  <div class='ocr_page' id='page_1' title='image "/cluster/home/n/w/nwhite01/storage/ocr_20150623/3/hvd.32044054086798/311.png"; bbox 0 0 4242 6222; ppageno 0'>
   <div class='ocr_carea' id='block_1_1' title="bbox 565 295 668 354">
    <p class='ocr_par' dir='ltr' id='par_1_1' title="bbox 565 295 668 354">
     <span class='ocr_line' id='line_1_1' title="bbox 565 295 668 354; baseline -0.029 -1"><span class='ocrx_word' id='word_1_1' title='bbox 565 295 668 354; x_wconf 71' lang='lat'><strong>525</strong></span> 
     </span>
    </p>
   </div>
   <div class='ocr_carea' id='block_1_2' title="bbox 1858 291 2581 352">
    <p class='ocr_par' dir='ltr' id='par_1_2' title="bbox 1858 291 2581 352">
     <span class='ocr_line' id='line_1_2' title="bbox 1858 291 2581 352; baseline 0 -3"><span class='ocrx_word' id='word_1_2' title='bbox 1858 294 1946 350; x_wconf 86' lang='lat' dir='ltr'><strong>DE</strong></span> <span class='ocrx_word' id='word_1_3' title='bbox 1986 292 2246 352; x_wconf 73' lang='lat' dir='ltr'><strong>MlNUCll</strong></span> <span class='ocrx_word' id='word_1_4' title='bbox 2277 291 2581 352; x_wconf 73' lang='lat' dir='ltr'><strong>OCTAVlO</strong></span> 
     </span>
    </p>
   </div>
   <div class='ocr_carea' id='block_1_3' title="bbox 3759 291 3866 349">
    <p class='ocr_par' dir='ltr' id='par_1_3' title="bbox 3759 291 3866 349">
     <span class='ocr_line' id='line_1_3' title="bbox 3759 291 3866 349; baseline 0 0"><span class='ocrx_word' id='word_1_5' title='bbox 3759 291 3866 349; x_wconf 70' lang='grc'><strong>524</strong></span> 
     </span>
    </p>
   </div>
   <div class='ocr_carea' id='block_1_4' title="bbox 561 391 3863 482">
    <p class='ocr_par' dir='ltr' id='par_1_4' title="bbox 561 391 3863 482">
     <span class='ocr_line' id='line_1_4' title="bbox 561 391 3863 482; baseline -0.001 -16"><span class='ocrx_word' id='word_1_6' title='bbox 561 415 787 468; x_wconf 82' lang='lat' dir='ltr'><strong>virtutes</strong></span> <span class='ocrx_word' id='word_1_7' title='bbox 821 411 1184 468; x_wconf 80' lang='lat' dir='ltr'><strong>exercentium</strong></span> <span class='ocrx_word' id='word_1_8' title='bbox 1224 430 1242 464; x_wconf 72' lang='grc' dir='ltr'><strong><em>ι</em></strong></span> <span class='ocrx_word' id='word_1_9' title='bbox 1277 407 1519 482; x_wconf 82' lang='lat' dir='ltr'><strong>(Origen.</strong></span> <span class='ocrx_word' id='word_1_10' title='bbox 1553 409 1646 466; x_wconf 87' lang='lat' dir='ltr'><strong>lib.</strong></span> <span class='ocrx_word' id='word_1_11' title='bbox 1679 425 1789 475; x_wconf 87' lang='lat' dir='ltr'><strong>vut,</strong></span> <span class='ocrx_word' id='word_1_12' title='bbox 1823 391 1984 465; x_wconf 74' lang='lat' dir='ltr'><strong>coittr.</strong></span> <span class='ocrx_word' id='word_1_13' title='bbox 2018 411 2151 467; x_wconf 81' lang='lat' dir='ltr'><strong>Cels.</strong></span> <span class='ocrx_word' id='word_1_14' title='bbox 2183 415 2230 473; x_wconf 80' lang='grc' dir='ltr'><strong>Α</strong></span> <span class='ocrx_word' id='word_1_15' title='bbox 2263 415 2526 467; x_wconf 71' lang='lat' dir='ltr'><strong>tiSsimunt</strong></span> <span class='ocrx_word' id='word_1_16' title='bbox 2559 421 2660 475; x_wconf 84' lang='lat' dir='ltr'><strong>est,</strong></span> <span class='ocrx_word' id='word_1_17' title='bbox 2692 424 2788 463; x_wconf 72' lang='lat' dir='ltr'><strong>nec</strong></span> <span class='ocrx_word' id='word_1_18' title='bbox 2834 431 2838 436; x_wconf 67' lang='grc' dir='ltr'><em>ι</em></span> <span class='ocrx_word' id='word_1_19' title='bbox 2866 409 2897 462; x_wconf 89' lang='lat' dir='ltr'><strong>b</strong></span> <span class='ocrx_word' id='word_1_20' title='bbox 2933 407 3253 463; x_wconf 86' lang='lat' dir='ltr'><strong>adversariis</strong></span> <span class='ocrx_word' id='word_1_21' title='bbox 3301 406 3498 462; x_wconf 80' lang='lat' dir='ltr'><strong>nostris</strong></span> <span class='ocrx_word' id='word_1_22' title='bbox 3527 410 3708 477; x_wconf 79' lang='lat' dir='ltr'><strong>negari</strong></span> <span class='ocrx_word' id='word_1_23' title='bbox 3743 428 3863 463; x_wconf 84' lang='lat' dir='ltr'><strong>um-</strong></span> 
     </span>
    </p>
   </div>
   <div class='ocr_carea' id='block_1_5' title="bbox 561 507 868 577">
    <p class='ocr_par' dir='ltr' id='par_1_5' title="bbox 561 507 868 577">
     <span class='ocr_line' id='line_1_5' title="bbox 561 507 868 577; baseline -0.013 -15"><span class='ocrx_word' id='word_1_24' title='bbox 561 523 661 577; x_wconf 85' lang='lat' dir='ltr'><strong>pag</strong></span> <span class='ocrx_word' id='word_1_25' title='bbox 716 507 868 570; x_wconf 82' lang='lat'><strong>589).</strong></span> 
     </span>
    </p>
   </div>
   <div class='ocr_carea' id='block_1_6' title="bbox 637 598 2162 670">
    <p class='ocr_par' dir='ltr' id='par_1_6' title="bbox 637 598 2162 670">
     <span class='ocr_line' id='line_1_6' title="bbox 637 598 2162 670; baseline -0.003 -14"><span class='ocrx_word' id='word_1_26' title='bbox 637 604 753 656; x_wconf 80' lang='lat' dir='ltr'><strong>l’ari</strong></span> <span class='ocrx_word' id='word_1_27' title='bbox 779 604 956 669; x_wconf 87' lang='lat' dir='ltr'><strong>itaque</strong></span> <span class='ocrx_word' id='word_1_28' title='bbox 987 598 1146 654; x_wconf 86' lang='lat' dir='ltr'><strong>modo</strong></span> <span class='ocrx_word' id='word_1_29' title='bbox 1177 600 1437 655; x_wconf 85' lang='lat' dir='ltr'><strong>Minucius</strong></span> <span class='ocrx_word' id='word_1_30' title='bbox 1471 609 1744 663; x_wconf 87' lang='lat' dir='ltr'><strong>noster,et</strong></span> <span class='ocrx_word' id='word_1_31' title='bbox 1775 599 2054 670; x_wconf 81' lang='lat' dir='ltr'><strong>Origenes,</strong></span> <span class='ocrx_word' id='word_1_32' title='bbox 2079 608 2162 652; x_wconf 87' lang='lat' dir='ltr'><strong>at-</strong></span> 
     </span>
    </p>
   </div>
   <div class='ocr_carea' id='block_1_7' title="bbox 564 693 2164 765">
    <p class='ocr_par' dir='ltr' id='par_1_7' title="bbox 564 693 2164 765">
     <span class='ocr_line' id='line_1_7' title="bbox 564 693 2164 765; baseline -0.001 -17"><span class='ocrx_word' id='word_1_33' title='bbox 564 711 668 765; x_wconf 84' lang='lat' dir='ltr'><strong>que</strong></span> <span class='ocrx_word' id='word_1_34' title='bbox 693 695 780 746; x_wconf 87' lang='lat' dir='ltr'><strong>alii</strong></span> <span class='ocrx_word' id='word_1_35' title='bbox 814 693 1056 761; x_wconf 89' lang='lat' dir='ltr'><strong>ejusdem</strong></span> <span class='ocrx_word' id='word_1_36' title='bbox 1089 695 1262 747; x_wconf 63' lang='lat' dir='ltr'><strong>aetatis</strong></span> <span class='ocrx_word' id='word_1_37' title='bbox 1289 693 1579 762; x_wconf 89' lang='lat' dir='ltr'><strong>scriptorcs</strong></span> <span class='ocrx_word' id='word_1_38' title='bbox 1608 693 1798 758; x_wconf 64' lang='lat' dir='ltr'><strong>uestri,</strong></span> <span class='ocrx_word' id='word_1_39' title='bbox 1849 693 2018 762; x_wconf 86' lang='lat' dir='ltr'><strong>palam</strong></span> <span class='ocrx_word' id='word_1_40' title='bbox 2077 707 2164 746; x_wconf 85' lang='lat' dir='ltr'><strong>as-</strong></span> 
     </span>
    </p>
   </div>
   <div class='ocr_carea' id='block_1_8' title="bbox 562 784 2163 854">
    <p class='ocr_par' dir='ltr' id='par_1_8' title="bbox 562 784 2163 854">
     <span class='ocr_line' id='line_1_8' title="bbox 562 784 2163 854; baseline -0.002 -14"><span class='ocrx_word' id='word_1_41' title='bbox 562 795 753 841; x_wconf 85' lang='lat' dir='ltr'><strong>serunt</strong></span> <span class='ocrx_word' id='word_1_42' title='bbox 775 787 916 840; x_wconf 91' lang='lat' dir='ltr'><strong>nulla</strong></span> <span class='ocrx_word' id='word_1_43' title='bbox 944 787 1265 840; x_wconf 71' lang='lat' dir='ltr'><strong>Christianis</strong></span> <span class='ocrx_word' id='word_1_44' title='bbox 1293 785 1455 840; x_wconf 91' lang='lat' dir='ltr'><strong>fuisse</strong></span> <span class='ocrx_word' id='word_1_45' title='bbox 1487 786 1679 854; x_wconf 87' lang='lat' dir='ltr'><strong>templa</strong></span> <span class='ocrx_word' id='word_1_46' title='bbox 1701 795 1753 839; x_wconf 92' lang='lat' dir='ltr'><strong>et</strong></span> <span class='ocrx_word' id='word_1_47' title='bbox 1778 784 2018 850; x_wconf 85' lang='lat' dir='ltr'><strong>delubra,</strong></span> <span class='ocrx_word' id='word_1_48' title='bbox 2044 785 2163 838; x_wconf 86' lang='lat' dir='ltr'><strong>nul-</strong></span> 
     </span>
    </p>
   </div>
   <div class='ocr_carea' id='block_1_9' title="bbox 561 880 2164 948">
    <p class='ocr_par' dir='ltr' id='par_1_9' title="bbox 561 880 2164 948">
     <span class='ocr_line' id='line_1_9' title="bbox 561 880 2164 948; baseline -0.002 -12"><span class='ocrx_word' id='word_1_49' title='bbox 561 881 642 936; x_wconf 80' lang='lat' dir='ltr'><strong>las</strong></span> <span class='ocrx_word' id='word_1_50' title='bbox 673 895 853 936; x_wconf 89' lang='lat' dir='ltr'><strong>sacras</strong></span> <span class='ocrx_word' id='word_1_51' title='bbox 883 881 1054 948; x_wconf 61' lang='lat' dir='ltr'><strong>mdes,</strong></span> <span class='ocrx_word' id='word_1_52' title='bbox 1088 882 1259 935; x_wconf 87' lang='lat' dir='ltr'><strong>nullas</strong></span> <span class='ocrx_word' id='word_1_53' title='bbox 1287 896 1428 947; x_wconf 87' lang='lat' dir='ltr'><strong>aras,</strong></span> <span class='ocrx_word' id='word_1_54' title='bbox 1464 882 1610 936; x_wconf 85' lang='lat' dir='ltr'><strong>nulla</strong></span> <span class='ocrx_word' id='word_1_55' title='bbox 1641 882 1950 934; x_wconf 83' lang='lat' dir='ltr'><strong>simulacra.</strong></span> <span class='ocrx_word' id='word_1_56' title='bbox 1985 881 2056 934; x_wconf 88' lang='lat' dir='ltr'><strong>De</strong></span> <span class='ocrx_word' id='word_1_57' title='bbox 2100 880 2164 934; x_wconf 88' lang='lat' dir='ltr'><strong>iis</strong></span> 
     </span>
    </p>
   </div>
   <div class='ocr_carea' id='block_1_10' title="bbox 561 976 2159 1045">
    <p class='ocr_par' dir='ltr' id='par_1_10' title="bbox 561 976 2159 1045">
     <span class='ocr_line' id='line_1_10' title="bbox 561 976 2159 1045; baseline -0.003 -13"><span class='ocrx_word' id='word_1_58' title='bbox 561 984 739 1032; x_wconf 85' lang='lat' dir='ltr'><strong>autem</strong></span> <span class='ocrx_word' id='word_1_59' title='bbox 771 977 1021 1031; x_wconf 91' lang='lat' dir='ltr'><strong>omnibus</strong></span> <span class='ocrx_word' id='word_1_60' title='bbox 1051 992 1158 1030; x_wconf 91' lang='lat' dir='ltr'><strong>uno</strong></span> <span class='ocrx_word' id='word_1_61' title='bbox 1186 976 1486 1044; x_wconf 79' lang='lat' dir='ltr'><strong>eodemque</strong></span> <span class='ocrx_word' id='word_1_62' title='bbox 1515 976 1675 1032; x_wconf 89' lang='lat' dir='ltr'><strong>modo</strong></span> <span class='ocrx_word' id='word_1_63' title='bbox 1719 976 1792 1030; x_wconf 83' lang='lat' dir='ltr'><strong>illi</strong></span> <span class='ocrx_word' id='word_1_64' title='bbox 1824 976 2113 1045; x_wconf 88' lang='lat' dir='ltr'><strong>loquuntur</strong></span> <span class='ocrx_word' id='word_1_65' title='bbox 2147 992 2159 1027; x_wconf 88' lang='lat'><strong>:</strong></span> 
     </span>
    </p>
   </div>
   <div class='ocr_carea' id='block_1_11' title="bbox 559 1068 2163 1140">
    <p class='ocr_par' dir='ltr' id='par_1_11' title="bbox 559 1068 2163 1140">
     <span class='ocr_line' id='line_1_11' title="bbox 559 1068 2163 1140; baseline 0.001 -16"><span class='ocrx_word' id='word_1_66' title='bbox 559 1070 726 1125; x_wconf 84' lang='lat' dir='ltr'><strong>immo</strong></span> <span class='ocrx_word' id='word_1_67' title='bbox 753 1086 881 1124; x_wconf 89' lang='lat' dir='ltr'><strong>vero</strong></span> <span class='ocrx_word' id='word_1_68' title='bbox 911 1071 954 1124; x_wconf 91' lang='lat' dir='ltr'><strong>si</strong></span> <span class='ocrx_word' id='word_1_69' title='bbox 983 1070 1109 1140; x_wconf 90' lang='lat' dir='ltr'><strong>quid</strong></span> <span class='ocrx_word' id='word_1_70' title='bbox 1132 1073 1198 1125; x_wconf 92' lang='lat' dir='ltr'><strong>sit</strong></span> <span class='ocrx_word' id='word_1_71' title='bbox 1225 1070 1571 1135; x_wconf 81' lang='lat' dir='ltr'><strong>discriminis,</strong></span> <span class='ocrx_word' id='word_1_72' title='bbox 1598 1071 1725 1124; x_wconf 91' lang='lat' dir='ltr'><strong>illud</strong></span> <span class='ocrx_word' id='word_1_73' title='bbox 1756 1081 1874 1132; x_wconf 89' lang='lat' dir='ltr'><strong>est,</strong></span> <span class='ocrx_word' id='word_1_74' title='bbox 1897 1072 2034 1140; x_wconf 89' lang='lat' dir='ltr'><strong>quod</strong></span> <span class='ocrx_word' id='word_1_75' title='bbox 2068 1068 2163 1125; x_wconf 82' lang='lat' dir='ltr'><strong>Mi-</strong></span> 
     </span>
    </p>
   </div>
   <div class='ocr_carea' id='block_1_12' title="bbox 557 1163 2166 1235">
    <p class='ocr_par' dir='ltr' id='par_1_12' title="bbox 557 1163 2166 1235">
     <span class='ocr_line' id='line_1_12' title="bbox 557 1163 2166 1235; baseline -0.001 -15"><span class='ocrx_word' id='word_1_76' title='bbox 557 1167 750 1220; x_wconf 85' lang='lat' dir='ltr'><strong>nucius</strong></span> <span class='ocrx_word' id='word_1_77' title='bbox 781 1163 846 1218; x_wconf 88' lang='lat' dir='ltr'><strong>ad</strong></span> <span class='ocrx_word' id='word_1_78' title='bbox 877 1165 1096 1220; x_wconf 83' lang='lat' dir='ltr'><strong>verbum</strong></span> <span class='ocrx_word' id='word_1_79' title='bbox 1124 1165 1399 1219; x_wconf 76' lang='lat' dir='ltr'><strong>simulacra</strong></span> <span class='ocrx_word' id='word_1_80' title='bbox 1425 1165 1621 1232; x_wconf 89' lang='lat' dir='ltr'><strong>adjecit</strong></span> <span class='ocrx_word' id='word_1_81' title='bbox 1645 1175 1787 1228; x_wconf 87' lang='lat' dir='ltr'><strong>nota,</strong></span> <span class='ocrx_word' id='word_1_82' title='bbox 1818 1165 1970 1235; x_wconf 89' lang='lat' dir='ltr'><strong>quasi</strong></span> <span class='ocrx_word' id='word_1_83' title='bbox 2001 1165 2166 1234; x_wconf 83' lang='lat' dir='ltr'><strong>signi-</strong></span> 
     </span>
    </p>
   </div>
   <div class='ocr_carea' id='block_1_13' title="bbox 557 1255 2164 1328">
    <p class='ocr_par' dir='ltr' id='par_1_13' title="bbox 557 1255 2164 1328">
     <span class='ocr_line' id='line_1_13' title="bbox 557 1255 2164 1328; baseline 0 -16"><span class='ocrx_word' id='word_1_84' title='bbox 557 1257 725 1312; x_wconf 84' lang='lat' dir='ltr'><strong>ﬁcare</strong></span> <span class='ocrx_word' id='word_1_85' title='bbox 750 1256 1015 1322; x_wconf 89' lang='lat' dir='ltr'><strong>voluerit,</strong></span> <span class='ocrx_word' id='word_1_86' title='bbox 1062 1255 1381 1312; x_wconf 75' lang='lat' dir='ltr'><strong>Christianis</strong></span> <span class='ocrx_word' id='word_1_87' title='bbox 1433 1257 1687 1312; x_wconf 90' lang='lat' dir='ltr'><strong>nonnulla</strong></span> <span class='ocrx_word' id='word_1_88' title='bbox 1735 1256 1950 1328; x_wconf 80' lang='lat' dir='ltr'><strong>quidem</strong></span> <span class='ocrx_word' id='word_1_89' title='bbox 1999 1256 2164 1312; x_wconf 88' lang='lat' dir='ltr'><strong>fuisse</strong></span> 
     </span>
    </p>
   </div>
   <div class='ocr_carea' id='block_1_14' title="bbox 556 1348 2165 1417">
    <p class='ocr_par' dir='ltr' id='par_1_14' title="bbox 556 1348 2165 1417">
     <span class='ocr_line' id='line_1_14' title="bbox 556 1348 2165 1417; baseline 0 -13"><span class='ocrx_word' id='word_1_90' title='bbox 556 1349 868 1410; x_wconf 88' lang='lat' dir='ltr'><strong>simulacra,</strong></span> <span class='ocrx_word' id='word_1_91' title='bbox 897 1348 992 1404; x_wconf 91' lang='lat' dir='ltr'><strong>sed</strong></span> <span class='ocrx_word' id='word_1_92' title='bbox 1041 1365 1164 1417; x_wconf 82' lang='lat' dir='ltr'><strong>quae</strong></span> <span class='ocrx_word' id='word_1_93' title='bbox 1205 1365 1311 1403; x_wconf 87' lang='lat' dir='ltr'><strong>non</strong></span> <span class='ocrx_word' id='word_1_94' title='bbox 1355 1359 1510 1405; x_wconf 89' lang='lat' dir='ltr'><strong>erant</strong></span> <span class='ocrx_word' id='word_1_95' title='bbox 1549 1360 1691 1415; x_wconf 81' lang='lat' dir='ltr'><strong>nota,</strong></span> <span class='ocrx_word' id='word_1_96' title='bbox 1739 1363 1802 1404; x_wconf 89' lang='lat' dir='ltr'><strong>ac</strong></span> <span class='ocrx_word' id='word_1_97' title='bbox 1846 1359 2058 1405; x_wconf 88' lang='lat' dir='ltr'><strong>secreto</strong></span> <span class='ocrx_word' id='word_1_98' title='bbox 2110 1359 2165 1404; x_wconf 93' lang='lat' dir='ltr'><strong>ct</strong></span> 
     </span>
    </p>
   </div>
   <div class='ocr_carea' id='block_1_15' title="bbox 557 1443 1170 1500">
    <p class='ocr_par' dir='ltr' id='par_1_15' title="bbox 557 1443 1170 1500">
     <span class='ocr_line' id='line_1_15' title="bbox 557 1443 1170 1500; baseline 0 -2"><span class='ocrx_word' id='word_1_99' title='bbox 557 1444 768 1500; x_wconf 91' lang='lat' dir='ltr'><strong>occulte</strong></span> <span class='ocrx_word' id='word_1_100' title='bbox 798 1443 1170 1500; x_wconf 73' lang='lat' dir='ltr'><strong>servabantur.</strong></span> 
     </span>
    </p>
   </div>
   <div class='ocr_carea' id='block_1_16' title="bbox 631 1535 2160 1605">
    <p class='ocr_par' dir='ltr' id='par_1_16' title="bbox 631 1535 2160 1605">
     <span class='ocr_line' id='line_1_16' title="bbox 631 1535 2160 1605; baseline -0.001 -15"><span class='ocrx_word' id='word_1_101' title='bbox 631 1535 736 1590; x_wconf 83' lang='lat' dir='ltr'><strong>Sed</strong></span> <span class='ocrx_word' id='word_1_102' title='bbox 761 1535 922 1598; x_wconf 83' lang='lat' dir='ltr'><strong>vide,</strong></span> <span class='ocrx_word' id='word_1_103' title='bbox 956 1550 1170 1604; x_wconf 71' lang='lat' dir='ltr'><strong>quzeso,</strong></span> <span class='ocrx_word' id='word_1_104' title='bbox 1205 1535 1410 1605; x_wconf 88' lang='lat' dir='ltr'><strong>ineptas</strong></span> <span class='ocrx_word' id='word_1_105' title='bbox 1441 1535 1874 1590; x_wconf 88' lang='lat' dir='ltr'><strong>Calvinianorum</strong></span> <span class='ocrx_word' id='word_1_106' title='bbox 1907 1536 2160 1590; x_wconf 86' lang='lat' dir='ltr'><strong>aliorum-</strong></span> 
     </span>
    </p>
   </div>
   <div class='ocr_carea' id='block_1_17' title="bbox 554 1627 2162 1700">
    <p class='ocr_par' dir='ltr' id='par_1_17' title="bbox 554 1627 2162 1700">
     <span class='ocr_line' id='line_1_17' title="bbox 554 1627 2162 1700; baseline -0.001 -17"><span class='ocrx_word' id='word_1_107' title='bbox 554 1645 659 1700; x_wconf 91' lang='lat' dir='ltr'><strong>que</strong></span> <span class='ocrx_word' id='word_1_108' title='bbox 687 1627 1103 1682; x_wconf 72' lang='lat' dir='ltr'><strong>l’roteSIantium</strong></span> <span class='ocrx_word' id='word_1_109' title='bbox 1147 1627 1535 1691; x_wconf 69' lang='lat' dir='ltr'><strong>catillationes,</strong></span> <span class='ocrx_word' id='word_1_110' title='bbox 1568 1629 1654 1694; x_wconf 93' lang='lat' dir='ltr'><strong>qui</strong></span> <span class='ocrx_word' id='word_1_111' title='bbox 1689 1628 1739 1680; x_wconf 87' lang='lat' dir='ltr'><strong>in</strong></span> <span class='ocrx_word' id='word_1_112' title='bbox 1773 1628 2162 1698; x_wconf 87' lang='lat' dir='ltr'><strong>antiquissimo-</strong></span> 
     </span>
    </p>
   </div>
   <div class='ocr_carea' id='block_1_18' title="bbox 547 1719 2163 1790">
    <p class='ocr_par' dir='ltr' id='par_1_18' title="bbox 547 1719 2163 1790">
     <span class='ocr_line' id='line_1_18' title="bbox 547 1719 2163 1790; baseline -0.003 -12"><span class='ocrx_word' id='word_1_113' title='bbox 547 1738 667 1778; x_wconf 83' lang='lat' dir='ltr'><strong>rum</strong></span> <span class='ocrx_word' id='word_1_114' title='bbox 724 1721 942 1774; x_wconf 87' lang='lat' dir='ltr'><strong>Patrum</strong></span> <span class='ocrx_word' id='word_1_115' title='bbox 1003 1721 1258 1788; x_wconf 87' lang='lat' dir='ltr'><strong>scriptis,</strong></span> <span class='ocrx_word' id='word_1_116' title='bbox 1319 1720 1694 1790; x_wconf 81' lang='lat' dir='ltr'><strong>quodcumque</strong></span> <span class='ocrx_word' id='word_1_117' title='bbox 1765 1719 1862 1773; x_wconf 86' lang='lat' dir='ltr'><strong>sibi</strong></span> <span class='ocrx_word' id='word_1_118' title='bbox 1907 1719 2163 1788; x_wconf 76' lang='lat' dir='ltr'><strong>placuerit</strong></span> 
     </span>
    </p>
   </div>
   <div class='ocr_carea' id='block_1_19' title="bbox 2267 502 3860 574">
    <p class='ocr_par' dir='ltr' id='par_1_19' title="bbox 2267 502 3860 574">
     <span class='ocr_line' id='line_1_19' title="bbox 2267 502 3860 574; baseline -0.002 -14"><span class='ocrx_word' id='word_1_119' title='bbox 2267 523 2424 574; x_wconf 90' lang='lat' dir='ltr'><strong>quam</strong></span> <span class='ocrx_word' id='word_1_120' title='bbox 2461 515 2626 574; x_wconf 67' lang='lat' dir='ltr'><strong>|l0lllf|</strong></span> <span class='ocrx_word' id='word_1_121' title='bbox 2650 508 2672 556; x_wconf 66' lang='grc' dir='ltr'><strong>’ἐ</strong></span> <span class='ocrx_word' id='word_1_122' title='bbox 2697 503 2957 557; x_wconf 74' lang='lat' dir='ltr'><strong>Advertas</strong></span> <span class='ocrx_word' id='word_1_123' title='bbox 2982 505 3140 570; x_wconf 80' lang='lat' dir='ltr'><strong>igitur</strong></span> <span class='ocrx_word' id='word_1_124' title='bbox 3172 503 3328 556; x_wconf 75' lang='lat' dir='ltr'><strong>velint</strong></span> <span class='ocrx_word' id='word_1_125' title='bbox 3359 502 3515 565; x_wconf 70' lang='lat' dir='ltr'><strong>versi;</strong></span> <span class='ocrx_word' id='word_1_126' title='bbox 3541 503 3643 557; x_wconf 72' lang='lat' dir='ltr'><strong>cElc</strong></span> <span class='ocrx_word' id='word_1_127' title='bbox 3671 519 3860 557; x_wconf 83' lang='lat' dir='ltr'><strong>versu-</strong></span> 
     </span>
    </p>
   </div>
   <div class='ocr_carea' id='block_1_20' title="bbox 2269 596 3868 668">
    <p class='ocr_par' dir='ltr' id='par_1_20' title="bbox 2269 596 3868 668">
     <span class='ocr_line' id='line_1_20' title="bbox 2269 596 3868 668; baseline -0.003 -15"><span class='ocrx_word' id='word_1_128' title='bbox 2269 609 2487 668; x_wconf 89' lang='lat' dir='ltr'><strong>tumqtte</strong></span> <span class='ocrx_word' id='word_1_129' title='bbox 2541 598 2750 651; x_wconf 88' lang='lat' dir='ltr'><strong>illorum</strong></span> <span class='ocrx_word' id='word_1_130' title='bbox 2805 597 3095 666; x_wconf 83' lang='lat' dir='ltr'><strong>ingenium.</strong></span> <span class='ocrx_word' id='word_1_131' title='bbox 3149 596 3486 648; x_wconf 63' lang='lat' dir='ltr'><strong>Conﬁtentur</strong></span> <span class='ocrx_word' id='word_1_132' title='bbox 3528 596 3868 653; x_wconf 64' lang='lat' dir='ltr'><strong>Christianos</strong></span> 
     </span>
    </p>
   </div>
   <div class='ocr_carea' id='block_1_21' title="bbox 2269 691 3863 762">
    <p class='ocr_par' dir='ltr' id='par_1_21' title="bbox 2269 691 3863 762">
     <span class='ocr_line' id='line_1_21' title="bbox 2269 691 3863 762; baseline -0.002 -15"><span class='ocrx_word' id='word_1_133' title='bbox 2269 709 2366 747; x_wconf 91' lang='lat' dir='ltr'><strong>sua</strong></span> <span class='ocrx_word' id='word_1_134' title='bbox 2385 692 2600 762; x_wconf 76' lang='lat' dir='ltr'><strong>quidem</strong></span> <span class='ocrx_word' id='word_1_135' title='bbox 2621 691 2870 744; x_wconf 79' lang='lat' dir='ltr'><strong>habuisse</strong></span> <span class='ocrx_word' id='word_1_136' title='bbox 2895 691 3225 759; x_wconf 87' lang='lat' dir='ltr'><strong>tctnpla,non</strong></span> <span class='ocrx_word' id='word_1_137' title='bbox 3259 691 3309 743; x_wconf 87' lang='lat' dir='ltr'><strong>in</strong></span> <span class='ocrx_word' id='word_1_138' title='bbox 3333 700 3637 744; x_wconf 82' lang='lat' dir='ltr'><strong>nostrorum</strong></span> <span class='ocrx_word' id='word_1_139' title='bbox 3661 701 3863 758; x_wconf 76' lang='lat' dir='ltr'><strong>latnt-tt,</strong></span> 
     </span>
    </p>
   </div>
   <div class='ocr_carea' id='block_1_22' title="bbox 2268 782 3861 846">
    <p class='ocr_par' dir='ltr' id='par_1_22' title="bbox 2268 782 3861 846">
     <span class='ocr_line' id='line_1_22' title="bbox 2268 782 3861 846; baseline 0 -7"><span class='ocrx_word' id='word_1_140' title='bbox 2268 784 2360 839; x_wconf 90' lang='lat' dir='ltr'><strong>sed</strong></span> <span class='ocrx_word' id='word_1_141' title='bbox 2383 801 2599 838; x_wconf 81' lang='lat' dir='ltr'><strong>snnrntn</strong></span> <span class='ocrx_word' id='word_1_142' title='bbox 2635 784 2910 838; x_wconf 81' lang='lat' dir='ltr'><strong>dumtaxat</strong></span> <span class='ocrx_word' id='word_1_143' title='bbox 2947 783 3193 836; x_wconf 87' lang='lat' dir='ltr'><strong>fortnam.</strong></span> <span class='ocrx_word' id='word_1_144' title='bbox 3220 782 3383 837; x_wconf 77' lang='lat' dir='ltr'><strong>Nobis</strong></span> <span class='ocrx_word' id='word_1_145' title='bbox 3419 785 3462 837; x_wconf 92' lang='lat' dir='ltr'><strong>si</strong></span> <span class='ocrx_word' id='word_1_146' title='bbox 3515 799 3619 837; x_wconf 89' lang='lat' dir='ltr'><strong>non</strong></span> <span class='ocrx_word' id='word_1_147' title='bbox 3649 784 3861 846; x_wconf 66' lang='lat' dir='ltr'><strong>credas.</strong></span> 
     </span>
    </p>
   </div>
   <div class='ocr_carea' id='block_1_23' title="bbox 2267 879 3869 948">
    <p class='ocr_par' dir='ltr' id='par_1_23' title="bbox 2267 879 3869 948">
     <span class='ocr_line' id='line_1_23' title="bbox 2267 879 3869 948; baseline -0.001 -11"><span class='ocrx_word' id='word_1_148' title='bbox 2267 896 2394 937; x_wconf 91' lang='lat' dir='ltr'><strong>ecce</strong></span> <span class='ocrx_word' id='word_1_149' title='bbox 2423 880 2640 935; x_wconf 88' lang='lat' dir='ltr'><strong>totidem</strong></span> <span class='ocrx_word' id='word_1_150' title='bbox 2674 880 2851 934; x_wconf 69' lang='lat' dir='ltr'><strong>thlltei</strong></span> <span class='ocrx_word' id='word_1_151' title='bbox 2893 881 3054 934; x_wconf 87' lang='lat' dir='ltr'><strong>verba</strong></span> <span class='ocrx_word' id='word_1_152' title='bbox 3094 897 3105 932; x_wconf 92' lang='lat'>:</span> <span class='ocrx_word' id='word_1_153' title='bbox 3145 899 3162 931; x_wconf 86' lang='lat' dir='ltr'><strong>t</strong></span> <span class='ocrx_word' id='word_1_154' title='bbox 3193 879 3373 948; x_wconf 87' lang='lat' dir='ltr'><strong>Neque</strong></span> <span class='ocrx_word' id='word_1_155' title='bbox 3419 879 3562 934; x_wconf 85' lang='lat' dir='ltr'><strong>enim</strong></span> <span class='ocrx_word' id='word_1_156' title='bbox 3606 880 3681 934; x_wconf 88' lang='lat' dir='ltr'><strong>sic</strong></span> <span class='ocrx_word' id='word_1_157' title='bbox 3726 881 3869 935; x_wconf 87' lang='lat' dir='ltr'><strong>acci-</strong></span> 
     </span>
    </p>
   </div>
   <div class='ocr_carea' id='block_1_24' title="bbox 2269 973 3870 1045">
    <p class='ocr_par' dir='ltr' id='par_1_24' title="bbox 2269 973 3870 1045">
     <span class='ocr_line' id='line_1_24' title="bbox 2269 973 3870 1045; baseline 0.002 -18"><span class='ocrx_word' id='word_1_158' title='bbox 2269 975 2462 1045; x_wconf 90' lang='lat' dir='ltr'><strong>pienda</strong></span> <span class='ocrx_word' id='word_1_159' title='bbox 2513 983 2595 1028; x_wconf 90' lang='lat' dir='ltr'><strong>est</strong></span> <span class='ocrx_word' id='word_1_160' title='bbox 2641 973 2852 1028; x_wconf 81' lang='lat' dir='ltr'><strong>Minucii</strong></span> <span class='ocrx_word' id='word_1_161' title='bbox 2900 975 3108 1040; x_wconf 84' lang='lat' dir='ltr'><strong>oratio,</strong></span> <span class='ocrx_word' id='word_1_162' title='bbox 3141 974 3292 1042; x_wconf 87' lang='lat' dir='ltr'><strong>quasi</strong></span> <span class='ocrx_word' id='word_1_163' title='bbox 3336 973 3494 1027; x_wconf 73' lang='lat' dir='ltr'><strong>nulla:</strong></span> <span class='ocrx_word' id='word_1_164' title='bbox 3526 984 3635 1028; x_wconf 89' lang='lat' dir='ltr'><strong>ttttn</strong></span> <span class='ocrx_word' id='word_1_165' title='bbox 3668 975 3870 1032; x_wconf 78' lang='lat' dir='ltr'><strong>fuerint</strong></span> 
     </span>
    </p>
   </div>
   <div class='ocr_carea' id='block_1_25' title="bbox 2268 1065 3869 1138">
    <p class='ocr_par' dir='ltr' id='par_1_25' title="bbox 2268 1065 3869 1138">
     <span class='ocr_line' id='line_1_25' title="bbox 2268 1065 3869 1138; baseline -0.001 -15"><span class='ocrx_word' id='word_1_166' title='bbox 2268 1067 2435 1134; x_wconf 66' lang='lat' dir='ltr'><strong>aedes,</strong></span> <span class='ocrx_word' id='word_1_167' title='bbox 2467 1068 2518 1122; x_wconf 93' lang='lat' dir='ltr'><strong>in</strong></span> <span class='ocrx_word' id='word_1_168' title='bbox 2547 1067 2740 1138; x_wconf 81' lang='lat' dir='ltr'><strong>quibus</strong></span> <span class='ocrx_word' id='word_1_169' title='bbox 2761 1065 3069 1120; x_wconf 73' lang='lat' dir='ltr'><strong>christiana:</strong></span> <span class='ocrx_word' id='word_1_170' title='bbox 3101 1067 3496 1122; x_wconf 88' lang='lat' dir='ltr'><strong>cntntnunionis</strong></span> <span class='ocrx_word' id='word_1_171' title='bbox 3517 1066 3763 1124; x_wconf 78' lang='lat' dir='ltr'><strong>homines</strong></span> <span class='ocrx_word' id='word_1_172' title='bbox 3781 1084 3869 1122; x_wconf 92' lang='lat' dir='ltr'><strong>sa-</strong></span> 
     </span>
    </p>
   </div>
   <div class='ocr_carea' id='block_1_26' title="bbox 2267 1161 3868 1232">
    <p class='ocr_par' dir='ltr' id='par_1_26' title="bbox 2267 1161 3868 1232">
     <span class='ocr_line' id='line_1_26' title="bbox 2267 1161 3868 1232; baseline -0.001 -13"><span class='ocrx_word' id='word_1_173' title='bbox 2267 1179 2389 1219; x_wconf 92' lang='lat' dir='ltr'><strong>cros</strong></span> <span class='ocrx_word' id='word_1_174' title='bbox 2419 1173 2719 1217; x_wconf 82' lang='lat' dir='ltr'><strong>conventus</strong></span> <span class='ocrx_word' id='word_1_175' title='bbox 2751 1161 3032 1216; x_wconf 85' lang='lat' dir='ltr'><strong>habuerint</strong></span> <span class='ocrx_word' id='word_1_176' title='bbox 3062 1204 3074 1227; x_wconf 92' lang='lat'><strong>,</strong></span> <span class='ocrx_word' id='word_1_177' title='bbox 3109 1178 3214 1232; x_wconf 84' lang='lat' dir='ltr'><strong>quo</strong></span> <span class='ocrx_word' id='word_1_178' title='bbox 3255 1173 3304 1216; x_wconf 90' lang='lat' dir='ltr'><strong>et</strong></span> <span class='ocrx_word' id='word_1_179' title='bbox 3346 1161 3414 1216; x_wconf 87' lang='lat' dir='ltr'><strong>de</strong></span> <span class='ocrx_word' id='word_1_180' title='bbox 3459 1161 3621 1216; x_wconf 85' lang='lat' dir='ltr'><strong>rebus</strong></span> <span class='ocrx_word' id='word_1_181' title='bbox 3666 1162 3868 1218; x_wconf 78' lang='lat' dir='ltr'><strong>divinis</strong></span> 
     </span>
    </p>
   </div>
   <div class='ocr_carea' id='block_1_27' title="bbox 2265 1255 3862 1326">
    <p class='ocr_par' dir='ltr' id='par_1_27' title="bbox 2265 1255 3862 1326">
     <span class='ocr_line' id='line_1_27' title="bbox 2265 1255 3862 1326; baseline 0 -14"><span class='ocrx_word' id='word_1_182' title='bbox 2265 1256 2481 1324; x_wconf 84' lang='lat' dir='ltr'><strong>edoceri</strong></span> <span class='ocrx_word' id='word_1_183' title='bbox 2508 1299 2521 1320; x_wconf 92' lang='lat'><strong>,</strong></span> <span class='ocrx_word' id='word_1_184' title='bbox 2551 1266 2605 1310; x_wconf 87' lang='lat' dir='ltr'><strong>et</strong></span> <span class='ocrx_word' id='word_1_185' title='bbox 2635 1258 2905 1310; x_wconf 88' lang='lat' dir='ltr'><strong>communi</strong></span> <span class='ocrx_word' id='word_1_186' title='bbox 2939 1257 3046 1310; x_wconf 85' lang='lat' dir='ltr'><strong>Deo</strong></span> <span class='ocrx_word' id='word_1_187' title='bbox 3078 1255 3382 1324; x_wconf 86' lang='lat' dir='ltr'><strong>supplicare</strong></span> <span class='ocrx_word' id='word_1_188' title='bbox 3406 1265 3646 1325; x_wconf 55' lang='lat' dir='ltr'><strong>possent,</strong></span> <span class='ocrx_word' id='word_1_189' title='bbox 3681 1258 3862 1326; x_wconf 77' lang='lat' dir='ltr'><strong>qualia</strong></span> 
     </span>
    </p>
   </div>
   <div class='ocr_carea' id='block_1_28' title="bbox 2267 1347 3868 1418">
    <p class='ocr_par' dir='ltr' id='par_1_28' title="bbox 2267 1347 3868 1418">
     <span class='ocr_line' id='line_1_28' title="bbox 2267 1347 3868 1418; baseline 0.002 -15"><span class='ocrx_word' id='word_1_190' title='bbox 2267 1359 2408 1414; x_wconf 90' lang='lat' dir='ltr'><strong>sunt,</strong></span> <span class='ocrx_word' id='word_1_191' title='bbox 2427 1365 2544 1418; x_wconf 68' lang='lat' dir='ltr'><strong>quae</strong></span> <span class='ocrx_word' id='word_1_192' title='bbox 2566 1347 2724 1403; x_wconf 84' lang='lat' dir='ltr'><strong>hodie</strong></span> <span class='ocrx_word' id='word_1_193' title='bbox 2749 1348 3160 1403; x_wconf 83' lang='lat' dir='ltr'><strong>Protestantiutu</strong></span> <span class='ocrx_word' id='word_1_194' title='bbox 3186 1347 3650 1418; x_wconf 87' lang='lat' dir='ltr'><strong>dicunturtentpla</strong></span> <span class='ocrx_word' id='word_1_195' title='bbox 3687 1349 3868 1418; x_wconf 69' lang='lat' dir='ltr'><strong>t(l)al-</strong></span> 
     </span>
    </p>
   </div>
   <div class='ocr_carea' id='block_1_29' title="bbox 2265 1437 3867 1512">
    <p class='ocr_par' dir='ltr' id='par_1_29' title="bbox 2265 1437 3867 1512">
     <span class='ocr_line' id='line_1_29' title="bbox 2265 1437 3867 1512; baseline 0.001 -18"><span class='ocrx_word' id='word_1_196' title='bbox 2265 1440 2352 1506; x_wconf 68' lang='lat' dir='ltr'><strong>lm,</strong></span> <span class='ocrx_word' id='word_1_197' title='bbox 2389 1440 2477 1495; x_wconf 87' lang='lat' dir='ltr'><strong>ltb.</strong></span> <span class='ocrx_word' id='word_1_198' title='bbox 2517 1456 2556 1503; x_wconf 86' lang='grc' dir='ltr'><strong>ι,</strong></span> <span class='ocrx_word' id='word_1_199' title='bbox 2589 1441 2654 1496; x_wconf 82' lang='lat' dir='ltr'><strong>de</strong></span> <span class='ocrx_word' id='word_1_200' title='bbox 2684 1439 2853 1512; x_wconf 87' lang='lat' dir='ltr'><strong>lmag.</strong></span> <span class='ocrx_word' id='word_1_201' title='bbox 2885 1456 3004 1510; x_wconf 76' lang='lat' dir='ltr'><strong>c-tp.</strong></span> <span class='ocrx_word' id='word_1_202' title='bbox 3036 1441 3088 1505; x_wconf 80' lang='lat'><strong>5,</strong></span> <span class='ocrx_word' id='word_1_203' title='bbox 3126 1457 3245 1512; x_wconf 86' lang='lat' dir='ltr'><strong>pag.</strong></span> <span class='ocrx_word' id='word_1_204' title='bbox 3281 1440 3348 1494; x_wconf 73' lang='lat'><strong>52</strong></span> <span class='ocrx_word' id='word_1_205' title='bbox 3378 1437 3422 1511; x_wconf 93' lang='lat'><strong>).</strong></span> <span class='ocrx_word' id='word_1_206' title='bbox 3453 1443 3517 1494; x_wconf 76' lang='lat' dir='ltr'><strong>At</strong></span> <span class='ocrx_word' id='word_1_207' title='bbox 3543 1457 3644 1511; x_wconf 85' lang='lat' dir='ltr'><strong>qua</strong></span> <span class='ocrx_word' id='word_1_208' title='bbox 3668 1485 3681 1506; x_wconf 92' lang='lat'><strong>,</strong></span> <span class='ocrx_word' id='word_1_209' title='bbox 3713 1458 3867 1496; x_wconf 86' lang='lat' dir='ltr'><strong>ama-</strong></span> 
     </span>
    </p>
   </div>
   <div class='ocr_carea' id='block_1_30' title="bbox 2267 1533 3867 1604">
    <p class='ocr_par' dir='ltr' id='par_1_30' title="bbox 2267 1533 3867 1604">
     <span class='ocr_line' id='line_1_30' title="bbox 2267 1533 3867 1604; baseline 0.001 -16"><span class='ocrx_word' id='word_1_210' title='bbox 2267 1533 2335 1588; x_wconf 91' lang='lat' dir='ltr'><strong>bo</strong></span> <span class='ocrx_word' id='word_1_211' title='bbox 2359 1542 2430 1600; x_wconf 88' lang='lat' dir='ltr'><strong>te,</strong></span> <span class='ocrx_word' id='word_1_212' title='bbox 2465 1534 2578 1601; x_wconf 90' lang='lat' dir='ltr'><strong>ille,</strong></span> <span class='ocrx_word' id='word_1_213' title='bbox 2627 1535 2823 1604; x_wconf 85' lang='lat' dir='ltr'><strong>aliique</strong></span> <span class='ocrx_word' id='word_1_214' title='bbox 2855 1535 3095 1604; x_wconf 76' lang='lat' dir='ltr'><strong>ejusdem</strong></span> <span class='ocrx_word' id='word_1_215' title='bbox 3142 1548 3303 1589; x_wconf 73' lang='lat' dir='ltr'><strong>scene</strong></span> <span class='ocrx_word' id='word_1_216' title='bbox 3337 1535 3577 1588; x_wconf 79' lang='lat' dir='ltr'><strong>homines</strong></span> <span class='ocrx_word' id='word_1_217' title='bbox 3609 1577 3622 1599; x_wconf 94' lang='lat'><strong>,</strong></span> <span class='ocrx_word' id='word_1_218' title='bbox 3652 1537 3867 1591; x_wconf 85' lang='lat' dir='ltr'><strong>ratione</strong></span> 
     </span>
    </p>
   </div>
   <div class='ocr_carea' id='block_1_31' title="bbox 2268 1627 3865 1697">
    <p class='ocr_par' dir='ltr' id='par_1_31' title="bbox 2268 1627 3865 1697">
     <span class='ocr_line' id='line_1_31' title="bbox 2268 1627 3865 1697; baseline 0.002 -17"><span class='ocrx_word' id='word_1_219' title='bbox 2268 1642 2519 1696; x_wconf 84' lang='lat' dir='ltr'><strong>umquam</strong></span> <span class='ocrx_word' id='word_1_220' title='bbox 2553 1628 2912 1697; x_wconf 88' lang='lat' dir='ltr'><strong>probaverunt</strong></span> <span class='ocrx_word' id='word_1_221' title='bbox 2942 1628 3136 1696; x_wconf 89' lang='lat' dir='ltr'><strong>templa</strong></span> <span class='ocrx_word' id='word_1_222' title='bbox 3175 1627 3659 1681; x_wconf 84' lang='lat' dir='ltr'><strong>vetustissitnormn</strong></span> <span class='ocrx_word' id='word_1_223' title='bbox 3705 1629 3865 1683; x_wconf 81' lang='lat' dir='ltr'><strong>Chri-</strong></span> 
     </span>
    </p>
   </div>
   <div class='ocr_carea' id='block_1_32' title="bbox 2269 1722 3866 1785">
    <p class='ocr_par' dir='ltr' id='par_1_32' title="bbox 2269 1722 3866 1785">
     <span class='ocr_line' id='line_1_32' title="bbox 2269 1722 3866 1785; baseline 0.003 -11"><span class='ocrx_word' id='word_1_224' title='bbox 2269 1722 2590 1784; x_wconf 89' lang='lat' dir='ltr'><strong>stianorum,</strong></span> <span class='ocrx_word' id='word_1_225' title='bbox 2633 1723 2766 1783; x_wconf 85' lang='lat' dir='ltr'><strong>suis,</strong></span> <span class='ocrx_word' id='word_1_226' title='bbox 2803 1738 2908 1776; x_wconf 88' lang='lat' dir='ltr'><strong>non</strong></span> <span class='ocrx_word' id='word_1_227' title='bbox 2940 1738 3068 1775; x_wconf 87' lang='lat' dir='ltr'><strong>vero</strong></span> <span class='ocrx_word' id='word_1_228' title='bbox 3102 1723 3316 1785; x_wconf 86' lang='lat' dir='ltr'><strong>nostris,</strong></span> <span class='ocrx_word' id='word_1_229' title='bbox 3344 1722 3502 1775; x_wconf 88' lang='lat' dir='ltr'><strong>fuisse</strong></span> <span class='ocrx_word' id='word_1_230' title='bbox 3526 1722 3761 1777; x_wconf 86' lang='lat' dir='ltr'><strong>similia?</strong></span> <span class='ocrx_word' id='word_1_231' title='bbox 3788 1722 3866 1778; x_wconf 88' lang='lat' dir='ltr'><strong>Ne</strong></span> 
     </span>
    </p>
   </div>
   <div class='ocr_carea' id='block_1_33' title="bbox 555 1812 3865 1884">
    <p class='ocr_par' dir='ltr' id='par_1_33' title="bbox 555 1812 3865 1884">
     <span class='ocr_line' id='line_1_33' title="bbox 555 1812 3865 1884; baseline -0.002 -13"><span class='ocrx_word' id='word_1_232' title='bbox 555 1817 874 1877; x_wconf 88' lang='lat' dir='ltr'><strong>admittunt,</strong></span> <span class='ocrx_word' id='word_1_233' title='bbox 906 1814 1154 1882; x_wconf 86' lang='lat' dir='ltr'><strong>rejicittnt</strong></span> <span class='ocrx_word' id='word_1_234' title='bbox 1183 1813 1322 1881; x_wconf 89' lang='lat' dir='ltr'><strong>quod</strong></span> <span class='ocrx_word' id='word_1_235' title='bbox 1368 1812 1719 1878; x_wconf 63' lang='lat' dir='ltr'><strong>displicuerit.</strong></span> <span class='ocrx_word' id='word_1_236' title='bbox 1771 1813 1949 1866; x_wconf 84' lang='lat' dir='ltr'><strong>Palam</strong></span> <span class='ocrx_word' id='word_1_237' title='bbox 1989 1813 2157 1867; x_wconf 89' lang='lat' dir='ltr'><strong>enim-</strong></span> <span class='ocrx_word' id='word_1_238' title='bbox 2190 1815 2237 1874; x_wconf 88' lang='lat' dir='ltr'><strong>B</strong></span> <span class='ocrx_word' id='word_1_239' title='bbox 2268 1814 2485 1867; x_wconf 89' lang='lat' dir='ltr'><strong>minima</strong></span> <span class='ocrx_word' id='word_1_240' title='bbox 2508 1815 2744 1884; x_wconf 88' lang='lat' dir='ltr'><strong>quidem.</strong></span> <span class='ocrx_word' id='word_1_241' title='bbox 2793 1813 2928 1868; x_wconf 89' lang='lat' dir='ltr'><strong>Num</strong></span> <span class='ocrx_word' id='word_1_242' title='bbox 2979 1829 3106 1883; x_wconf 84' lang='lat' dir='ltr'><strong>ergo</strong></span> <span class='ocrx_word' id='word_1_243' title='bbox 3135 1814 3255 1882; x_wconf 86' lang='lat' dir='ltr'><strong>quia</strong></span> <span class='ocrx_word' id='word_1_244' title='bbox 3287 1813 3424 1866; x_wconf 82' lang='lat' dir='ltr'><strong>sicut</strong></span> <span class='ocrx_word' id='word_1_245' title='bbox 3455 1813 3628 1867; x_wconf 80' lang='lat' dir='ltr'><strong>Missa:</strong></span> <span class='ocrx_word' id='word_1_246' title='bbox 3655 1814 3865 1868; x_wconf 83' lang='lat' dir='ltr'><strong>sacrifi-</strong></span> 
     </span>
    </p>
   </div>
   <div class='ocr_carea' id='block_1_34' title="bbox 551 1906 2153 1976">
    <p class='ocr_par' dir='ltr' id='par_1_34' title="bbox 551 1906 2153 1976">
     <span class='ocr_line' id='line_1_34' title="bbox 551 1906 2153 1976; baseline -0.001 -12"><span class='ocrx_word' id='word_1_247' title='bbox 551 1927 685 1964; x_wconf 85' lang='lat' dir='ltr'><strong>vero</strong></span> <span class='ocrx_word' id='word_1_248' title='bbox 711 1925 831 1964; x_wconf 90' lang='lat' dir='ltr'><strong>cum</strong></span> <span class='ocrx_word' id='word_1_249' title='bbox 888 1907 1089 1961; x_wconf 71' lang='lat' dir='ltr'><strong>Dallzeo</strong></span> <span class='ocrx_word' id='word_1_250' title='bbox 1133 1906 1364 1961; x_wconf 85' lang='lat' dir='ltr'><strong>fatentur</strong></span> <span class='ocrx_word' id='word_1_251' title='bbox 1415 1906 1630 1961; x_wconf 82' lang='lat' dir='ltr'><strong>Minucii</strong></span> <span class='ocrx_word' id='word_1_252' title='bbox 1674 1909 1837 1962; x_wconf 54' lang='lat' dir='ltr'><strong>nostri</strong></span> <span class='ocrx_word' id='word_1_253' title='bbox 1893 1919 2153 1976; x_wconf 89' lang='lat' dir='ltr'><strong>tempore,</strong></span> 
     </span>
    </p>
   </div>
   <div class='ocr_carea' id='block_1_35' title="bbox 551 1998 2156 2072">
    <p class='ocr_par' dir='ltr' id='par_1_35' title="bbox 551 1998 2156 2072">
     <span class='ocr_line' id='line_1_35' title="bbox 551 1998 2156 2072; baseline -0.002 -14"><span class='ocrx_word' id='word_1_254' title='bbox 551 2014 712 2072; x_wconf 87' lang='lat' dir='ltr'><strong>atque</strong></span> <span class='ocrx_word' id='word_1_255' title='bbox 738 2018 760 2052; x_wconf 84' lang='lat' dir='ltr'><strong>a</strong></span> <span class='ocrx_word' id='word_1_256' title='bbox 792 2002 976 2071; x_wconf 88' lang='lat' dir='ltr'><strong>primis</strong></span> <span class='ocrx_word' id='word_1_257' title='bbox 1006 1998 1259 2052; x_wconf 72' lang='lat' dir='ltr'><strong>[iet-lesiae</strong></span> <span class='ocrx_word' id='word_1_258' title='bbox 1286 1999 1498 2052; x_wconf 63' lang='lat' dir='ltr'><strong>sarculis</strong></span> <span class='ocrx_word' id='word_1_259' title='bbox 1525 2015 1617 2052; x_wconf 61' lang='lat' dir='ltr'><strong>sua</strong></span> <span class='ocrx_word' id='word_1_260' title='bbox 1642 1999 1963 2054; x_wconf 74' lang='lat' dir='ltr'><strong>Christianis</strong></span> <span class='ocrx_word' id='word_1_261' title='bbox 1994 2000 2156 2055; x_wconf 81' lang='lat' dir='ltr'><strong>fniSse</strong></span> 
     </span>
    </p>
   </div>
   <div class='ocr_carea' id='block_1_36' title="bbox 553 2089 2153 2164">
    <p class='ocr_par' dir='ltr' id='par_1_36' title="bbox 553 2089 2153 2164">
     <span class='ocr_line' id='line_1_36' title="bbox 553 2089 2153 2164; baseline -0.003 -16"><span class='ocrx_word' id='word_1_262' title='bbox 553 2094 770 2164; x_wconf 83' lang='lat' dir='ltr'><strong>quidem</strong></span> <span class='ocrx_word' id='word_1_263' title='bbox 799 2093 992 2159; x_wconf 81' lang='lat' dir='ltr'><strong>templa</strong></span> <span class='ocrx_word' id='word_1_264' title='bbox 1015 2132 1029 2155; x_wconf 92' lang='lat'><strong>,</strong></span> <span class='ocrx_word' id='word_1_265' title='bbox 1061 2089 1155 2144; x_wconf 89' lang='lat' dir='ltr'><strong>sed</strong></span> <span class='ocrx_word' id='word_1_266' title='bbox 1190 2089 1364 2143; x_wconf 88' lang='lat' dir='ltr'><strong>nullas</strong></span> <span class='ocrx_word' id='word_1_267' title='bbox 1395 2106 1534 2156; x_wconf 89' lang='lat' dir='ltr'><strong>aras,</strong></span> <span class='ocrx_word' id='word_1_268' title='bbox 1569 2090 1820 2161; x_wconf 87' lang='lat' dir='ltr'><strong>nullaque</strong></span> <span class='ocrx_word' id='word_1_269' title='bbox 1847 2092 2153 2146; x_wconf 86' lang='lat' dir='ltr'><strong>simulacra.</strong></span> 
     </span>
    </p>
   </div>
   <div class='ocr_carea' id='block_1_37' title="bbox 553 2183 2158 2257">
    <p class='ocr_par' dir='ltr' id='par_1_37' title="bbox 553 2183 2158 2257">
     <span class='ocr_line' id='line_1_37' title="bbox 553 2183 2158 2257; baseline 0.005 -25"><span class='ocrx_word' id='word_1_270' title='bbox 553 2189 623 2243; x_wconf 83' lang='grc' dir='ltr'><strong>Αι</strong></span> <span class='ocrx_word' id='word_1_271' title='bbox 644 2203 743 2257; x_wconf 85' lang='lat' dir='ltr'><strong>qua</strong></span> <span class='ocrx_word' id='word_1_272' title='bbox 778 2184 1077 2239; x_wconf 87' lang='lat' dir='ltr'><strong>temeritate</strong></span> <span class='ocrx_word' id='word_1_273' title='bbox 1105 2183 1451 2237; x_wconf 76' lang='lat' dir='ltr'><strong>distinxerim</strong></span> <span class='ocrx_word' id='word_1_274' title='bbox 1483 2199 1564 2248; x_wconf 88' lang='lat' dir='ltr'><strong>ea,</strong></span> <span class='ocrx_word' id='word_1_275' title='bbox 1591 2199 1710 2253; x_wconf 70' lang='lat' dir='ltr'><strong>qua:</strong></span> <span class='ocrx_word' id='word_1_276' title='bbox 1730 2200 1759 2238; x_wconf 90' lang='lat' dir='ltr'><strong>a</strong></span> <span class='ocrx_word' id='word_1_277' title='bbox 1783 2184 2158 2240; x_wconf 85' lang='lat' dir='ltr'><strong>vetustissimis</strong></span> 
     </span>
    </p>
   </div>
   <div class='ocr_carea' id='block_1_38' title="bbox 551 2277 2156 2349">
    <p class='ocr_par' dir='ltr' id='par_1_38' title="bbox 551 2277 2156 2349">
     <span class='ocr_line' id='line_1_38' title="bbox 551 2277 2156 2349; baseline 0.001 -14"><span class='ocrx_word' id='word_1_278' title='bbox 551 2281 657 2335; x_wconf 82' lang='lat' dir='ltr'><strong>illis</strong></span> <span class='ocrx_word' id='word_1_279' title='bbox 688 2277 1041 2348; x_wconf 85' lang='lat' dir='ltr'><strong>scriptoribus</strong></span> <span class='ocrx_word' id='word_1_280' title='bbox 1073 2293 1178 2331; x_wconf 89' lang='lat' dir='ltr'><strong>non</strong></span> <span class='ocrx_word' id='word_1_281' title='bbox 1208 2277 1630 2349; x_wconf 73' lang='lat' dir='ltr'><strong>diszinguuntur,</strong></span> <span class='ocrx_word' id='word_1_282' title='bbox 1667 2294 1955 2349; x_wconf 87' lang='lat' dir='ltr'><strong>parumper</strong></span> <span class='ocrx_word' id='word_1_283' title='bbox 1995 2280 2156 2336; x_wconf 74' lang='lat' dir='ltr'><strong>obse~</strong></span> 
     </span>
    </p>
   </div>
   <div class='ocr_carea' id='block_1_39' title="bbox 548 2371 1024 2430">
    <p class='ocr_par' dir='ltr' id='par_1_39' title="bbox 548 2371 1024 2430">
     <span class='ocr_line' id='line_1_39' title="bbox 548 2371 1024 2430; baseline -0.011 0"><span class='ocrx_word' id='word_1_284' title='bbox 548 2389 642 2430; x_wconf 90' lang='lat' dir='ltr'><strong>cro</strong></span> <span class='ocrx_word' id='word_1_285' title='bbox 667 2371 1024 2427; x_wconf 89' lang='lat' dir='ltr'><strong>attendamus.</strong></span> 
     </span>
    </p>
   </div>
   <div class='ocr_carea' id='block_1_40' title="bbox 624 2464 2156 2538">
    <p class='ocr_par' dir='ltr' id='par_1_40' title="bbox 624 2464 2156 2538">
     <span class='ocr_line' id='line_1_40' title="bbox 624 2464 2156 2538; baseline 0 -15"><span class='ocrx_word' id='word_1_286' title='bbox 624 2469 767 2523; x_wconf 82' lang='lat' dir='ltr'><strong>Bene</strong></span> <span class='ocrx_word' id='word_1_287' title='bbox 786 2466 1003 2538; x_wconf 88' lang='lat' dir='ltr'><strong>quidem</strong></span> <span class='ocrx_word' id='word_1_288' title='bbox 1032 2474 1135 2531; x_wconf 89' lang='lat' dir='ltr'><strong>est,</strong></span> <span class='ocrx_word' id='word_1_289' title='bbox 1156 2465 1296 2536; x_wconf 89' lang='lat' dir='ltr'><strong>qttod</strong></span> <span class='ocrx_word' id='word_1_290' title='bbox 1326 2464 1550 2520; x_wconf 70' lang='lat' dir='ltr'><strong>Dailteus</strong></span> <span class='ocrx_word' id='word_1_291' title='bbox 1571 2466 1768 2536; x_wconf 84' lang='lat' dir='ltr'><strong>aliique</strong></span> <span class='ocrx_word' id='word_1_292' title='bbox 1793 2467 2156 2523; x_wconf 82' lang='lat' dir='ltr'><strong>Protestantes</strong></span> 
     </span>
    </p>
   </div>
   <div class='ocr_carea' id='block_1_41' title="bbox 549 2557 2158 2628">
    <p class='ocr_par' dir='ltr' id='par_1_41' title="bbox 549 2557 2158 2628">
     <span class='ocr_line' id='line_1_41' title="bbox 549 2557 2158 2628; baseline -0.002 -13"><span class='ocrx_word' id='word_1_293' title='bbox 549 2559 855 2619; x_wconf 84' lang='lat' dir='ltr'><strong>concedant</strong></span> <span class='ocrx_word' id='word_1_294' title='bbox 888 2559 1054 2628; x_wconf 86' lang='lat' dir='ltr'><strong>prima</strong></span> <span class='ocrx_word' id='word_1_295' title='bbox 1089 2557 1342 2614; x_wconf 73' lang='lat' dir='ltr'><strong>Ecclesia:</strong></span> <span class='ocrx_word' id='word_1_296' title='bbox 1384 2567 1543 2612; x_wconf 77' lang='lat' dir='ltr'><strong>aetate</strong></span> <span class='ocrx_word' id='word_1_297' title='bbox 1585 2557 1919 2612; x_wconf 80' lang='lat' dir='ltr'><strong>Christianos</strong></span> <span class='ocrx_word' id='word_1_298' title='bbox 1949 2575 2042 2612; x_wconf 90' lang='lat' dir='ltr'><strong>sua</strong></span> <span class='ocrx_word' id='word_1_299' title='bbox 2073 2558 2158 2612; x_wconf 92' lang='lat' dir='ltr'><strong>ha-</strong></span> 
     </span>
    </p>
   </div>
   <div class='ocr_carea' id='block_1_42' title="bbox 559 2647 2156 2720">
    <p class='ocr_par' dir='ltr' id='par_1_42' title="bbox 559 2647 2156 2720">
     <span class='ocr_line' id='line_1_42' title="bbox 559 2647 2156 2720; baseline -0.003 -10"><span class='ocrx_word' id='word_1_300' title='bbox 559 2655 743 2710; x_wconf 84' lang='lat' dir='ltr'><strong>buisse</strong></span> <span class='ocrx_word' id='word_1_301' title='bbox 777 2652 991 2720; x_wconf 90' lang='lat' dir='ltr'><strong>Ietnpla.</strong></span> <span class='ocrx_word' id='word_1_302' title='bbox 1041 2649 1146 2704; x_wconf 92' lang='lat' dir='ltr'><strong>Sed</strong></span> <span class='ocrx_word' id='word_1_303' title='bbox 1174 2665 1275 2719; x_wconf 88' lang='lat' dir='ltr'><strong>qua</strong></span> <span class='ocrx_word' id='word_1_304' title='bbox 1307 2647 1482 2704; x_wconf 86' lang='lat' dir='ltr'><strong>fronte</strong></span> <span class='ocrx_word' id='word_1_305' title='bbox 1510 2649 1560 2703; x_wconf 92' lang='lat' dir='ltr'><strong>id</strong></span> <span class='ocrx_word' id='word_1_306' title='bbox 1593 2661 1895 2719; x_wconf 78' lang='lat' dir='ltr'><strong>negassent,</strong></span> <span class='ocrx_word' id='word_1_307' title='bbox 1921 2651 2060 2720; x_wconf 90' lang='lat' dir='ltr'><strong>quod</strong></span> <span class='ocrx_word' id='word_1_308' title='bbox 2089 2653 2156 2705; x_wconf 88' lang='lat' dir='ltr'><strong>ab</strong></span> 
     </span>
    </p>
   </div>
   <div class='ocr_carea' id='block_1_43' title="bbox 549 2743 2153 2803">
    <p class='ocr_par' dir='ltr' id='par_1_43' title="bbox 549 2743 2153 2803">
     <span class='ocr_line' id='line_1_43' title="bbox 549 2743 2153 2803; baseline -0.002 -1"><span class='ocrx_word' id='word_1_309' title='bbox 549 2748 660 2803; x_wconf 87' lang='lat' dir='ltr'><strong>illis</strong></span> <span class='ocrx_word' id='word_1_310' title='bbox 696 2745 946 2801; x_wconf 68' lang='lat' dir='ltr'><strong>Ecclesia:</strong></span> <span class='ocrx_word' id='word_1_311' title='bbox 987 2743 1234 2798; x_wconf 85' lang='lat' dir='ltr'><strong>Patribus</strong></span> <span class='ocrx_word' id='word_1_312' title='bbox 1263 2753 1413 2798; x_wconf 79' lang='lat' dir='ltr'><strong>certo</strong></span> <span class='ocrx_word' id='word_1_313' title='bbox 1440 2744 1643 2798; x_wconf 83' lang='lat' dir='ltr'><strong>certius</strong></span> <span class='ocrx_word' id='word_1_314' title='bbox 1673 2746 1978 2799; x_wconf 85' lang='lat' dir='ltr'><strong>asseritur?</strong></span> <span class='ocrx_word' id='word_1_315' title='bbox 2019 2744 2153 2798; x_wconf 89' lang='lat' dir='ltr'><strong>Ter-</strong></span> 
     </span>
    </p>
   </div>
   <div class='ocr_carea' id='block_1_44' title="bbox 557 2835 2152 2908">
    <p class='ocr_par' dir='ltr' id='par_1_44' title="bbox 557 2835 2152 2908">
     <span class='ocr_line' id='line_1_44' title="bbox 557 2835 2152 2908; baseline -0.003 -12"><span class='ocrx_word' id='word_1_316' title='bbox 557 2841 816 2896; x_wconf 86' lang='lat' dir='ltr'><strong>tullianus</strong></span> <span class='ocrx_word' id='word_1_317' title='bbox 843 2838 1125 2908; x_wconf 89' lang='lat' dir='ltr'><strong>siquidem,</strong></span> <span class='ocrx_word' id='word_1_318' title='bbox 1157 2839 1229 2890; x_wconf 92' lang='lat' dir='ltr'><strong>uti</strong></span> <span class='ocrx_word' id='word_1_319' title='bbox 1262 2835 1386 2892; x_wconf 89' lang='lat' dir='ltr'><strong>alibi</strong></span> <span class='ocrx_word' id='word_1_320' title='bbox 1410 2836 1660 2899; x_wconf 84' lang='lat' dir='ltr'><strong>vidimus,</strong></span> <span class='ocrx_word' id='word_1_321' title='bbox 1692 2838 1890 2892; x_wconf 85' lang='lat' dir='ltr'><strong>diserte</strong></span> <span class='ocrx_word' id='word_1_322' title='bbox 1912 2854 2152 2906; x_wconf 66' lang='lat' dir='ltr'><strong>pronun-</strong></span> 
     </span>
    </p>
   </div>
   <div class='ocr_carea' id='block_1_45' title="bbox 551 2931 2157 3001">
    <p class='ocr_par' dir='ltr' id='par_1_45' title="bbox 551 2931 2157 3001">
     <span class='ocr_line' id='line_1_45' title="bbox 551 2931 2157 3001; baseline -0.002 -13"><span class='ocrx_word' id='word_1_323' title='bbox 551 2935 649 2990; x_wconf 88' lang='lat' dir='ltr'><strong>tiat</strong></span> <span class='ocrx_word' id='word_1_324' title='bbox 674 2933 776 2988; x_wconf 79' lang='lat' dir='ltr'><strong>illis</strong></span> <span class='ocrx_word' id='word_1_325' title='bbox 806 2932 970 2986; x_wconf 64' lang='lat' dir='ltr'><strong>fuisse</strong></span> <span class='ocrx_word' id='word_1_326' title='bbox 997 2931 1214 2996; x_wconf 81' lang='lat' dir='ltr'><strong>templa,</strong></span> <span class='ocrx_word' id='word_1_327' title='bbox 1241 2946 1360 2998; x_wconf 66' lang='lat' dir='ltr'><strong>qua:</strong></span> <span class='ocrx_word' id='word_1_328' title='bbox 1390 2939 1507 3000; x_wconf 88' lang='lat' dir='ltr'><strong>post</strong></span> <span class='ocrx_word' id='word_1_329' title='bbox 1533 2931 1853 3001; x_wconf 74' lang='lat' dir='ltr'><strong>Aposlttltlm</strong></span> <span class='ocrx_word' id='word_1_330' title='bbox 1886 2931 2157 2986; x_wconf 80' lang='lat' dir='ltr'><strong>Ecrlcsia-</strong></span> 
     </span>
    </p>
   </div>
   <div class='ocr_carea' id='block_1_46' title="bbox 545 3023 2142 3092">
    <p class='ocr_par' dir='ltr' id='par_1_46' title="bbox 545 3023 2142 3092">
     <span class='ocr_line' id='line_1_46' title="bbox 545 3023 2142 3092; baseline -0.002 -10"><span class='ocrx_word' id='word_1_331' title='bbox 545 3043 664 3082; x_wconf 88' lang='lat' dir='ltr'><strong>rum</strong></span> <span class='ocrx_word' id='word_1_332' title='bbox 692 3027 931 3089; x_wconf 86' lang='lat' dir='ltr'><strong>nomine,</strong></span> <span class='ocrx_word' id='word_1_333' title='bbox 959 3040 988 3077; x_wconf 89' lang='lat' dir='ltr'><strong>a</strong></span> <span class='ocrx_word' id='word_1_334' title='bbox 1017 3023 1344 3077; x_wconf 87' lang='lat' dir='ltr'><strong>Calvittianis</strong></span> <span class='ocrx_word' id='word_1_335' title='bbox 1377 3032 1555 3077; x_wconf 74' lang='lat' dir='ltr'><strong>tamen</strong></span> <span class='ocrx_word' id='word_1_336' title='bbox 1583 3023 1803 3092; x_wconf 87' lang='lat' dir='ltr'><strong>rejecto,</strong></span> <span class='ocrx_word' id='word_1_337' title='bbox 1835 3026 2142 3092; x_wconf 79' lang='lat' dir='ltr'><strong>appellavit.</strong></span> 
     </span>
    </p>
   </div>
   <div class='ocr_carea' id='block_1_47' title="bbox 547 3115 2151 3182">
    <p class='ocr_par' dir='ltr' id='par_1_47' title="bbox 547 3115 2151 3182">
     <span class='ocr_line' id='line_1_47' title="bbox 547 3115 2151 3182; baseline -0.002 -8"><span class='ocrx_word' id='word_1_338' title='bbox 547 3119 713 3174; x_wconf 69' lang='lat' dir='ltr'><strong>Visne</strong></span> <span class='ocrx_word' id='word_1_339' title='bbox 735 3117 878 3171; x_wconf 89' lang='lat' dir='ltr'><strong>aliud</strong></span> <span class='ocrx_word' id='word_1_340' title='bbox 915 3116 1078 3182; x_wconf 87' lang='lat' dir='ltr'><strong>illius,</strong></span> <span class='ocrx_word' id='word_1_341' title='bbox 1107 3115 1265 3170; x_wconf 88' lang='lat' dir='ltr'><strong>etiam</strong></span> <span class='ocrx_word' id='word_1_342' title='bbox 1298 3124 1484 3169; x_wconf 89' lang='lat' dir='ltr'><strong>contra</strong></span> <span class='ocrx_word' id='word_1_343' title='bbox 1511 3115 1831 3170; x_wconf 81' lang='lat' dir='ltr'><strong>catholicam</strong></span> <span class='ocrx_word' id='word_1_344' title='bbox 1859 3118 2151 3173; x_wconf 74' lang='lat' dir='ltr'><strong>Ecclesium</strong></span> 
     </span>
    </p>
   </div>
   <div class='ocr_carea' id='block_1_48' title="bbox 2263 1906 3860 1976">
    <p class='ocr_par' dir='ltr' id='par_1_48' title="bbox 2263 1906 3860 1976">
     <span class='ocr_line' id='line_1_48' title="bbox 2263 1906 3860 1976; baseline 0.001 -16"><span class='ocrx_word' id='word_1_345' title='bbox 2263 1907 2426 1971; x_wconf 88' lang='lat' dir='ltr'><strong>cium,</strong></span> <span class='ocrx_word' id='word_1_346' title='bbox 2463 1907 2532 1960; x_wconf 89' lang='lat' dir='ltr'><strong>ita</strong></span> <span class='ocrx_word' id='word_1_347' title='bbox 2562 1923 2627 1960; x_wconf 76' lang='lat' dir='ltr'><strong>ex</strong></span> <span class='ocrx_word' id='word_1_348' title='bbox 2663 1907 2874 1976; x_wconf 88' lang='lat' dir='ltr'><strong>templis</strong></span> <span class='ocrx_word' id='word_1_349' title='bbox 2901 1907 3011 1960; x_wconf 86' lang='lat' dir='ltr'><strong>suis</strong></span> <span class='ocrx_word' id='word_1_350' title='bbox 3050 1921 3199 1970; x_wconf 88' lang='lat' dir='ltr'><strong>aras,</strong></span> <span class='ocrx_word' id='word_1_351' title='bbox 3230 1915 3282 1960; x_wconf 88' lang='lat' dir='ltr'><strong>et</strong></span> <span class='ocrx_word' id='word_1_352' title='bbox 3309 1906 3520 1972; x_wconf 89' lang='lat' dir='ltr'><strong>altaria,</strong></span> <span class='ocrx_word' id='word_1_353' title='bbox 3551 1908 3860 1974; x_wconf 72' lang='lat' dir='ltr'><strong>simulacra,</strong></span> 
     </span>
    </p>
   </div>
   <div class='ocr_carea' id='block_1_49' title="bbox 2263 1993 3862 2070">
    <p class='ocr_par' dir='ltr' id='par_1_49' title="bbox 2263 1993 3862 2070">
     <span class='ocr_line' id='line_1_49' title="bbox 2263 1993 3862 2070; baseline 0.003 -17"><span class='ocrx_word' id='word_1_354' title='bbox 2263 2010 2317 2053; x_wconf 88' lang='lat' dir='ltr'><strong>et</strong></span> <span class='ocrx_word' id='word_1_355' title='bbox 2366 2001 2623 2068; x_wconf 78' lang='lat' dir='ltr'><strong>imagines</strong></span> <span class='ocrx_word' id='word_1_356' title='bbox 2680 2001 2892 2070; x_wconf 81' lang='lat' dir='ltr'><strong>penitus</strong></span> <span class='ocrx_word' id='word_1_357' title='bbox 2933 1999 3457 2065; x_wconf 86' lang='lat' dir='ltr'><strong>abstulerunt,ittde</strong></span> <span class='ocrx_word' id='word_1_358' title='bbox 3487 1993 3862 2070; x_wconf 75' lang='lat' dir='ltr'><strong>antiquissima</strong></span> 
     </span>
    </p>
   </div>
   <div class='ocr_carea' id='block_1_50' title="bbox 2263 2091 3787 2160">
    <p class='ocr_par' dir='ltr' id='par_1_50' title="bbox 2263 2091 3787 2160">
     <span class='ocr_line' id='line_1_50' title="bbox 2263 2091 3787 2160; baseline -0.001 -13"><span class='ocrx_word' id='word_1_359' title='bbox 2263 2091 2692 2147; x_wconf 82' lang='lat' dir='ltr'><strong>Christianorum</strong></span> <span class='ocrx_word' id='word_1_360' title='bbox 2717 2093 2911 2160; x_wconf 88' lang='lat' dir='ltr'><strong>templa</strong></span> <span class='ocrx_word' id='word_1_361' title='bbox 2950 2094 3061 2145; x_wconf 91' lang='lat' dir='ltr'><strong>suis</strong></span> <span class='ocrx_word' id='word_1_362' title='bbox 3091 2092 3284 2146; x_wconf 85' lang='lat' dir='ltr'><strong>similia</strong></span> <span class='ocrx_word' id='word_1_363' title='bbox 3318 2106 3438 2145; x_wconf 88' lang='lat' dir='ltr'><strong>esse</strong></span> <span class='ocrx_word' id='word_1_364' title='bbox 3468 2091 3787 2146; x_wconf 79' lang='lat' dir='ltr'><strong>venditant?</strong></span> 
     </span>
    </p>
   </div>
   <div class='ocr_carea' id='block_1_51' title="bbox 2295 2184 3854 2256">
    <p class='ocr_par' dir='ltr' id='par_1_51' title="bbox 2295 2184 3854 2256">
     <span class='ocr_line' id='line_1_51' title="bbox 2295 2184 3854 2256; baseline 0 -18"><span class='ocrx_word' id='word_1_365' title='bbox 2295 2227 2312 2238; x_wconf 75' lang='lat'><strong>.</strong></span> <span class='ocrx_word' id='word_1_366' title='bbox 2333 2186 2533 2241; x_wconf 77' lang='lat' dir='ltr'><strong>Verum</strong></span> <span class='ocrx_word' id='word_1_367' title='bbox 2579 2203 2679 2256; x_wconf 88' lang='lat' dir='ltr'><strong>qua</strong></span> <span class='ocrx_word' id='word_1_368' title='bbox 2713 2186 2952 2254; x_wconf 83' lang='lat' dir='ltr'><strong>profecto</strong></span> <span class='ocrx_word' id='word_1_369' title='bbox 2979 2185 3232 2240; x_wconf 85' lang='lat' dir='ltr'><strong>facilitate</strong></span> <span class='ocrx_word' id='word_1_370' title='bbox 3266 2184 3540 2252; x_wconf 78' lang='lat' dir='ltr'><strong>probatura</strong></span> <span class='ocrx_word' id='word_1_371' title='bbox 3571 2197 3648 2239; x_wconf 82' lang='lat' dir='ltr'><strong>est</strong></span> <span class='ocrx_word' id='word_1_372' title='bbox 3679 2185 3854 2239; x_wconf 71' lang='lat' dir='ltr'><strong>aedifi-</strong></span> 
     </span>
    </p>
   </div>
   <div class='ocr_carea' id='block_1_52' title="bbox 2261 2277 3854 2348">
    <p class='ocr_par' dir='ltr' id='par_1_52' title="bbox 2261 2277 3854 2348">
     <span class='ocr_line' id='line_1_52' title="bbox 2261 2277 3854 2348; baseline -0.001 -15"><span class='ocrx_word' id='word_1_373' title='bbox 2261 2288 2380 2333; x_wconf 88' lang='lat' dir='ltr'><strong>cata</strong></span> <span class='ocrx_word' id='word_1_374' title='bbox 2407 2278 2474 2332; x_wconf 90' lang='lat' dir='ltr'><strong>ab</strong></span> <span class='ocrx_word' id='word_1_375' title='bbox 2503 2279 2606 2331; x_wconf 74' lang='lat' dir='ltr'><strong>illis</strong></span> <span class='ocrx_word' id='word_1_376' title='bbox 2641 2278 2868 2348; x_wconf 86' lang='lat' dir='ltr'><strong>templa,</strong></span> <span class='ocrx_word' id='word_1_377' title='bbox 2911 2279 3096 2332; x_wconf 87' lang='lat' dir='ltr'><strong>eadem</strong></span> <span class='ocrx_word' id='word_1_378' title='bbox 3128 2277 3284 2346; x_wconf 86' lang='lat' dir='ltr'><strong>plane</strong></span> <span class='ocrx_word' id='word_1_379' title='bbox 3315 2277 3574 2330; x_wconf 88' lang='lat' dir='ltr'><strong>evidentia</strong></span> <span class='ocrx_word' id='word_1_380' title='bbox 3621 2278 3854 2332; x_wconf 81' lang='lat' dir='ltr'><strong>dentnn-</strong></span> 
     </span>
    </p>
   </div>
   <div class='ocr_carea' id='block_1_53' title="bbox 2261 2371 3859 2442">
    <p class='ocr_par' dir='ltr' id='par_1_53' title="bbox 2261 2371 3859 2442">
     <span class='ocr_line' id='line_1_53' title="bbox 2261 2371 3859 2442; baseline 0.001 -17"><span class='ocrx_word' id='word_1_381' title='bbox 2261 2372 2416 2426; x_wconf 89' lang='lat' dir='ltr'><strong>strari</strong></span> <span class='ocrx_word' id='word_1_382' title='bbox 2445 2383 2617 2440; x_wconf 69' lang='lat' dir='ltr'><strong>potest</strong></span> <span class='ocrx_word' id='word_1_383' title='bbox 2646 2373 2843 2442; x_wconf 89' lang='lat' dir='ltr'><strong>positas</strong></span> <span class='ocrx_word' id='word_1_384' title='bbox 2868 2372 3030 2426; x_wconf 89' lang='lat' dir='ltr'><strong>fuisse</strong></span> <span class='ocrx_word' id='word_1_385' title='bbox 3055 2373 3103 2425; x_wconf 94' lang='lat' dir='ltr'><strong>in</strong></span> <span class='ocrx_word' id='word_1_386' title='bbox 3138 2371 3241 2425; x_wconf 91' lang='lat' dir='ltr'><strong>illis</strong></span> <span class='ocrx_word' id='word_1_387' title='bbox 3263 2373 3528 2425; x_wconf 76' lang='lat' dir='ltr'><strong>veteribus</strong></span> <span class='ocrx_word' id='word_1_388' title='bbox 3561 2372 3776 2441; x_wconf 85' lang='lat' dir='ltr'><strong>templis</strong></span> <span class='ocrx_word' id='word_1_389' title='bbox 3803 2382 3859 2427; x_wconf 90' lang='lat' dir='ltr'><strong>ct</strong></span> 
     </span>
    </p>
   </div>
   <div class='ocr_carea' id='block_1_54' title="bbox 2261 2463 3861 2525">
    <p class='ocr_par' dir='ltr' id='par_1_54' title="bbox 2261 2463 3861 2525">
     <span class='ocr_line' id='line_1_54' title="bbox 2261 2463 3861 2525; baseline -0.001 -6"><span class='ocrx_word' id='word_1_390' title='bbox 2261 2465 2504 2520; x_wconf 75' lang='lat' dir='ltr'><strong>ecclesiis</strong></span> <span class='ocrx_word' id='word_1_391' title='bbox 2530 2480 2678 2525; x_wconf 87' lang='lat' dir='ltr'><strong>aras.</strong></span> <span class='ocrx_word' id='word_1_392' title='bbox 2707 2474 2761 2520; x_wconf 90' lang='lat' dir='ltr'><strong>et</strong></span> <span class='ocrx_word' id='word_1_393' title='bbox 2789 2475 2966 2520; x_wconf 88' lang='lat' dir='ltr'><strong>erecta</strong></span> <span class='ocrx_word' id='word_1_394' title='bbox 2992 2465 3198 2518; x_wconf 87' lang='lat' dir='ltr'><strong>altaria.</strong></span> <span class='ocrx_word' id='word_1_395' title='bbox 3233 2463 3593 2518; x_wconf 82' lang='lat' dir='ltr'><strong>Tertulliauus</strong></span> <span class='ocrx_word' id='word_1_396' title='bbox 3621 2463 3766 2518; x_wconf 87' lang='lat' dir='ltr'><strong>enim</strong></span> <span class='ocrx_word' id='word_1_397' title='bbox 3795 2464 3861 2518; x_wconf 87' lang='lat' dir='ltr'><strong>il-</strong></span> 
     </span>
    </p>
   </div>
   <div class='ocr_carea' id='block_1_55' title="bbox 2264 2555 3859 2611">
    <p class='ocr_par' dir='ltr' id='par_1_55' title="bbox 2264 2555 3859 2611">
     <span class='ocr_line' id='line_1_55' title="bbox 2264 2555 3859 2611; baseline -0.001 0"><span class='ocrx_word' id='word_1_398' title='bbox 2264 2557 2352 2611; x_wconf 88' lang='lat' dir='ltr'><strong>lttd</strong></span> <span class='ocrx_word' id='word_1_399' title='bbox 2407 2556 2554 2611; x_wconf 60' lang='lat' dir='ltr'><strong>hisce</strong></span> <span class='ocrx_word' id='word_1_400' title='bbox 2597 2557 2774 2611; x_wconf 81' lang='lat' dir='ltr'><strong>verbis</strong></span> <span class='ocrx_word' id='word_1_401' title='bbox 2801 2558 3154 2611; x_wconf 88' lang='lat' dir='ltr'><strong>disertissime</strong></span> <span class='ocrx_word' id='word_1_402' title='bbox 3181 2557 3419 2610; x_wconf 86' lang='lat' dir='ltr'><strong>declarat</strong></span> <span class='ocrx_word' id='word_1_403' title='bbox 3455 2574 3467 2610; x_wconf 91' lang='lat'><strong>:</strong></span> <span class='ocrx_word' id='word_1_404' title='bbox 3505 2575 3522 2606; x_wconf 72' lang='grc' dir='ltr'><strong><em>ι</em></strong></span> <span class='ocrx_word' id='word_1_405' title='bbox 3545 2555 3731 2610; x_wconf 85' lang='lat' dir='ltr'><strong>Nonne</strong></span> <span class='ocrx_word' id='word_1_406' title='bbox 3770 2573 3859 2610; x_wconf 87' lang='lat' dir='ltr'><strong>so-</strong></span> 
     </span>
    </p>
   </div>
   <div class='ocr_carea' id='block_1_56' title="bbox 2265 2649 3858 2717">
    <p class='ocr_par' dir='ltr' id='par_1_56' title="bbox 2265 2649 3858 2717">
     <span class='ocr_line' id='line_1_56' title="bbox 2265 2649 3858 2717; baseline 0.001 -15"><span class='ocrx_word' id='word_1_407' title='bbox 2265 2649 2512 2702; x_wconf 86' lang='lat' dir='ltr'><strong>lentniler</strong></span> <span class='ocrx_word' id='word_1_408' title='bbox 2544 2649 2645 2702; x_wconf 85' lang='lat' dir='ltr'><strong>erit</strong></span> <span class='ocrx_word' id='word_1_409' title='bbox 2675 2652 2834 2702; x_wconf 86' lang='lat' dir='ltr'><strong>statio</strong></span> <span class='ocrx_word' id='word_1_410' title='bbox 2860 2660 2966 2717; x_wconf 86' lang='lat' dir='ltr'><strong>tua,</strong></span> <span class='ocrx_word' id='word_1_411' title='bbox 2985 2651 3026 2703; x_wconf 88' lang='lat' dir='ltr'><strong>si</strong></span> <span class='ocrx_word' id='word_1_412' title='bbox 3057 2649 3120 2702; x_wconf 88' lang='lat' dir='ltr'><strong>ad</strong></span> <span class='ocrx_word' id='word_1_413' title='bbox 3147 2663 3293 2702; x_wconf 84' lang='lat' dir='ltr'><strong>arant</strong></span> <span class='ocrx_word' id='word_1_414' title='bbox 3322 2649 3412 2702; x_wconf 86' lang='lat' dir='ltr'><strong>Dei</strong></span> <span class='ocrx_word' id='word_1_415' title='bbox 3433 2651 3646 2704; x_wconf 84' lang='lat' dir='ltr'><strong>steteris</strong></span> <span class='ocrx_word' id='word_1_416' title='bbox 3673 2649 3858 2715; x_wconf 72' lang='lat' dir='ltr'><strong>)(Ter-</strong></span> 
     </span>
    </p>
   </div>
   <div class='ocr_carea' id='block_1_57' title="bbox 2263 2739 3856 2812">
    <p class='ocr_par' dir='ltr' id='par_1_57' title="bbox 2263 2739 3856 2812">
     <span class='ocr_line' id='line_1_57' title="bbox 2263 2739 3856 2812; baseline 0.001 -18"><span class='ocrx_word' id='word_1_417' title='bbox 2263 2742 2377 2795; x_wconf 85' lang='lat' dir='ltr'><strong>tull.</strong></span> <span class='ocrx_word' id='word_1_418' title='bbox 2416 2741 2507 2794; x_wconf 91' lang='lat' dir='ltr'><strong>Ith.</strong></span> <span class='ocrx_word' id='word_1_419' title='bbox 2541 2741 2604 2793; x_wconf 81' lang='lat' dir='ltr'><strong>de</strong></span> <span class='ocrx_word' id='word_1_420' title='bbox 2633 2740 2778 2795; x_wconf 85' lang='lat' dir='ltr'><strong>Ural.</strong></span> <span class='ocrx_word' id='word_1_421' title='bbox 2801 2758 2920 2812; x_wconf 90' lang='lat' dir='ltr'><strong>cap.</strong></span> <span class='ocrx_word' id='word_1_422' title='bbox 2950 2743 3037 2804; x_wconf 70' lang='grc' dir='ltr'><strong>Η,</strong></span> <span class='ocrx_word' id='word_1_423' title='bbox 3072 2758 3168 2811; x_wconf 80' lang='lat' dir='ltr'><strong>pag</strong></span> <span class='ocrx_word' id='word_1_424' title='bbox 3214 2741 3316 2795; x_wconf 66' lang='grc'><strong>155</strong></span> <span class='ocrx_word' id='word_1_425' title='bbox 3406 2740 3707 2811; x_wconf 80' lang='lat' dir='ltr'><strong>Cyprianus</strong></span> <span class='ocrx_word' id='word_1_426' title='bbox 3730 2755 3856 2795; x_wconf 86' lang='lat' dir='ltr'><strong>vero</strong></span> 
     </span>
    </p>
   </div>
   <div class='ocr_carea' id='block_1_58' title="bbox 2263 2833 3860 2903">
    <p class='ocr_par' dir='ltr' id='par_1_58' title="bbox 2263 2833 3860 2903">
     <span class='ocr_line' id='line_1_58' title="bbox 2263 2833 3860 2903; baseline 0.001 -16"><span class='ocrx_word' id='word_1_427' title='bbox 2263 2851 2367 2888; x_wconf 86' lang='lat' dir='ltr'><strong>non</strong></span> <span class='ocrx_word' id='word_1_428' title='bbox 2397 2834 2569 2888; x_wconf 89' lang='lat' dir='ltr'><strong>solum</strong></span> <span class='ocrx_word' id='word_1_429' title='bbox 2598 2835 2664 2889; x_wconf 92' lang='lat' dir='ltr'><strong>de</strong></span> <span class='ocrx_word' id='word_1_430' title='bbox 2693 2835 2869 2897; x_wconf 87' lang='lat' dir='ltr'><strong>altari,</strong></span> <span class='ocrx_word' id='word_1_431' title='bbox 2898 2834 2990 2888; x_wconf 89' lang='lat' dir='ltr'><strong>sed</strong></span> <span class='ocrx_word' id='word_1_432' title='bbox 3019 2845 3070 2887; x_wconf 91' lang='lat' dir='ltr'><strong>et</strong></span> <span class='ocrx_word' id='word_1_433' title='bbox 3111 2833 3374 2888; x_wconf 88' lang='lat' dir='ltr'><strong>sacrificio</strong></span> <span class='ocrx_word' id='word_1_434' title='bbox 3394 2876 3406 2894; x_wconf 88' lang='lat'><strong>,</strong></span> <span class='ocrx_word' id='word_1_435' title='bbox 3437 2835 3578 2903; x_wconf 86' lang='lat' dir='ltr'><strong>quod</strong></span> <span class='ocrx_word' id='word_1_436' title='bbox 3604 2834 3860 2889; x_wconf 81' lang='lat' dir='ltr'><strong>adversa-</strong></span> 
     </span>
    </p>
   </div>
   <div class='ocr_carea' id='block_1_59' title="bbox 2261 2920 3854 2995">
    <p class='ocr_par' dir='ltr' id='par_1_59' title="bbox 2261 2920 3854 2995">
     <span class='ocr_line' id='line_1_59' title="bbox 2261 2920 3854 2995; baseline -0.001 -13"><span class='ocrx_word' id='word_1_437' title='bbox 2261 2929 2323 2983; x_wconf 88' lang='lat' dir='ltr'><strong>rii</strong></span> <span class='ocrx_word' id='word_1_438' title='bbox 2357 2928 2520 2982; x_wconf 87' lang='lat' dir='ltr'><strong>nostri</strong></span> <span class='ocrx_word' id='word_1_439' title='bbox 2553 2939 2656 2981; x_wconf 89' lang='lat' dir='ltr'><strong>tam</strong></span> <span class='ocrx_word' id='word_1_440' title='bbox 2706 2927 3002 2982; x_wconf 80' lang='lat' dir='ltr'><strong>ins-lentor</strong></span> <span class='ocrx_word' id='word_1_441' title='bbox 3039 2928 3309 2995; x_wconf 85' lang='lat' dir='ltr'><strong>rejiciuttt,</strong></span> <span class='ocrx_word' id='word_1_442' title='bbox 3351 2927 3464 2981; x_wconf 54' lang='lat' dir='ltr'><strong>haec</strong></span> <span class='ocrx_word' id='word_1_443' title='bbox 3508 2927 3560 2979; x_wconf 88' lang='lat' dir='ltr'><strong>itt</strong></span> <span class='ocrx_word' id='word_1_444' title='bbox 3594 2927 3755 2981; x_wconf 71' lang='lat' dir='ltr'><strong>verba</strong></span> <span class='ocrx_word' id='word_1_445' title='bbox 3787 2920 3854 2981; x_wconf 84' lang='lat' dir='ltr'><strong>ad</strong></span> 
     </span>
    </p>
   </div>
   <div class='ocr_carea' id='block_1_60' title="bbox 2260 3022 3856 3093">
    <p class='ocr_par' dir='ltr' id='par_1_60' title="bbox 2260 3022 3856 3093">
     <span class='ocr_line' id='line_1_60' title="bbox 2260 3022 3856 3093; baseline 0 -15"><span class='ocrx_word' id='word_1_446' title='bbox 2260 3023 2565 3078; x_wconf 89' lang='lat' dir='ltr'><strong>Furnenses</strong></span> <span class='ocrx_word' id='word_1_447' title='bbox 2590 3023 2804 3091; x_wconf 81' lang='lat' dir='ltr'><strong>scripsit</strong></span> <span class='ocrx_word' id='word_1_448' title='bbox 2837 3039 2849 3074; x_wconf 90' lang='lat'>:</span> <span class='ocrx_word' id='word_1_449' title='bbox 2888 3042 2906 3074; x_wconf 82' lang='lat' dir='ltr'><strong>t</strong></span> <span class='ocrx_word' id='word_1_450' title='bbox 2937 3023 3054 3079; x_wconf 84' lang='lat' dir='ltr'><strong>Jant</strong></span> <span class='ocrx_word' id='word_1_451' title='bbox 3082 3023 3285 3092; x_wconf 71' lang='lat' dir='ltr'><strong>pridi-tn</strong></span> <span class='ocrx_word' id='word_1_452' title='bbox 3320 3023 3370 3076; x_wconf 93' lang='lat' dir='ltr'><strong>itt</strong></span> <span class='ocrx_word' id='word_1_453' title='bbox 3394 3023 3623 3078; x_wconf 87' lang='lat' dir='ltr'><strong>concilio</strong></span> <span class='ocrx_word' id='word_1_454' title='bbox 3648 3022 3856 3093; x_wconf 53' lang='lat' dir='ltr'><strong>episco-</strong></span> 
     </span>
    </p>
   </div>
   <div class='ocr_carea' id='block_1_61' title="bbox 2260 3115 3855 3186">
    <p class='ocr_par' dir='ltr' id='par_1_61' title="bbox 2260 3115 3855 3186">
     <span class='ocr_line' id='line_1_61' title="bbox 2260 3115 3855 3186; baseline 0.001 -17"><span class='ocrx_word' id='word_1_455' title='bbox 2260 3133 2447 3185; x_wconf 88' lang='lat' dir='ltr'><strong>porum</strong></span> <span class='ocrx_word' id='word_1_456' title='bbox 2479 3126 2755 3179; x_wconf 87' lang='lat' dir='ltr'><strong>statutum,</strong></span> <span class='ocrx_word' id='word_1_457' title='bbox 2792 3134 2858 3170; x_wconf 86' lang='lat' dir='ltr'><strong>ne</strong></span> <span class='ocrx_word' id='word_1_458' title='bbox 2885 3117 3005 3186; x_wconf 61' lang='lat' dir='ltr'><strong>quis</strong></span> <span class='ocrx_word' id='word_1_459' title='bbox 3034 3116 3101 3170; x_wconf 89' lang='lat' dir='ltr'><strong>de</strong></span> <span class='ocrx_word' id='word_1_460' title='bbox 3127 3116 3338 3171; x_wconf 86' lang='lat' dir='ltr'><strong>clericis</strong></span> <span class='ocrx_word' id='word_1_461' title='bbox 3369 3129 3421 3170; x_wconf 86' lang='lat' dir='ltr'><strong>et</strong></span> <span class='ocrx_word' id='word_1_462' title='bbox 3452 3115 3543 3171; x_wconf 85' lang='lat' dir='ltr'><strong>Dei</strong></span> <span class='ocrx_word' id='word_1_463' title='bbox 3595 3116 3855 3171; x_wconf 83' lang='lat' dir='ltr'><strong>ministris</strong></span> 
     </span>
    </p>
   </div>
   <div class='ocr_carea' id='block_1_62' title="bbox 545 3207 3851 3278">
    <p class='ocr_par' dir='ltr' id='par_1_62' title="bbox 545 3207 3851 3278">
     <span class='ocr_line' id='line_1_62' title="bbox 545 3207 3851 3278; baseline -0.002 -10"><span class='ocrx_word' id='word_1_464' title='bbox 545 3211 853 3275; x_wconf 83' lang='lat' dir='ltr'><strong>scribentis,</strong></span> <span class='ocrx_word' id='word_1_465' title='bbox 879 3208 1278 3263; x_wconf 89' lang='lat' dir='ltr'><strong>testimonium?</strong></span> <span class='ocrx_word' id='word_1_466' title='bbox 1311 3227 1326 3257; x_wconf 67' lang='grc' dir='ltr'><em>ς</em></span> <span class='ocrx_word' id='word_1_467' title='bbox 1353 3207 1626 3275; x_wconf 79' lang='lat' dir='ltr'><strong>Reliquas,</strong></span> <span class='ocrx_word' id='word_1_468' title='bbox 1653 3209 1841 3278; x_wconf 89' lang='lat' dir='ltr'><strong>inquit,</strong></span> <span class='ocrx_word' id='word_1_469' title='bbox 1869 3211 2147 3265; x_wconf 90' lang='lat' dir='ltr'><strong>libidinum</strong></span> <span class='ocrx_word' id='word_1_470' title='bbox 2177 3209 2220 3270; x_wconf 93' lang='lat' dir='ltr'><strong>C</strong></span> <span class='ocrx_word' id='word_1_471' title='bbox 2257 3218 2510 3274; x_wconf 83' lang='lat' dir='ltr'><strong>tutorem,</strong></span> <span class='ocrx_word' id='word_1_472' title='bbox 2547 3209 2629 3262; x_wconf 87' lang='lat' dir='ltr'><strong>vel</strong></span> <span class='ocrx_word' id='word_1_473' title='bbox 2683 3219 2988 3263; x_wconf 86' lang='lat' dir='ltr'><strong>curatorem</strong></span> <span class='ocrx_word' id='word_1_474' title='bbox 3029 3219 3349 3262; x_wconf 74' lang='lat' dir='ltr'><strong>testamento</strong></span> <span class='ocrx_word' id='word_1_475' title='bbox 3392 3225 3490 3262; x_wconf 89' lang='lat' dir='ltr'><strong>suo</strong></span> <span class='ocrx_word' id='word_1_476' title='bbox 3539 3211 3851 3275; x_wconf 81' lang='lat' dir='ltr'><strong>constituat,</strong></span> 
     </span>
    </p>
   </div>
   <div class='ocr_carea' id='block_1_63' title="bbox 551 3298 2152 3372">
    <p class='ocr_par' dir='ltr' id='par_1_63' title="bbox 551 3298 2152 3372">
     <span class='ocr_line' id='line_1_63' title="bbox 551 3298 2152 3372; baseline -0.001 -14"><span class='ocrx_word' id='word_1_477' title='bbox 551 3303 742 3366; x_wconf 87' lang='lat' dir='ltr'><strong>furias,</strong></span> <span class='ocrx_word' id='word_1_478' title='bbox 777 3301 988 3371; x_wconf 88' lang='lat' dir='ltr'><strong>impias,</strong></span> <span class='ocrx_word' id='word_1_479' title='bbox 1013 3307 1068 3353; x_wconf 88' lang='lat' dir='ltr'><strong>et</strong></span> <span class='ocrx_word' id='word_1_480' title='bbox 1103 3298 1154 3352; x_wconf 92' lang='lat' dir='ltr'><strong>in</strong></span> <span class='ocrx_word' id='word_1_481' title='bbox 1189 3313 1419 3366; x_wconf 88' lang='lat' dir='ltr'><strong>corpora</strong></span> <span class='ocrx_word' id='word_1_482' title='bbox 1441 3341 1454 3364; x_wconf 93' lang='lat'><strong>,</strong></span> <span class='ocrx_word' id='word_1_483' title='bbox 1502 3309 1556 3353; x_wconf 89' lang='lat' dir='ltr'><strong>et</strong></span> <span class='ocrx_word' id='word_1_484' title='bbox 1585 3299 1635 3351; x_wconf 94' lang='lat' dir='ltr'><strong>in</strong></span> <span class='ocrx_word' id='word_1_485' title='bbox 1667 3314 1826 3352; x_wconf 78' lang='lat' dir='ltr'><strong>sexus</strong></span> <span class='ocrx_word' id='word_1_486' title='bbox 1858 3302 1991 3353; x_wconf 87' lang='lat' dir='ltr'><strong>ultra</strong></span> <span class='ocrx_word' id='word_1_487' title='bbox 2032 3301 2152 3372; x_wconf 84' lang='lat' dir='ltr'><strong>jura</strong></span> 
     </span>
    </p>
   </div>
   <div class='ocr_carea' id='block_1_64' title="bbox 559 3393 2149 3462">
    <p class='ocr_par' dir='ltr' id='par_1_64' title="bbox 559 3393 2149 3462">
     <span class='ocr_line' id='line_1_64' title="bbox 559 3393 2149 3462; baseline -0.001 -8"><span class='ocrx_word' id='word_1_488' title='bbox 559 3410 789 3462; x_wconf 66' lang='lat' dir='ltr'><strong>natura),</strong></span> <span class='ocrx_word' id='word_1_489' title='bbox 814 3412 920 3450; x_wconf 89' lang='lat' dir='ltr'><strong>non</strong></span> <span class='ocrx_word' id='word_1_490' title='bbox 952 3393 1112 3448; x_wconf 90' lang='lat' dir='ltr'><strong>modo</strong></span> <span class='ocrx_word' id='word_1_491' title='bbox 1141 3394 1343 3457; x_wconf 87' lang='lat' dir='ltr'><strong>limine,</strong></span> <span class='ocrx_word' id='word_1_492' title='bbox 1377 3408 1561 3446; x_wconf 89' lang='lat' dir='ltr'><strong>verum</strong></span> <span class='ocrx_word' id='word_1_493' title='bbox 1591 3397 1750 3448; x_wconf 89' lang='lat' dir='ltr'><strong>etiant</strong></span> <span class='ocrx_word' id='word_1_494' title='bbox 1791 3396 1934 3450; x_wconf 88' lang='lat' dir='ltr'><strong>omni</strong></span> <span class='ocrx_word' id='word_1_495' title='bbox 1964 3398 2149 3452; x_wconf 85' lang='lat' dir='ltr'><strong>Eccle-</strong></span> 
     </span>
    </p>
   </div>
   <div class='ocr_carea' id='block_1_65' title="bbox 551 3484 2152 3546">
    <p class='ocr_par' dir='ltr' id='par_1_65' title="bbox 551 3484 2152 3546">
     <span class='ocr_line' id='line_1_65' title="bbox 551 3484 2152 3546; baseline -0.001 0"><span class='ocrx_word' id='word_1_496' title='bbox 551 3492 646 3546; x_wconf 73' lang='lat' dir='ltr'><strong>sia:</strong></span> <span class='ocrx_word' id='word_1_497' title='bbox 675 3498 816 3546; x_wconf 91' lang='lat' dir='ltr'><strong>tecto</strong></span> <span class='ocrx_word' id='word_1_498' title='bbox 845 3487 1250 3542; x_wconf 89' lang='lat' dir='ltr'><strong>submovemus.</strong></span> <span class='ocrx_word' id='word_1_499' title='bbox 1280 3504 1297 3537; x_wconf 76' lang='grc' dir='ltr'><strong>ι</strong></span> <span class='ocrx_word' id='word_1_500' title='bbox 1343 3484 1461 3540; x_wconf 77' lang='lat' dir='ltr'><strong>J-tm</strong></span> <span class='ocrx_word' id='word_1_501' title='bbox 1503 3501 1632 3540; x_wconf 88' lang='lat' dir='ltr'><strong>vero</strong></span> <span class='ocrx_word' id='word_1_502' title='bbox 1671 3490 2050 3543; x_wconf 85' lang='lat' dir='ltr'><strong>annotaviutus</strong></span> <span class='ocrx_word' id='word_1_503' title='bbox 2090 3507 2152 3546; x_wconf 87' lang='lat' dir='ltr'><strong>ea</strong></span> 
     </span>
    </p>
   </div>
   <div class='ocr_carea' id='block_1_66' title="bbox 549 3579 2151 3656">
    <p class='ocr_par' dir='ltr' id='par_1_66' title="bbox 549 3579 2151 3656">
     <span class='ocr_line' id='line_1_66' title="bbox 549 3579 2151 3656; baseline -0.001 -17"><span class='ocrx_word' id='word_1_504' title='bbox 549 3599 761 3656; x_wconf 89' lang='lat' dir='ltr'><strong>quoque</strong></span> <span class='ocrx_word' id='word_1_505' title='bbox 781 3597 958 3653; x_wconf 70' lang='lat' dir='ltr'><strong>graeco</strong></span> <span class='ocrx_word' id='word_1_506' title='bbox 980 3581 1198 3634; x_wconf 89' lang='lat' dir='ltr'><strong>nomine</strong></span> <span class='ocrx_word' id='word_1_507' title='bbox 1226 3587 1508 3645; x_wconf 64' lang='grc' dir='ltr'><strong>ὑαλησίιν,</strong></span> <span class='ocrx_word' id='word_1_508' title='bbox 1543 3595 1568 3631; x_wconf 90' lang='lat' dir='ltr'><strong>a</strong></span> <span class='ocrx_word' id='word_1_509' title='bbox 1599 3579 1882 3637; x_wconf 83' lang='lat' dir='ltr'><strong>Clemente</strong></span> <span class='ocrx_word' id='word_1_510' title='bbox 1922 3583 2151 3638; x_wconf 49' lang='lat' dir='ltr'><strong>Alexan.</strong></span> 
     </span>
    </p>
   </div>
   <div class='ocr_carea' id='block_1_67' title="bbox 550 3671 2149 3746">
    <p class='ocr_par' dir='ltr' id='par_1_67' title="bbox 550 3671 2149 3746">
     <span class='ocr_line' id='line_1_67' title="bbox 550 3671 2149 3746; baseline -0.001 -12"><span class='ocrx_word' id='word_1_511' title='bbox 550 3675 1014 3744; x_wconf 84' lang='lat' dir='ltr'><strong>tlriuonttncupari</strong></span> <span class='ocrx_word' id='word_1_512' title='bbox 1033 3671 1156 3743; x_wconf 62' lang='lat' dir='ltr'><strong>(Ap.</strong></span> <span class='ocrx_word' id='word_1_513' title='bbox 1181 3671 1366 3740; x_wconf 69' lang='lat' dir='ltr'><strong>p.741,</strong></span> <span class='ocrx_word' id='word_1_514' title='bbox 1385 3671 1591 3726; x_wconf 87' lang='lat' dir='ltr'><strong>Terlttl.</strong></span> <span class='ocrx_word' id='word_1_515' title='bbox 1614 3673 1702 3727; x_wconf 86' lang='lat' dir='ltr'><strong>lib.</strong></span> <span class='ocrx_word' id='word_1_516' title='bbox 1725 3675 1786 3728; x_wconf 88' lang='lat' dir='ltr'><strong>de</strong></span> <span class='ocrx_word' id='word_1_517' title='bbox 1809 3673 1948 3730; x_wconf 86' lang='lat' dir='ltr'><strong>Idol.</strong></span> <span class='ocrx_word' id='word_1_518' title='bbox 1969 3679 2149 3746; x_wconf 89' lang='lat' dir='ltr'><strong>cap.7,</strong></span> 
     </span>
    </p>
   </div>
   <div class='ocr_carea' id='block_1_68' title="bbox 549 3763 2148 3842">
    <p class='ocr_par' dir='ltr' id='par_1_68' title="bbox 549 3763 2148 3842">
     <span class='ocr_line' id='line_1_68' title="bbox 549 3763 2148 3842; baseline 0.001 -19"><span class='ocrx_word' id='word_1_519' title='bbox 549 3788 671 3842; x_wconf 82' lang='lat' dir='ltr'><strong>pag.</strong></span> <span class='ocrx_word' id='word_1_520' title='bbox 708 3771 807 3824; x_wconf 80' lang='grc'><strong>107</strong></span> <span class='ocrx_word' id='word_1_521' title='bbox 838 3777 930 3833; x_wconf 91' lang='lat' dir='ltr'><strong>;ct</strong></span> <span class='ocrx_word' id='word_1_522' title='bbox 958 3766 1048 3820; x_wconf 91' lang='lat' dir='ltr'><strong>lib.</strong></span> <span class='ocrx_word' id='word_1_523' title='bbox 1081 3764 1144 3817; x_wconf 82' lang='lat' dir='ltr'><strong>de</strong></span> <span class='ocrx_word' id='word_1_524' title='bbox 1184 3763 1377 3834; x_wconf 74' lang='lat' dir='ltr'><strong>Virgin.</strong></span> <span class='ocrx_word' id='word_1_525' title='bbox 1400 3765 1601 3819; x_wconf 81' lang='lat' dir='ltr'><strong>velund.</strong></span> <span class='ocrx_word' id='word_1_526' title='bbox 1627 3783 1742 3836; x_wconf 89' lang='lat' dir='ltr'><strong>cap.</strong></span> <span class='ocrx_word' id='word_1_527' title='bbox 1771 3770 1857 3834; x_wconf 79' lang='grc'><strong>15,</strong></span> <span class='ocrx_word' id='word_1_528' title='bbox 1882 3785 1997 3840; x_wconf 84' lang='lat' dir='ltr'><strong>pag.</strong></span> <span class='ocrx_word' id='word_1_529' title='bbox 2022 3771 2148 3835; x_wconf 69' lang='lat'><strong>201;</strong></span> 
     </span>
    </p>
   </div>
   <div class='ocr_carea' id='block_1_69' title="bbox 549 3857 2150 3931">
    <p class='ocr_par' dir='ltr' id='par_1_69' title="bbox 549 3857 2150 3931">
     <span class='ocr_line' id='line_1_69' title="bbox 549 3857 2150 3931; baseline -0.001 -13"><span class='ocrx_word' id='word_1_530' title='bbox 549 3873 607 3918; x_wconf 89' lang='lat' dir='ltr'><strong>ct</strong></span> <span class='ocrx_word' id='word_1_531' title='bbox 637 3863 729 3917; x_wconf 83' lang='grc' dir='ltr'><strong>Ιιι).</strong></span> <span class='ocrx_word' id='word_1_532' title='bbox 763 3861 825 3914; x_wconf 83' lang='lat' dir='ltr'><strong>de</strong></span> <span class='ocrx_word' id='word_1_533' title='bbox 849 3859 1034 3913; x_wconf 83' lang='lat' dir='ltr'><strong>Pudic.</strong></span> <span class='ocrx_word' id='word_1_534' title='bbox 1075 3872 1192 3926; x_wconf 87' lang='lat' dir='ltr'><strong>cap.</strong></span> <span class='ocrx_word' id='word_1_535' title='bbox 1240 3857 1293 3922; x_wconf 68' lang='grc'><strong>4,</strong></span> <span class='ocrx_word' id='word_1_536' title='bbox 1326 3871 1445 3926; x_wconf 81' lang='lat' dir='ltr'><strong>pag.</strong></span> <span class='ocrx_word' id='word_1_537' title='bbox 1483 3857 1608 3922; x_wconf 80' lang='lat'><strong>718,</strong></span> <span class='ocrx_word' id='word_1_538' title='bbox 1644 3869 1774 3914; x_wconf 85' lang='lat' dir='ltr'><strong>tom.</strong></span> <span class='ocrx_word' id='word_1_539' title='bbox 1809 3862 1858 3914; x_wconf 83' lang='grc'><strong>1.</strong></span> <span class='ocrx_word' id='word_1_540' title='bbox 1899 3863 2150 3931; x_wconf 81' lang='lat' dir='ltr'><strong>Appttrat.</strong></span> 
     </span>
    </p>
   </div>
   <div class='ocr_carea' id='block_1_70' title="bbox 543 3946 2148 4024">
    <p class='ocr_par' dir='ltr' id='par_1_70' title="bbox 543 3946 2148 4024">
     <span class='ocr_line' id='line_1_70' title="bbox 543 3946 2148 4024; baseline 0.001 -17"><span class='ocrx_word' id='word_1_541' title='bbox 543 3969 668 4024; x_wconf 86' lang='lat' dir='ltr'><strong>pag.</strong></span> <span class='ocrx_word' id='word_1_542' title='bbox 705 3954 826 4007; x_wconf 79' lang='grc'><strong>715.</strong></span> <span class='ocrx_word' id='word_1_543' title='bbox 878 3951 1050 4006; x_wconf 87' lang='lat' dir='ltr'><strong>Clem.</strong></span> <span class='ocrx_word' id='word_1_544' title='bbox 1100 3948 1257 4003; x_wconf 78' lang='lat' dir='ltr'><strong>Alex.</strong></span> <span class='ocrx_word' id='word_1_545' title='bbox 1305 3946 1402 4000; x_wconf 92' lang='lat' dir='ltr'><strong>lib.</strong></span> <span class='ocrx_word' id='word_1_546' title='bbox 1456 3964 1534 4002; x_wconf 85' lang='lat' dir='ltr'><strong>tu.</strong></span> <span class='ocrx_word' id='word_1_547' title='bbox 1589 3949 2016 4024; x_wconf 80' lang='lat' dir='ltr'><strong>Pwdag.,,cap.</strong></span> <span class='ocrx_word' id='word_1_548' title='bbox 2061 3955 2148 4021; x_wconf 82' lang='lat' dir='ltr'><strong>ll,</strong></span> 
     </span>
    </p>
   </div>
   <div class='ocr_carea' id='block_1_71' title="bbox 551 4043 860 4116">
    <p class='ocr_par' dir='ltr' id='par_1_71' title="bbox 551 4043 860 4116">
     <span class='ocr_line' id='line_1_71' title="bbox 551 4043 860 4116; baseline -0.01 -15"><span class='ocrx_word' id='word_1_549' title='bbox 551 4062 672 4116; x_wconf 84' lang='lat' dir='ltr'><strong>pag.</strong></span> <span class='ocrx_word' id='word_1_550' title='bbox 701 4043 860 4116; x_wconf 72' lang='lat'><strong>255.)</strong></span> 
     </span>
    </p>
   </div>
   <div class='ocr_carea' id='block_1_72' title="bbox 623 4137 2148 4197">
    <p class='ocr_par' dir='ltr' id='par_1_72' title="bbox 623 4137 2148 4197">
     <span class='ocr_line' id='line_1_72' title="bbox 623 4137 2148 4197; baseline 0.003 -4"><span class='ocrx_word' id='word_1_551' title='bbox 623 4139 734 4194; x_wconf 89' lang='lat' dir='ltr'><strong>Nec</strong></span> <span class='ocrx_word' id='word_1_552' title='bbox 759 4138 934 4192; x_wconf 91' lang='lat' dir='ltr'><strong>minus</strong></span> <span class='ocrx_word' id='word_1_553' title='bbox 954 4137 1237 4195; x_wconf 88' lang='lat' dir='ltr'><strong>evidenter</strong></span> <span class='ocrx_word' id='word_1_554' title='bbox 1259 4139 1310 4196; x_wconf 93' lang='lat' dir='ltr'><strong>id</strong></span> <span class='ocrx_word' id='word_1_555' title='bbox 1339 4141 1606 4196; x_wconf 86' lang='lat' dir='ltr'><strong>evincitur</strong></span> <span class='ocrx_word' id='word_1_556' title='bbox 1635 4156 1698 4195; x_wconf 75' lang='lat' dir='ltr'><strong>ex</strong></span> <span class='ocrx_word' id='word_1_557' title='bbox 1723 4140 2148 4197; x_wconf 85' lang='lat' dir='ltr'><strong>Christianorum</strong></span> 
     </span>
    </p>
   </div>
   <div class='ocr_carea' id='block_1_73' title="bbox 551 4233 2150 4306">
    <p class='ocr_par' dir='ltr' id='par_1_73' title="bbox 551 4233 2150 4306">
     <span class='ocr_line' id='line_1_73' title="bbox 551 4233 2150 4306; baseline 0.001 -17"><span class='ocrx_word' id='word_1_558' title='bbox 551 4233 865 4304; x_wconf 79' lang='lat' dir='ltr'><strong>syttaxibus,</strong></span> <span class='ocrx_word' id='word_1_559' title='bbox 885 4247 1018 4301; x_wconf 86' lang='lat' dir='ltr'><strong>quas</strong></span> <span class='ocrx_word' id='word_1_560' title='bbox 1045 4235 1097 4287; x_wconf 93' lang='lat' dir='ltr'><strong>in</strong></span> <span class='ocrx_word' id='word_1_561' title='bbox 1121 4233 1324 4289; x_wconf 77' lang='lat' dir='ltr'><strong>:cdibtts</strong></span> <span class='ocrx_word' id='word_1_562' title='bbox 1351 4235 1694 4304; x_wconf 81' lang='lat' dir='ltr'><strong>templiSque,</strong></span> <span class='ocrx_word' id='word_1_563' title='bbox 1748 4245 1804 4289; x_wconf 91' lang='lat' dir='ltr'><strong>ut</strong></span> <span class='ocrx_word' id='word_1_564' title='bbox 1852 4237 2046 4306; x_wconf 69' lang='lat' dir='ltr'><strong>sapius</strong></span> <span class='ocrx_word' id='word_1_565' title='bbox 2072 4239 2150 4291; x_wconf 80' lang='lat' dir='ltr'><strong>vi-</strong></span> 
     </span>
    </p>
   </div>
   <div class='ocr_carea' id='block_1_74' title="bbox 553 4324 2152 4396">
    <p class='ocr_par' dir='ltr' id='par_1_74' title="bbox 553 4324 2152 4396">
     <span class='ocr_line' id='line_1_74' title="bbox 553 4324 2152 4396; baseline 0.002 -17"><span class='ocrx_word' id='word_1_566' title='bbox 553 4324 752 4391; x_wconf 89' lang='lat' dir='ltr'><strong>dimus,</strong></span> <span class='ocrx_word' id='word_1_567' title='bbox 782 4338 941 4394; x_wconf 79' lang='lat' dir='ltr'><strong>agere</strong></span> <span class='ocrx_word' id='word_1_568' title='bbox 966 4324 1211 4380; x_wconf 85' lang='lat' dir='ltr'><strong>solebant</strong></span> <span class='ocrx_word' id='word_1_569' title='bbox 1243 4343 1255 4380; x_wconf 83' lang='lat'><strong>:</strong></span> <span class='ocrx_word' id='word_1_570' title='bbox 1289 4342 1351 4380; x_wconf 87' lang='lat' dir='ltr'><strong>ac</strong></span> <span class='ocrx_word' id='word_1_571' title='bbox 1376 4338 1634 4396; x_wconf 66' lang='lat' dir='ltr'><strong>praeterea</strong></span> <span class='ocrx_word' id='word_1_572' title='bbox 1681 4343 1744 4381; x_wconf 79' lang='lat' dir='ltr'><strong>ex</strong></span> <span class='ocrx_word' id='word_1_573' title='bbox 1780 4327 1984 4396; x_wconf 89' lang='lat' dir='ltr'><strong>publica</strong></span> <span class='ocrx_word' id='word_1_574' title='bbox 2027 4346 2152 4384; x_wconf 88' lang='lat' dir='ltr'><strong>reo-</strong></span> 
     </span>
    </p>
   </div>
   <div class='ocr_carea' id='block_1_75' title="bbox 553 4417 2153 4489">
    <p class='ocr_par' dir='ltr' id='par_1_75' title="bbox 553 4417 2153 4489">
     <span class='ocr_line' id='line_1_75' title="bbox 553 4417 2153 4489; baseline 0.003 -15"><span class='ocrx_word' id='word_1_575' title='bbox 553 4435 672 4474; x_wconf 86' lang='lat' dir='ltr'><strong>rum</strong></span> <span class='ocrx_word' id='word_1_576' title='bbox 704 4417 1035 4489; x_wconf 63' lang='lat' dir='ltr'><strong>ptxanitentia,</strong></span> <span class='ocrx_word' id='word_1_577' title='bbox 1067 4420 1157 4488; x_wconf 91' lang='lat' dir='ltr'><strong>qui</strong></span> <span class='ocrx_word' id='word_1_578' title='bbox 1185 4421 1248 4473; x_wconf 84' lang='lat' dir='ltr'><strong>ad</strong></span> <span class='ocrx_word' id='word_1_579' title='bbox 1274 4420 1415 4475; x_wconf 86' lang='lat' dir='ltr'><strong>fores</strong></span> <span class='ocrx_word' id='word_1_580' title='bbox 1445 4421 1695 4474; x_wconf 74' lang='lat' dir='ltr'><strong>Ecclesia:</strong></span> <span class='ocrx_word' id='word_1_581' title='bbox 1724 4425 1998 4489; x_wconf 61' lang='lat' dir='ltr'><strong>prostrati,</strong></span> <span class='ocrx_word' id='word_1_582' title='bbox 2024 4424 2153 4479; x_wconf 86' lang='lat' dir='ltr'><strong>lide—</strong></span> 
     </span>
    </p>
   </div>
   <div class='ocr_carea' id='block_1_76' title="bbox 555 4511 2144 4581">
    <p class='ocr_par' dir='ltr' id='par_1_76' title="bbox 555 4511 2144 4581">
     <span class='ocr_line' id='line_1_76' title="bbox 555 4511 2144 4581; baseline 0 -17"><span class='ocrx_word' id='word_1_583' title='bbox 555 4511 686 4564; x_wconf 89' lang='lat' dir='ltr'><strong>liutn</strong></span> <span class='ocrx_word' id='word_1_584' title='bbox 735 4525 922 4578; x_wconf 88' lang='lat' dir='ltr'><strong>preces</strong></span> <span class='ocrx_word' id='word_1_585' title='bbox 953 4523 1016 4562; x_wconf 86' lang='lat' dir='ltr'><strong>ac</strong></span> <span class='ocrx_word' id='word_1_586' title='bbox 1041 4511 1380 4563; x_wconf 81' lang='lat' dir='ltr'><strong>sacerdotum</strong></span> <span class='ocrx_word' id='word_1_587' title='bbox 1412 4511 1748 4564; x_wconf 86' lang='lat' dir='ltr'><strong>clementiam</strong></span> <span class='ocrx_word' id='word_1_588' title='bbox 1772 4512 2144 4581; x_wconf 83' lang='lat' dir='ltr'><strong>implorabant.</strong></span> 
     </span>
    </p>
   </div>
   <div class='ocr_carea' id='block_1_77' title="bbox 2257 3304 3855 3374">
    <p class='ocr_par' dir='ltr' id='par_1_77' title="bbox 2257 3304 3855 3374">
     <span class='ocr_line' id='line_1_77' title="bbox 2257 3304 3855 3374; baseline 0.003 -20"><span class='ocrx_word' id='word_1_589' title='bbox 2257 3304 2472 3374; x_wconf 82' lang='lat' dir='ltr'><strong>quando</strong></span> <span class='ocrx_word' id='word_1_590' title='bbox 2499 3304 2692 3370; x_wconf 76' lang='lat' dir='ltr'><strong>singuli</strong></span> <span class='ocrx_word' id='word_1_591' title='bbox 2721 3304 2902 3358; x_wconf 69' lang='lat' dir='ltr'><strong>divino</strong></span> <span class='ocrx_word' id='word_1_592' title='bbox 2923 3305 3224 3359; x_wconf 89' lang='lat' dir='ltr'><strong>sacerdotio</strong></span> <span class='ocrx_word' id='word_1_593' title='bbox 3250 3304 3517 3364; x_wconf 85' lang='lat' dir='ltr'><strong>honorati.</strong></span> <span class='ocrx_word' id='word_1_594' title='bbox 3537 3313 3591 3359; x_wconf 88' lang='lat' dir='ltr'><strong>et</strong></span> <span class='ocrx_word' id='word_1_595' title='bbox 3619 3307 3671 3358; x_wconf 91' lang='lat' dir='ltr'><strong>in</strong></span> <span class='ocrx_word' id='word_1_596' title='bbox 3697 3305 3855 3359; x_wconf 85' lang='lat' dir='ltr'><strong>cleri-</strong></span> 
     </span>
    </p>
   </div>
   <div class='ocr_carea' id='block_1_78' title="bbox 2257 3396 3855 3457">
    <p class='ocr_par' dir='ltr' id='par_1_78' title="bbox 2257 3396 3855 3457">
     <span class='ocr_line' id='line_1_78' title="bbox 2257 3396 3855 3457; baseline 0.002 -7"><span class='ocrx_word' id='word_1_597' title='bbox 2257 3411 2323 3450; x_wconf 89' lang='lat' dir='ltr'><strong>co</strong></span> <span class='ocrx_word' id='word_1_598' title='bbox 2353 3396 2652 3451; x_wconf 72' lang='lat' dir='ltr'><strong>ministerio</strong></span> <span class='ocrx_word' id='word_1_599' title='bbox 2675 3398 2949 3452; x_wconf 56' lang='lat' dir='ltr'><strong>Cilnalltllli</strong></span> <span class='ocrx_word' id='word_1_600' title='bbox 2973 3439 2987 3457; x_wconf 90' lang='lat'><strong>,</strong></span> <span class='ocrx_word' id='word_1_601' title='bbox 3019 3414 3123 3452; x_wconf 87' lang='lat' dir='ltr'><strong>non</strong></span> <span class='ocrx_word' id='word_1_602' title='bbox 3150 3399 3251 3452; x_wconf 89' lang='lat' dir='ltr'><strong>nisi</strong></span> <span class='ocrx_word' id='word_1_603' title='bbox 3303 3397 3456 3451; x_wconf 84' lang='lat' dir='ltr'><strong>altari</strong></span> <span class='ocrx_word' id='word_1_604' title='bbox 3496 3408 3549 3450; x_wconf 85' lang='lat' dir='ltr'><strong>et</strong></span> <span class='ocrx_word' id='word_1_605' title='bbox 3577 3399 3855 3453; x_wconf 76' lang='lat' dir='ltr'><strong>sacriﬁciis</strong></span> 
     </span>
    </p>
   </div>
   <div class='ocr_carea' id='block_1_79' title="bbox 2256 3487 3854 3559">
    <p class='ocr_par' dir='ltr' id='par_1_79' title="bbox 2256 3487 3854 3559">
     <span class='ocr_line' id='line_1_79' title="bbox 2256 3487 3854 3559; baseline 0.003 -17"><span class='ocrx_word' id='word_1_606' title='bbox 2256 3487 2558 3549; x_wconf 82' lang='lat' dir='ltr'><strong>deservire,</strong></span> <span class='ocrx_word' id='word_1_607' title='bbox 2585 3499 2638 3542; x_wconf 92' lang='lat' dir='ltr'><strong>et</strong></span> <span class='ocrx_word' id='word_1_608' title='bbox 2672 3491 2919 3556; x_wconf 84' lang='lat' dir='ltr'><strong>precibus</strong></span> <span class='ocrx_word' id='word_1_609' title='bbox 2963 3499 3123 3559; x_wconf 88' lang='lat' dir='ltr'><strong>atque</strong></span> <span class='ocrx_word' id='word_1_610' title='bbox 3161 3490 3494 3544; x_wconf 84' lang='lat' dir='ltr'><strong>orationibus</strong></span> <span class='ocrx_word' id='word_1_611' title='bbox 3531 3506 3720 3546; x_wconf 84' lang='lat' dir='ltr'><strong>vacare</strong></span> <span class='ocrx_word' id='word_1_612' title='bbox 3752 3491 3854 3546; x_wconf 88' lang='lat' dir='ltr'><strong>de-</strong></span> 
     </span>
    </p>
   </div>
   <div class='ocr_carea' id='block_1_80' title="bbox 2258 3581 3855 3650">
    <p class='ocr_par' dir='ltr' id='par_1_80' title="bbox 2258 3581 3855 3650">
     <span class='ocr_line' id='line_1_80' title="bbox 2258 3581 3855 3650; baseline 0.003 -17"><span class='ocrx_word' id='word_1_613' title='bbox 2258 3582 2439 3634; x_wconf 89' lang='lat' dir='ltr'><strong>beant.</strong></span> <span class='ocrx_word' id='word_1_614' title='bbox 2477 3600 2497 3633; x_wconf 77' lang='grc'><strong>»</strong></span> <span class='ocrx_word' id='word_1_615' title='bbox 2527 3581 2660 3636; x_wconf 83' lang='lat' dir='ltr'><strong>Tum</strong></span> <span class='ocrx_word' id='word_1_616' title='bbox 2684 3582 2880 3637; x_wconf 86' lang='lat' dir='ltr'><strong>deinde</strong></span> <span class='ocrx_word' id='word_1_617' title='bbox 2903 3583 2998 3643; x_wconf 85' lang='lat' dir='ltr'><strong>ait,</strong></span> <span class='ocrx_word' id='word_1_618' title='bbox 3024 3584 3091 3636; x_wconf 85' lang='lat' dir='ltr'><strong>ab</strong></span> <span class='ocrx_word' id='word_1_619' title='bbox 3113 3583 3549 3638; x_wconf 61' lang='lat' dir='ltr'><strong>auteci&#39;ss’orihus</strong></span> <span class='ocrx_word' id='word_1_620' title='bbox 3585 3585 3698 3637; x_wconf 87' lang='lat' dir='ltr'><strong>suis</strong></span> <span class='ocrx_word' id='word_1_621' title='bbox 3734 3584 3855 3650; x_wconf 87' lang='lat' dir='ltr'><strong>epi-</strong></span> 
     </span>
    </p>
   </div>
   <div class='ocr_carea' id='block_1_81' title="bbox 2256 3675 3854 3746">
    <p class='ocr_par' dir='ltr' id='par_1_81' title="bbox 2256 3675 3854 3746">
     <span class='ocr_line' id='line_1_81' title="bbox 2256 3675 3854 3746; baseline 0.002 -17"><span class='ocrx_word' id='word_1_622' title='bbox 2256 3675 2434 3743; x_wconf 89' lang='lat' dir='ltr'><strong>sc0pis</strong></span> <span class='ocrx_word' id='word_1_623' title='bbox 2473 3676 2748 3730; x_wconf 90' lang='lat' dir='ltr'><strong>decretntn</strong></span> <span class='ocrx_word' id='word_1_624' title='bbox 2782 3694 2793 3729; x_wconf 93' lang='lat'><strong>:</strong></span> <span class='ocrx_word' id='word_1_625' title='bbox 2831 3696 2849 3728; x_wconf 76' lang='grc' dir='ltr'>ς</span> <span class='ocrx_word' id='word_1_626' title='bbox 2880 3677 2955 3731; x_wconf 87' lang='lat' dir='ltr'><strong>Ne</strong></span> <span class='ocrx_word' id='word_1_627' title='bbox 2990 3678 3110 3746; x_wconf 91' lang='lat' dir='ltr'><strong>quis</strong></span> <span class='ocrx_word' id='word_1_628' title='bbox 3152 3676 3319 3731; x_wconf 87' lang='lat' dir='ltr'><strong>frater</strong></span> <span class='ocrx_word' id='word_1_629' title='bbox 3348 3675 3613 3731; x_wconf 77' lang='lat' dir='ltr'><strong>exet-deus</strong></span> <span class='ocrx_word' id='word_1_630' title='bbox 3641 3691 3707 3731; x_wconf 81' lang='lat' dir='ltr'><strong>ex</strong></span> <span class='ocrx_word' id='word_1_631' title='bbox 3752 3675 3854 3732; x_wconf 85' lang='lat' dir='ltr'><strong>hac</strong></span> 
     </span>
    </p>
   </div>
   <div class='ocr_carea' id='block_1_82' title="bbox 2256 3768 3854 3834">
    <p class='ocr_par' dir='ltr' id='par_1_82' title="bbox 2256 3768 3854 3834">
     <span class='ocr_line' id='line_1_82' title="bbox 2256 3768 3854 3834; baseline 0.002 -12"><span class='ocrx_word' id='word_1_632' title='bbox 2256 3770 2385 3834; x_wconf 84' lang='lat' dir='ltr'><strong>vita,</strong></span> <span class='ocrx_word' id='word_1_633' title='bbox 2417 3768 2482 3822; x_wconf 91' lang='lat' dir='ltr'><strong>ad</strong></span> <span class='ocrx_word' id='word_1_634' title='bbox 2517 3770 2736 3823; x_wconf 85' lang='lat' dir='ltr'><strong>tutelam</strong></span> <span class='ocrx_word' id='word_1_635' title='bbox 2780 3769 2860 3824; x_wconf 86' lang='lat' dir='ltr'><strong>vel</strong></span> <span class='ocrx_word' id='word_1_636' title='bbox 2908 3785 3091 3825; x_wconf 90' lang='lat' dir='ltr'><strong>curam</strong></span> <span class='ocrx_word' id='word_1_637' title='bbox 3121 3769 3375 3824; x_wconf 89' lang='lat' dir='ltr'><strong>clericum</strong></span> <span class='ocrx_word' id='word_1_638' title='bbox 3413 3771 3711 3824; x_wconf 83' lang='lat' dir='ltr'><strong>nominaret</strong></span> <span class='ocrx_word' id='word_1_639' title='bbox 3745 3787 3758 3822; x_wconf 91' lang='lat'>:</span> <span class='ocrx_word' id='word_1_640' title='bbox 3790 3785 3854 3825; x_wconf 84' lang='lat' dir='ltr'><strong>ac</strong></span> 
     </span>
    </p>
   </div>
   <div class='ocr_carea' id='block_1_83' title="bbox 2256 3861 3857 3932">
    <p class='ocr_par' dir='ltr' id='par_1_83' title="bbox 2256 3861 3857 3932">
     <span class='ocr_line' id='line_1_83' title="bbox 2256 3861 3857 3932; baseline 0.002 -16"><span class='ocrx_word' id='word_1_641' title='bbox 2256 3863 2300 3917; x_wconf 84' lang='lat' dir='ltr'><strong>si</strong></span> <span class='ocrx_word' id='word_1_642' title='bbox 2331 3863 2449 3932; x_wconf 86' lang='lat' dir='ltr'><strong>quis</strong></span> <span class='ocrx_word' id='word_1_643' title='bbox 2471 3861 2572 3917; x_wconf 92' lang='lat' dir='ltr'><strong>hnc</strong></span> <span class='ocrx_word' id='word_1_644' title='bbox 2599 3864 2832 3929; x_wconf 86' lang='lat' dir='ltr'><strong>fecisset,</strong></span> <span class='ocrx_word' id='word_1_645' title='bbox 2856 3881 2960 3918; x_wconf 86' lang='lat' dir='ltr'><strong>non</strong></span> <span class='ocrx_word' id='word_1_646' title='bbox 2988 3864 3271 3920; x_wconf 69' lang='lat' dir='ltr'><strong>offerretur</strong></span> <span class='ocrx_word' id='word_1_647' title='bbox 3294 3882 3388 3932; x_wconf 85' lang='lat' dir='ltr'><strong>pro</strong></span> <span class='ocrx_word' id='word_1_648' title='bbox 3414 3879 3620 3925; x_wconf 83' lang='lat' dir='ltr'><strong>eo.&#39;nec</strong></span> <span class='ocrx_word' id='word_1_649' title='bbox 3649 3867 3857 3920; x_wconf 86' lang='lat' dir='ltr'><strong>sacrifi-</strong></span> 
     </span>
    </p>
   </div>
   <div class='ocr_carea' id='block_1_84' title="bbox 2256 3955 3852 4030">
    <p class='ocr_par' dir='ltr' id='par_1_84' title="bbox 2256 3955 3852 4030">
     <span class='ocr_line' id='line_1_84' title="bbox 2256 3955 3852 4030; baseline 0.004 -21"><span class='ocrx_word' id='word_1_650' title='bbox 2256 3957 2395 4010; x_wconf 87' lang='lat' dir='ltr'><strong>citnn</strong></span> <span class='ocrx_word' id='word_1_651' title='bbox 2429 3971 2523 4025; x_wconf 90' lang='lat' dir='ltr'><strong>pro</strong></span> <span class='ocrx_word' id='word_1_652' title='bbox 2549 3955 2873 4012; x_wconf 87' lang='lat' dir='ltr'><strong>dortnittone</strong></span> <span class='ocrx_word' id='word_1_653' title='bbox 2916 3959 3034 4026; x_wconf 88' lang='lat' dir='ltr'><strong>ejus</strong></span> <span class='ocrx_word' id='word_1_654' title='bbox 3061 3957 3447 4013; x_wconf 87' lang='lat' dir='ltr'><strong>celebraretur.</strong></span> <span class='ocrx_word' id='word_1_655' title='bbox 3486 3959 3668 4030; x_wconf 81' lang='lat' dir='ltr'><strong>Neque</strong></span> <span class='ocrx_word' id='word_1_656' title='bbox 3705 3961 3852 4016; x_wconf 84' lang='lat' dir='ltr'><strong>enim</strong></span> 
     </span>
    </p>
   </div>
   <div class='ocr_carea' id='block_1_85' title="bbox 2256 4051 3855 4125">
    <p class='ocr_par' dir='ltr' id='par_1_85' title="bbox 2256 4051 3855 4125">
     <span class='ocr_line' id='line_1_85' title="bbox 2256 4051 3855 4125; baseline 0.003 -21"><span class='ocrx_word' id='word_1_657' title='bbox 2256 4051 2393 4121; x_wconf 90' lang='lat' dir='ltr'><strong>apud</strong></span> <span class='ocrx_word' id='word_1_658' title='bbox 2422 4052 2589 4105; x_wconf 88' lang='lat' dir='ltr'><strong>altare</strong></span> <span class='ocrx_word' id='word_1_659' title='bbox 2621 4051 2713 4106; x_wconf 88' lang='lat' dir='ltr'><strong>Dei</strong></span> <span class='ocrx_word' id='word_1_660' title='bbox 2746 4060 2982 4106; x_wconf 89' lang='lat' dir='ltr'><strong>tueretur</strong></span> <span class='ocrx_word' id='word_1_661' title='bbox 3009 4053 3270 4106; x_wconf 90' lang='lat' dir='ltr'><strong>nominari</strong></span> <span class='ocrx_word' id='word_1_662' title='bbox 3302 4055 3350 4106; x_wconf 92' lang='lat' dir='ltr'><strong>in</strong></span> <span class='ocrx_word' id='word_1_663' title='bbox 3369 4055 3701 4109; x_wconf 83' lang='lat' dir='ltr'><strong>sacerdotum</strong></span> <span class='ocrx_word' id='word_1_664' title='bbox 3728 4069 3855 4125; x_wconf 86' lang='lat' dir='ltr'><strong>pre-</strong></span> 
     </span>
    </p>
   </div>
   <div class='ocr_carea' id='block_1_86' title="bbox 2256 4143 3853 4212">
    <p class='ocr_par' dir='ltr' id='par_1_86' title="bbox 2256 4143 3853 4212">
     <span class='ocr_line' id='line_1_86' title="bbox 2256 4143 3853 4212; baseline 0.006 -17"><span class='ocrx_word' id='word_1_665' title='bbox 2256 4159 2338 4209; x_wconf 90' lang='lat' dir='ltr'><strong>ce,</strong></span> <span class='ocrx_word' id='word_1_666' title='bbox 2359 4143 2448 4212; x_wconf 93' lang='lat' dir='ltr'><strong>qni</strong></span> <span class='ocrx_word' id='word_1_667' title='bbox 2468 4143 2701 4198; x_wconf 83' lang='lat' dir='ltr'><strong>abaltari</strong></span> <span class='ocrx_word' id='word_1_668' title='bbox 2726 4144 3032 4198; x_wconf 87' lang='lat' dir='ltr'><strong>sacerdotes</strong></span> <span class='ocrx_word' id='word_1_669' title='bbox 3047 4155 3100 4198; x_wconf 92' lang='lat' dir='ltr'><strong>et</strong></span> <span class='ocrx_word' id='word_1_670' title='bbox 3123 4146 3398 4201; x_wconf 88' lang='lat' dir='ltr'><strong>ministros</strong></span> <span class='ocrx_word' id='word_1_671' title='bbox 3420 4147 3578 4202; x_wconf 86' lang='lat' dir='ltr'><strong>voluit</strong></span> <span class='ocrx_word' id='word_1_672' title='bbox 3602 4163 3853 4205; x_wconf 84' lang='lat' dir='ltr'><strong>avocare.</strong></span> 
     </span>
    </p>
   </div>
   <div class='ocr_carea' id='block_1_87' title="bbox 2258 4235 3856 4309">
    <p class='ocr_par' dir='ltr' id='par_1_87' title="bbox 2258 4235 3856 4309">
     <span class='ocr_line' id='line_1_87' title="bbox 2258 4235 3856 4309; baseline 0.004 -19"><span class='ocrx_word' id='word_1_673' title='bbox 2258 4235 2468 4291; x_wconf 80' lang='lat' dir='ltr'><strong>Etideo</strong></span> <span class='ocrx_word' id='word_1_674' title='bbox 2505 4236 2686 4292; x_wconf 89' lang='lat' dir='ltr'><strong>Victor</strong></span> <span class='ocrx_word' id='word_1_675' title='bbox 2712 4253 2833 4292; x_wconf 90' lang='lat' dir='ltr'><strong>eum</strong></span> <span class='ocrx_word' id='word_1_676' title='bbox 2882 4237 3254 4309; x_wconf 85' lang='lat' dir='ltr'><strong>presbyterum</strong></span> <span class='ocrx_word' id='word_1_677' title='bbox 3299 4255 3462 4294; x_wconf 69' lang='lat' dir='ltr'><strong>ausus</strong></span> <span class='ocrx_word' id='word_1_678' title='bbox 3507 4242 3574 4296; x_wconf 87' lang='lat' dir='ltr'><strong>sit</strong></span> <span class='ocrx_word' id='word_1_679' title='bbox 3625 4250 3856 4296; x_wconf 87' lang='lat' dir='ltr'><strong>tutorem</strong></span> 
     </span>
    </p>
   </div>
   <div class='ocr_carea' id='block_1_88' title="bbox 2257 4331 3855 4404">
    <p class='ocr_par' dir='ltr' id='par_1_88' title="bbox 2257 4331 3855 4404">
     <span class='ocr_line' id='line_1_88' title="bbox 2257 4331 3855 4404; baseline 0.001 -17"><span class='ocrx_word' id='word_1_680' title='bbox 2257 4331 2588 4387; x_wconf 71' lang='lat' dir='ltr'><strong>constituere</strong></span> <span class='ocrx_word' id='word_1_681' title='bbox 2614 4373 2626 4398; x_wconf 91' lang='lat'><strong>,</strong></span> <span class='ocrx_word' id='word_1_682' title='bbox 2673 4347 2776 4386; x_wconf 91' lang='lat' dir='ltr'><strong>non</strong></span> <span class='ocrx_word' id='word_1_683' title='bbox 2809 4342 2893 4387; x_wconf 65' lang='lat' dir='ltr'><strong>est</strong></span> <span class='ocrx_word' id='word_1_684' title='bbox 2917 4332 3059 4404; x_wconf 89' lang='lat' dir='ltr'><strong>quod</strong></span> <span class='ocrx_word' id='word_1_685' title='bbox 3093 4350 3188 4403; x_wconf 89' lang='lat' dir='ltr'><strong>pro</strong></span> <span class='ocrx_word' id='word_1_686' title='bbox 3215 4334 3540 4389; x_wconf 80' lang='lat' dir='ltr'><strong>dormitione</strong></span> <span class='ocrx_word' id='word_1_687' title='bbox 3567 4333 3684 4404; x_wconf 87' lang='lat' dir='ltr'><strong>ejus</strong></span> <span class='ocrx_word' id='word_1_688' title='bbox 3711 4335 3855 4404; x_wconf 85' lang='lat' dir='ltr'><strong>apud</strong></span> 
     </span>
    </p>
   </div>
   <div class='ocr_carea' id='block_1_89' title="bbox 2255 4425 3855 4497">
    <p class='ocr_par' dir='ltr' id='par_1_89' title="bbox 2255 4425 3855 4497">
     <span class='ocr_line' id='line_1_89' title="bbox 2255 4425 3855 4497; baseline 0.004 -21"><span class='ocrx_word' id='word_1_689' title='bbox 2255 4441 2350 4476; x_wconf 82' lang='lat' dir='ltr'><strong>vos</strong></span> <span class='ocrx_word' id='word_1_690' title='bbox 2378 4427 2462 4478; x_wconf 86' lang='lat' dir='ltr'><strong>liat</strong></span> <span class='ocrx_word' id='word_1_691' title='bbox 2495 4425 2719 4486; x_wconf 84' lang='lat' dir='ltr'><strong>oblatio,</strong></span> <span class='ocrx_word' id='word_1_692' title='bbox 2747 4437 2836 4479; x_wconf 90' lang='lat' dir='ltr'><strong>aut</strong></span> <span class='ocrx_word' id='word_1_693' title='bbox 2869 4426 3183 4496; x_wconf 89' lang='lat' dir='ltr'><strong>deprecatio</strong></span> <span class='ocrx_word' id='word_1_694' title='bbox 3210 4428 3386 4497; x_wconf 90' lang='lat' dir='ltr'><strong>aliqua</strong></span> <span class='ocrx_word' id='word_1_695' title='bbox 3413 4430 3628 4482; x_wconf 79' lang='lat' dir='ltr'><strong>nomine</strong></span> <span class='ocrx_word' id='word_1_696' title='bbox 3656 4429 3772 4497; x_wconf 81' lang='lat' dir='ltr'><strong>ejus</strong></span> <span class='ocrx_word' id='word_1_697' title='bbox 3800 4431 3855 4482; x_wconf 84' lang='lat' dir='ltr'><strong>in</strong></span> 
     </span>
    </p>
   </div>
   <div class='ocr_carea' id='block_1_90' title="bbox 2257 4516 3850 4592">
    <p class='ocr_par' dir='ltr' id='par_1_90' title="bbox 2257 4516 3850 4592">
     <span class='ocr_line' id='line_1_90' title="bbox 2257 4516 3850 4592; baseline 0.003 -21"><span class='ocrx_word' id='word_1_698' title='bbox 2257 4516 2491 4572; x_wconf 69' lang='lat' dir='ltr'><strong>Ecclesia</strong></span> <span class='ocrx_word' id='word_1_699' title='bbox 2519 4517 2912 4586; x_wconf 79' lang='lat' dir='ltr'><strong>freqttentetun</strong></span> <span class='ocrx_word' id='word_1_700' title='bbox 2947 4519 3222 4592; x_wconf 85' lang='lat' dir='ltr'><strong>(Cyprian.</strong></span> <span class='ocrx_word' id='word_1_701' title='bbox 3247 4521 3412 4588; x_wconf 72' lang='lat' dir='ltr'><strong>Epist.</strong></span> <span class='ocrx_word' id='word_1_702' title='bbox 3437 4523 3548 4574; x_wconf 77' lang='lat' dir='ltr'><strong>Iud</strong></span> <span class='ocrx_word' id='word_1_703' title='bbox 3569 4521 3850 4592; x_wconf 72' lang='lat' dir='ltr'><strong>Presbyl.).</strong></span> 
     </span>
    </p>
   </div>
   <div class='ocr_carea' id='block_1_91' title="bbox 554 4602 3851 4673">
    <p class='ocr_par' dir='ltr' id='par_1_91' title="bbox 554 4602 3851 4673">
     <span class='ocr_line' id='line_1_91' title="bbox 554 4602 3851 4673; baseline 0.004 -18"><span class='ocrx_word' id='word_1_704' title='bbox 554 4603 797 4670; x_wconf 88' lang='lat' dir='ltr'><strong>Denique</strong></span> <span class='ocrx_word' id='word_1_705' title='bbox 826 4603 925 4656; x_wconf 92' lang='lat' dir='ltr'><strong>hoc</strong></span> <span class='ocrx_word' id='word_1_706' title='bbox 949 4602 1382 4657; x_wconf 77' lang='lat' dir='ltr'><strong>manifestissime</strong></span> <span class='ocrx_word' id='word_1_707' title='bbox 1413 4605 1666 4673; x_wconf 87' lang='lat' dir='ltr'><strong>probatur</strong></span> <span class='ocrx_word' id='word_1_708' title='bbox 1688 4609 2002 4660; x_wconf 88' lang='lat' dir='ltr'><strong>auctoritate</strong></span> <span class='ocrx_word' id='word_1_709' title='bbox 2046 4609 2140 4661; x_wconf 83' lang='lat' dir='ltr'><strong>Ar</strong></span> <span class='ocrx_word' id='word_1_710' title='bbox 2175 4605 2226 4666; x_wconf 91' lang='lat' dir='ltr'><strong>D</strong></span> <span class='ocrx_word' id='word_1_711' title='bbox 2251 4610 2439 4664; x_wconf 88' lang='lat' dir='ltr'><strong>Cernis</strong></span> <span class='ocrx_word' id='word_1_712' title='bbox 2468 4624 2613 4666; x_wconf 88' lang='lat' dir='ltr'><strong>certe</strong></span> <span class='ocrx_word' id='word_1_713' title='bbox 2637 4613 2704 4667; x_wconf 91' lang='lat' dir='ltr'><strong>ab</strong></span> <span class='ocrx_word' id='word_1_714' title='bbox 2733 4628 2798 4666; x_wconf 89' lang='lat' dir='ltr'><strong>eo</strong></span> <span class='ocrx_word' id='word_1_715' title='bbox 2829 4613 2996 4667; x_wconf 87' lang='lat' dir='ltr'><strong>altare</strong></span> <span class='ocrx_word' id='word_1_716' title='bbox 3023 4624 3076 4668; x_wconf 91' lang='lat' dir='ltr'><strong>et</strong></span> <span class='ocrx_word' id='word_1_717' title='bbox 3111 4615 3433 4670; x_wconf 89' lang='lat' dir='ltr'><strong>sacrilicium</strong></span> <span class='ocrx_word' id='word_1_718' title='bbox 3487 4617 3554 4668; x_wconf 86' lang='lat' dir='ltr'><strong>ab</strong></span> <span class='ocrx_word' id='word_1_719' title='bbox 3590 4617 3851 4669; x_wconf 79' lang='lat' dir='ltr'><strong>Christia-</strong></span> 
     </span>
    </p>
   </div>
   <div class='ocr_carea' id='block_1_92' title="bbox 555 4695 2153 4768">
    <p class='ocr_par' dir='ltr' id='par_1_92' title="bbox 555 4695 2153 4768">
     <span class='ocr_line' id='line_1_92' title="bbox 555 4695 2153 4768; baseline 0.002 -18"><span class='ocrx_word' id='word_1_720' title='bbox 555 4695 698 4750; x_wconf 89' lang='lat' dir='ltr'><strong>nobii</strong></span> <span class='ocrx_word' id='word_1_721' title='bbox 729 4705 886 4764; x_wconf 86' lang='lat' dir='ltr'><strong>atque</strong></span> <span class='ocrx_word' id='word_1_722' title='bbox 921 4695 1197 4761; x_wconf 85' lang='lat' dir='ltr'><strong>Lactantii,</strong></span> <span class='ocrx_word' id='word_1_723' title='bbox 1223 4696 1312 4764; x_wconf 91' lang='lat' dir='ltr'><strong>qui</strong></span> <span class='ocrx_word' id='word_1_724' title='bbox 1337 4695 1580 4749; x_wconf 83' lang='lat' dir='ltr'><strong>ethnicos</strong></span> <span class='ocrx_word' id='word_1_725' title='bbox 1604 4696 1801 4751; x_wconf 89' lang='lat' dir='ltr'><strong>idcirco</strong></span> <span class='ocrx_word' id='word_1_726' title='bbox 1830 4698 2153 4768; x_wconf 85' lang='lat' dir='ltr'><strong>vituperant,</strong></span> 
     </span>
    </p>
   </div>
   <div class='ocr_carea' id='block_1_93' title="bbox 554 4785 2157 4858">
    <p class='ocr_par' dir='ltr' id='par_1_93' title="bbox 554 4785 2157 4858">
     <span class='ocr_line' id='line_1_93' title="bbox 554 4785 2157 4858; baseline 0.003 -17"><span class='ocrx_word' id='word_1_727' title='bbox 554 4787 697 4858; x_wconf 88' lang='lat' dir='ltr'><strong>quod</strong></span> <span class='ocrx_word' id='word_1_728' title='bbox 725 4785 1154 4841; x_wconf 88' lang='lat' dir='ltr'><strong>Christianorum</strong></span> <span class='ocrx_word' id='word_1_729' title='bbox 1187 4788 1561 4843; x_wconf 90' lang='lat' dir='ltr'><strong>conventicula</strong></span> <span class='ocrx_word' id='word_1_730' title='bbox 1591 4800 1642 4842; x_wconf 91' lang='lat' dir='ltr'><strong>et</strong></span> <span class='ocrx_word' id='word_1_731' title='bbox 1677 4789 1944 4844; x_wconf 87' lang='lat' dir='ltr'><strong>Ecclesias</strong></span> <span class='ocrx_word' id='word_1_732' title='bbox 1973 4792 2157 4847; x_wconf 89' lang='lat' dir='ltr'><strong>dirue-</strong></span> 
     </span>
    </p>
   </div>
   <div class='ocr_carea' id='block_1_94' title="bbox 553 4879 2158 4951">
    <p class='ocr_par' dir='ltr' id='par_1_94' title="bbox 553 4879 2158 4951">
     <span class='ocr_line' id='line_1_94' title="bbox 553 4879 2158 4951; baseline 0.002 -13"><span class='ocrx_word' id='word_1_733' title='bbox 553 4884 682 4951; x_wconf 88' lang='lat' dir='ltr'><strong>rint,</strong></span> <span class='ocrx_word' id='word_1_734' title='bbox 717 4893 808 4936; x_wconf 90' lang='lat' dir='ltr'><strong>aut</strong></span> <span class='ocrx_word' id='word_1_735' title='bbox 841 4879 1255 4937; x_wconf 71' lang='lat' dir='ltr'><strong>canibus-crint.</strong></span> <span class='ocrx_word' id='word_1_736' title='bbox 1297 4881 1449 4934; x_wconf 82' lang='lat' dir='ltr'><strong>Plura</strong></span> <span class='ocrx_word' id='word_1_737' title='bbox 1483 4893 1657 4936; x_wconf 83' lang='lat' dir='ltr'><strong>autem</strong></span> <span class='ocrx_word' id='word_1_738' title='bbox 1691 4883 1758 4938; x_wconf 88' lang='lat' dir='ltr'><strong>de</strong></span> <span class='ocrx_word' id='word_1_739' title='bbox 1783 4884 1869 4938; x_wconf 92' lang='lat' dir='ltr'><strong>illa</strong></span> <span class='ocrx_word' id='word_1_740' title='bbox 1901 4887 2158 4941; x_wconf 71' lang='lat' dir='ltr'><strong>ecclesia~</strong></span> 
     </span>
    </p>
   </div>
   <div class='ocr_carea' id='block_1_95' title="bbox 554 4975 2153 5036">
    <p class='ocr_par' dir='ltr' id='par_1_95' title="bbox 554 4975 2153 5036">
     <span class='ocr_line' id='line_1_95' title="bbox 554 4975 2153 5036; baseline 0.001 -1"><span class='ocrx_word' id='word_1_741' title='bbox 554 4996 675 5034; x_wconf 85' lang='lat' dir='ltr'><strong>rum</strong></span> <span class='ocrx_word' id='word_1_742' title='bbox 704 4978 986 5034; x_wconf 73' lang='lat' dir='ltr'><strong>eversione</strong></span> <span class='ocrx_word' id='word_1_743' title='bbox 1018 4987 1066 5031; x_wconf 86' lang='lat' dir='ltr'><strong>et</strong></span> <span class='ocrx_word' id='word_1_744' title='bbox 1107 4975 1494 5030; x_wconf 59' lang='lat' dir='ltr'><strong>instauratimte</strong></span> <span class='ocrx_word' id='word_1_745' title='bbox 1519 4986 1702 5031; x_wconf 87' lang='lat' dir='ltr'><strong>narrat</strong></span> <span class='ocrx_word' id='word_1_746' title='bbox 1745 4977 2009 5035; x_wconf 88' lang='lat' dir='ltr'><strong>Eusebius</strong></span> <span class='ocrx_word' id='word_1_747' title='bbox 2034 4997 2153 5036; x_wconf 86' lang='lat' dir='ltr'><strong>eas-</strong></span> 
     </span>
    </p>
   </div>
   <div class='ocr_carea' id='block_1_96' title="bbox 554 5077 2151 5144">
    <p class='ocr_par' dir='ltr' id='par_1_96' title="bbox 554 5077 2151 5144">
     <span class='ocr_line' id='line_1_96' title="bbox 554 5077 2151 5144; baseline 0.006 -23"><span class='ocrx_word' id='word_1_748' title='bbox 554 5087 660 5144; x_wconf 80' lang='lat' dir='ltr'><strong>quc</strong></span> <span class='ocrx_word' id='word_1_749' title='bbox 690 5081 865 5134; x_wconf 86' lang='lat' dir='ltr'><strong>vocat,</strong></span> <span class='ocrx_word' id='word_1_750' title='bbox 897 5090 1194 5140; x_wconf 70' lang='grc' dir='ltr'><strong>τροσευκτηρ</strong></span> <span class='ocrx_word' id='word_1_751' title='bbox 1215 5093 1275 5122; x_wconf 77' lang='grc' dir='ltr'><strong>ων</strong></span> <span class='ocrx_word' id='word_1_752' title='bbox 1326 5077 1432 5132; x_wconf 62' lang='grc' dir='ltr'><strong>τεὺς</strong></span> <span class='ocrx_word' id='word_1_753' title='bbox 1470 5077 1638 5134; x_wconf 76' lang='grc' dir='ltr'><strong>οἴκους,</strong></span> <span class='ocrx_word' id='word_1_754' title='bbox 1681 5090 1699 5123; x_wconf 74' lang='lat' dir='ltr'><strong>t</strong></span> <span class='ocrx_word' id='word_1_755' title='bbox 1725 5086 1904 5128; x_wconf 72' lang='lat' dir='ltr'><strong>Sttt‘l&#39;aS</strong></span> <span class='ocrx_word' id='word_1_756' title='bbox 1946 5077 2084 5130; x_wconf 65' lang='lat' dir='ltr'><strong>cedes</strong></span> <span class='ocrx_word' id='word_1_757' title='bbox 2109 5097 2151 5143; x_wconf 72' lang='grc'><strong>1,</strong></span> 
     </span>
    </p>
   </div>
   <div class='ocr_carea' id='block_1_97' title="bbox 552 5161 2156 5232">
    <p class='ocr_par' dir='ltr' id='par_1_97' title="bbox 552 5161 2156 5232">
     <span class='ocr_line' id='line_1_97' title="bbox 552 5161 2156 5232; baseline 0.002 -13"><span class='ocrx_word' id='word_1_758' title='bbox 552 5176 606 5222; x_wconf 90' lang='lat' dir='ltr'><strong>et</strong></span> <span class='ocrx_word' id='word_1_759' title='bbox 637 5171 905 5227; x_wconf 66' lang='grc' dir='ltr'><strong>ἕκκλησίις,</strong></span> <span class='ocrx_word' id='word_1_760' title='bbox 959 5185 976 5216; x_wconf 81' lang='lat' dir='ltr'><strong>t</strong></span> <span class='ocrx_word' id='word_1_761' title='bbox 1002 5161 1260 5218; x_wconf 68' lang='lat' dir='ltr'><strong>ecclesias</strong></span> <span class='ocrx_word' id='word_1_762' title='bbox 1287 5181 1306 5215; x_wconf 64' lang='grc' dir='ltr'><em>θ</em></span> <span class='ocrx_word' id='word_1_763' title='bbox 1340 5162 1464 5216; x_wconf 88' lang='lat' dir='ltr'><strong>alibi</strong></span> <span class='ocrx_word' id='word_1_764' title='bbox 1513 5179 1641 5218; x_wconf 87' lang='lat' dir='ltr'><strong>vero</strong></span> <span class='ocrx_word' id='word_1_765' title='bbox 1664 5176 1768 5226; x_wconf 67' lang='grc' dir='ltr'><strong>τοὺς</strong></span> <span class='ocrx_word' id='word_1_766' title='bbox 1811 5175 1961 5229; x_wconf 76' lang='grc' dir='ltr'><strong>οἴκους</strong></span> <span class='ocrx_word' id='word_1_767' title='bbox 2011 5177 2055 5223; x_wconf 80' lang='grc' dir='ltr'><strong>ἰν</strong></span> <span class='ocrx_word' id='word_1_768' title='bbox 2093 5170 2156 5232; x_wconf 71' lang='grc' dir='ltr'><strong>οἷς</strong></span> 
     </span>
    </p>
   </div>
   <div class='ocr_carea' id='block_1_98' title="bbox 552 5257 2153 5332">
    <p class='ocr_par' dir='ltr' id='par_1_98' title="bbox 552 5257 2153 5332">
     <span class='ocr_line' id='line_1_98' title="bbox 552 5257 2153 5332; baseline 0 -17"><span class='ocrx_word' id='word_1_769' title='bbox 552 5276 824 5321; x_wconf 69' lang='grc' dir='ltr'><strong>συντςνιντο,</strong></span> <span class='ocrx_word' id='word_1_770' title='bbox 869 5271 888 5306; x_wconf 82' lang='grc'><em>‹</em></span> <span class='ocrx_word' id='word_1_771' title='bbox 926 5257 1070 5311; x_wconf 77' lang='lat' dir='ltr'><strong>:rdes</strong></span> <span class='ocrx_word' id='word_1_772' title='bbox 1103 5271 1228 5310; x_wconf 89' lang='lat' dir='ltr'><strong>suas</strong></span> <span class='ocrx_word' id='word_1_773' title='bbox 1249 5298 1261 5314; x_wconf 90' lang='lat'><strong>.</strong></span> <span class='ocrx_word' id='word_1_774' title='bbox 1296 5257 1346 5310; x_wconf 93' lang='lat' dir='ltr'><strong>in</strong></span> <span class='ocrx_word' id='word_1_775' title='bbox 1379 5257 1573 5324; x_wconf 90' lang='lat' dir='ltr'><strong>quibus</strong></span> <span class='ocrx_word' id='word_1_776' title='bbox 1593 5269 1889 5313; x_wconf 88' lang='lat' dir='ltr'><strong>ennventus</strong></span> <span class='ocrx_word' id='word_1_777' title='bbox 1929 5277 2153 5332; x_wconf 83' lang='lat' dir='ltr'><strong>perage-</strong></span> 
     </span>
    </p>
   </div>
   <div class='ocr_carea' id='block_1_99' title="bbox 551 5350 2148 5413">
    <p class='ocr_par' dir='ltr' id='par_1_99' title="bbox 551 5350 2148 5413">
     <span class='ocr_line' id='line_1_99' title="bbox 551 5350 2148 5413; baseline 0.001 -7"><span class='ocrx_word' id='word_1_778' title='bbox 551 5353 701 5412; x_wconf 85' lang='lat' dir='ltr'><strong>bant,</strong></span> <span class='ocrx_word' id='word_1_779' title='bbox 734 5366 796 5406; x_wconf 87' lang='lat' dir='ltr'><strong>ac</strong></span> <span class='ocrx_word' id='word_1_780' title='bbox 843 5350 1056 5405; x_wconf 89' lang='lat' dir='ltr'><strong>tandem</strong></span> <span class='ocrx_word' id='word_1_781' title='bbox 1084 5356 1233 5411; x_wconf 75' lang='grc' dir='ltr'><strong>οἲκους</strong></span> <span class='ocrx_word' id='word_1_782' title='bbox 1261 5357 1535 5413; x_wconf 53' lang='grc' dir='ltr'><strong>ικκὴσιων,</strong></span> <span class='ocrx_word' id='word_1_783' title='bbox 1569 5351 1714 5406; x_wconf 70' lang='lat' dir='ltr'><strong>mdes</strong></span> <span class='ocrx_word' id='word_1_784' title='bbox 1753 5353 2098 5408; x_wconf 78' lang='lat' dir='ltr'><strong>ecclesiarum</strong></span> <span class='ocrx_word' id='word_1_785' title='bbox 2131 5376 2148 5408; x_wconf 77' lang='grc' dir='ltr'><strong><em>ι</em></strong></span> 
     </span>
    </p>
   </div>
   <div class='ocr_carea' id='block_1_100' title="bbox 549 5441 2148 5515">
    <p class='ocr_par' dir='ltr' id='par_1_100' title="bbox 549 5441 2148 5515">
     <span class='ocr_line' id='line_1_100' title="bbox 549 5441 2148 5515; baseline 0.001 -16"><span class='ocrx_word' id='word_1_786' title='bbox 549 5443 776 5515; x_wconf 83' lang='lat' dir='ltr'><strong>(Arnob.</strong></span> <span class='ocrx_word' id='word_1_787' title='bbox 813 5441 905 5496; x_wconf 91' lang='lat' dir='ltr'><strong>lib.</strong></span> <span class='ocrx_word' id='word_1_788' title='bbox 939 5460 1010 5501; x_wconf 85' lang='lat' dir='ltr'><strong>tv.</strong></span> <span class='ocrx_word' id='word_1_789' title='bbox 1043 5457 1208 5496; x_wconf 82' lang='lat' dir='ltr'><strong>contr.</strong></span> <span class='ocrx_word' id='word_1_790' title='bbox 1232 5441 1380 5496; x_wconf 78' lang='lat' dir='ltr'><strong>Gem.</strong></span> <span class='ocrx_word' id='word_1_791' title='bbox 1407 5458 1529 5512; x_wconf 81' lang='lat' dir='ltr'><strong>pag.</strong></span> <span class='ocrx_word' id='word_1_792' title='bbox 1557 5442 1682 5498; x_wconf 70' lang='grc'><strong>152.</strong></span> <span class='ocrx_word' id='word_1_793' title='bbox 1709 5442 1952 5512; x_wconf 69' lang='lat' dir='ltr'><strong>Laetam,</strong></span> <span class='ocrx_word' id='word_1_794' title='bbox 1983 5446 2072 5501; x_wconf 90' lang='lat' dir='ltr'><strong>lib.</strong></span> <span class='ocrx_word' id='word_1_795' title='bbox 2098 5463 2148 5514; x_wconf 73' lang='grc' dir='ltr'><strong>ν,</strong></span> 
     </span>
    </p>
   </div>
   <div class='ocr_carea' id='block_1_101' title="bbox 544 5537 2150 5611">
    <p class='ocr_par' dir='ltr' id='par_1_101' title="bbox 544 5537 2150 5611">
     <span class='ocr_line' id='line_1_101' title="bbox 544 5537 2150 5611; baseline 0.002 -18"><span class='ocrx_word' id='word_1_796' title='bbox 544 5539 680 5593; x_wconf 77' lang='lat' dir='ltr'><strong>Inst.</strong></span> <span class='ocrx_word' id='word_1_797' title='bbox 714 5553 828 5602; x_wconf 90' lang='lat' dir='ltr'><strong>cap.</strong></span> <span class='ocrx_word' id='word_1_798' title='bbox 869 5540 954 5592; x_wconf 87' lang='grc' dir='ltr'><strong>Η.</strong></span> <span class='ocrx_word' id='word_1_799' title='bbox 993 5538 1192 5593; x_wconf 80' lang='lat' dir='ltr'><strong>Euseb.</strong></span> <span class='ocrx_word' id='word_1_800' title='bbox 1239 5537 1332 5592; x_wconf 90' lang='lat' dir='ltr'><strong>lib.</strong></span> <span class='ocrx_word' id='word_1_801' title='bbox 1375 5553 1486 5592; x_wconf 81' lang='lat' dir='ltr'><strong>vrtt.</strong></span> <span class='ocrx_word' id='word_1_802' title='bbox 1539 5537 1675 5592; x_wconf 81' lang='lat' dir='ltr'><strong>Ilisl.</strong></span> <span class='ocrx_word' id='word_1_803' title='bbox 1723 5537 1866 5594; x_wconf 83' lang='lat' dir='ltr'><strong>Eccl.</strong></span> <span class='ocrx_word' id='word_1_804' title='bbox 1916 5557 2036 5609; x_wconf 89' lang='lat' dir='ltr'><strong>cap.</strong></span> <span class='ocrx_word' id='word_1_805' title='bbox 2093 5542 2150 5611; x_wconf 73' lang='lat'><strong>2,</strong></span> 
     </span>
    </p>
   </div>
   <div class='ocr_carea' id='block_1_102' title="bbox 537 5630 2148 5706">
    <p class='ocr_par' dir='ltr' id='par_1_102' title="bbox 537 5630 2148 5706">
     <span class='ocr_line' id='line_1_102' title="bbox 537 5630 2148 5706; baseline 0.006 -23"><span class='ocrx_word' id='word_1_806' title='bbox 537 5646 665 5700; x_wconf 80' lang='lat' dir='ltr'><strong>pag.</strong></span> <span class='ocrx_word' id='word_1_807' title='bbox 698 5631 804 5687; x_wconf 74' lang='lat'><strong>295</strong></span> <span class='ocrx_word' id='word_1_808' title='bbox 833 5643 882 5688; x_wconf 92' lang='lat' dir='ltr'><strong>et</strong></span> <span class='ocrx_word' id='word_1_809' title='bbox 922 5630 1044 5685; x_wconf 75' lang='grc'><strong>294.</strong></span> <span class='ocrx_word' id='word_1_810' title='bbox 1101 5630 1247 5691; x_wconf 79' lang='lat' dir='ltr'><strong>Ibid.</strong></span> <span class='ocrx_word' id='word_1_811' title='bbox 1279 5648 1398 5703; x_wconf 92' lang='lat' dir='ltr'><strong>cap.</strong></span> <span class='ocrx_word' id='word_1_812' title='bbox 1433 5633 1520 5697; x_wconf 75' lang='lat' dir='ltr'><strong>l7,</strong></span> <span class='ocrx_word' id='word_1_813' title='bbox 1561 5649 1679 5706; x_wconf 83' lang='lat' dir='ltr'><strong>pag.</strong></span> <span class='ocrx_word' id='word_1_814' title='bbox 1712 5634 1836 5691; x_wconf 81' lang='lat' dir='ltr'><strong>5l6.</strong></span> <span class='ocrx_word' id='word_1_815' title='bbox 1877 5636 2009 5692; x_wconf 86' lang='lat' dir='ltr'><strong>Ibid.</strong></span> <span class='ocrx_word' id='word_1_816' title='bbox 2053 5638 2148 5693; x_wconf 90' lang='lat' dir='ltr'><strong>lib.</strong></span> 
     </span>
    </p>
   </div>
   <div class='ocr_carea' id='block_1_103' title="bbox 530 5724 1191 5802">
    <p class='ocr_par' dir='ltr' id='par_1_103' title="bbox 530 5724 1191 5802">
     <span class='ocr_line' id='line_1_103' title="bbox 530 5724 1191 5802; baseline 0.006 -26"><span class='ocrx_word' id='word_1_817' title='bbox 530 5737 606 5785; x_wconf 71' lang='grc' dir='ltr'>η,</span> <span class='ocrx_word' id='word_1_818' title='bbox 636 5738 750 5792; x_wconf 86' lang='lat' dir='ltr'><strong>cap.</strong></span> <span class='ocrx_word' id='word_1_819' title='bbox 783 5724 828 5790; x_wconf 83' lang='lat'><strong>9,</strong></span> <span class='ocrx_word' id='word_1_820' title='bbox 867 5739 992 5794; x_wconf 84' lang='lat' dir='ltr'><strong>pag.</strong></span> <span class='ocrx_word' id='word_1_821' title='bbox 1019 5725 1191 5802; x_wconf 76' lang='lat'><strong>362).</strong></span> 
     </span>
    </p>
   </div>
   <div class='ocr_carea' id='block_1_104' title="bbox 587 5811 2148 5897">
    <p class='ocr_par' dir='ltr' id='par_1_104' title="bbox 587 5811 2148 5897">
     <span class='ocr_line' id='line_1_104' title="bbox 587 5811 2148 5897; baseline 0.012 -32"><span class='ocrx_word' id='word_1_822' title='bbox 587 5811 694 5868; x_wconf 89' lang='lat' dir='ltr'><strong>Sed</strong></span> <span class='ocrx_word' id='word_1_823' title='bbox 713 5819 839 5882; x_wconf 69' lang='lat' dir='ltr'><strong>qm}!</strong></span> <span class='ocrx_word' id='word_1_824' title='bbox 879 5828 1001 5884; x_wconf 65' lang='lat' dir='ltr'><strong>otius</strong></span> <span class='ocrx_word' id='word_1_825' title='bbox 1025 5837 1108 5894; x_wconf 73' lang='grc' dir='ltr'><strong>ρει</strong></span> <span class='ocrx_word' id='word_1_826' title='bbox 1153 5820 1402 5895; x_wconf 80' lang='lat' dir='ltr'><strong>pluribus</strong></span> <span class='ocrx_word' id='word_1_827' title='bbox 1434 5819 1562 5878; x_wconf 87' lang='lat' dir='ltr'><strong>illud</strong></span> <span class='ocrx_word' id='word_1_828' title='bbox 1586 5823 1830 5895; x_wconf 82' lang='lat' dir='ltr'><strong>probari,</strong></span> <span class='ocrx_word' id='word_1_829' title='bbox 1859 5825 1999 5897; x_wconf 88' lang='lat' dir='ltr'><strong>quod</strong></span> <span class='ocrx_word' id='word_1_830' title='bbox 2027 5841 2148 5883; x_wconf 88' lang='lat' dir='ltr'><strong>cer-</strong></span> 
     </span>
    </p>
   </div>
   <div class='ocr_carea' id='block_1_105' title="bbox 2259 4705 3849 4775">
    <p class='ocr_par' dir='ltr' id='par_1_105' title="bbox 2259 4705 3849 4775">
     <span class='ocr_line' id='line_1_105' title="bbox 2259 4705 3849 4775; baseline 0.007 -21"><span class='ocrx_word' id='word_1_831' title='bbox 2259 4719 2444 4757; x_wconf 82' lang='lat' dir='ltr'><strong>norttnt</strong></span> <span class='ocrx_word' id='word_1_832' title='bbox 2479 4705 2757 4773; x_wconf 89' lang='lat' dir='ltr'><strong>precibus,</strong></span> <span class='ocrx_word' id='word_1_833' title='bbox 2794 4705 3262 4775; x_wconf 77' lang='lat' dir='ltr'><strong>tlcpreratioitibus</strong></span> <span class='ocrx_word' id='word_1_834' title='bbox 3313 4719 3366 4764; x_wconf 87' lang='lat' dir='ltr'><strong>et</strong></span> <span class='ocrx_word' id='word_1_835' title='bbox 3396 4713 3728 4765; x_wconf 88' lang='lat' dir='ltr'><strong>orationibus</strong></span> <span class='ocrx_word' id='word_1_836' title='bbox 3769 4712 3849 4766; x_wconf 88' lang='lat' dir='ltr'><strong>di-</strong></span> 
     </span>
    </p>
   </div>
   <div class='ocr_carea' id='block_1_106' title="bbox 2258 4798 3850 4876">
    <p class='ocr_par' dir='ltr' id='par_1_106' title="bbox 2258 4798 3850 4876">
     <span class='ocr_line' id='line_1_106' title="bbox 2258 4798 3850 4876; baseline 0.006 -24"><span class='ocrx_word' id='word_1_837' title='bbox 2258 4798 2454 4867; x_wconf 82' lang='lat' dir='ltr'><strong>Stingui</strong></span> <span class='ocrx_word' id='word_1_838' title='bbox 2501 4799 2556 4852; x_wconf 75' lang='lat'><strong>1..</strong></span> <span class='ocrx_word' id='word_1_839' title='bbox 2584 4799 2790 4853; x_wconf 89' lang='lat' dir='ltr'><strong>illorum</strong></span> <span class='ocrx_word' id='word_1_840' title='bbox 2815 4816 2942 4870; x_wconf 81' lang='lat' dir='ltr'><strong>ergo</strong></span> <span class='ocrx_word' id='word_1_841' title='bbox 2968 4804 3217 4858; x_wconf 68' lang='lat' dir='ltr'><strong>licclesiis</strong></span> <span class='ocrx_word' id='word_1_842' title='bbox 3243 4821 3360 4859; x_wconf 86' lang='lat' dir='ltr'><strong>vera</strong></span> <span class='ocrx_word' id='word_1_843' title='bbox 3387 4822 3448 4860; x_wconf 89' lang='lat' dir='ltr'><strong>ac</strong></span> <span class='ocrx_word' id='word_1_844' title='bbox 3476 4809 3692 4876; x_wconf 58' lang='lat' dir='ltr'><strong>proitrie</strong></span> <span class='ocrx_word' id='word_1_845' title='bbox 3713 4809 3850 4862; x_wconf 81' lang='lat' dir='ltr'><strong>dicta</strong></span> 
     </span>
    </p>
   </div>
   <div class='ocr_carea' id='block_1_107' title="bbox 2260 4893 3857 4969">
    <p class='ocr_par' dir='ltr' id='par_1_107' title="bbox 2260 4893 3857 4969">
     <span class='ocr_line' id='line_1_107' title="bbox 2260 4893 3857 4969; baseline 0.009 -25"><span class='ocrx_word' id='word_1_846' title='bbox 2260 4902 2412 4947; x_wconf 87' lang='lat' dir='ltr'><strong>erant</strong></span> <span class='ocrx_word' id='word_1_847' title='bbox 2437 4893 2619 4948; x_wconf 86' lang='lat' dir='ltr'><strong>altaria</strong></span> <span class='ocrx_word' id='word_1_848' title='bbox 2643 4936 2656 4961; x_wconf 90' lang='lat'><strong>,</strong></span> <span class='ocrx_word' id='word_1_849' title='bbox 2689 4910 2750 4949; x_wconf 90' lang='lat' dir='ltr'><strong>ac</strong></span> <span class='ocrx_word' id='word_1_850' title='bbox 2772 4897 3088 4951; x_wconf 84' lang='lat' dir='ltr'><strong>sacrilicium</strong></span> <span class='ocrx_word' id='word_1_851' title='bbox 3114 4913 3211 4969; x_wconf 90' lang='lat' dir='ltr'><strong>pro</strong></span> <span class='ocrx_word' id='word_1_852' title='bbox 3240 4900 3463 4955; x_wconf 84' lang='lat' dir='ltr'><strong>mortuis</strong></span> <span class='ocrx_word' id='word_1_853' title='bbox 3485 4901 3598 4957; x_wconf 72' lang='lat' dir='ltr'><strong>fieri</strong></span> <span class='ocrx_word' id='word_1_854' title='bbox 3627 4913 3736 4958; x_wconf 86' lang='lat' dir='ltr'><strong>tum</strong></span> <span class='ocrx_word' id='word_1_855' title='bbox 3763 4917 3857 4958; x_wconf 84' lang='lat' dir='ltr'><strong>so-</strong></span> 
     </span>
    </p>
   </div>
   <div class='ocr_carea' id='block_1_108' title="bbox 2257 4986 2420 5041">
    <p class='ocr_par' dir='ltr' id='par_1_108' title="bbox 2257 4986 2420 5041">
     <span class='ocr_line' id='line_1_108' title="bbox 2257 4986 2420 5041; baseline 0.006 -1"><span class='ocrx_word' id='word_1_856' title='bbox 2257 4986 2420 5041; x_wconf 86' lang='lat' dir='ltr'><strong>lebat.</strong></span> 
     </span>
    </p>
   </div>
   <div class='ocr_carea' id='block_1_109' title="bbox 2334 5079 3859 5158">
    <p class='ocr_par' dir='ltr' id='par_1_109' title="bbox 2334 5079 3859 5158">
     <span class='ocr_line' id='line_1_109' title="bbox 2334 5079 3859 5158; baseline 0.009 -24"><span class='ocrx_word' id='word_1_857' title='bbox 2334 5079 2445 5134; x_wconf 88' lang='lat' dir='ltr'><strong>Alia</strong></span> <span class='ocrx_word' id='word_1_858' title='bbox 2491 5090 2667 5134; x_wconf 81' lang='lat' dir='ltr'><strong>autem</strong></span> <span class='ocrx_word' id='word_1_859' title='bbox 2713 5083 2778 5136; x_wconf 89' lang='lat' dir='ltr'><strong>ad</strong></span> <span class='ocrx_word' id='word_1_860' title='bbox 2809 5081 3114 5139; x_wconf 87' lang='lat' dir='ltr'><strong>Cornelium</strong></span> <span class='ocrx_word' id='word_1_861' title='bbox 3151 5101 3336 5153; x_wconf 86' lang='lat' dir='ltr'><strong>papam</strong></span> <span class='ocrx_word' id='word_1_862' title='bbox 3386 5087 3620 5158; x_wconf 73' lang='lat' dir='ltr'><strong>Epistula</strong></span> <span class='ocrx_word' id='word_1_863' title='bbox 3667 5089 3859 5148; x_wconf 78' lang='lat' dir='ltr'><strong>scribit</strong></span> 
     </span>
    </p>
   </div>
   <div class='ocr_carea' id='block_1_110' title="bbox 2259 5173 3854 5254">
    <p class='ocr_par' dir='ltr' id='par_1_110' title="bbox 2259 5173 3854 5254">
     <span class='ocr_line' id='line_1_110' title="bbox 2259 5173 3854 5254; baseline 0.008 -27"><span class='ocrx_word' id='word_1_864' title='bbox 2259 5173 2516 5239; x_wconf 90' lang='lat' dir='ltr'><strong>rejcetum</strong></span> <span class='ocrx_word' id='word_1_865' title='bbox 2549 5173 2992 5240; x_wconf 80' lang='lat' dir='ltr'><strong>Nova&#39;ianortnn,</strong></span> <span class='ocrx_word' id='word_1_866' title='bbox 3040 5180 3127 5249; x_wconf 87' lang='lat' dir='ltr'><strong>qui</strong></span> <span class='ocrx_word' id='word_1_867' title='bbox 3169 5197 3288 5233; x_wconf 88' lang='lat' dir='ltr'><strong>eum</strong></span> <span class='ocrx_word' id='word_1_868' title='bbox 3331 5181 3460 5235; x_wconf 88' lang='lat' dir='ltr'><strong>falso</strong></span> <span class='ocrx_word' id='word_1_869' title='bbox 3498 5185 3854 5254; x_wconf 78' lang='lat' dir='ltr'><strong>accusabant,</strong></span> 
     </span>
    </p>
   </div>
   <div class='ocr_carea' id='block_1_111' title="bbox 2258 5265 3855 5348">
    <p class='ocr_par' dir='ltr' id='par_1_111' title="bbox 2258 5265 3855 5348">
     <span class='ocr_line' id='line_1_111' title="bbox 2258 5265 3855 5348; baseline 0.009 -30"><span class='ocrx_word' id='word_1_870' title='bbox 2258 5265 2451 5319; x_wconf 92' lang='lat' dir='ltr'><strong>librum</strong></span> <span class='ocrx_word' id='word_1_871' title='bbox 2485 5285 2502 5315; x_wconf 77' lang='grc' dir='ltr'>ι</span> <span class='ocrx_word' id='word_1_872' title='bbox 2532 5267 2933 5323; x_wconf 72' lang='lat' dir='ltr'><strong>COIISitienliDIIS</strong></span> <span class='ocrx_word' id='word_1_873' title='bbox 2963 5269 3055 5325; x_wconf 90' lang='lat' dir='ltr'><strong>Dei</strong></span> <span class='ocrx_word' id='word_1_874' title='bbox 3083 5273 3469 5338; x_wconf 74' lang='lat' dir='ltr'><strong>sacerdotibus,</strong></span> <span class='ocrx_word' id='word_1_875' title='bbox 3495 5287 3545 5329; x_wconf 80' lang='lat' dir='ltr'><strong>et</strong></span> <span class='ocrx_word' id='word_1_876' title='bbox 3573 5277 3724 5330; x_wconf 87' lang='lat' dir='ltr'><strong>altari</strong></span> <span class='ocrx_word' id='word_1_877' title='bbox 3751 5294 3855 5348; x_wconf 90' lang='lat' dir='ltr'><strong>po-</strong></span> 
     </span>
    </p>
   </div>
   <div class='ocr_carea' id='block_1_112' title="bbox 2258 5359 3856 5440">
    <p class='ocr_par' dir='ltr' id='par_1_112' title="bbox 2258 5359 3856 5440">
     <span class='ocr_line' id='line_1_112' title="bbox 2258 5359 3856 5440; baseline 0.008 -27"><span class='ocrx_word' id='word_1_878' title='bbox 2258 5360 2362 5413; x_wconf 88' lang='lat' dir='ltr'><strong>sito</strong></span> <span class='ocrx_word' id='word_1_879' title='bbox 2398 5379 2416 5411; x_wconf 80' lang='grc'><strong>»</strong></span> <span class='ocrx_word' id='word_1_880' title='bbox 2451 5359 2640 5428; x_wconf 87' lang='lat' dir='ltr'><strong>(Idem.</strong></span> <span class='ocrx_word' id='word_1_881' title='bbox 2667 5361 2838 5430; x_wconf 80' lang='lat' dir='ltr'><strong>Epist.</strong></span> <span class='ocrx_word' id='word_1_882' title='bbox 2866 5366 2955 5427; x_wconf 72' lang='grc'><strong>45,</strong></span> <span class='ocrx_word' id='word_1_883' title='bbox 2991 5380 3111 5435; x_wconf 87' lang='lat' dir='ltr'><strong>pag.</strong></span> <span class='ocrx_word' id='word_1_884' title='bbox 3143 5363 3254 5440; x_wconf 89' lang='lat'><strong>87).</strong></span> <span class='ocrx_word' id='word_1_885' title='bbox 3288 5369 3352 5421; x_wconf 87' lang='lat' dir='ltr'><strong>At</strong></span> <span class='ocrx_word' id='word_1_886' title='bbox 3375 5384 3461 5438; x_wconf 65' lang='lat' dir='ltr'><strong>lue</strong></span> <span class='ocrx_word' id='word_1_887' title='bbox 3491 5381 3540 5422; x_wconf 87' lang='lat' dir='ltr'><strong>Ill</strong></span> <span class='ocrx_word' id='word_1_888' title='bbox 3588 5372 3687 5423; x_wconf 84' lang='lat' dir='ltr'><strong>alta</strong></span> <span class='ocrx_word' id='word_1_889' title='bbox 3721 5372 3856 5429; x_wconf 84' lang='lat' dir='ltr'><strong>bene</strong></span> 
     </span>
    </p>
   </div>
   <div class='ocr_carea' id='block_1_113' title="bbox 2258 5453 3856 5536">
    <p class='ocr_par' dir='ltr' id='par_1_113' title="bbox 2258 5453 3856 5536">
     <span class='ocr_line' id='line_1_113' title="bbox 2258 5453 3856 5536; baseline 0.012 -32"><span class='ocrx_word' id='word_1_890' title='bbox 2258 5455 2442 5518; x_wconf 88' lang='lat' dir='ltr'><strong>multa,</strong></span> <span class='ocrx_word' id='word_1_891' title='bbox 2470 5453 2520 5508; x_wconf 88' lang='lat' dir='ltr'><strong>itt</strong></span> <span class='ocrx_word' id='word_1_892' title='bbox 2552 5458 2668 5520; x_wconf 84' lang='lat' dir='ltr'><strong>ejus</strong></span> <span class='ocrx_word' id='word_1_893' title='bbox 2696 5459 2906 5527; x_wconf 84' lang='lat' dir='ltr'><strong>scriptis</strong></span> <span class='ocrx_word' id='word_1_894' title='bbox 2935 5460 3125 5528; x_wconf 88' lang='lat' dir='ltr'><strong>cuique</strong></span> <span class='ocrx_word' id='word_1_895' title='bbox 3154 5462 3305 5515; x_wconf 89' lang='lat' dir='ltr'><strong>obvia</strong></span> <span class='ocrx_word' id='word_1_896' title='bbox 3349 5465 3856 5536; x_wconf 66' lang='lat' dir='ltr'><strong>prietertuittatuus,</strong></span> 
     </span>
    </p>
   </div>
   <div class='ocr_carea' id='block_1_114' title="bbox 2257 5545 3852 5628">
    <p class='ocr_par' dir='ltr' id='par_1_114' title="bbox 2257 5545 3852 5628">
     <span class='ocr_line' id='line_1_114' title="bbox 2257 5545 3852 5628; baseline 0.009 -28"><span class='ocrx_word' id='word_1_897' title='bbox 2257 5545 2418 5600; x_wconf 89' lang='lat' dir='ltr'><strong>Lucio</strong></span> <span class='ocrx_word' id='word_1_898' title='bbox 2451 5561 2598 5618; x_wconf 79' lang='lat' dir='ltr'><strong>papre</strong></span> <span class='ocrx_word' id='word_1_899' title='bbox 2623 5590 2637 5615; x_wconf 93' lang='lat'><strong>,</strong></span> <span class='ocrx_word' id='word_1_900' title='bbox 2687 5549 2755 5605; x_wconf 89' lang='lat' dir='ltr'><strong>de</strong></span> <span class='ocrx_word' id='word_1_901' title='bbox 2787 5550 2924 5606; x_wconf 85' lang='lat' dir='ltr'><strong>illius</strong></span> <span class='ocrx_word' id='word_1_902' title='bbox 2965 5553 3032 5607; x_wconf 87' lang='lat' dir='ltr'><strong>ab</strong></span> <span class='ocrx_word' id='word_1_903' title='bbox 3069 5555 3257 5609; x_wconf 78' lang='lat' dir='ltr'><strong>exsilio</strong></span> <span class='ocrx_word' id='word_1_904' title='bbox 3287 5556 3491 5622; x_wconf 83' lang='lat' dir='ltr'><strong>reditu,</strong></span> <span class='ocrx_word' id='word_1_905' title='bbox 3525 5559 3852 5628; x_wconf 80' lang='lat' dir='ltr'><strong>gratulatur;</strong></span> 
     </span>
    </p>
   </div>
   <div class='ocr_carea' id='block_1_115' title="bbox 2254 5643 3852 5720">
    <p class='ocr_par' dir='ltr' id='par_1_115' title="bbox 2254 5643 3852 5720">
     <span class='ocr_line' id='line_1_115' title="bbox 2254 5643 3852 5720; baseline 0.007 -22"><span class='ocrx_word' id='word_1_906' title='bbox 2254 5643 2683 5714; x_wconf 87' lang='lat' dir='ltr'><strong>quandoquidem</strong></span> <span class='ocrx_word' id='word_1_907' title='bbox 2719 5664 2738 5696; x_wconf 72' lang='grc' dir='ltr'><strong><em>ι</em></strong></span> <span class='ocrx_word' id='word_1_908' title='bbox 2765 5647 2934 5716; x_wconf 84' lang='lat' dir='ltr'><strong>magis</strong></span> <span class='ocrx_word' id='word_1_909' title='bbox 2972 5649 3141 5703; x_wconf 89' lang='lat' dir='ltr'><strong>erevit</strong></span> <span class='ocrx_word' id='word_1_910' title='bbox 3166 5650 3511 5706; x_wconf 87' lang='lat' dir='ltr'><strong>sacerdotalis</strong></span> <span class='ocrx_word' id='word_1_911' title='bbox 3538 5655 3852 5720; x_wconf 87' lang='lat' dir='ltr'><strong>auctoritas,</strong></span> 
     </span>
    </p>
   </div>
   <div class='ocr_carea' id='block_1_116' title="bbox 2255 5737 3856 5803">
    <p class='ocr_par' dir='ltr' id='par_1_116' title="bbox 2255 5737 3856 5803">
     <span class='ocr_line' id='line_1_116' title="bbox 2255 5737 3856 5803; baseline 0.007 -13"><span class='ocrx_word' id='word_1_912' title='bbox 2255 5745 2312 5790; x_wconf 88' lang='lat' dir='ltr'><strong>ut</strong></span> <span class='ocrx_word' id='word_1_913' title='bbox 2341 5737 2492 5791; x_wconf 86' lang='lat' dir='ltr'><strong>altari</strong></span> <span class='ocrx_word' id='word_1_914' title='bbox 2529 5737 2619 5793; x_wconf 90' lang='lat' dir='ltr'><strong>Dei</strong></span> <span class='ocrx_word' id='word_1_915' title='bbox 2651 5739 2871 5794; x_wconf 81' lang='lat' dir='ltr'><strong>assistat</strong></span> <span class='ocrx_word' id='word_1_916' title='bbox 2899 5741 3138 5797; x_wconf 86' lang='lat' dir='ltr'><strong>antistes.</strong></span> <span class='ocrx_word' id='word_1_917' title='bbox 3159 5762 3176 5795; x_wconf 70' lang='grc' dir='ltr'><strong><em>ι</em></strong></span> <span class='ocrx_word' id='word_1_918' title='bbox 3214 5743 3318 5798; x_wconf 86' lang='lat' dir='ltr'><strong>Sed</strong></span> <span class='ocrx_word' id='word_1_919' title='bbox 3352 5743 3479 5798; x_wconf 87' lang='lat' dir='ltr'><strong>illttd</strong></span> <span class='ocrx_word' id='word_1_920' title='bbox 3507 5760 3534 5798; x_wconf 89' lang='lat' dir='ltr'><strong>a</strong></span> <span class='ocrx_word' id='word_1_921' title='bbox 3567 5747 3723 5801; x_wconf 86' lang='lat' dir='ltr'><strong>nobis</strong></span> <span class='ocrx_word' id='word_1_922' title='bbox 3751 5747 3856 5803; x_wconf 86' lang='lat' dir='ltr'><strong>hoc</strong></span> 
     </span>
    </p>
   </div>
   <div class='ocr_carea' id='block_1_117' title="bbox 2247 5826 3855 5904">
    <p class='ocr_par' dir='ltr' id='par_1_117' title="bbox 2247 5826 3855 5904">
     <span class='ocr_line' id='line_1_117' title="bbox 2247 5826 3855 5904; baseline 0.009 -24"><span class='ocrx_word' id='word_1_923' title='bbox 2247 5826 2357 5899; x_wconf 83' lang='lat' dir='ltr'><strong>jam</strong></span> <span class='ocrx_word' id='word_1_924' title='bbox 2387 5829 2669 5900; x_wconf 83' lang='lat' dir='ltr'><strong>probatura</strong></span> <span class='ocrx_word' id='word_1_925' title='bbox 2701 5841 2805 5897; x_wconf 90' lang='lat' dir='ltr'><strong>est,</strong></span> <span class='ocrx_word' id='word_1_926' title='bbox 2850 5831 2992 5904; x_wconf 88' lang='lat' dir='ltr'><strong>quod</strong></span> <span class='ocrx_word' id='word_1_927' title='bbox 3038 5834 3197 5891; x_wconf 86' lang='lat' dir='ltr'><strong>etiam</strong></span> <span class='ocrx_word' id='word_1_928' title='bbox 3245 5835 3627 5894; x_wconf 86' lang='lat' dir='ltr'><strong>celeberrimus</strong></span> <span class='ocrx_word' id='word_1_929' title='bbox 3658 5837 3855 5901; x_wconf 86' lang='lat' dir='ltr'><strong>horum</strong></span> 
     </span>
    </p>
   </div>
  </div>
