4264 6258
418 308 524 364 523

1853 301 2322 365 DISSERTATIO.

3622 313 3730 369 526

415 419 671 494 Cypriani
703 434 925 490 operum
954 419 1176 477 editioni
1207 422 1522 491 prasfectus,
1557 421 1684 476 licet
1711 422 2022 492 Anglic-ana:
2051 423 2098 482 Α
2129 422 2320 476 nncius
2351 420 2605 492 loquendi
2636 421 2797 475 modo
2823 427 3066 476 utuntur.
3100 413 3154 476 in
3194 419 3434 477 Philonis
3463 424 3729 492 siquidem

414 516 662 570 ecclesia}
714 525 968 572 sectator.
1023 516 1166 568 ultro
1211 515 1495 585 palamque
1543 516 1848 570 conﬁtetur.
1889 516 2019 570 Tam

416 610 579 680 igitur
609 623 812 664 certum
835 617 918 664 est
947 608 998 662 in
1017 606 1448 664 Christianorum
1489 609 1732 664 ecclesiis
1757 609 2021 663 sivetem-

417 704 522 772 plis
552 705 720 773 posita
760 701 927 756 fuisse
963 702 1170 767 altaria,
1205 718 1361 772 quam
1410 702 1700 757 :rdiﬁcatas
1726 702 1794 756 ab
1821 704 1899 757 eis
1931 701 2021 757 Ec-

415 795 629 857 clesias,
661 795 712 848 in
758 795 952 864 quibus
983 809 1130 860 suos,
1164 796 1237 848 uti
1289 794 1482 849 fatetur
1533 794 1786 858 Dalheus,
1837 807 2021 848 sacros

415 899 714 944 conventus
740 888 1028 942 habebant.
1069 886 1200 942 Nam
1233 889 1369 943 sicut
1410 889 1496 942 ille
1523 888 1631 953 ait,
1682 908 1699 940 ι
1723 903 1828 942 non
1863 887 2022 940 modo

414 995 480 1035 ex
511 979 727 1034 Eusebii
759 978 1009 1044 Historia,
1035 978 1128 1033 sed
1152 994 1216 1033 ex
1245 980 1362 1033 aliis
1391 979 1593 1049 aliquot
1615 979 1816 1034 veteris
1835 978 2022 1032 Eccle-

415 1075 510 1130 sia:
542 1076 907 1129 monumentis
953 1075 1083 1128 satis
1128 1084 1377 1141 constat,
1403 1074 1512 1143 jant
1546 1084 1656 1128 tum
1694 1073 2023 1129 Christianis

426 1174 593 1228 fuisse
626 1184 808 1226 sacras
853 1169 1011 1239 hujus
1050 1169 1263 1240 generis
1305 1169 1479 1234 aedes,
1511 1171 1700 1239 quibus
1727 1170 1770 1223 si
1814 1169 2022 1238 uspiam

425 1275 734 1328 caruerunt,
765 1264 815 1318 id
844 1263 1042 1318 factum
1076 1279 1398 1334 paganorum
1419 1264 1466 1317 vi
1496 1279 1558 1318 ac
1582 1263 1795 1332 injuria,
1829 1271 2023 1332 praeter

418 1361 505 1416 fas
529 1376 644 1414 eam
687 1356 786 1428 piis
818 1359 1122 1412 hominibus
1149 1359 1356 1426 copiam
1375 1374 1436 1412 ac
1458 1360 1756 1412 libertatem
1781 1357 2023 1411 inviden-

423 1455 578 1508 tium.
605 1469 712 1506 non
747 1460 924 1505 autem
959 1451 1062 1504 ulla
1089 1451 1513 1505 Christianorum
1541 1452 1776 1522 ipsorum
1807 1451 2024 1520 religio-

421 1560 491 1600 ne
517 1565 534 1596 ι
556 1543 768 1612 (ΟιιΗιιε,
788 1543 880 1597 lib.
907 1545 943 1604 ι,
967 1542 1030 1596 de
1053 1540 1222 1607 Imaq.
1248 1558 1365 1612 cap.
1393 1543 1447 1607 5,
1484 1558 1599 1612 pag.
1626 1541 1717 1607 52,
1741 1551 1794 1596 et
1825 1539 2025 1612 seqq.).

494 1636 599 1692 Sed
657 1635 766 1695 die,
797 1650 998 1705 quaeso.
1029 1637 1098 1689 mi
1131 1635 1358 1696 Dalla-e;
1392 1635 1576 1689 fateris
1601 1634 1743 1704 quod
1774 1635 2026 1689 di~situu-

423 1730 539 1785 lare
565 1728 799 1797 amplius
843 1743 946 1781 non
980 1728 1214 1796 potuisti,
1244 1743 1366 1782 suas
1392 1726 1713 1782 Christianis
1745 1727 1904 1779 fuisse
1941 1741 2027 1779 sa-

2124 514 2295 570 .ludaei
2324 533 2343 566 ι
2381 515 2447 568 de
2481 515 2732 581 victimis,
2771 534 2788 566 ›
2821 514 2956 568 libro
3004 515 3119 569 lucc
3177 515 3405 584 legimus
3435 535 3447 568 :
3478 525 3579 572 Τυῦ
3609 527 3732 576 Θεοῦ

2126 619 2454 681 θυσιαστήριον
2480 618 2604 666 ἐστιν
2631 619 2659 670 ἡ
2687 615 2962 679 ἰυχάριστσς
3007 617 3091 666 τοῦ
3131 619 3272 681 capi}
3318 619 3466 679 ψυχὴ
3523 618 3732 677 nar/eius

2125 708 2174 756 ἐκ
2199 711 2388 760 vision
2418 707 2629 773 ἀριθμῶν
2659 709 2874 770 ἀτμετων
2901 707 2985 756 καὶ
3019 705 3325 772 civitati/afro».
3380 719 3398 753 ι
3441 703 3530 758 Ι)ρί
3560 701 3731 759 altare

2129 795 2444 865 intelligitur
2471 806 2620 864 grata
2663 793 2923 863 sapientis
2961 795 3170 856 anitna,
3215 803 3488 862 compacta
3530 811 3728 852 exnu-

2132 890 2298 944 meris
2327 887 2514 941 SUiitiiS
2540 897 2594 942 et
2637 886 2944 940 individuis.
2996 905 3013 937 ι
3059 889 3128 939 At
3157 885 3312 955 longe
3341 886 3490 954 plura
3520 903 3638 941 eam
3670 888 3731 942 in

2128 1000 2239 1038 rem
2274 982 2433 1053 paulo
2463 992 2589 1036 ante
2629 981 2920 1049 scripserat
2961 980 3235 1052 (Philem,
3268 980 3358 1035 lib.
3392 981 3455 1034 de
3493 979 3725 1052 Vicu'm.,

2129 1090 2243 1147 pag.
2283 1072 2380 1129 851

2200 1167 2424 1223 Geutilis
2450 1182 2578 1222 vero
2610 1166 2816 1222 Seneca
2843 1209 2856 1233 ,
2890 1182 2919 1221 a
2947 1167 3226 1223 Lactantio
3266 1169 3460 1226 citatus
3494 1188 3506 1223 :
3558 1190 3574 1223 ι
3611 1172 3733 1228 Non

2129 1271 2209 1318 est
2238 1262 2557 1317 beneﬁcium
2601 1263 2772 1331 ipsum
2802 1303 2816 1325 ,
2861 1263 3070 1333 inquit,
3102 1263 3243 1331 quod
3274 1276 3605 1331 numeratur,
3637 1273 3734 1321 aut;

2131 1355 2379 1411 traditur.
2416 1356 2565 1411 Sicut
2597 1372 2694 1410 nec
2725 1357 2776 1409 in
2821 1354 3052 1410 victimis
3082 1356 3332 1426 quidem,
3369 1358 3490 1412 licet
3530 1359 3729 1428 Opima:

2131 1451 2270 1516 sint,
2302 1465 2538 1520 auroque
2567 1448 2950 1519 pra-fulgeant,
2994 1449 3216 1503 deorum
3251 1460 3331 1504 est
3374 1451 3544 1504 honos
3571 1493 3585 1518 ,
3629 1450 3727 1507 sed

2131 1546 2214 1614 pia
2244 1559 2306 1598 ac
2331 1553 2471 1597 recta
2502 1554 2679 1598 mente
2709 1543 3078 1598 venerantium
3117 1562 3134 1594 ι
3175 1544 3430 1611 (Senem,
3464 1545 3555 1598 lib.
3591 1561 3626 1607 ι,
3663 1545 3729 1601 de

2129 1635 2337 1705 Benef.,
2378 1652 2496 1705 cap.
2529 1637 2593 1699 6;
2624 1635 2894 1701 Lactant.,
2929 1635 3020 1689 lib.
3063 1651 3136 1699 Vl,
3171 1635 3429 1696 lnstilut.,
3468 1654 3583 1707 cap.
3620 1638 3730 1707 25,

2133 1748 2252 1803 pag.
2290 1730 2395 1786 658
2419 1739 2456 1796 ).
2489 1730 2627 1798 Quin
2656 1731 2815 1785 etiam
2856 1730 3002 1799 prius
3032 1728 3223 1783 Cicero
3254 1748 3266 1783 :
3303 1749 3321 1780 ‹
3357 1730 3546 1784 Cultus
3569 1772 3583 1796 ,
3614 1733 3729 1788 aie-

428 1837 549 1878 eras
576 1822 739 1887 a-des,
772 1836 932 1892 negas
961 1821 1168 1885 altaria,
1203 1836 1367 1890 negas
1394 1820 1697 1887 simulacra,
1731 1820 1815 1874 ubi
1849 1820 2027 1876 ﬁdes?
2057 1824 2104 1883 Β
2134 1825 2243 1887 bat,
2277 1823 2499 1878 i‘leorum
2544 1832 2626 1876 est
2653 1823 2909 1891 optimus,
2940 1821 3189 1889 idemque
3216 1821 3551 1875 castissimus
3572 1865 3586 1887 ,
3623 1823 3736 1892 ple-

425 1915 617 1970 Nonne
646 1915 831 1969 eodem
864 1914 1020 1984 plane
1052 1915 1211 1969 modo
1233 1915 1366 1968 dixit
1394 1915 1653 1971 Minucius
1685 1930 1697 1968 :
1736 1935 1753 1966 ι
1774 1912 1882 1969 Car
1908 1914 2026 1968 titil-

429 2008 513 2062 las
541 2025 660 2061 aras
691 2008 916 2071 habent,
951 2009 1143 2076 templa
1174 2007 1339 2073 nulla,
1361 2008 1504 2062 nulla
1523 2018 1645 2062 nota
1668 2007 1948 2062 simulacra
1968 2007 2020 2058 Ὺ»

435 2100 542 2157 Cur
564 2118 691 2172 ergo
739 2118 896 2156 unum
931 2101 1218 2164 concedis,
1254 2118 1416 2172 negas
1445 2103 1721 2157 alterum?
1756 2099 2028 2170 Numquid

437 2212 455 2244 ι
487 2193 586 2248 fuit
619 2210 864 2264 tttnquam
899 2212 946 2254 ι,
978 2203 1034 2247 ιιι
1067 2195 1170 2248 tuis
1215 2194 1343 2262 ipsis
1378 2195 1556 2248 verbis
1586 2203 1796 2248 utanutr
1822 2235 1836 2259 ,
1875 2211 1893 2245 ι
1925 2193 2030 2248 ulla

427 2288 508 2339 vis
532 2285 702 2356 major
732 2296 823 2340 aut
853 2286 1103 2355 iniquior,
1131 2302 1289 2355 quam
1334 2297 1387 2339 ut
1419 2285 1509 2340 tibi
1536 2286 1622 2355 jus
1649 2295 1810 2354 atque
1848 2294 2034 2340 aucto-

430 2380 641 2434 ritatem
669 2395 872 2443 sumas,
906 2381 1047 2448 ipsas
1075 2379 1370 2445 hominum,
1396 2388 1450 2432 et
1475 2379 1689 2450 quidem
1716 2389 1840 2434 ante
1868 2379 2033 2432 nmlta

433 2473 624 2526 είιιοιιιιι
657 2482 992 2526 mortuorum
1039 2473 1390 2541 Cogitationes
1433 2487 1530 2542 pro
1573 2472 1796 2525 arbitrio
1842 2472 2035 2525 immu-

435 2564 582 2617 tandi
621 2582 638 2613 ›
680 2563 869 2636 (Balbe
893 2607 908 2631 ,
953 2564 1016 2617 de
1053 2563 1326 2635 Imaginib.
1357 2563 1451 2618 lib.
1493 2580 1532 2630 ι,
1574 2579 1692 2633 pag.
1865 2563 2037 2617 Minus

433 2657 574 2712 enim
607 2655 868 2710 Minucius
895 2673 1090 2725 negare
1122 2658 1332 2710 videtur
1359 2654 1678 2710 Christianis
1706 2653 1872 2710 fuisse
1901 2665 2035 2710 tent-

434 2749 520 2819 pla
552 2757 606 2802 et.
635 2749 844 2814 altaria,
873 2765 1030 2817 quam
1073 2749 1377 2802 simulacra.
1413 2746 1531 2802 Non
1557 2749 1700 2803 enim
1733 2747 2038 2802 inconside-

434 2853 550 2898 rate
577 2843 782 2897 addidit
821 2844 1088 2905 Cmcilius,
1140 2863 1156 2895 ‹
1185 2853 1306 2896 nota
1357 2842 1642 2897 simulacra
1673 2862 1718 2908 ι,
1755 2842 1803 2896 id
1839 2851 1942 2908 est,
1986 2850 2044 2896 ut

436 2937 694 3004 diximus,
727 2954 846 3006 qua:
894 2937 1123 3006 publica,
1155 2937 1380 3005 aliisque
1408 2935 1618 3004 cognita
1660 2946 1862 2990 essent.
1898 2935 2041 2992 Satis

439 3041 617 3085 autem
649 3047 674 3083 a
708 3030 862 3084 nobis
889 3029 1313 3083 demonstratum
1345 3037 1465 3094 est,
1503 3044 1531 3080 a
1559 3027 1880 3082 Christianis
1909 3043 2041 3082 con-

441 3131 642 3177 structa
674 3122 834 3177 fuisse
865 3123 1060 3188 templa
1085 3133 1130 3175 et
1164 3121 1373 3187 altaria,
1408 3120 1462 3174 in
1491 3121 1684 3189 quibus
1715 3123 2037 3177 sacriﬁcium

2131 1917 2498 1985 nissimusque
2527 1914 2774 1983 pietatis;
2807 1922 2864 1967 ιιι
2893 1929 2987 1967 eos
3017 1927 3234 1982 semper
3266 1929 3393 1980 pura
3421 1955 3436 1980 ,
3479 1915 3683 1984 integra
3709 1956 3727 1984 ,

2131 2017 2186 2064 et
2213 2009 2542 2076 incorrupta,
2574 2015 2628 2059 et
2659 2015 2858 2066 mente,
2891 2015 2944 2059 et
2973 2019 3104 2058 voce
3137 2021 3457 2060 veneremur
3489 2026 3507 2057 ›
3555 2007 3735 2077 (Cic.,

2135 2102 2224 2156 lih.
2265 2117 2331 2166 ιι,
2364 2101 2427 2153 de
2467 2098 2596 2153 Nat.
2631 2097 2813 2164 Deor.,
2856 2113 2974 2169 pag.
3019 2098 3160 2160 224,
3194 2099 3290 2152 litt.
3322 2099 3392 2152 42
3418 2110 3454 2162 ).
3496 2099 3548 2154 Si
3586 2101 3739 2170 plura

2134 2193 2300 2260 velis,
2339 2192 2425 2246 adi
2459 2192 2816 2261 Porphyrium
2849 2191 3094 2260 aliosque
3137 2189 3317 2259 plures
3346 2206 3374 2243 a
3409 2190 3736 2263 Le~c:ilope-

2136 2289 2253 2347 rio,
2298 2287 2350 2340 in
2390 2285 2531 2340 hunc
2562 2283 2844 2340 Ciceronis
2880 2284 3056 2337 locum
3095 2283 3309 2337 citatos.
3353 2286 3422 2337 At
3462 2286 3580 2352 quis
3616 2301 3736 2339 mn-

2147 2395 2308 2450 quaut
2349 2379 2544 2432 dixerit
2586 2377 2822 2441 Ᾰιιιιςιξοε,
2851 2387 2938 2430 aut
2971 2377 3216 2445 gentiles,
3253 2376 3336 2430 his
3367 2377 3544 2430 verbis
3575 2394 3740 2448 nega-

2147 2471 2290 2525 visse
2321 2470 2458 2539 apud
2489 2484 2615 2520 suos
2651 2482 2775 2522 vera
2818 2467 2979 2521 luisse
3013 2467 3200 2519 altaria
3223 2507 3237 2529 ,
3271 2482 3391 2519 aras
3414 2507 3428 2531 ,
3460 2470 3742 2538 Victimas,

2143 2561 2429 2616 sacrilicia.
2453 2561 2473 2629 (
2499 2559 2786 2630 Porphyrn
2820 2557 2913 2610 lib.
2960 2573 3031 2614 ιι.
3074 2563 3138 2610 de
3165 2557 3360 2610 Abatin.
3399 2559 3610 2612 miimal.
3643 2561 3744 2615 sub

2141 2655 2271 2718 ﬁn.;
2301 2652 2608 2723 Lescalop.,
2653 2653 2705 2706 in
2741 2650 2832 2706 lib.
2859 2666 2933 2717 ιι,
2965 2654 3028 2703 de
3059 2647 3188 2703 Nat.
3221 2649 3399 2716 Deor.,
3432 2650 3459 2722 ς
3489 2652 3586 2718 72,
3621 2667 3742 2724 pag.

2144 2747 2308 2818 547.)

2215 2839 2350 2908 Quid
2393 2854 2522 2894 vero
2564 2837 2731 2914 facies
2779 2835 3148 2902 Tertulliano,
3202 2850 3359 2905 quem
3405 2843 3510 2888 tam
3557 2851 3744 2905 presso

2144 2934 2371 3003 vesﬁgio
2413 2931 2676 2986 Minucius
2718 2930 3102 3001 prosequitur?
3144 2928 3330 2983 Nonne
3378 2929 3490 2998 ipse
3529 2946 3746 3000 quoque

2146 3027 2362 3091 scripsit
2405 3043 2417 3078 :
2468 3043 2487 3076 ι
2539 3024 2650 3080 Nec
2689 3028 2869 3078 minus
2912 3023 3145 3092 templa,
3194 3040 3353 3093 quam
3399 3034 3747 3080 monumenta

2146 3119 2511 3188 despicimus,
2552 3130 2796 3174 neutram
2840 3133 2988 3171 aram
3031 3116 3300 3183 novimus,
3347 3125 3589 3170 neutram
3622 3116 3748 3170 efﬁ-

432 3233 616 3271 verum
645 3216 820 3270 facere
847 3227 1256 3271 consueverant.
1287 3213 1400 3282 Qua
1426 3223 1604 3268 autem
1632 3215 1771 3268 ident
1811 3215 2040 3269 Dallseus
2066 3217 2110 3281 C
2144 3216 2282 3285 giem
2307 3213 2638 3268 adoramus?
2667 3232 2685 3264 ι
2717 3212 2991 3284 (Tertul|.,
3015 3212 3106 3265 ltb.
3132 3212 3194 3265 de
3217 3210 3477 3279 Spectac.,
3502 3227 3618 3280 cap.
3648 3213 3746 3280 ii,

437 3314 646 3365 ratione
692 3310 810 3362 illos
862 3309 1005 3362 nulla
1044 3307 1331 3363 simulacra
1376 3317 1428 3361 et
1476 3307 1734 3377 imagines
1782 3307 2036 3364 habuisse

435 3401 744 3467 comi-adat,
773 3401 881 3470 jam
917 3400 1213 3455 videamus.

506 3493 818 3564 Respondet
849 3493 934 3546 ille
963 3511 982 3545 (
1010 3493 1121 3546 ﬁeri
1147 3506 1302 3562 posse
1330 3511 1348 3544 ι
1367 3534 1380 3557 ,
1408 3503 1460 3545 ιιι
1489 3492 1756 3559 Cmcilius,
1783 3491 2039 3562 quemad-

434 3589 654 3645 modum
707 3587 842 3642 alius
905 3586 1129 3658 quilibet
1180 3587 1427 3655 gentilis,
1486 3586 1767 3655 ambiguus
1822 3585 2039 3640 lnescrit

440 3694 618 3739 utrum
647 3681 956 3746 Christiani,
993 3699 1012 3732 ι
1045 3679 1210 3747 turpis
1233 3690 1285 3732 et
1313 3678 1605 3733 inhonesta!
1636 3680 1817 3733 forma:
1837 3693 2034 3732 numen

437 3777 492 3832 in
526 3792 721 3831 arcano
741 3775 998 3830 colerent.
1033 3795 1051 3826 ι
1078 3773 1210 3828 Nam
1240 3773 1436 3826 ibidetu
1460 3772 1708 3828 Caecilius
1731 3775 1845 3844 ipse
1869 3775 2032 3829 dixit:

447 3889 467 3922 ι
494 3870 838 3925 Abscondere
878 3869 1129 3941 quidquid
1165 3869 1292 3923 illud
1325 3870 1544 3936 colunt,
1585 3886 1910 3940 magnOpere
1957 3871 2038 3926 ni-

440 3972 643 4019 tuntur.
671 3981 690 4014 ›
728 3963 872 4017 Itane
918 3979 1046 4016 vero
1088 3963 1207 4032 quia
1252 3971 1402 4032 putas
1445 3962 1572 4016 illud
1610 3981 1627 4014 (
1657 3963 1772 4016 ﬁeri
1799 3978 1956 4033 posse
1986 3982 2033 4030 ι,

433 4057 522 4128 jus
546 4058 638 4111 tibi
684 4059 851 4111 sumis
881 4056 1003 4111 inde
1028 4053 1385 4112 concludendi
1433 4073 1530 4112 nec
1561 4057 1703 4112 hunc
1741 4059 2032 4127 gentilem,

437 4165 536 4204 nec
591 4149 881 4204 Minucium
935 4149 1289 4204 christianum
1340 4151 1620 4220 negavisse
1666 4151 1882 4220 quidem
1940 4166 2035 4206 sua

435 4242 772 4297 Christianos
803 4243 1053 4298 habuisse
1082 4243 1280 4312 templa
1303 4285 1315 4304 .
1348 4254 1402 4298 et
1426 4259 1545 4297 aras
1566 4285 1580 4310 ,
1610 4245 1701 4298 sed
1727 4253 1927 4298 tantum
1953 4245 2029 4299 si-

434 4337 686 4401 mulacra,
721 4335 787 4390 de
815 4339 1010 4406 quibus
1051 4351 1158 4390 uno
1187 4337 1485 4405 eodemque
1513 4336 1672 4390 tnodo
1705 4338 2035 4407 loquuntur?

439 4429 592 4486 Unde
622 4446 751 4484 vero
773 4429 1026 4500 accepisti
1059 4430 1301 4484 Ethnicis
1325 4430 1500 4485 minus
1528 4440 1653 4485 nota
1685 4432 1845 4485 fuisse
1873 4431 2032 4485 Chri-

434 4525 726 4578 sﬁanorum
760 4523 1065 4589 simulacra,
1097 4539 1254 4594 quam
1289 4539 1471 4578 sacras
1497 4523 1661 4592 cedes,
1694 4540 1824 4594 quas
1853 4524 2033 4580 occul-

436 4625 488 4672 te
518 4625 719 4670 tantum
752 4616 900 4669 adire
927 4616 1355 4669 consueverant?

505 4708 667 4777 Urget
718 4721 893 4763 tamen
939 4709 1166 4763 Dallams
1210 4709 1360 4762 facile
1406 4718 1816 4778 promptumque
1863 4707 2031 4764 fuisse

438 4798 661 4854 Oetatio
691 4799 1037 4868 respoiidere,
1062 4801 1304 4866 quietiam
1330 4799 1650 4854 Christianis
1675 4802 1838 4854 fuisse
1866 4802 2032 4855 simu-

437 4891 579 4946 lacra
611 4902 663 4945 et
692 4891 898 4951 altaria.
955 4893 1048 4946 Sed
1081 4895 1237 4962 longe
1267 4893 1332 4946 ab
1359 4893 1701 4948 Ethnicoruin
1733 4893 2032 4949 simulacris

437 4995 488 5040 et
517 4985 773 5039 altaribus
804 4986 1038 5039 diversa.
1068 4985 1299 5040 Tantum
1328 4994 1502 5040 autem
1544 4989 1712 5052 abest,
1749 4999 1803 5040 ut
1851 4988 1918 5040 ita
1946 5003 2031 5041 re-

435 5079 733 5146 Spmnlerit,
765 5079 892 5146 quin
922 5079 1086 5132 itutno
1108 5079 1250 5133 dicat
1282 5079 1482 5132 nullum
1515 5079 1895 5134 casti-nendum
1924 5080 2030 5134 Deo

435 5172 714 5240 templum,
747 5187 902 5240 quem
935 5188 1040 5225 non
1075 5182 1215 5224 totus
1238 5172 1490 5232 mundus,
1523 5173 1693 5224 multo
1721 5173 1897 5224 minus
1929 5186 2029 5224 una

434 5265 658 5319 mdicula
682 5264 958 5319 includere
989 5274 1163 5335 potest
1198 5283 1209 5316 :
1236 5265 1327 5319 sed
1358 5265 1823 5331 hooumanitnuin,
1844 5279 2030 5333 puram

435 5368 689 5424 mentem,
727 5358 993 5412 sini-eram
1021 5357 1404 5411 cmiscicutiant
1435 5359 1663 5425 optimas
1687 5373 1807 5412 esse
1837 5366 1890 5410 et
1915 5357 2034 5412 lita-

433 5447 570 5504 biles
603 5450 710 5503 Deo
735 5451 937 5504 hostias
967 5467 1029 5504 ac
1060 5451 1324 5514 victimas,
1357 5450 1587 5518 denique
1615 5451 1888 5504 hominem
1911 5463 2035 5505 esse

436 5543 529 5598 Dei
559 5543 926 5598 simulacrum.

513 5636 708 5692 Verum
744 5639 876 5694 nihil
910 5642 1066 5712 plane
1098 5642 1199 5696 hoc
1227 5655 1488 5710 responso
1523 5638 1691 5693 levius
1720 5654 1782 5694 ac
1814 5639 2033 5693 iutilius.

438 5729 574 5784 Nam
602 5729 771 5788 Judtci
799 5744 853 5789 et
876 5735 1138 5800 Gentiles,
1168 5733 1307 5805 apud
1340 5749 1474 5804 quos
1504 5743 1581 5788 tot
1606 5749 1726 5788 aras
1748 5774 1761 5798 ,
1793 5733 2040 5788 victimas

438 5830 493 5880 et
522 5824 785 5881 sacriﬁcia
823 5827 959 5886 facta
999 5827 1164 5885 fuisse
1197 5843 1358 5884 nemo
1395 5826 1588 5895 nescit,
1621 5825 1811 5883 eodem
1845 5840 1908 5883 ac
1938 5823 2040 5882 Mi-

2143 3324 2266 3380 pag.
2301 3306 2422 3377 96.)
2465 3306 2654 3361 Nonne
2685 3306 2754 3359 ibi
2789 3319 2894 3359 tam
2924 3316 3132 3375 aperte,
3153 3319 3312 3374 quam
3343 3302 3604 3356 Minue-us
3637 3302 3749 3358 ulla

2142 3415 2361 3470 prorsus
2389 3398 2711 3454 Christianis
2754 3399 2951 3466 templa
2974 3438 2988 3462 ,
3019 3411 3140 3451 aras
3169 3405 3225 3449 et
3254 3396 3538 3449 simulacra
3582 3395 3749 3453 fuisse

2142 3493 2366 3548 abnuit?
2397 3492 2584 3547 Nonne
2620 3492 2781 3546 etiam
2823 3488 2948 3543 alibi
2985 3488 3204 3544 ethnico
3238 3487 3481 3558 Scapulae
3523 3503 3749 3558 respon-

2141 3587 2232 3644 det
2265 3606 2277 3642 :
2319 3605 2337 3640 ι
2378 3586 2760 3642 Sacriﬁcamus
2787 3599 2882 3653 pro
2911 3583 3085 3636 salute
3109 3580 3475 3651 Imperatoris,
3511 3580 3603 3633 Sed
3638 3581 3749 3636 Deo

2142 3693 2328 3739 n05tro
2360 3689 2415 3736 et
2449 3679 2640 3749 ipsius,
2671 3678 2768 3734 sed
2805 3675 3078 3748 quomodo
3120 3671 3375 3744 pra-cepit
3420 3673 3578 3737 lteus,
3610 3688 3747 3742 pura

2141 3777 2340 3848 prece?
2377 3795 2395 3828 ›
2446 3773 2632 3845 (Idem
2658 3813 2672 3838 ,
2705 3771 2798 3825 lib.
2828 3771 2897 3823 ad
2925 3769 3169 3839 Scapul.,
3197 3783 3318 3837 cap.
3348 3766 3383 3818 2
3407 3807 3421 3829 ,
3449 3781 3566 3837 pag.
3606 3766 3696 3820 86.
3724 3765 3748 3839 )

2140 3866 2410 3938 Numquid
2453 3865 2654 3920 idcirco
2694 3863 2911 3933 negavit
2955 3860 3291 3914 Christianos
3332 3859 3583 3911 Omnibus
3621 3870 3745 3910 om-

2142 3961 2269 4015 nino
2315 3959 2554 4012 caruisse
2603 3955 2851 4024 templis,
2895 3951 3040 4018 aris,
3083 3959 3137 4003 ct
3180 3949 3482 4003 altaribus?
3527 3948 3747 4005 Minime

2139 4050 2387 4119 quidem,
2421 4047 2581 4101 sicuti
2611 4047 2730 4100 aliis
2770 4043 2929 4112 paulo
2958 4051 3087 4096 ante
3124 4039 3300 4093 citatis
3338 4039 3620 4107 probatum
3659 4047 3744 4095 est

2139 4144 2281 4199 illius
2315 4140 2514 4204 verbis,
2551 4149 2603 4193 et
2633 4137 2702 4192 ab
2735 4141 2850 4205 ipso
2883 4134 3080 4188 Dalla-o
3109 4145 3447 4187 concessum.

2209 4236 2440 4290 Necesse
2469 4242 2550 4288 est
2594 4231 2773 4300 igitur,
2807 4238 2864 4282 ut
2906 4228 3151 4280 dicamus
3179 4241 3206 4276 a
3237 4223 3469 4277 Minucio
3509 4233 3697 4281 nostro
3718 4267 3736 4296 ,

2139 4329 2472 4385 Tertulliano
2527 4325 2755 4394 aliisque
2783 4321 2972 4378 eodetn
3012 4320 3174 4373 modo
3205 4316 3573 4386 loquentibus,
3605 4319 3737 4374 illud

2140 4439 2246 4479 uno
2271 4420 2490 4477 concedi
2525 4434 2706 4483 sensu,
2740 4426 2795 4472 et
2823 4416 2928 4470 alio
2956 4411 3155 4483 negari.
3205 4413 3275 4464 At
3305 4426 3556 4478 quoniam
3598 4426 3735 4466 cou-

2139 4530 2215 4575 tra
2240 4519 2480 4575 ethnicos
2503 4514 2869 4585 disputabant,
2896 4511 3094 4566 idcirco
3120 4517 3446 4579 negaverunt
3467 4506 3734 4563 Christia-

2056 4618 2110 4676 D
2138 4629 2235 4668 nos
2262 4611 2538 4683 gentilium
2571 4623 2721 4662 more
2753 4606 3002 4660 habuisse
3033 4603 3249 4669 templa,
3286 4603 3336 4655 in
3369 4602 3562 4670 quibus
3593 4603 3732 4657 licti-

2135 4710 2236 4763 tios
2281 4707 2411 4760 deos
2463 4703 2750 4766 colebant,
2792 4710 2848 4756 et
2895 4714 2988 4754 eos
3032 4697 3272 4752 habitare
3313 4698 3730 4765 arbitrabantur,

2134 4801 2216 4855 vel
2257 4814 2378 4853 aras
2416 4809 2469 4852 et
2505 4796 2690 4850 altaria
2718 4835 2732 4860 ,
2780 4792 2845 4847 ad
2885 4790 3170 4845 credendus
3200 4788 3608 4860 oﬁerendasque
3648 4791 3729 4845 eis

2133 4895 2412 4958 victimas,
2462 4889 2556 4944 sed
2601 4888 2849 4942 habuisse
2898 4898 3079 4938 sacras
3118 4881 3259 4935 a-des
3305 4891 3357 4933 ct
3399 4880 3623 4947 altaria,
3675 4881 3728 4934 in

2135 4987 2324 5058 quibus
2368 4981 2658 5038 christiano
2704 4981 2807 5034 ritu
2857 4992 3040 5032 verum
3095 4974 3259 5026 Deum
3307 4972 3595 5037 colebant,
3643 4972 3726 5026 in—

2133 5087 2518 5146 cruenttunqne
2566 5072 2830 5127 faciebant
2859 5067 3205 5123 sacriﬁcium.
3238 5062 3380 5117 Nihil
3420 5079 3547 5131 ergo
3577 5063 3728 5119 dictu

2134 5171 2450 5231 absurdius,
2482 5183 2642 5238 quam
2673 5165 2848 5218 citatis
2880 5161 3091 5216 Minui-ii
3125 5158 3324 5223 verbis,
3357 5159 3428 5210 uti
3456 5157 3730 5227 garriebat

2139 5264 2397 5326 Dalla-Us,
2429 5259 2636 5315 excludi
2675 5278 2692 5310 ‹
2728 5257 3092 5311 Romanorum
3115 5295 3129 5317 ,
3175 5272 3193 5303 ›
3229 5251 3300 5304 ita
3335 5252 3594 5305 invidiose
3622 5251 3730 5304 Ca-

2137 5357 2368 5415 tholicos
2393 5354 2678 5408 lueretieus
2707 5351 2867 5404 homo
2893 5347 3148 5418 appellat,
3181 5363 3199 5397 ί
3232 5345 3507 5398 hominum
3544 5363 3563 5397 ι
3597 5345 3732 5399 alta-

2136 5455 2245 5514 ria,
2292 5446 2413 5516 quia
2460 5444 2559 5514 ipsi
2605 5444 2829 5513 ejuSque
2867 5439 3141 5495 Sodalibus
3181 5436 3502 5492 sacriﬁcium
3535 5437 3735 5492 eucha-

2138 5543 2379 5598 risticum
2437 5537 2754 5593 auctoritate.
2813 5536 3027 5606 propria
3077 5533 3304 5602 I'CjiCt'l‘e
3347 5531 3566 5602 placuit.
3615 5527 3737 5584 Jam

2140 5635 2283 5690 enim
2321 5631 2625 5687 certiSsimo
2667 5638 2910 5684 veterum
2951 5628 3168 5682 Patrum
3205 5623 3516 5680 testimonio
3551 5630 3740 5677 osten-

2142 5728 2318 5783 dimus
2344 5725 2561 5782 Minucii
2589 5733 2830 5796 tempore
2849 5722 2906 5779 in
2932 5723 3357 5778 Christianorum
3386 5719 3596 5788 templis
3624 5731 3745 5774 sva

2141 5820 2401 5879 Ecciesiis
2433 5818 2606 5890 posita
2640 5819 2801 5876 fuisse
2833 5815 3019 5874 altaria
3043 5857 3058 5886 ,
3093 5813 3398 5884 tactumque
3427 5825 3595 5869 sacrae
3633 5811 3752 5882 1:111
