4242 6222
538 224 640 284 ἓνὲῖ

1792 217 1878 273 Dii
1909 215 2161 274 MlNUCll
2187 216 2484 273 OCTAVIO

3732 216 3839 274 528

542 336 813 392 cliziristiie
851 332 1192 391 sacrificium.
1225 332 1377 403 Quod
1408 332 1621 404 quidem
1655 341 1838 403 postea
1880 333 2129 401 Augusti-
2166 334 2214 394 Α
2244 346 2488 395 crucem,
2524 327 2690 383 fetiale
2718 327 2965 397 supplicii
3011 326 3155 382 illius
3197 326 3612 383 instrumentum
3636 368 3652 396 ,
3696 327 3842 383 cole-

545 449 649 491 pus
676 429 1032 485 disertissime
1054 438 1327 484 asseverat
1354 428 1605 501 (August.
1627 427 1717 483 lib.
1745 443 1863 490 vm,
1883 427 1946 481 de
1965 426 2141 495 Civit.,

544 539 665 594 cap.
694 522 788 589 27,
818 537 939 592 pag.
972 520 1100 587 2H;
1130 530 1184 576 et
1216 521 1309 576 lih.
1342 538 1398 582 κ,
1429 536 1549 590 cap.
1577 519 1672 588 20,
1705 535 1825 589 pag.
1855 518 2011 589 255).

590 616 820 671 .Eadem
850 630 1013 685 porro
1038 630 1160 669 cum
1191 614 1301 670 sint
1356 613 1569 669 Minucii
1627 621 1683 667 et
1719 612 2034 668 Tertulliani
2076 610 2144 667 de

544 709 794 779 templis,
823 718 878 764 et
904 707 1183 770 altaribus.
1214 715 1377 778 atque
1404 706 1474 763 de
1503 704 1806 761 simulacris
1836 703 2020 770 verba,
2052 718 2145 757 eo-

542 802 667 857 dem
697 815 827 855 sane
865 799 1027 854 modo
1060 798 1378 866 explicanda
1405 806 1553 853 sunt.
1592 796 1798 868 Negant
1826 797 2001 865 itaque
2037 794 2144 848 ulla

542 892 682 963 apud
722 890 1059 946 Christianos
1096 889 1259 945 fuisse
1294 889 1577 945 simulacra
1605 930 1620 955 ,
1676 887 1851 959 qualia
1895 885 2147 941 videlicet

542 984 746 1040 ethnici
771 982 995 1038 deorum
1018 998 1238 1038 suorum
1259 990 1692 1038 construxerant.
1721 982 1789 1035 At
1812 979 1951 1034 hanc
1980 978 2145 1033 fuisse

542 1076 760 1133 Minucii
793 1083 1025 1131 mentem
1073 1091 1178 1129 non
1217 1075 1390 1129 solum
1428 1090 1497 1130 ex
1529 1072 1787 1129 hactenus
1818 1070 2004 1134 dictis,
2049 1069 2142 1124 sed

546 1177 659 1223 tota
688 1167 851 1223 etiam
884 1166 1026 1222 inter
1057 1167 1230 1237 ipsum
1253 1183 1315 1221 ac
1337 1165 1612 1221 Caecilium
1636 1163 1995 1231 disiiutatione
2019 1162 2133 1216 col-

542 1258 748 1331 ligitur.
779 1258 1026 1315 Ctecilius
1056 1260 1257 1330 quippe
1288 1258 1575 1325 ohjiciebat
1608 1257 1753 1311 nulla
1782 1254 2105 1311 Christianis
2128 1294 2141 1318 ,

542 1350 997 1422 quemadmodum
1040 1350 1332 1420 gentilibus
1377 1349 1541 1405 fuisse
1583 1349 1839 1403 falsorum
1880 1347 2141 1410 deorum,

544 1446 684 1501 sicut
711 1444 944 1514 templa,
987 1444 1059 1498 ita
1091 1459 1190 1500 nec
1219 1443 1530 1499 simulacra.
1574 1442 1794 1497 Fatetur
1834 1450 2014 1495 autem
2047 1439 2144 1494 Mi-

545 1538 738 1593 nucius
769 1550 879 1591 rem
912 1535 1158 1607 profecto
1184 1536 1263 1591 sic
1292 1552 1351 1591 se
1382 1534 1602 1590 habere.
1633 1536 1699 1589 At
1730 1532 2001 1602 quomodo
2031 1547 2135 1585 non

543 1638 710 1701 negat
735 1628 799 1683 iis
830 1628 996 1682 fuisse
1017 1627 1119 1682 alia
1147 1644 1307 1697 quam
1338 1627 1644 1681 fictitiorum
1671 1625 1894 1679 deorum
1921 1624 2142 1692 templa,

2249 433 2369 477 rent
2392 438 2454 476 ac
2486 436 2678 476 venera
2688 429 2892 476 rentur.

2322 518 2391 573 At
2418 516 2676 573 Μὶηιιοίιις
2709 526 2989 588 utramque
3018 516 3160 571 illam
3187 516 3617 573 criminationem
3652 516 3841 573 falsam

2252 624 2372 666 esse
2402 608 2712 679 singulatim
2736 608 2989 662 ostendit.
3018 606 3097 663 Ad
3124 608 3353 677 priorem
3382 612 3527 664 enim
3550 609 3693 679 quod
3721 625 3844 680 spe-

2248 710 2377 761 ctat.
2410 700 2581 770 palam
2606 700 2694 756 ille
2730 708 3153 771 constanterque
3177 710 3448 756 asseverat
3474 702 3703 771 gentiles
3731 702 3843 759 falli

2247 794 2489 855 omnino.
2526 802 2742 863 totaque
2772 809 2956 849 errare
2991 798 3098 859 via,
3125 795 3217 865 qui
3256 796 3305 847 in
3334 806 3495 849 suum’
3526 796 3848 852 induxerant

2248 885 2519 952 animum,
2562 886 2834 941 hominem
2882 898 3157 942 terrenum
3184 929 3197 953 ,
3240 902 3304 943 ac
3330 889 3474 944 cruci
3502 904 3596 945 sita
3629 900 3849 962 propter

2247 980 2471 1033 crimina
2500 978 2773 1043 suffixum,
2802 983 3067 1038 meruisse
3092 994 3181 1035 :iltt
3216 983 3453 1050 potuisse
3473 999 3500 1035 a
3529 982 3849 1040 Christianis

2250 1069 2418 1125 Deum
2449 1071 2615 1137 credi,
2649 1082 2809 1140 atque
2836 1090 2902 1128 eo
2933 1075 3085 1129 titulo
3117 1076 3354 1127 divinum
3386 1075 3485 1144 ipsi
3515 1076 3581 1129 ab
3609 1076 3714 1131 illis
3752 1078 3847 1131 tri-

2249 1162 2337 1218 bui
2389 1166 2671 1219 hunntettt.
2720 1165 3199 1222 Pi-rsuasissimum
3242 1167 3440 1237 quippe
3490 1168 3647 1223 iidem
3692 1170 3849 1225 Chri-

2249 1257 2406 1311 stiani
2454 1258 2723 1313 habebant
2770 1274 2865 1313 cos
2912 1275 3132 1329 prorsus
3176 1274 3296 1315 csse
3338 1261 3705 1323 miserabiles.
3759 1264 3850 1335 qui

2248 1366 2399 1419 spem
2441 1351 2493 1405 in
2535 1352 2746 1405 mortali
2785 1363 2991 1422 ponunt
3030 1354 3269 1418 homine,
3299 1370 3406 1425 quo
3446 1367 3675 1423 mOrtuo,
3707 1358 3851 1429 quod

2248 1443 2315 1497 ah
2345 1444 2438 1497 illo
2469 1457 2788 1512 exspectare
2829 1455 3108 1510 :oterant,
3146 1446 3400 1502 auxilium
3441 1462 3601 1503 omne
3645 1448 3847 1505 finitur.

2323 1536 2427 1590 Sed
2459 1536 2680 1605 ipsemet
2709 1537 2968 1593 Minucius
2997 1539 3297 1593 audiendus
3327 1551 3407 1594 est
3439 1559 3451 1592 :
3504 1562 3520 1591 ο
3575 1543 3726 1608 Quod
3763 1560 3849 1599 re-

2252 1627 2431 1699 ligioni
2465 1642 2660 1684 uestra}
2692 1631 2963 1686 hominem
3000 1636 3241 1695 noxium,
3288 1646 3341 1688 et
3366 1650 3583 1689 crttccm
3614 1638 3731 1703 ejus
3762 1654 3851 1693 as-

542 1719 619 1777 ila
649 1721 811 1776 etiam
847 1734 947 1775 nec
977 1719 1079 1775 alia
1112 1735 1273 1790 quam
1305 1720 1540 1789 ipsttrltm
1573 1716 1639 1771 ab
1671 1717 1774 1771 illis
1806 1715 1943 1769 facta
1975 1717 2140 1768 είηιιι·
2171 1719 2216 1779 Β
2246 1724 2478 1776 srrihitis
2507 1765 2520 1783 ,
2554 1723 2708 1792 longe
2746 1726 2813 1779 de
2841 1725 3033 1780 vicinia
3064 1729 3261 1781 erratis
3282 1769 3295 1788 .
3326 1729 3414 1797 qui
3456 1731 3654 1797 putatis
3684 1730 3851 1787 [leum

537 1816 686 1873 lacra
716 1816 1008 1872 inliciatur.

556 1922 557 1925 ‘
615 1909 800 1980 Neque
838 1921 1030 1979 urgeas
1057 1906 1237 1962 omnia
1271 1921 1300 1961 a
1332 1905 1562 1960 Minucio
1602 1904 1822 1958 omnino
1852 1900 2138 1956 simulacra

544 2013 600 2060 et
653 2004 915 2072 imagines
968 2000 1180 2056 excludi
1215 2041 1231 2061 .
1285 1998 1720 2070 quaiiquuidem
1780 1995 2072 2067 respondet
2126 2009 2139 2045 :

547 2111 569 2146 ι
605 2093 760 2163 Quod
792 2092 1138 2148 simulacrum
1170 2092 1279 2147 Deo
1310 2092 1527 2162 fingam,
1556 2107 1676 2145 cum
1709 2091 1752 2144 si
1780 2100 1927 2144 recte
1953 2089 2137 2142 existi—

543 2186 772 2247 mes,sit
802 2184 894 2239 Dei
928 2183 1091 2238 homo
1132 2184 1247 2253 ipse
1276 2182 1657 2237 simulacrum?
1697 2202 1714 2234 ι
1753 2180 1882 2235 Nam
1912 2180 1980 2235 de
2009 2188 2139 2233 tein-

542 2281 646 2353 plis
673 2279 944 2343 similiter,
975 2278 1050 2333 uti
1081 2276 1479 2332 annotavimus.
1515 2275 1725 2330 dixerat
1754 2294 1765 2327 :
1806 2293 1823 2325 ι
1857 2272 2139 2343 Τ‹·ιιιρ1ιιιιι

541 2374 687 2444 quod
716 2374 765 2427 ei
794 2381 1089 2434 cxstrnam,
1116 2387 1239 2427 cum
1268 2380 1411 2425 totus
1438 2369 1525 2423 hic
1553 2368 1803 2432 mundus,
1835 2382 1951 2437 ejus
1977 2381 2142 2435 apere

537 2467 859 2533 fabricatus,
884 2482 1006 2519 eum
1034 2479 1231 2535 capere
1261 2478 1366 2518 non
1397 2462 1614 2532 possit?
1649 2482 1667 2513 ι
1702 2461 1859 2531 Atqui
1892 2460 2138 2526 llallzrus,

539 2561 743 2632 aliique
782 2556 1025 2629 ejusdem
1056 2566 1215 2613 secta:
1247 2556 1528 2619 homines,
1562 2555 1806 2611 confiteri
1840 2563 2139 2625 coguntur,

537 2651 628 2708 his
669 2650 1059 2723 posterioribus
1100 2648 1279 2705 verbis
1305 2663 1432 2702 vera
1464 2646 1891 2703 Christianorum
1944 2647 2141 2715 templa

538 2762 649 2801 non
691 2743 926 2802 excludi.
971 2742 1115 2814 Ergo
1151 2741 1402 2797 similiter
1445 2740 1715 2795 fateantur
1755 2754 1977 2794 necesse
2021 2748 2139 2801 est,

537 2839 811 2913 prioribus
848 2836 1089 2908 ejusdem
1131 2834 1343 2890 Minucii
1386 2833 1567 2889 verbis
1608 2848 1714 2887 non
1754 2832 1857 2886 alia
1895 2830 2139 2895 excludi,

540 2948 703 3002 quam
736 2932 991 2986 falsorum
1029 2929 1255 2985 deorum
1292 2927 1611 2992 simulat-ra,
1640 2935 1847 2982 statuas
1872 2932 1925 2979 et
1956 2922 2145 2991 imagi-

536 3039 660 3089 nes,
690 3039 809 3094 quae
836 3038 866 3077 a
898 3020 1225 3077 Christianis
1253 3018 1371 3074 sine
1416 3018 1721 3074 idololatria
1753 3016 1880 3072 ferri
1913 3031 2017 3069 non
2048 3029 2137 3084 po-

2244 1814 2415 1877 credi,
2451 1825 2542 1868 aut
2573 1818 2837 1869 meruisse
2868 1832 3112 1881 nostum,
3152 1828 3245 1873 aut
3281 1821 3519 1888 potuisse
3550 1833 3846 1877 tertcnttnt.

2246 1906 2337 1961 I\';e
2385 1908 2475 1963 ille
2521 1909 2873 1973 miserabilis,
2906 1911 3061 1980 Cujus
3109 1913 3159 1965 in
3201 1912 3419 1968 homine
3466 1914 3678 1968 mortali
3727 1932 3853 1984 spes

2246 2002 2423 2053 omnis
2454 2000 2504 2055 in
2549 2000 2737 2067 ititur;
2769 2010 2937 2055 totum
2979 2004 3121 2057 cnim
3152 2004 3270 2073 ejus
3311 2006 3568 2059 amillum
3603 2023 3722 2061 rum
3752 2024 3815 2062 ex
3836 2036 3851 2049 -

2244 2092 2408 2146 tinc'o
2455 2094 2671 2149 homine
2719 2096 2919 2148 linitur.
2980 2116 2995 2147 ι
3048 2096 3335 2151 Prmfracte
3383 2099 3542 2169 igitur
3590 2110 3747 2169 negat
3811 2118 3841 2155 a

2245 2184 2564 2239 Christianis
2593 2186 2719 2251 eoli,
2786 2188 3006 2242 noxium
3041 2188 3313 2245 hominem
3345 2205 3408 2245 ac
3451 2203 3619 2247 morte
3647 2193 3844 2249 merito

2248 2276 2585 2330 tnuictatum.

2320 2368 2456 2435 Quid
2486 2369 2657 2439 ergo?
2683 2368 2946 2441 Numquid
2975 2371 3237 2428 Minucius
3261 2383 3367 2429 tam
3394 2385 3543 2430 certo
3566 2375 3843 2431 affirmare

2248 2460 2418 2532 potuit
2472 2476 2687 2517 omnem
2746 2479 2966 2531 prorsus
3020 2466 3267 2530 cultum,
3323 2484 3385 2522 ac
3441 2470 3846 2525 venerationem

2246 2553 2461 2609 Christo
2505 2553 2779 2610 Servatori
2812 2574 2839 2609 :i
2883 2556 3206 2613 Christianis
3231 2560 3573 2632 denegatum.
3620 2564 3849 2617 nullam-

2244 2664 2348 2718 que
2372 2664 2590 2717 prorsus
2618 2649 2669 2703 in
2698 2649 2788 2704 illo
2810 2666 2960 2719 spem
2991 2652 3285 2707 habuisse?
3312 2654 3482 2709 Nemo
3520 2671 3651 2711 sane
3685 2656 3847 2710 homo

2246 2743 2297 2796 id
2324 2759 2571 2811 umquam
2603 2744 2917 2798 crediderit.
2949 2746 3079 2799 Cttm
3114 2756 3321 2801 certum
3358 2748 3538 2818 itaque
3574 2759 3629 2803 et
3656 2750 3847 2817 CXplO'

2246 2844 2419 2889 ratum
2450 2834 2519 2889 sit
2543 2833 2881 2891 ChriStianos
2906 2850 2958 2893 et
2990 2839 3222 2895 coluisse
3251 2838 3549 2901 Christum.
3586 2853 3640 2897 ct
3673 2845 3724 2897 in
3754 2859 3842 2909 eo,

2245 2929 2333 2997 qui
2368 2945 2463 2999 pro
2493 2930 2622 2998 ipsis
2649 2940 2891 2985 mortuus
2920 2932 3117 2997 fuerat,
3158 2949 3307 3003 Spem
3336 2937 3635 2993 collocasse
3660 2979 3676 3003 ,
3716 2938 3845 3009 quid

2248 3018 2371 3075 inde
2410 3021 2651 3089 colligas,
2700 3024 2801 3077 nisi
2850 3040 2944 3093 pro
2991 3036 3109 3079 rato
3157 3026 3370 3098 ﬁxoque
3412 3028 3702 3085 Minucium
3750 3046 3848 3101 po-

536 3124 736 3173 terant.
785 3114 859 3169 De
910 3112 994 3169 his
1035 3128 1198 3183 porro
1234 3110 1662 3167 Christianormn
1710 3108 2030 3180 imaginibus
2078 3108 2208 3171 etC
2244 3112 2437 3179 suisse,
2467 3112 2739 3168 Christum
2773 3130 2803 3169 a
2830 3118 3186 3172 sectatoribus
3219 3120 3330 3173 suis
3359 3136 3544 3176 revera
3580 3124 3705 3189 coli,
3736 3138 3843 3179 non

536 3206 883 3272 simulacris,
927 3220 1225 3273 eorumque
1273 3219 1373 3259 usu
1435 3203 1487 3258 in
1530 3203 1898 3273 superioribus
1939 3205 2139 3257 no~tris

535 3298 1010 3358 dissertationibus
1050 3298 1293 3369 egimus,
1339 3313 1401 3352 ac
1430 3297 1582 3366 plura
1621 3313 1649 3350 a
1698 3297 1945 3363 Petavio,
1987 3296 2136 3351 'fho-

534 3392 777 3449 mas.~ino
806 3402 855 3447 et
893 3391 1013 3447 aliis
1031 3390 1276 3463 pluribus
1294 3390 1488 3445 tradita
1508 3390 1685 3459 legere
1704 3390 1904 3460 poteris
1922 3388 2073 3461 (tom.
2099 3404 2136 3459 ι,

531 3484 811 3556 Apparat.,
855 3499 975 3556 pag.
1009 3484 1111 3539 747
1160 3492 1217 3539 et
1264 3498 1439 3551 seqq.:
1477 3482 1686 3546 Petav.,
1722 3490 1852 3536 tom.
1883 3498 1938 3543 v,
1972 3480 2139 3535 Theo-

538 3578 648 3652 log.
680 3581 933 3651 dogmat.,
963 3578 1058 3633 lib.
1093 3593 1183 3643 xv,
1218 3592 1338 3647 cap.
1367 3576 1456 3641 11,
1491 3586 1545 3631 et
1570 3575 1876 3639 'l'homass.,
1910 3574 2000 3629 lib.
2031 3590 2136 3639 xu;

538 3672 701 3732 Theol
752 3675 981 3744 dogmat.
1011 3671 1075 3725 de
1100 3668 1393 3733 Incarnat.,
1433 3684 1553 3740 cap.
1599 3669 1652 3735 7,
1683 3678 1735 3724 et
1766 3667 1963 3739 seqq).
2002 3666 2137 3735 Quid

536 3776 722 3825 autem
752 3777 941 3823 auctor
966 3776 1150 3821 noster
1189 3765 1257 3820 de
1292 3763 1536 3819 exhibito
1570 3778 1600 3818 a
1636 3761 1956 3818 Christianis
1992 3760 2138 3815 cruci

539 3858 742 3916 Christi
785 3859 933 3916 cultu
976 3867 1034 3915 et
1070 3858 1274 3913 honore
1316 3857 1599 3924 statuerit,
1638 3856 1688 3911 in
1728 3864 1918 3927 quarto
1955 3853 2144 3909 subsc-

546 3951 737 4025 quenti
761 3950 991 4008 articulo
1015 3949 1446 4023 investigandum
1478 3957 1582 4005 est.

1142 4119 1437 4161 Αιιτιευιυε
1475 4118 1555 4159 lll.

540 4242 810 4313 Quomodo
867 4241 1113 4299 Octavius
1162 4242 1366 4313 refellat
1428 4238 1691 4294 chilinni
1744 4239 2063 4309 objicientem
2116 4256 2148 4294 α

610 4336 919 4395 Christianis
945 4335 1048 4390 coli
1076 4334 1330 4387 hominem
1354 4332 1492 4385 cruci
1524 4348 1616 4397 pro
1645 4333 1873 4403 facinore
1904 4332 2110 4401 a/ﬁxnm
2130 4371 2145 4398 ,

615 4433 702 4488 ubi
731 4434 795 4486 de
835 4446 1072 4499 suprema
1099 4426 1293 4485 Christi
1323 4426 1588 4479 divinitate
1629 4441 1648 4479 .·
1685 4441 1838 4493 quam
1887 4428 2150 4497 perspicue

2243 3205 2457 3274 quidem
2484 3206 2622 3260 sicut
2653 3207 2922 3263 hominem
2950 3250 2965 3273 ,
3000 3225 3028 3262 a
3066 3226 3173 3279 quo
3209 3223 3421 3267 mortuo
3449 3214 3583 3269 nihil
3610 3216 3846 3273 ainalius

2242 3297 2592 3365 sperandum,
2616 3299 2710 3354 sed
2743 3308 2885 3356 sicut
2914 3303 3103 3371 Deum,
3132 3303 3184 3358 in
3216 3321 3345 3375 quo,
3396 3320 3584 3378 utpote
3624 3324 3753 3363 \ero
3793 3318 3850 3365 et

2248 3389 2540 3447 immortali
2580 3392 2722 3456 Deo,
2767 3411 2917 3466 spem
2958 3400 3246 3453 maximam
3288 3417 3502 3471 semper
3546 3402 3847 3458 habebant?

2246 3482 2433 3539 Noiine
2462 3496 2642 3541 autem
2689 3488 2849 3555 inde,
2898 3501 2953 3545 ut
2983 3492 3031 3546 id
3072 3494 3246 3548 obiter
3272 3494 3657 3563 observemus,
3699 3505 3845 3550 recte

2246 3577 2423 3647 colligi
2450 3589 2624 3647 potest
2652 3596 2963 3645 persuasum
2990 3584 3219 3639 Minucio
3248 3601 3474 3654 prorsus
3508 3588 3665 3641 fuisse
3687 3586 3846 3641 Chri-

2247 3678 2388 3725 stum
2417 3687 2536 3727 essc
2571 3689 2760 3727 verum
2794 3691 3170 3746 summumque
3202 3678 3387 3745 Deum,
3413 3692 3572 3751 atque
3601 3680 3842 3748 ejusdem

2247 3778 2368 3819 cum
2400 3774 2600 3819 mter-uo
2625 3765 2784 3822 Patre
2815 3784 2913 3823 suo
2945 3770 3303 3826 substantias?
3333 3772 3468 3829 Nam
3500 3774 3609 3836 ille.
3645 3773 3720 3828 uti
3749 3788 3843 3829 su-

2250 3874 2342 3929 pra
2366 3859 2700 3914 ostendimus
2722 3899 2736 3925 ,
2777 3863 3214 3920 Constantissime
3242 3865 3458 3929 docuit,
3493 3884 3655 3922 unum
3685 3867 3848 3922 dum-

2252 3957 2403 4005 taxat
2441 3966 2561 4007 esse
2592 3951 2779 4007 Deum.
2813 3952 2913 4009 Ubi
2943 3971 3069 4027 ergo
3094 3957 3365 4013 Christum
3400 3959 3563 4015 Deum
3592 3965 3841 4033 agnovit,

2252 4044 2321 4099 ibi
2356 4045 2528 4115 ipsqu
2561 4046 2802 4114 profecto
2830 4063 2995 4103 unum
3027 4050 3384 4123 eumdemque
3412 4068 3533 4109 cum
3562 4055 3716 4113 Patre
3744 4073 3844 4115 suo

2254 4135 2420 4192 Deum
2448 4137 2725 4195 confessus
2756 4150 2858 4197 est.

2324 4230 2573 4287 Petavius
2612 4248 2741 4305 ergo
2781 4250 2843 4290 ex
2888 4236 3073 4292 iisdem
3115 4238 3329 4296 Minucii
3369 4243 3568 4306 verbis.
3608 4246 3705 4301 sed
3744 4248 3847 4304 alia

2252 4325 2459 4380 ratione
2496 4327 2723 4396 probare
2763 4338 3018 4398 conatur,
3061 4333 3293 4399 agnitam
3334 4336 3401 4391 ab
3433 4337 3523 4390 illo
3557 4337 3724 4396 fuisse
3752 4356 3849 4396 suo

2252 4430 2492 4486 premam
2531 4416 2731 4474 Christi
2759 4420 3098 4479 divinitatem
3132 4424 3379 4493 (Petam,
3412 4438 3540 4484 tom.
3574 4446 3643 4495 ιι,
3678 4430 3846 4487 Theo-

615 4525 751 4580 idem
784 4522 1028 4578 Octauius
1057 4520 1291 4575 ostendat
1315 4517 1380 4571 ab
1402 4515 1671 4587 ngyptiis
1689 4516 1954 4571 scelestum
1981 4518 2148 4571 Itomi-
2172 4507 2228 4568 Ῑ)
2256 4507 2359 4576 10!]-
2400 4510 2650 4578 dogmut.,
2701 4512 2877 4582 pra-ﬁ,
2916 4529 3035 4586 cap.
3067 4516 3136 4581 5,
3168 4516 3196 4589 ᾗ
3225 4517 3317 4587 5),
3358 4519 3555 4577 cense;
3581 4527 3726 4580 enim
3764 4525 3849 4581 νίπ-

623 4633 761 4681 nem,
785 4624 831 4667 et
870 4630 901 4667 a
928 4613 1177 4670 Romanis
1207 4626 1349 4681 reges
1384 4619 1431 4663 rt
1456 4610 1783 4679 imperatores
1812 4610 1983 4663 divino
2012 4610 2150 4665 cultu

620 4712 919 4769 honoratos.
963 4723 1023 4761 ac
1066 4722 1155 4776 per
1182 4705 1388 4758 illorum
1446 4703 1621 4774 genios
1662 4704 1931 4774 juratum;
1978 4713 2149 4758 utrum

616 4821 733 4859 vero
756 4800 1064 4859 Christianis
1094 4816 1182 4871 per
1212 4813 1387 4853 eorum
1415 4796 1629 4850 salutem
1656 4797 1840 4868 jurare
1866 4800 1945 4868 fas
1974 4798 2146 4867 fuerit.

616 4963 953 5021 Christianos
993 4958 1225 5029 duplicis
1266 4957 1443 5014 adhuc
1484 4957 1710 5014 sceleris
1758 4958 2007 5017 Caecilius
2057 4978 2145 5018 ar-

546 5057 662 5129 guit
694 5073 708 5111 :
752 5074 770 5109 ι
803 5054 904 5123 Qui
938 5052 1234 5116 hominem,
1267 5050 1460 5122 inquit.
1505 5065 1717 5106 summo
1756 5053 2018 5124 supplicio
2050 5070 2146 5125 pro

546 5148 788 5203 facinore
818 5143 1062 5211 punitum
1086 5184 1102 5209 ,
1133 5151 1184 5197 et
1217 5143 1394 5197 crucis
1425 5141 1564 5213 ligna
1606 5143 1787 5198 feralia
1825 5161 2011 5201 eorum
2042 5163 2148 5203 ca:-

542 5241 805 5296 rimonias
832 5237 1161 5303 fabulantur,
1198 5236 1277 5292 vel
1311 5236 1508 5307 potius,
1532 5237 1817 5304 fabulatur,
1842 5256 2144 5312 congruen-

542 5333 620 5389 tia
665 5330 891 5405 perditis
934 5330 1322 5399 sceleratisque
1367 5331 1550 5386 trihttit
1594 5333 1820 5399 altaria;
1860 5346 1921 5391 ut
1958 5336 2008 5391 id
2053 5354 2144 5394 co-

541 5424 675 5485 lant.
706 5423 848 5495 quod
874 5431 1169 5479 merentur.
1207 5441 1226 5475 ι
1258 5422 1425 5478 Audis
1454 5439 1585 5479 sane
1610 5428 1881 5494 quomodo
1910 5432 2143 5499 gentiles

538 5516 771 5588 duplicis
810 5516 988 5573 adhuc
1022 5515 1237 5579 nefarii.
1269 5515 1342 5570 uti
1373 5516 1650 5586 putabant,
1680 5518 1856 5575 cultus
1882 5520 2144 5579 Clu-istia-

468 5664 485 5677 ,
531 5625 637 5668 nos
672 5607 1185 5675 condemnaverint;
1239 5607 1412 5678 primo
1453 5608 1596 5678 quod
1644 5610 1917 5667 hominem
1962 5618 2139 5675 crucis

522 5700 791 5788 supplicio
814 5716 915 5761 sua
948 5708 1167 5780 propter
1190 5698 1398 5760 scelera
1422 5699 1700 5778 affectum;
1727 5705 1972 5763 secundo
1996 5711 2137 5795 quod

2251 4600 2441 4656 doctus
2472 4601 2617 4658 illutn
2654 4604 2808 4660 fateri
2842 4622 3025 4663 verum
3059 4608 3225 4665 Deum
3261 4627 3382 4667 esse
3407 4613 3715 4683 Christum,
3745 4633 3846 4673 eo-

2250 4708 2354 4762 que
2394 4696 2609 4751 nomine
2640 4696 2744 4751 coli
2782 4714 2811 4751 a
2847 4698 3205 4768 Christianis,
3240 4705 3687 4775 quemadmodum
3726 4709 3850 4765 eth-

2251 4784 2356 4840 nici
2378 4786 2509 4842 deos
2531 4805 2659 4844 suos
2686 4792 3102 4850 venerabantur.
3131 4796 3236 4851 Sed
3264 4797 3560 4855 doctissimi
3590 4805 3686 4857 viri
3716 4819 3849 4872 pace

2250 4879 2407 4934 nobis
2448 4880 2629 4937 dicere
2683 4883 2883 4953 liccat,
2930 4888 3088 4955 paulo
3134 4889 3417 4947 enodatius
3467 4895 3848 4965 explicandum

2248 4974 2520 5044 quomodo
2547 4976 2675 5031 illud
2704 4993 2770 5033 ex
2801 4981 3001 5049 paucis,
3031 4998 3151 5053 qua:
3179 4984 3379 5056 integra
3411 4988 3710 5049 retulimus.
3741 4990 3846 5045 Mi-

2250 5068 2390 5123 nucii
2422 5068 2603 5124 verbis
2634 5071 2813 5142 eolligi
2846 5078 3031 5141 possit.
3075 5080 3139 5131 At
3167 5076 3281 5134 hinc
3309 5079 3522 5136 videtur
3545 5097 3665 5137 esse
3700 5083 3850 5141 illius

2248 5161 2908 5230 argumentatio.Erralis,
2940 5166 3164 5229 ethnici.
3195 5170 3283 5238 qui
3316 5173 3514 5239 putatis
3544 5173 3843 5239 hominem.

2250 5266 2398 5307 mere
2430 5261 2699 5309 terrenum
2726 5271 2791 5312 ac
2822 5259 3037 5314 noxium
3068 5276 3098 5315 a
3130 5262 3283 5317 nobis
3317 5264 3481 5320 Deum
3508 5267 3673 5322 credi.
3710 5267 3847 5327 Nam

2246 5344 2514 5401 credimus
2551 5346 2824 5405 Christum
2866 5369 2971 5407 non
3018 5355 3177 5409 modo
3220 5356 3491 5413 innoxium
3524 5360 3797 5416 hominem
3831 5404 3845 5429 ,

2247 5436 2339 5490 sed
2382 5453 2567 5493 verum
2616 5442 2776 5497 etiam
2820 5444 2985 5501 fuisse
3023 5447 3222 5515 Deum,
3269 5449 3319 5504 in
3361 5467 3469 5521 quo
3508 5468 3631 5523 spes
3661 5466 3847 5512 nostra

2248 5529 2557 5587 ﬁrmissime
2584 5533 2845 5589 innititur.

2315 5626 2601 5683 Christiani
2632 5630 2894 5701 siquidem
2932 5633 3002 5689 ab
3028 5634 3261 5693 ethnicis
3295 5638 3570 5707 judicibus
3612 5643 3847 5700 interro-

2241 5717 2377 5791 gati,
2413 5735 2511 5777 nec
2540 5721 2930 5786 imininentium
2963 5728 3343 5803 suppliciorum
3385 5744 3529 5793 metu
3559 5735 3843 5801 deterriti.
