4264 6258
415 373 521 435 5.19

1847 380 2316 438 lilSSERTATlO.

3604 376 3713 432 550

411 505 741 558 constanter.
782 495 921 551 sicut
955 494 1160 551 Plinius
1190 496 1255 549 ad
1293 494 1579 564 Trajaunm
1621 496 2002 566 Imperatorem
2032 503 2080 563 Α
2108 508 2451 552 consecratos
2479 498 2736 568 patribus.
2778 498 2888 553 Cur
2911 498 3079 566 ergo?
3104 494 3238 562 Quia
3278 512 3297 547 ι
3336 494 3535 561 tutius,
3566 513 3585 545 ι
3630 495 3714 547 ἱιιο

412 594 661 662 scripsit,
712 591 1107 660 reSpoudebant
1153 608 1166 645 :
1217 611 1233 641 ‹
1288 593 1516 646 Carmen
1558 590 1811 657 Christo,
1854 592 2006 661 quasi

416 688 547 753 Deo,
574 688 752 743 dicere
780 702 963 741 secum
991 688 1248 747 invicem,
1286 706 1304 737 ι
1340 686 1387 741 id
1417 697 1499 743 est
1519 728 1531 744 .
1561 686 1776 741 Christo
1797 727 1811 750 ,
1843 702 2003 754 quem

413 795 597 835 verum
638 779 804 834 Deum
834 794 957 834 esse
992 780 1301 833 asserebant
1328 824 1340 845 ,
1382 790 1430 832 et
1463 778 1648 849 quales
1674 821 1690 845 ,
1722 779 1793 832 uti
1835 780 2004 833 visum

415 872 657 935 Petavii»,
689 870 893 926 ethnici
921 886 1041 926 esse
1071 871 1201 926 deos
1230 885 1359 926 suos
1384 871 1780 925 arbitrabantur
1807 871 2004 943 (Plin.,

412 966 585 1035 Epist.
626 965 715 1020 t0l

483 1056 621 1113 Tun-
656 1056 854 1111 deinde
891 1055 1150 1110 Minucius
1177 1056 1518 1111 ethnicorum
1550 1064 1920 1126 argumentum
1953 1054 2007 1107 iu

412 1154 559 1223 ipsus
618 1158 895 1221 retorquet
930 1165 993 1205 ac
1033 1148 1369 1205 demonstrat
1398 1150 1465 1203 ab
1496 1149 1601 1204 illis
1638 1148 1779 1202 hunc
1810 1148 2004 1216 ipsum,

416 1261 579 1318 quem
602 1230 920 1300 Christianis
947 1242 1085 1297 falso
1109 1244 1525 1313 exprobrabant,
1556 1244 1860 1313 religiosum
1888 1241 2006 1295 cul-

418 1348 530 1395 tum
561 1354 711 1393 mero
742 1337 944 1392 homini
975 1352 1159 1392 revera
1188 1336 1451 1392 exhiberi.
1484 1336 1613 1391 Nam
1639 1335 1892 1407 Egyptii,
1928 1335 2009 1389 in-

413 1433 529 1503 quit
567 1432 654 1487 ille
674 1474 687 1499 ,
724 1448 886 1487 untun
915 1430 1186 1486 hominem
1228 1432 1485 1486 selectutu
1514 1433 1582 1487 de
1609 1431 1857 1485 omnibus
1880 1444 2009 1484 Cun-

414 1524 699 1580 sulebant.
747 1544 765 1576 ι
808 1524 954 1579 illum
996 1525 1385 1595 propitiabant,
1434 1545 1452 1577 ι
1486 1538 1645 1593 atque
1676 1524 1807 1594 ipsi,
1850 1539 2006 1588 quem

414 1616 669 1673 dicebant
688 1632 809 1672 esse
834 1618 1020 1679 Deum,
1047 1616 1322 1671 cardebant
1352 1617 1615 1671 victimas.
1640 1616 1807 1683 Quam
1829 1625 2006 1671 autem

412 1724 599 1764 verum
630 1709 680 1764 id
720 1711 813 1767 sit.
846 1709 1060 1764 docebit
1096 1720 1147 1763 te
1186 1708 1548 1780 Porphyrius.
1581 1709 1667 1779 qui
1700 1708 1765 1762 ad
1797 1708 2009 1762 Anebo-

412 1817 536 1858 nem
569 1804 682 1856 haec
707 1843 723 1870 ,
755 1804 894 1858 sicut
923 1802 1185 1857 Eusebius
1214 1802 1411 1867 refert,
1440 1800 1658 1868 scripsit
1697 1800 1748 1854 in
1788 1798 1947 1854 verba
1992 1817 2005 1853 :

2111 592 2225 661 quit
2249 593 2532 657 Octavius,
2566 593 2646 648 eis
2676 602 2787 647 erat
2807 633 2822 659 ,
2853 611 2870 644 ι
2903 606 2998 661 per
3026 589 3173 645 Jovis
3191 588 3403 659 genium
3428 588 3705 658 pejerare,

2111 698 2270 752 quam
2306 685 2463 754 regis.
2507 704 2525 737 ι
2566 685 2636 737 lbi
2666 694 2844 738 autem
2877 683 2966 737 ille
2996 689 3325 751 praeeuntem
3356 678 3708 751 proculdubio

2112 786 2326 830 secutus
2356 789 2436 831 est
2469 776 2511 829 Τ
2514 776 2895 841 crtnllianum,
2936 774 3090 844 cujus
3127 774 3243 828 hate
3273 778 3384 844 ipsa
3427 772 3591 828 verba
3631 772 3709 826 le—

2110 868 2252 938 gisse
2282 868 2493 922 videtur
2522 886 2533 920 :
2573 887 2591 919 ι
2626 866 2795 922 Citius
2827 867 2967 937 apud
3006 881 3102 921 vos
3122 907 3137 929 ,
3178 865 3436 935 gentiles,
3467 880 3563 935 per
3588 881 3708 917 oin-

2114 978 2209 1018 nes
2235 963 2365 1017 deos
2392 978 2549 1032 quam
2582 978 2676 1032 per
2699 977 2862 1015 unum
2890 961 3102 1032 genium
3126 959 3353 1015 Caesaris
3380 959 3648 1030 pejeratm-
3680 977 3699 1007 ι

2113 1055 2494 1127 ('l‘ertullian.,
2526 1055 2725 1127 .lpolog
2756 1096 2771 1121 ,
2798 1071 2918 1124 cap.
2951 1052 3080 1124 28).

2184 1148 2344 1204 Certo
2374 1147 2589 1217 quidem
2619 1150 2817 1203 certius
2845 1158 2926 1202 est
2957 1147 3069 1217 jam
3107 1147 3176 1201 ab
3213 1146 3436 1217 Augusti
3476 1146 3711 1217 impera-

2117 1241 2246 1295 toris
2278 1249 2520 1308 tempnre
2551 1255 2754 1295 morem
2784 1238 3090 1301 invaluisse,
3122 1248 3177 1292 ut
3200 1239 3233 1293 ii
3260 1253 3353 1309 per
3375 1251 3569 1292 nomen
3592 1237 3707 1290 sive

2113 1333 2327 1402 genium
2358 1330 2703 1399 Imperatoris
2730 1332 2993 1399 jurarent.
3029 1332 3238 1387 Etenim
3272 1330 3524 1387 Horatius
3552 1344 3708 1384 eum-

2113 1427 2234 1481 dem
2258 1426 2556 1496 Augustum
2581 1427 2928 1497 alloquendo,
2952 1427 3030 1481 sic
3055 1426 3285 1481 canebat
3318 1444 3331 1479 :

2239 1540 2453 1589 Piesenti
2478 1541 2565 1590 tibi
2592 1548 2812 1590 maturos
2851 1539 3081 1601 largimur
3103 1540 3335 1598 honores,

2237 1602 2574 1665 Juraudasme
2594 1612 2727 1653 tuum
2753 1617 2842 1665 per
2865 1616 3044 1651 nomen
3071 1604 3296 1664 ponimus
3318 1616 3446 1652 aras.

2620 1687 2832 1751 (Hom,
2855 1687 2890 1738 l.
2917 1702 2971 1748 ιι,
2998 1685 3149 1753 Epist.
3173 1701 3210 1749 ι,
3237 1700 3285 1737 υ.
3311 1688 3368 1738 15
3387 1694 3440 1738 et
3460 1687 3561 1750 16.)

2114 1794 2282 1850 Audis
2320 1805 2469 1851 certe
2494 1804 2548 1851 et
2576 1796 2776 1865 positas
2797 1834 2815 1860 ,
2844 1796 2977 1849 sicut
3016 1796 3259 1864 proxime
3286 1794 3550 1861 diximus,
3593 1795 3709 1848 Att-

420 1913 438 1945 ι
478 1894 694 1949 Homini
723 1909 939 1964 queque
967 1893 1107 1948 circa
1143 1909 1356 1964 pagum,
1381 1908 1538 1963 quem
1564 1891 1771 1946 Anubin
1791 1901 2005 1957 Vocant,
2040 1900 2085 1958 Β
2113 1898 2270 1958 gustu
2322 1888 2495 1943 adhuc
2523 1889 2723 1943 viventi
2756 1903 2899 1950 aras.
2930 1904 2991 1943 ac
3021 1903 3117 1958 per
3144 1904 3364 1954 nomen,
3398 1887 3451 1943 id
3478 1898 3580 1953 est,
3614 1903 3709 1957 ge.-

413 1987 627 2043 divinos
656 1989 889 2044 honores
917 1988 1176 2050 tribuunt,
1210 1989 1367 2057 eique
1398 1987 1720 2043 sacrilicimn
1751 1986 2006 2051 oll‘erunt,

413 2089 470 2135 et
521 2080 797 2149 impositas
844 2081 1102 2136 altaribus
1148 2080 1350 2135 hostias
1402 2078 1638 2134 adolent.
1703 2099 1720 2130 ι
1764 2066 2010 2148 Lepcim»

411 2182 629 2239 σέϐουσι,
670 2177 774 2233 κατ’
812 2160 984 2232 Avehit
1028 2184 1217 2244 κώμην,
1261 2182 1305 2229 ἰν
1401 2184 1483 2228 καὶ
1514 2179 1665 2244 roth-op
1695 2178 1893 2238 οὑτται,
1928 2178 2007 2226 καὶ

412 2272 489 2322 ἰπὶ
516 2286 607 2324 τῶν
625 2279 805 2339 βωμῶν
828 2274 891 2325 τὲ.
921 2276 1022 2339 ἱερὰ
1048 2274 1312 2322 iuste-rm.
1354 2285 1372 2318 ί
1412 2266 1506 2322 Ille
1534 2281 1660 2321 vero
1688 2276 1869 2335 postea
1895 2276 2009 2320 littl-

412 2369 524 2415 tutn
564 2360 836 2425 comedit,
878 2376 997 2429 qua:
1033 2361 1133 2415 sibi
1177 2376 1241 2415 ex
1287 2361 1493 2430 privato
1534 2375 1704 2429 penu,
1739 2370 2007 2429 tamquam

414 2455 622 2525 privato
658 2454 859 2508 homini
898 2463 1079 2523 parata
1108 2462 1160 2507 et
1185 2453 1426 2523 apposita
1455 2453 1650 2507 fuerint
1686 2472 1705 2504 ι
1742 2451 2006 2523 (Euseb.,

414 2547 507 2602 lib.
537 2562 612 2612 ut,
643 2546 876 2617 Prwpar.
904 2544 1127 2617 Evang.,
1153 2561 1272 2614 cap.
1299 2547 1351 2610 3,
1376 2561 1493 2616 pag.
1520 2544 1648 2613 94).
1677 2544 1873 2599 Eadem
1898 2545 2007 2610 ille,

419 2640 571 2695 nullo
599 2654 820 2694 anetore
848 2640 1034 2703 citato,
1074 2638 1286 2707 repetit.
1315 2639 1452 2693 sicut
1480 2648 1664 2708 postea
1697 2635 2010 2691 Theodore-

417 2743 501 2787 tus
524 2775 537 2797 ,
570 2733 661 2801 qui
689 2731 975 2803 Porphyrii
1001 2729 1213 2801 quidem
1242 2730 1371 2784 citat
1404 2728 1695 2799 Epistulam
1715 2771 1730 2792 ,
1762 2728 2012 2795 illiusque

418 2839 662 2889 Sensum,
686 2822 781 2878 sed
811 2838 915 2876 non
940 2827 1099 2877 verba
1127 2820 1345 2875 exhibet
1370 2820 1745 2892 (Theodoret.,
1775 2828 1904 2874 tom.
1932 2834 2008 2887 iv,

416 2915 593 2968 Serm.
627 2914 679 2973 3.
716 2914 779 2967 de
808 2914 991 2983 Auget.
1023 2922 1070 2965 et
1099 2912 1345 2975 danaum,
1380 2928 1497 2980 pag.
1532 2911 1685 2983 516).

490 3011 611 3064 Alio
650 3009 821 3063 adhuc
856 3017 1173 3077 argumento
1206 3006 1471 3062 Minucius
1501 3006 1748 3062 ethnicos
1796 3021 1858 3061 ac
1916 3019 2012 3074 po-

420 3103 680 3157 tissimum
714 3100 988 3155 Romanos
1015 3100 1259 3166 ejusdem
1287 3099 1576 3168 impietatis
1603 3099 1864 3170 eoarguit.
1895 3096 2009 3153 Non

414 3196 528 3251 suis
567 3196 709 3250 enim
753 3205 956 3249 tantum
996 3194 1329 3264 principibus
1366 3203 1421 3248 et
1462 3193 1696 3263 regibus,
1740 3205 2007 3265 tamquam

2117 1983 2262 2036 nintn
2294 1983 2410 2052 ejus
2447 1984 2693 2039 ethnicus
2726 1988 2954 2049 jurasse.
2997 1983 3284 2052 Postquam
3315 1996 3444 2037 vero
3484 1982 3573 2037 ille
3602 1983 3712 2036 fato

2116 2074 2328 2129 functus
2378 2075 2608 2140 fuisset,
2662 2074 2920 2130 Claudius
2966 2074 3167 2141 Carsar,
3221 2084 3357 2131 teste
3404 2074 3661 2131 Suetonio
3693 2114 3710 2136 ,

2123 2186 2141 2218 ι
2178 2167 2552 2237 Jusjurandum
2596 2183 2768 2238 neque
2816 2169 3055 2222 sanctius
3095 2168 3219 2234 sibi,
3259 2183 3433 2239 neque
3467 2166 3711 2222 crebrius

2120 2261 2382 2322 instituit,
2425 2276 2580 2331 quant
2627 2276 2721 2330 per
2762 2262 3055 2332 Augustum
3100 2278 3120 2314 ι
3164 2260 3452 2333 (Sueton..
3496 2259 3548 2313 in
3597 2255 3713 2311 Vita

2117 2353 2325 2417 Claud.,
2360 2353 2387 2424 §
2420 2352 2546 2423 11),
2591 2355 2641 2408 id
2688 2363 2801 2420 est,
2852 2369 2946 2424 per
2982 2352 3099 2423 ejus
3139 2353 3354 2422 genium
3393 2361 3449 2407 et
3490 2366 3713 2405 nomen.

2113 2445 2286 2511 Quam
2314 2459 2526 2498 sacrum
2557 2455 2737 2499 autem
2767 2458 2830 2499 ac
2856 2446 3164 2515 religiosum
3198 2443 3359 2497 fuerit
3396 2446 3497 2498 hoc
3533 2443 3710 2512 jusju-

2115 2538 2341 2592 randum
2368 2536 2413 2590 si
2440 2537 2537 2592 tibi
2566 2538 2741 2593 adhuc
2770 2536 2983 2608 probari
3010 2551 3191 2599 aveas,
3221 2536 3399 2591 disces
3429 2535 3611 2604 utique
3642 2551 3709 2588 ex

2114 2632 2199 2687 bis
2220 2632 2390 2689 Taciti
2419 2620 2640 2688 verbis:
2679 2652 2699 2685 ι
2738 2631 2937 2687 Aubrio
2965 2632 3176 2686 crimini
3204 2630 3431 2687 dabatur
3452 2632 3709 2685 violatum

2116 2727 2353 2798 perjurio
2395 2742 2588 2782 nomen
2630 2725 2877 2797 Augusti.
2912 2724 3043 2794 Quie
3077 2724 3165 2779 ubi
3209 2723 3424 2779 Tiberio
3452 2734 3710 2785 notuere,

2115 2821 2329 2891 st-ripsit
2358 2821 2881 2876 consulibus.........
2906 2818 3280 2889 jusjurandum
3313 2817 3536 2887 perinde
3564 2816 3712 2870 testi?

2115 2912 2393 2980 mandum,
2426 2929 2586 2984 quam
2615 2918 2659 2969 si
2690 2912 2877 2969 Jovem
2909 2910 3187 2968 fefellisset
3222 2929 3240 2965 ›
3277 2909 3510 2982 (Tacit.,
3542 2909 3630 2975 lib.
3670 2927 3707 2977 ι,

2116 3008 2308 3064 Annal.
2337 3018 2461 3064 ante
2490 3009 2579 3063 fin.
2602 3008 2643 3078 ).

2187 3100 2371 3172 Neque
2398 3118 2558 3171 porro
2581 3118 2677 3173 per
2703 3101 2873 3159 solius
2902 3102 3146 3173 Augusti,
3174 3101 3267 3157 sed
3293 3101 3520 3156 aliorum
3547 3099 3709 3153 etiam

2115 3194 2505 3266 lmperatoruni
2545 3196 2762 3267 genium
2806 3195 3036 3267 gentiles
3075 3195 3259 3264 jurare
3292 3202 3703 3250 consueverant.

415 3285 517 3341 diis
540 3329 556 3352 ,
589 3286 815 3357 turpiter
848 3285 1226 3340 adulabautur:
1260 3284 1354 3341 sed
1385 3300 1574 3340 eorum
1611 3287 1771 3340 etiam
1814 3301 2010 3341 numen
2036 3285 2083 3350 C
2119 3286 2514 3344 Perversissimi
2554 3288 2819 3359 siquidem
2867 3288 3026 3356 hujus
3062 3289 3229 3342 moris
3258 3286 3710 3357 locupletissimus

417 3380 754 3441 invocabant,
785 3380 850 3434 ad
889 3396 1075 3435 eorum
1105 3378 1362 3451 imagines
1387 3379 1779 3450 supplicabant,
1812 3380 2009 3450 implo-

418 3472 602 3526 rabant
652 3472 889 3542 lpSttl‘Ulll
929 3471 1261 3533 daemonem,
1300 3486 1364 3525 ac
1405 3475 1568 3526 tutius
1596 3471 1700 3526 illis
1729 3481 1872 3537 erat,
1917 3486 2013 3543 per

415 3561 579 3626 Jovis,
613 3581 771 3636 quam
802 3567 943 3632 regis
971 3567 1051 3621 sui
1080 3567 1295 3635 genium
1322 3567 1529 3635 jurare.

491 3654 566 3709 De
594 3656 854 3712 scelerata
896 3656 981 3711 illa
1010 3656 1338 3722 adulatione,
1368 3671 1470 3727 qua
1501 3664 1742 3711 mortuos
1771 3656 2011 3727 Impera-

415 3755 566 3804 tores
584 3762 712 3805 suos
734 3750 955 3805 Romani
977 3750 1199 3805 deorum
1223 3765 1449 3806 numero
1471 3749 1873 3816 adscribebant,
1899 3752 2012 3808 haec

420 3841 559 3907 apud
588 3841 849 3898 Iustinum
876 3844 1163 3917 Martyretn
1188 3845 1409 3914 legimus
1437 3862 1451 3899 :
1478 3850 1582 3900 Καὶ
1606 3850 2011 3918 τίγᾶράποθννζσ·

419 3958 586 3996 κςνταις
615 3937 726 4005 παρ’
749 3940 857 4002 ὑμῖν
886 3940 1236 4009 αὐτοκράτορας
1266 3942 1716 4005 ἄτα-Ἵανιτίζοσθιι
1743 3946 2007 4006 ἀξιοῦντες,

418 4032 500 4080 καὶ
536 4032 741 4097 amona
766 4033 875 4084 τινὰ
903 4036 1123 4099 προάγιτε
1147 4036 1407 4099 ἑωρακενιιι
1439 4037 1491 4085 lx
1518 4046 1603 4090 τὶς
1630 4041 1780 4102 nupti;
1814 4038 2013 4103 ἀνερχό-

413 4146 549 4191 μενον
569 4126 635 4185 εἰς
658 4134 735 4180 τὸν
757 4128 947 4194 οὗρινὸν
969 4129 1049 4180 τόν
1074 4133 1376 4180 κατακιέντα
1394 4123 1639 4195 Καθαροί.
1677 4143 1695 4176 ι
1727 4124 2013 4181 Morientes

416 4216 555 4284 apud
600 4230 695 4270 vos
739 4215 1097 4281 hnperatores
1137 4232 1353 4287 semper
1397 4217 1782 4272 immortalitati
1821 4232 2012 4273 conse-

416 4321 570 4362 crare
596 4306 922 4377 dignemini,
966 4307 1321 4377 producentes
1351 4309 1655 4379 quempiam
1680 4349 1694 4371 ,
1737 4308 1828 4377 qui
1862 4309 2013 4380 jure-

413 4397 646 4468 jurando
690 4399 975 4454 confirmet
1016 4400 1212 4457 vidisse
1254 4416 1316 4456 se.
1352 4416 1385 4456 e
1422 4415 1554 4471 rogo
1596 4401 1648 4457 in
1692 4402 1886 4458 coelum
1928 4418 2013 4459 as-

417 4490 648 4545 cendere
671 4490 951 4545 ardentv-m
975 4489 1269 4547 Caesarem.
1302 4511 1321 4545 ι
1358 4494 1545 4549 l’osma
1574 4509 1743 4550 vero:
1778 4513 1797 4546 ι
1835 4495 1898 4549 Et
1921 4497 2011 4559 qui

416 4584 557 4653 apud
604 4599 699 4635 vos
738 4586 1074 4649 moriuntur,
1114 4584 1498 4652 Imperatorum
1546 4587 1803 4656 imagines
1842 4587 2011 4667 forma

2117 3380 2270 3435 testis
2297 3381 2450 3437 nobis
2479 3390 2562 3436 est
2588 3381 2866 3452 Apuleius.
2897 3378 3031 3435 Cum
3061 3381 3204 3435 enim
3231 3379 3568 3451 Magistratus
3592 3378 3710 3431 hor-

2115 3473 2357 3529 tulanum
2383 3474 2667 3544 quemdam
2695 3482 3023 3545 quaererent,
3050 3483 3211 3545 atque
3237 3473 3325 3529 ubi
3351 3484 3493 3529 esset
3518 3474 3710 3527 scisci-

2117 3573 2360 3621 tarentur
2387 3582 2402 3621 :
2446 3583 2466 3618 ι
2503 3565 2791 3627 Militones.
2823 3567 3017 3637 inquit,
3046 3567 3117 3622 ibi
3149 3583 3248 3623 nec
3277 3567 3484 3639 uspiam
3513 3566 3707 3622 delite-

2114 3670 2267 3714 scere
2305 3656 2617 3727 adjurantes
2640 3700 2656 3727 ,
2696 3660 2912 3729 genium
2958 3661 3214 3731 principis
3250 3660 3647 3716 contendebant
3683 3681 3702 3713 ι

2114 3748 2351 3823 (Apulei.
2389 3751 2488 3807 lib.
2537 3768 2590 3807 Ix
2613 3793 2629 3819 ,
2662 3751 3005 3825 Melamorph.
3052 3752 3152 3808 sub
3185 3754 3325 3823 lin.).
3357 3752 3596 3823 Caligula
3625 3754 3707 3806 itt-

2114 3858 2278 3913 super
2298 3844 2519 3912 multos,
2547 3845 2809 3901 Suetonio
2836 3856 2991 3913 teste,
3013 3846 3269 3917 gravibus
3290 3846 3464 3916 pinnis
3488 3846 3659 3901 affecit
3691 3863 3703 3898 :

2120 3953 2140 3987 ‹
2183 3936 2329 4006 quod
2372 3952 2661 4007 numquam
2703 3952 2799 4006 per
2834 3939 3050 4009 genium
3095 3952 3251 3991 suum
3301 3936 3634 4006 deierassent
3683 3958 3700 3987 I

2115 4025 2315 4097 (Suet.,
2348 4026 2439 4081 lib.
2471 4042 2543 4086 iv.
2577 4026 2605 4097 §
2632 4026 2759 4099 27).
2796 4027 3057 4098 Denique,
3081 4035 3140 4081 ut
3177 4028 3325 4096 plura
3366 4029 3710 4090 omittamus,

2117 4128 2298 4173 narrat
2326 4117 2722 4185 Tertullianus,
2762 4118 3101 4190 perduelles.
3144 4121 3232 4189 qui
3263 4134 3292 4171 a
3331 4116 3499 4173 Cassii
3536 4128 3589 4172 et
3617 4120 3706 4172 Al-

2115 4212 2224 4268 bini
2270 4211 2513 4283 partibus
2536 4211 2788 4277 stabant,
2822 4226 2919 4282 per
2954 4211 3140 4281 genios
3171 4210 3444 4281 pejerasse
3472 4209 3708 4280 Impera-

2115 4314 2291 4361 torum
2337 4304 2717 4378 (Tertullian.,
2765 4305 3056 4376 Apologet.,
3097 4319 3217 4377 cap.
3259 4305 3369 4371 55,
3410 4316 3465 4361 ct
3506 4294 3596 4359 lib.
3641 4305 3710 4357 ad

2118 4398 2359 4468 Scapul..
2391 4413 2512 4467 cap.
2544 4400 2600 4466 2,
2634 4414 2754 4471 pag.
2782 4398 2914 4473 85).
3546 4466 3551 4469 η
3700 4464 3703 4467 Α

2189 4488 2298 4546 Sed
2331 4490 2551 4561 impium
2581 4490 2712 4547 illud
2739 4490 3115 4562 jusjurandum
3151 4488 3441 4547 Christiani
3477 4490 3716 4547 detesta-

2117 4582 2333 4639 bantur.
2358 4584 2722 4650 Quamobrem
2748 4585 3094 4658 Polycarpus.
3118 4584 3572 4657 quemadmodum
3597 4586 3713 4641 aie-

419 4673 518 4728 ista
547 4677 892 4731 consecratis.
932 4685 988 4730 et
1026 4677 1158 4749 deos
1188 4678 1619 4747 inscriptionibus
1664 4681 1950 4736 nominatis
1988 4701 2005 4733 ι
2037 4683 2092 4744 D
2120 4680 2211 4735 bat
2236 4679 2521 4749 Eusebius,
2547 4696 2837 4752 numquam
2865 4696 2893 4733 a
2923 4692 3153 4753 tyranno
3176 4680 3291 4750 cogi
3323 4680 3512 4749 putuit.
3543 4690 3598 4733 ut
3620 4695 3716 4749 per

423 4765 678 4836 (Justiu.,
720 4778 966 4837 martyr,
1001 4770 1218 4841 Apolog.
1251 4785 1309 4836 ι,
1344 4785 1462 4839 pag.
1495 4771 1721 4843 67-90).
1764 4771 1871 4827 Sed
1902 4772 2015 4827 haec

424 4858 586 4926 impia
628 4857 1014 4929 lirperatornm
1057 4860 1419 4916 Remanorum
1464 4864 1773 4931 apotheosis
1814 4864 2013 4919 nemini

424 4950 600 5019 plane,
638 4952 727 5020 qui
759 4953 840 5006 vel
872 4953 1196 5022 primoribus
1227 4953 1389 5007 labris
1417 4954 1649 5023 aliquam
1681 4956 1891 5011 illorum
1933 4957 2016 5012 hi-

420 5045 643 5099 storiam
683 5046 942 5116 attigerit.
976 5045 1246 5117 ineuguita
1283 5061 1405 5103 esse
1435 5057 1627 5114 potest.
1672 5048 1788 5103 Non
1831 5050 1900 5104 ibi
1932 5060 2014 5105 ta-

421 5154 545 5195 men
573 5143 721 5196 stetit
761 5157 981 5211 prorsus
1016 5142 1328 5197 detestanda
1367 5143 1704 5200 ethnicorum
1744 5143 2011 5207 adulatio,

422 5233 515 5287 sed
546 5233 733 5289 iisdem
768 5237 881 5288 suis
911 5233 1351 5302 lmperatoribus,
1378 5236 1553 5290 adhuc
1584 5236 1740 5299 vivis,
1774 5237 1845 5290 uti
1871 5235 2016 5290 Julio

421 5325 619 5380 (lassari
645 5370 661 5392 ,
703 5326 997 5380 Octaviano
1029 5328 1269 5398 Angusto
1292 5369 1307 5393 ,
1340 5329 1564 5398 aliisque
1585 5372 1599 5395 ,
1639 5337 2019 5385 exstruxerunt

424 5418 623 5485 templa
644 5457 659 5477 .
693 5426 748 5471 et
784 5431 941 5483 aras,
981 5426 1142 5489 atque
1172 5420 1477 5475 sacerdotes
1506 5430 1822 5475 creaverunt
1853 5419 2021 5491 (Sue-

423 5520 563 5578 ton.,
587 5513 640 5566 in
677 5511 790 5566 Vita
815 5510 948 5567 Julii
971 5513 1127 5578 Ctes,
1154 5518 1182 5585 ᾗ
1206 5514 1295 5577 76;
1321 5526 1371 5568 et
1395 5516 1446 5568 in
1479 5513 1591 5567 Vita
1611 5515 1848 5583 Angust.,
1876 5514 2017 5584 §52.

425 5602 643 5673 Cornel.
674 5605 871 5667 Tacit..
906 5607 997 5661 lib.
1031 5624 1110 5671 Ill,
1145 5607 1360 5672 Annal.,
1383 5608 1513 5661 circ.
1550 5604 1741 5676 tncd.).

500 5697 639 5751 Suos
671 5709 849 5753 autem
879 5700 1240 5771 Imperatores
1269 5701 1445 5756 adhuc
1476 5700 1718 5753 viventes
1739 5744 1752 5765 ,
1786 5708 1877 5753 aut
1904 5708 2025 5768 post

426 5800 681 5855 mortem,
718 5792 849 5848 deus
887 5812 915 5848 a
960 5811 1019 5850 se
1066 5796 1431 5860 renuntiatus,
1477 5796 1645 5864 magis
1684 5792 2025 5859 verebantur,

427 5900 592 5957 quam
637 5887 1005 5959 antiquiores,
1047 5889 1313 5960 longoque
1347 5889 1459 5960 jam
1502 5905 1531 5943 a
1570 5896 1811 5958 tempore
1847 5903 1879 5943 a
1915 5890 2028 5944 suis

2118 4773 2347 4830 Cmsaris
2374 4777 2586 4843 genium
2613 4776 2821 4844 juraret
2850 4774 2870 4849 (
2895 4775 3116 4832 Euseb.
3142 4775 3235 4829 lib.
3269 4790 3344 4837 iv,
3382 4774 3515 4828 Hist.
3542 4772 3714 4841 Eccl.,

2119 4882 2240 4936 cap.
2275 4869 2364 4933 15.
2391 4885 2512 4940 pag.
2545 4870 2641 4924 151
2675 4878 2730 4924 et
2757 4884 2906 4938 seqq.
2931 4866 2973 4939 ).
2998 4868 3104 4922 Alii
3133 4882 3259 4921 vero
3280 4867 3589 4933 Christiani,
3618 4868 3698 4921 sic

2122 4959 2194 5013 uti
2225 4958 2364 5014 idem
2389 4960 2753 5015 Tertullianus
2790 4968 3040 5024 testatur,
3083 4957 3402 5025 irreligiosi,
3431 4973 3493 5012 ac
3532 4958 3714 5028 populi

2121 5050 2304 5105 hostes
2350 5062 2634 5122 propterea
2683 5050 2995 5123 proclamati
3044 5058 3202 5115 sunt,
3251 5049 3392 5119 quod
3438 5047 3713 5104 CiL'Sﬂl‘llDl

2120 5145 2380 5214 imagines
2410 5145 2773 5214 repropitiari,
2807 5158 3107 5211 eorumque
3134 5142 3322 5213 genios
3346 5142 3589 5212 dejerarc
3618 5141 3715 5196 de-

2123 5238 2486 5292 tri-cluverint.
2530 5237 2636 5292 Sed
2680 5237 2747 5292 de
2786 5235 3115 5290 Tertulliano
3154 5235 3330 5290 adhuc
3367 5233 3568 5303 aliquid
3615 5249 3714 5288 suo

2123 5329 2243 5385 loco
2268 5330 2549 5384 dicendum
2573 5327 2939 5402 (Tertullian.,
2968 5330 3255 5400 Apologct..
3280 5342 3399 5398 cap.
3427 5324 3517 5393 δὲ,
3542 5342 3593 5397 p.
3620 5327 3712 5393 51,

2122 5433 2176 5476 et
2203 5421 2297 5475 lib.
2329 5437 2365 5486 ι,
2393 5422 2460 5473 ad
2492 5419 2732 5485 Natiou.,
2760 5436 2879 5489 cap.
2914 5421 3000 5485 17,
3034 5436 3151 5489 pag.
3177 5419 3236 5475 61

2194 5512 2446 5567 Nonnulli
2498 5528 2658 5581 porro
2716 5529 2746 5566 a
2796 5511 2953 5567 nobis
3010 5512 3253 5566 fortas-is
3298 5510 3566 5581 inquirent
3623 5526 3721 5567 cur

2123 5604 2384 5660 Minucius
2412 5614 2517 5659 tam
2544 5604 2879 5660 conlidenler
2909 5604 3213 5676 pronuntiet
3242 5603 3520 5669 ethnicos,
3564 5621 3584 5654 ι
3624 5613 3679 5658 ιιι
3700 5634 3715 5645 ο

2128 5700 2265 5757 tius.
2306 5718 2323 5750 ι
2361 5698 2444 5751 vel
2473 5703 2612 5752 sicut
2649 5700 2723 5753 ait
2758 5699 3141 5761 Tertullianus,
3178 5716 3197 5750 ι
3231 5699 3410 5763 citius,
3454 5716 3472 5751 ι
3506 5714 3599 5769 per
3624 5697 3721 5752 Jo-

2129 5793 2229 5857 vis,
2257 5808 2415 5863 quam
2445 5791 2788 5862 Imperatoris
2817 5793 3031 5863 genium
3057 5791 3267 5862 jnrasse
3293 5792 3314 5864 (
3338 5791 3500 5859 idem,
3527 5792 3724 5864 Apolo-

2131 5896 2260 5957 σει,
2291 5901 2410 5957 cap.
2441 5885 2512 5942 28
2532 5886 2572 5957 ).
2618 5888 2895 5959 Duplicem
2924 5888 3103 5959 itaque
3145 5885 3411 5943 rationem
3440 5886 3547 5945 illis
3574 5885 3735 5943 dabi-
