4264 6258
542 347 642 403 551

1853 345 1937 400 DE
1977 341 2237 401 MINUCII
2275 341 2576 403 OCTAVIO

3757 355 3860 410 532

541 477 685 520 mus.
721 461 900 516 Prima
931 469 1039 529 est,
1083 475 1243 530 quam
1285 461 1648 516 Tertullianus
1683 461 1838 516 nobis
1869 464 2136 533 suggerit,
2169 459 2223 521 A
2249 466 2561 518 memoriam
2599 466 2809 538 (Cyrill.
2838 467 3159 534 Alexandr.,
3189 469 3284 525 lib.
3316 486 3389 537 vr,
3423 480 3590 526 contr.
3617 472 3849 541 Julian.,

545 557 778 628 gentiles
799 556 975 610 minus
1002 555 1135 607 deos
1169 568 1296 607 suos
1325 554 1567 607 timuisse
1587 596 1602 619 ,
1631 570 1790 624 quam
1822 565 2146 623 praesentem

549 649 940 716 lmperatorum
977 654 1319 716 potestatem.
1367 644 1616 699 Secunda
1654 659 1784 699 vero
1806 686 1820 712 ,
1853 645 1974 714 quia
2003 645 2152 714 jura-

549 744 717 800 menti
752 743 858 795 Deo
885 740 1130 809 pra-stiti,
1163 741 1330 809 inquit
1361 739 1632 798 Zozimus.
1662 739 1984 795 eondonatio
2012 740 2150 793 divi-

547 852 635 890 ιιιυ
665 834 972 903 benignitati
1001 834 1258 900 permissa
1289 843 1400 885 erat
1429 830 1447 903 (
1472 831 1697 892 Zozim.,
1729 831 1821 884 lib.
1854 848 1908 890 ν.
1946 830 2143 884 Histor.

547 931 603 985 in
638 928 725 982 lin.
754 928 791 998 ).
836 927 933 994 Qui
978 943 1107 980 vero
1155 941 1248 995 per
1282 925 1495 995 genium
1544 926 1837 994 principis,
1880 925 1962 977 vel
2006 928 2056 977 in
2096 941 2153 978 re

549 1023 732 1086 aliqua
767 1021 988 1074 minoris
1019 1020 1295 1081 momenti,
1323 1018 1470 1072 verbi
1498 1019 1663 1084 gratia
1697 1017 2024 1088 pecuniaria,
2063 1032 2155 1086 pe-

551 1113 784 1185 jerahat,
822 1113 886 1175 is,
920 1112 1073 1164 siculi
1107 1110 1664 1179 Ulpianus-anuotavit
1688 1152 1703 1174 ,
1732 1108 1960 1163 fustibus
1988 1109 2152 1161 casti-

552 1207 666 1276 gari
707 1204 995 1272 jubebatur
1035 1201 1308 1273 (Ulpian.,
1353 1201 1444 1255 lib.
1488 1217 1562 1265 ιι,
1606 1202 1744 1255 titul.
1785 1200 1854 1265 2,
1901 1201 2004 1269 leg.
2049 1203 2153 1266 15,

559 1299 589 1370 §
634 1299 695 1353 Si
733 1300 904 1368 quis).
958 1298 1116 1350 l’lura
1153 1297 1240 1366 qui
1291 1296 1555 1360 voluerit,
1611 1296 1702 1349 ille
1749 1295 1904 1348 adeat
1946 1295 2156 1349 Brisso-

552 1398 728 1456 nium.
760 1391 1085 1446 llansenium
1119 1391 1441 1455 'l‘rclierum,
1462 1400 1514 1444 et
1543 1389 1682 1442 alios
1711 1389 1798 1458 qui
1827 1389 1894 1442 de
1916 1399 2154 1442 veterum

554 1487 892 1558 juramento.
940 1492 993 1537 et
1035 1481 1299 1536 Tallinum
1332 1481 1421 1551 qui
1463 1481 1531 1534 de
1569 1480 1710 1548 genii
1752 1480 1928 1540 cultu.
1961 1495 2023 1533 ac
2061 1496 2158 1550 per

565 1595 687 1634 eum
715 1577 928 1647 jurandi
961 1591 1108 1630 more
1137 1577 1472 1644 scripserunt
1500 1575 1787 1641 (Brisson.,
1823 1574 1914 1629 lib.
1947 1587 2060 1635 viti.
2094 1574 2157 1628 de

559 1671 820 1726 FornruL.
837 1683 955 1741 pag.
981 1670 1104 1733 809;
1140 1670 1398 1732 llansen”
1431 1668 1493 1722 de
1517 1667 1806 1722 Jurament.
1839 1678 2012 1735 vclcr.,
2037 1684 2153 1740 cap.

558 1766 649 1834 46;
684 1765 898 1832 'l‘al'lin.,
933 1765 995 1819 de
1021 1765 1169 1818 Anno
1197 1763 1400 1823 ειεειιί..
1432 1772 1560 1828 etc.,
1593 1777 1710 1831 cap.
1747 1760 1868 1832 15).

1159 1893 1347 1933 ARTICU
1357 1892 1449 1933 LUS
1489 1891 1560 1931 IV.

632 2015 748 2083 Qua
781 2013 978 2068 ratione
1005 2013 1058 2066 Μ
1068 2014 1269 2067 iuucins
1307 2013 1498 2067 dixerit
1527 2028 1703 2066 cruces
1727 2027 1756 2065 (ι
1783 2009 2088 2065 Christianis

1076 2123 1170 2160 nec
1201 2107 1320 2172 coli,
1355 2123 1445 2160 nec
1479 2107 1668 2176 optari.

634 2220 887 2275 Octavius
919 2220 986 2273 ad
1017 2221 1306 2273 secundam
1338 2217 1540 2274 Caecilii
1575 2218 1641 2274 de
1669 2219 1842 2274 crucis
1880 2219 2025 2274 cultu
2066 2219 2162 2274 ob-

557 2315 920 2386 jurgationem
952 2313 1160 2367 duobus
1190 2327 1403 2382 quoque
1449 2311 1622 2366 modis
1652 2312 1940 2381 respondet
1995 2311 2152 2366 Prius

568 2420 747 2464 autem
782 2408 924 2462 illius
949 2422 1266 2476 responsum
1299 2405 1382 2459 his
1412 2421 1514 2460 nec
1548 2405 1788 2473 pluribus
1809 2405 1988 2459 verbis
2015 2420 2161 2460 com-

566 2499 922 2572 prehenditur
957 2518 969 2553 :
1008 2517 1026 2548 (
1063 2499 1264 2552 Cruces
1293 2513 1392 2551 nec
1421 2498 1667 2561 colimus,
1704 2514 1801 2551 nec
1831 2505 2096 2566 optamus.
2137 2516 2155 2548 ι

567 2594 674 2650 Sed
708 2593 757 2647 id
797 2609 904 2662 quo
937 2592 1153 2646 brevius
1175 2633 1187 2654 ,
1238 2607 1304 2645 eo
1349 2591 1628 2644 obscurius
1659 2589 1840 2644 multis
1871 2590 2160 2644 videbitur.

568 2686 719 2741 Itane
767 2701 894 2739 vero
939 2684 1268 2747 Christiani,
1312 2683 1553 2753 inquies,
1599 2698 1698 2737 nec
1743 2684 1908 2754 ipsam
1949 2683 2161 2752 quidem

566 2779 764 2833 Christi
805 2793 1019 2832 crucem
1049 2819 1062 2840 ,
1107 2792 1209 2830 nec
1249 2777 1412 2830 ullam
1455 2790 1676 2847 prorsus
1715 2783 1832 2844 ejus
1877 2777 2163 2842 imaginem

567 2872 816 2926 colebant
843 2871 865 2923 ’ἱ
895 2870 1086 2924 Nonne
1125 2885 1254 2942 crux
1298 2870 1496 2923 Christi
1541 2886 1570 2923 a
1611 2867 1810 2940 Cyrillo
1853 2869 2163 2940 Hierosoly-

563 2966 770 3019 mitano
802 2973 1042 3025 vocatur,
1081 2981 1098 3012 ι
1140 2973 1191 3017 τὸ
1231 2986 1461 3032 σωττριεν
1488 2969 1571 3016 τοῦ
1602 2969 1804 3032 σταυροῦ
1832 2967 1982 3026 ξύλον,
2017 2961 2162 3016 saluo

568 3065 686 3110 tare
714 3055 889 3108 erucis
920 3055 1116 3124 lignum
1142 3070 1155 3118 ;
1185 3063 1237 3106 et
1267 3055 1494 3106 Eusebio
1517 3096 1529 3117 ,
1562 3079 1788 3123 σωτνριεν
1817 3057 2010 3121 σημεῖον
2031 3093 2044 3116 ,
2080 3068 2165 3104 sa-

565 3147 740 3200 lutare
764 3149 997 3214 Signum,
1029 3164 1256 3216 σωτγξριιν
1285 3153 1364 3199 καὶ
1395 3151 1644 3212 genista),
1679 3146 1912 3199 Stillllttl'e
1943 3161 2003 3197 ac
2035 3146 2165 3198 \‘lYl-

2258 571 2376 626 pag.
2416 557 2516 613 194
2547 569 2602 612 et
2629 560 2828 632 seqq.).
2863 562 2995 628 Quis
3025 572 3202 618 autem
3230 563 3437 620 dubitet
3469 565 3628 637 longe
3656 570 3862 638 :rquius

2249 651 2552 720 justiuSque
2591 668 2710 708 esse
2748 654 2906 723 hujus
2945 657 3196 711 salutaris
3225 657 3405 727 signi,
3444 675 3602 730 quam
3638 661 3862 717 horren-

2255 745 2446 800 dnrum
2493 761 2555 801 ac
2587 748 3018 817 t'urpissimorum
3049 749 3370 819 ﬂagitiorum
3403 766 3431 805 a
3463 752 3565 807 diis
3593 755 3860 810 admisso-

2258 853 2376 891 rum
2409 836 2650 906 depictas
2688 841 2736 892 in
2762 841 3054 909 parietibus
3081 844 3262 896 colere
3293 843 3598 907 imagines?

2328 929 2432 984 Sed
2474 931 2518 984 si
2559 945 2646 985 res
2681 931 2748 984 ita
2782 947 2840 986 se
2874 932 3154 993 habuerit.
3199 951 3302 1005 qua
3345 936 3607 993 Minucius
3652 941 3863 996 ratione

2261 1021 2445 1076 dicere
2476 1026 2645 1090 potuit
2672 1041 2684 1076 :
2719 1041 2737 1073 ‹
2767 1024 2967 1078 Cruces
2999 1041 3096 1079 nec.
3118 1027 3370 1091 colimus,
3405 1043 3503 1083 nec
3531 1039 3797 1099 optamus.
3835 1052 3853 1086 ι

2259 1113 2484 1179 Quidam
2529 1122 2706 1168 autem
2749 1115 2886 1170 male
2929 1116 3001 1171 ibi
3047 1118 3292 1186 legerunt
3341 1137 3358 1169 ι
3411 1137 3650 1176 oramus.
3691 1143 3709 1175 ι
3755 1124 3860 1179 Alii

2261 1205 2495 1258 auctoris
2527 1207 2693 1260 nostri
2725 1222 2945 1261 sensum
2987 1220 3327 1277 perspectum
3359 1212 3490 1264 satis
3522 1227 3626 1265 neu
3659 1214 3860 1269 haben-

2265 1306 2344 1350 tes
2371 1338 2384 1361 ,
2431 1298 2809 1368 corrigendum
2849 1310 3216 1364 censuerunt,
3250 1312 3304 1356 ct
3334 1318 3520 1358 revera
3551 1306 3710 1358 scribi
3753 1322 3862 1358 vo—

2261 1391 2517 1455 luerunt,
2556 1411 2574 1442 ι
2615 1393 2921 1448 horremus.
2963 1411 2982 1446 ι
3019 1393 3126 1449 Sed
3167 1395 3279 1449 hinc
3320 1397 3500 1450 omnia
3544 1406 3730 1452 contra
3771 1414 3862 1454 ('0-

2262 1482 2398 1537 dieis
2427 1487 2774 1552 uiauuscripti
2809 1485 2990 1548 ﬁdem,
3019 1501 3116 1540 nec
3147 1487 3356 1541 meliori
3384 1503 3570 1543 sensu.

2282 1615 2294 1624 .
2334 1577 2470 1645 Quid
2514 1578 2694 1646 igitur,
2736 1579 2978 1649 inquies,
3009 1579 3272 1634 Minucius
3303 1582 3402 1636 sibi
3436 1585 3599 1637 voluit
3629 1584 3713 1639 his
3745 1601 3862 1640 ver-

2262 1670 2345 1724 bis
2377 1688 2390 1723 :
2422 1688 2439 1721 ι
2473 1668 2675 1724 Cruces
2705 1687 2804 1725 nec
2833 1673 3081 1737 colimus,
3107 1689 3207 1728 nec
3235 1683 3505 1742 optamus,
3550 1696 3567 1727 ι
3602 1688 3693 1730 aut
3721 1693 3860 1746 quo-

2266 1761 2427 1816 modo
2456 1777 2516 1814 ea
2560 1773 2786 1831 possunt
2826 1764 3120 1832 explicari?
3163 1762 3381 1819 Certum
3425 1776 3604 1820 autem
3650 1769 3863 1823 videtur

2189 1855 2238 1916 B
2269 1853 2356 1910 illa
2385 1872 2488 1908 non
2520 1855 2588 1910 de
2619 1856 2737 1924 ipso
2767 1871 2894 1911 vero
2923 1857 3100 1913 crucis
3127 1856 3326 1912 Christi
3371 1861 3550 1929 stipite
3590 1871 3645 1916 et.
3686 1862 3860 1931 ligno,

2265 1946 2331 2000 de
2357 1962 2465 2016 quo
2489 1947 2598 2014 jam
2626 1948 2773 2002 citati
2805 1963 2833 2001 a
2865 1949 3019 2027 nobis
3049 1949 3367 2004 Ambro~ius
3397 1961 3451 2004 et
3503 1952 3865 2025 Hieronymus

2264 2040 2558 2109 loquu:-.tnr
2584 2083 2598 2105 ,
2643 2056 2804 2110 posse
2834 2042 3084 2112 intelligi.
3118 2042 3266 2097 Illius
3301 2044 3582 2099 enimvero
3625 2057 3866 2117 tempore

2264 2149 2389 2187 vera
2434 2134 2522 2188 illa
2549 2148 2686 2187 crux
2722 2133 2935 2188 Domini
2965 2134 3033 2188 ab
3059 2134 3258 2190 Helena
3284 2175 3302 2201 ,
3331 2135 3665 2192 Consumtini
3691 2139 3864 2210 Magni

2265 2235 2456 2292 matre,
2491 2226 2724 2281 nondum
2755 2238 2962 2297 reperta
2994 2225 3191 2283 fuerat.

2337 2319 2677 2388 Quapropter
2709 2321 2777 2374 ibi
2823 2321 2904 2375 vel
2936 2320 3004 2375 de
3038 2320 3195 2391 hujus
3226 2336 3391 2375 sacrae
3422 2322 3600 2376 crucis
3630 2324 3785 2390 signo
3813 2333 3869 2378 et

2267 2413 2521 2482 imagine,
2552 2413 2636 2466 vel
2666 2412 2733 2467 de
2761 2413 2991 2467 aliorum
3022 2414 3410 2470 sceleratorum
3443 2414 3718 2469 hominum
3750 2432 3868 2471 cru-

2267 2506 2418 2560 cibus
2464 2505 2816 2574 proculdubio
2865 2507 3122 2577 loquitur.
3174 2512 3333 2577 Atqui
3384 2509 3485 2562 hoc
3530 2510 3766 2565 secundo
3796 2512 3867 2566 si-

2267 2598 2521 2669 gnilicalu
2553 2599 2711 2653 verba
2745 2598 2864 2668 ejus
2895 2615 3052 2668 posse
3087 2600 3256 2668 accipi
3296 2601 3422 2656 inde
3455 2600 3596 2656 haud
3638 2603 3871 2659 absurde

2268 2690 2387 2760 quis
2415 2689 2668 2760 colliget,
2711 2690 2852 2759 quod
2884 2691 3019 2744 sicut
3055 2709 3072 2742 ι
3107 2691 3334 2757 ethnici,
3390 2711 3408 2743 ι
3443 2701 3578 2746 teste
3609 2693 3868 2764 Origene,

2275 2801 2293 2834 ι
2333 2785 2571 2853 legentes
2607 2801 2626 2831 ι
2663 2781 2864 2836 Christi
2893 2781 3194 2848 historiam,
3226 2784 3427 2852 opinati
3458 2796 3577 2839 sunt
3609 2785 3869 2840 Christia-

2269 2889 2368 2927 nos
2405 2874 2654 2932 omnibus
2689 2875 2738 2928 in
2783 2890 3002 2928 crucem
3045 2877 3180 2929 actis
3221 2877 3450 2943 aliqUam
3493 2877 3748 2932 exhibere
3782 2896 3870 2935 ve-

2269 2968 2639 3030 nerationem;
2680 2966 2748 3019 ila
2791 2965 2952 3020 etiam
2986 2966 3121 3020 falso
3152 2966 3524 3032 crediderunt,
3562 2970 3682 3022 illos
3714 2986 3874 3038 quas-

2271 3057 2394 3112 libet
2439 3072 2627 3111 cruces
2671 3057 2909 3110 revereri
2957 3056 3233 3127 (O-igen.,
3276 3058 3368 3111 lib.
3407 3075 3472 3121 ιι,
3515 3071 3677 3114 contr.
3713 3061 3865 3126 Cela,

2269 3165 2390 3220 pag.
2423 3149 2552 3222 87).
2589 3149 2724 3203 l-luic
2768 3160 2945 3202 autem
2988 3150 3336 3216 explicationi
3369 3150 3547 3206 favere
3577 3154 3790 3208 videtur
3817 3165 3872 3209 et

569 3241 729 3292 licunt
756 3279 770 3301 ,
809 3248 968 3306 atque
1006 3240 1166 3290 etiam
1190 3280 1205 3303 ,
1249 3259 1474 3309 ςωτγριιν
1507 3242 1733 3308 τριπαῖον
1756 3279 1768 3300 ,
1800 3235 2028 3290 salutare
2059 3246 2160 3290 tro-

2272 3239 2470 3295 Ca'cilii
2511 3239 2853 3309 redargutio,
2895 3251 2946 3294 et
2989 3240 3201 3294 Minucii
3251 3258 3588 3311 responsum.
3638 3245 3870 3315 Uterque

567 3331 783 3400 pha'um
805 3373 818 3394 ,
873 3350 891 3382 ι
939 3331 1194 3384 Romana:
1226 3333 1406 3393 urbis,
1457 3333 1700 3400 imperii,
1734 3347 1797 3385 ac
1829 3333 1989 3385 totius
2019 3331 2166 3384 orbis

576 3424 886 3491 prlesiditlllt
910 3463 923 3486 ,
957 3423 1110 3492 cujus
1140 3422 1374 3476 divinam
1409 3423 1698 3490 potentiam
1731 3423 1900 3476 Licini
1925 3440 1966 3476 is
1997 3425 2167 3492 lmpe-

570 3526 720 3569 rator
749 3518 994 3570 ethnicus
1025 3518 1283 3585 agnovit?
1313 3517 1536 3588 (Cyrill.
1569 3517 1857 3578 llierosol.,
1890 3517 2064 3586 Epist.
2099 3520 2166 3569 ad

572 3609 818 3664 Constan.
867 3608 1144 3678 Imperat,
1196 3625 1314 3678 pag.
1361 3607 1531 3679 947.)
1575 3610 1704 3676 Quis
1739 3620 1916 3663 autem
1965 3608 2168 3662 dubitat

570 3704 678 3756 tale
708 3703 883 3757 erucis
912 3703 1121 3772 signum
1157 3718 1186 3754 a
1218 3702 1528 3755 Christianis
1559 3704 1775 3757 sincero
1814 3701 1959 3756 cultu
1994 3700 2166 3753 hono-

570 3797 786 3850 ratum?
831 3797 885 3848 Si
929 3798 1048 3866 quis
1092 3807 1265 3851 tamen
1311 3796 1646 3862 relnctelur,
1691 3798 1734 3850 is
1777 3797 1959 3851 audiat
1998 3795 2168 3851 Euse-

571 3888 718 3942 bium
747 3930 759 3950 ,
804 3891 891 3957 qui
925 3888 1336 3942 Conslantiuum
1377 3889 1624 3958 Magnum
1669 3889 1894 3943 sutumis
1924 3889 2170 3943 laudibus

569 3980 695 4034 ideo
724 3981 966 4043 extollit,
1006 3983 1130 4051 quia
1170 3982 1518 4051 triumphale,
1563 3982 1638 4035 uti
1670 3982 1763 4046 ait,
1800 3981 1929 4036 illud
1959 3985 2170 4051 signum

569 4072 738 4128 Coluit
762 4083 818 4130 τὸ
843 4087 1085 4129 νικοποιόν
1109 4083 1261 4143 ,ἰτίμα
1289 4080 1483 4144 σημεῖον
1508 4116 1522 4138 ,
1555 4074 1606 4128 in
1651 4091 1754 4144 quo
1782 4074 1888 4128 vim
1925 4074 2172 4128 divinita-

573 4171 644 4224 tis
699 4180 752 4225 et
805 4183 1133 4226 memoratos
1177 4173 1245 4228 ibi
1295 4173 1362 4226 ab
1389 4172 1580 4227 eodem
1624 4170 1859 4225 Eusebio
1900 4170 2172 4225 mirabiles

572 4264 797 4318 ell'ecius
824 4306 838 4328 ,
887 4265 1084 4334 saepius
1128 4274 1382 4333 expertus
1425 4267 1595 4318 luerat
1624 4261 1871 4335 (Enseb.,
1905 4263 1996 4316 lib.
2034 4277 2072 4328 ι,
2111 4263 2174 4316 de

581 4355 697 4409 Vita
726 4353 1014 4420 Constant,
1045 4372 1163 4423 cap.
1195 4358 1287 4419 51,
1321 4371 1441 4425 pag.
1475 4355 1602 4417 425;
1635 4355 1726 4408 lib.
1760 4371 1819 4420 ιι,
1849 4369 1967 4422 Cap.
2000 4355 2086 4414 lli.
2117 4369 2170 4423 p.

567 4448 707 4512 Mil;
739 4448 826 4499 lib.
858 4463 929 4510 tv,
962 4463 1074 4515 cap.
1113 4447 1203 4512 2|,
1244 4462 1361 4514 pag.
1401 4448 1538 4504 555:
1570 4456 1624 4500 et
1664 4447 1814 4502 Orat.
1860 4450 1922 4499 de
1950 4445 2169 4499 Lund/b.

572 4539 864 4604 Constant.,
899 4553 1012 4607 pag.
1057 4538 1158 4592 6‘27
1203 4549 1258 4593 et
1289 4536 1456 4609 6:8).
1509 4539 1825 4593 Ambrosius
1865 4554 1992 4592 vero
2032 4538 2170 4593 haud

2272 3336 2413 3390 enim
2448 3350 2556 3387 non
2595 3333 2661 3386 de
2700 3347 2861 3387 cruce
2893 3332 3067 3403 aliqua
3107 3335 3472 3402 singulariter,
3517 3336 3611 3389 sed
3649 3351 3871 3406 genera-

2271 3427 2364 3480 tim
2389 3425 2457 3481 de
2481 3426 2738 3479 crucibus
2766 3441 3071 3478 sermonem
3101 3425 3246 3479 fecit.
3280 3427 3457 3480 Potuit
3488 3437 3664 3482 autem
3699 3429 3871 3483 Minu-

2272 3520 2388 3574 cius
2431 3530 2577 3573 recte
2608 3521 2830 3572 omnino
2861 3519 3041 3572 dicere
3069 3518 3406 3574 Christianos
3451 3521 3726 3576 hominum
3748 3564 3763 3586 ,
3803 3525 3871 3575 ob

2275 3613 2480 3666 scelera
2512 3620 2688 3665 morte
2717 3611 3132 3675 damnatorum,
3176 3626 3364 3666 cruces
3397 3628 3496 3667 nec
3523 3615 3729 3677 coiere,
3775 3629 3869 3667 nec

2274 3716 2479 3774 optare.

2347 3796 2402 3851 Si
2427 3797 2546 3867 quis
2572 3813 2700 3851 vero
2725 3797 2837 3850 hme
2863 3795 3029 3866 ipsius
3060 3795 3223 3850 verba
3255 3795 3324 3850 de
3357 3812 3495 3850 vera:
3525 3794 3726 3851 Christi
3754 3813 3872 3852 cru-

2276 3890 2353 3945 cis
2386 3890 2706 3958 imaginihus
2736 3888 3059 3957 exponenda
3086 3903 3206 3943 esse
3234 3889 3545 3954 arbitretur,
3578 3889 3717 3943 hanc
3743 3907 3870 3960 pro-

2275 3983 2530 4036 culdubio
2574 3982 2910 4037 existimabit
2951 3997 3072 4037 esse
3101 3983 3221 4050 ejus
3266 3995 3504 4069 mentem
3535 3999 3598 4038 ac
3635 3999 3868 4039 scusiim.

2275 4072 2474 4128 Cruces
2505 4085 2594 4127 aut
2626 4074 2828 4144 ligneas
2851 4115 2865 4138 ,
2899 4085 2990 4128 aut
3029 4072 3267 4143 cujusvis
3302 4074 3542 4129 materiei
3587 4091 3691 4128 non
3733 4076 3869 4130 Coli-

2276 4183 2417 4231 mus;
2440 4168 2562 4238 quia
2589 4168 2758 4236 ipsum
2785 4168 3009 4238 lignum,
3033 4177 3125 4222 aut
3146 4168 3308 4246 aliam
3337 4168 3565 4224 similem
3595 4168 3870 4224 materiam

2278 4278 2382 4316 non
2415 4262 2762 4321 honoramus.
2794 4263 2888 4317 sed
2935 4278 3152 4317 crucem
3188 4263 3444 4332 videndo,
3489 4279 3704 4319 omnem
3749 4280 3874 4318 nos-

2277 4366 2418 4416 trum
2448 4359 2670 4422 cultum,
2707 4358 2771 4412 ad
2808 4359 3124 4427 ipsummet,
3172 4359 3261 4429 qui
3305 4359 3356 4412 in
3397 4375 3558 4414 cruce
3589 4361 3872 4430 pependit,

2277 4452 2546 4505 Christum
2589 4453 2892 4508 referimus.
2937 4452 3048 4508 Nec
3091 4453 3382 4522 explicatio
3422 4453 3509 4508 illa
3555 4453 3875 4520 quibusdam

2279 4542 2440 4595 nimis
2479 4541 2710 4596 violenta
2749 4544 3078 4598 censebitur.
3108 4544 3425 4598 Ambrosiu~
3451 4545 3748 4604 enimvero.
3786 4544 3875 4611 qui

571 4631 885 4684 dubitanter
939 4634 1246 4699 pronuntiat
1297 4628 1492 4683 Christi
1546 4645 1764 4684 crucem
1811 4631 1877 4685 ab
1931 4630 2128 4685 llelena
2154 4673 2169 4700 ,
2197 4639 2251 4699 1)
2277 4632 2459 4686 veram
2487 4648 2702 4687 crucem
2731 4632 2970 4700 Christi,
3001 4635 3076 4688 uti
3105 4635 3510 4690 observavimus
3533 4675 3548 4702 ,
3579 4639 3628 4688 in
3659 4635 3874 4704 regibus

571 4721 818 4793 ejusdem
865 4723 1197 4776 Constantini
1228 4734 1437 4788 matre,
1483 4724 1536 4777 iu
1579 4725 1752 4792 capite
1794 4739 1981 4793 regum
2021 4723 2167 4778 loca-

573 4826 684 4869 tam
714 4855 726 4876 ,
778 4832 795 4863 ι
835 4822 891 4866 ιιι
921 4813 972 4868 in
1005 4815 1218 4881 regibus
1248 4814 1501 4868 adoretur
1539 4834 1558 4866 ι
1595 4815 1903 4886 (Ambros,
1937 4825 2074 4870 orat.
2109 4817 2171 4871 de

577 4907 714 4962 Obit.
756 4903 1034 4968 Tlieodos.,
1078 4905 1228 4978 μδ,
1265 4920 1383 4976 pag.
1418 4907 1548 4961 i‘Zl-l
1657 4907 2012 4978 Hieronymus
2041 4923 2169 4962 vero

573 5003 650 5055 ait
677 4998 890 5053 l’aulam
927 5018 944 5048 ι
984 5008 1305 5069 prostratam
1337 5010 1464 5054 ante
1485 5015 1722 5065 crucem,
1752 5000 1900 5070 quasi
1926 5000 2167 5070 penden-

574 5103 684 5150 tem
720 5093 1000 5146 Dominum
1024 5103 1289 5157 cerneret,
1323 5093 1578 5148 adorasse
1617 5113 1636 5144 ›
1670 5091 1689 5164 (
1719 5092 1966 5160 llierou.,
1992 5094 2164 5164 Epist.

571 5189 662 5256 86,
699 5205 792 5243 seu
826 5187 1070 5257 Epitapli.
1109 5186 1308 5250 Ponite,
1342 5204 1458 5258 pag.
1494 5187 1661 5258 675).

644 5284 780 5351 Quid
807 5285 982 5353 plura?
999 5283 1241 5338 Julianus
1260 5289 1516 5354 Apostata
1534 5283 1892 5350 Christianos,
1916 5281 2166 5353 quemad-

571 5378 790 5433 modum
823 5376 1093 5442 C:rcilius,
1126 5375 1444 5445 objurgabat
1475 5376 1615 5446 quod
1645 5377 1857 5432 C(elitus
1885 5377 2163 5446 delapsum

564 5469 715 5525 Jovis
741 5484 804 5522 ac
829 5468 1011 5523 Martis
1039 5470 1282 5538 clypeum
1319 5468 1604 5524 irridentes
1629 5485 1694 5524 ac
1722 5477 2156 5531 contemnentes,

563 5561 742 5616 crucis
770 5561 977 5631 ~ignum
1010 5561 1423 5616 venerabantur.
1458 5561 1527 5616 At
1562 5562 1636 5614 illi
1673 5560 1959 5630 rcSpondct
1990 5558 2162 5632 Cyril-

563 5656 646 5709 lus
668 5654 1079 5718 Alexandrinus,
1100 5665 1154 5711 τὸ
1182 5669 1411 5726 σωτήριον
1439 5660 1592 5723 ξύλον,
1616 5674 1634 5706 ι
1657 5655 1893 5708 salutare
1923 5654 2121 5724 lignum
2143 5695 2158 5720 ,

565 5757 652 5803 τοῦ
681 5760 845 5816 τιμίω)
872 5756 1098 5816 ςταυρσῧ.
1134 5750 1459 5801 honoranda:
1487 5749 1687 5810 crucis,
1728 5767 1746 5799 ι
1783 5749 2036 5802 ιρΐγὶοιιιδθ
2067 5748 2160 5801 be-

562 5837 879 5892 neﬁciorum
912 5840 1152 5893 onmium
1184 5839 1238 5892 in
1269 5855 1366 5895 nos
1389 5838 1593 5895 Christi
1623 5849 1798 5896 morte
1835 5843 2155 5896 collaturum

2273 4726 2407 4779 dixit
2432 4726 2646 4780 adorari
2672 4744 2684 4788 ;
2716 4728 2876 4798 paulo
2905 4737 3032 4782 ante
3060 4727 3130 4782 de
3160 4729 3250 4782 illa
3291 4730 3402 4798 ipsa
3434 4730 3514 4783 sic
3542 4729 3830 4798 scripserat
3857 4745 3871 4782 :

2274 4818 2473 4874 l-lcbnna
2505 4838 2522 4870 ι
2565 4819 2765 4874 invenit
2794 4821 3006 4876 titulum
3043 4840 3062 4873 ι
3090 4823 3291 4886 crucis,
3327 4841 3345 4872 ι
3382 4822 3581 4891 ltcgem
3608 4821 3871 4882 adoravit.

2274 4925 2379 4966 non
2409 4911 2605 4980 lignum
2642 4912 2846 4982 utique,
2876 4912 3000 4980 quia
3031 4912 3115 4967 hic
3145 4913 3359 4980 gentilis
3385 4923 3464 4967 est
3490 4927 3662 4978 error,
3696 4922 3750 4966 et
3780 4929 3873 4966 va-

2273 5003 2413 5058 nitas
2444 5002 2731 5071 impiorum
2767 5021 2779 5057 :
2812 5004 2904 5057 sed
2936 5003 3179 5057 adoravit
3208 5004 3376 5069 illiilli,
3409 5004 3497 5073 qui
3529 5005 3790 5073 pependit
3819 5005 3874 5057 in

2273 5095 2436 5166 ligno,
2485 5096 2715 5166 scriptus
2759 5097 2808 5150 in
2855 5097 3008 5151 titulo
3045 5117 3064 5148 ι
3101 5099 3412 5170 (Ambros.,
3441 5111 3580 5153 orat.
3629 5099 3693 5154 de
3734 5098 3873 5154 Obil.

2272 5190 2552 5255 Tlteodos.,
2583 5189 2610 5261 ᾗ
2637 5189 2725 5255 L6,
2756 5207 2876 5261 pag.
2909 5189 3037 5245 l2”
3063 5191 3106 5261 ).

2345 5285 2543 5341 Verum
2578 5287 2621 5339 si
2651 5301 2714 5339 ea
2745 5286 2813 5339 sit
2840 5287 3075 5339 auctoris
3104 5287 3272 5340 nostri
3302 5302 3478 5352 mens,
3507 5301 3613 5356 quo
3637 5286 3759 5356 jure
3780 5285 3875 5340 ad-

2266 5380 2418 5450 jecit,
2465 5399 2483 5432 ι
2522 5395 2619 5434 nec
2653 5380 2941 5446 optamus?
2980 5398 2996 5430 I
3029 5378 3166 5445 Quid
3197 5380 3340 5433 enim
3368 5378 3692 5434 Christianis
3717 5388 3874 5449 opta-

2263 5474 2456 5535 bilius,
2486 5488 2643 5544 quam
2670 5472 2846 5526 crucis
2879 5471 3079 5526 Christi
3128 5471 3316 5527 videre
3351 5473 3578 5534 elligriem
3604 5513 3618 5535 ,
3652 5483 3742 5526 aut
3773 5487 3872 5540 pro

2261 5566 2478 5622 Christo
2505 5565 2684 5619 subire
2725 5563 2900 5620 crucis
2937 5564 3232 5635 supplicia?
3283 5564 3617 5633 Responderi
3675 5573 3871 5633 potest,

2261 5659 2477 5714 Minucii
2505 5656 2724 5711 verbum
2762 5675 2779 5708 ι
2820 5657 3066 5721 colimus,
3105 5674 3123 5706 ι
3157 5656 3221 5708 ad
3256 5657 3403 5724 prius
3429 5653 3652 5721 Caecilii,
3693 5675 3709 5704 ι
3737 5655 3872 5708 ado-

2261 5751 2467 5814 rauilze;
2505 5768 2522 5801 ι
2555 5761 2716 5817 atque.
2744 5766 2762 5798 ι
2794 5759 3061 5816 optamus.
3099 5767 3116 5799 ι
3144 5749 3209 5801 ad
3242 5766 3260 5798 ι
3295 5747 3586 5801 subeunda:
3618 5762 3811 5801 cruces
3848 5765 3867 5798 ι

2262 5840 2452 5897 referri
2476 5881 2489 5906 ,
2522 5840 2593 5892 ita
2625 5849 2678 5892 ut
2711 5839 2797 5893 hic
2827 5841 2892 5893 sit
2922 5854 3111 5892 sea-sos
3145 5857 3154 5891 :
3185 5837 3388 5894 Cruces
3428 5857 3530 5894 non
3573 5849 3822 5908 optumis
3854 5879 3868 5902 ,
