4264 6258
402 301 512 360 555

1814 289 2286 349 DISSEBTATIU.

3606 281 3711 337 554

400 432 494 478 aut
521 417 853 491 qumrimus;
895 413 989 472 sed
1030 415 1074 470 si
1127 427 1154 468 a
1187 411 1431 484 tyrannis
1467 411 1643 480 capti,
1683 422 1777 463 eas
1816 408 1998 462 subire
2025 406 2078 467 Λ
2108 405 2290 458 volunt
2339 400 2552 474 labora)
2600 417 2619 452 ι
2658 408 2712 455 et
2742 397 2940 454 vexilla
2984 404 3314 463 castrorum,
3353 393 3480 466 quid
3522 393 3665 449 aliud
3691 435 3707 462 ,

404 514 669 585 Cogituur,
709 509 913 565 lubenti
945 509 1126 563 animo
1158 507 1413 575 patimur,
1443 513 1498 558 et
1539 512 1786 574 Optamus
1829 501 2006 554 crucis

406 607 672 678 supplicio
701 605 864 658 vitam
901 603 1074 657 linire.
1121 599 1329 655 Eodem
1374 607 1556 652 autem
1599 610 1759 651 sensu
1788 593 2004 648 Tertul-

408 703 586 758 lianus
615 718 629 756 :
664 719 682 757 ι
717 697 883 753 Plane
919 695 1166 749 volumus
1193 694 1298 760 pati
1325 735 1340 758 ,
1371 707 1556 745 verum
1595 705 1660 744 en
1691 704 1871 751 more,
1901 701 2008 754 quo

411 805 465 851 et
493 795 688 848 bellum
719 805 883 846 nemo
906 788 1025 856 quis
1059 787 1253 840 lubens
1277 786 1492 853 patitur,
1517 798 1638 836 cum
1661 791 1716 834 et
1740 780 2010 848 trepidare

410 900 461 944 et
492 887 784 958 periclitari
819 897 1043 939 necesse
1083 884 1186 948 sit;
1235 893 1410 934 tamen
1457 878 1729 947 przeliatur
1757 875 2011 928 omnibus

409 982 618 1036 viribus
643 1021 657 1044 ,
691 991 744 1033 et
775 979 995 1033 vincens
1028 976 1076 1029 in
1113 975 1295 1044 prndio
1322 971 1551 1041 gaudet,
1594 971 1681 1040 qui
1719 969 1786 1022 de
1827 967 2011 1037 pra-lio

412 1073 740 1145 querebatur
783 1069 1170 1144 (Tertullian.,
1215 1066 1502 1132 Apologel.,
1543 1077 1663 1132 cap.
1706 1060 1838 1132 50).
1877 1079 1894 1111 ι
1945 1065 2014 1114 At

417 1166 761 1221 dissimulare
810 1179 915 1217 non
964 1175 1284 1232 possumus,
1319 1159 1416 1211 hac
1434 1156 1668 1211 serunda
1694 1157 2014 1221 interpreta-

420 1261 567 1314 tione
594 1261 697 1312 vim
730 1257 962 1326 aliquam
991 1255 1205 1309 Minui-ii
1242 1252 1420 1306 verbis
1448 1249 1648 1304 all'erri.
1680 1249 1886 1303 Etenim
1912 1263 2014 1302 una

420 1353 716 1420 eademque
754 1367 855 1405 vox
913 1352 1073 1405 simul
1131 1350 1342 1418 signum
1383 1349 1661 1400 dumtaxat
1706 1344 1905 1407 crucis,
1962 1352 2017 1397 et

419 1461 600 1501 veram
647 1459 866 1499 cructsm
916 1441 1259 1512 signiﬁcabit.
1289 1439 1424 1495 Vide
1458 1439 1620 1509 igitur
1647 1453 1751 1508 qua
1807 1436 2016 1492 ratione

420 1540 545 1596 huic
572 1539 892 1610 expositioni
921 1538 1091 1592 altera
1125 1535 1458 1606 pracferenda
1481 1535 1569 1587 sit.

493 1632 760 1689 Carterum
806 1629 1064 1702 quidquid
1115 1629 1182 1684 de
1229 1627 1420 1682 horum
1476 1627 1692 1681 Minucii
1733 1625 2020 1680 verborum

423 1741 585 1781 sensu
612 1722 1011 1795 pronuntietur,
1044 1721 1225 1790 negari
1253 1731 1400 1775 certe
1427 1734 1532 1773 non
1564 1727 1732 1782 potest
1756 1716 2020 1773 Christia-

425 1833 523 1873 nos
553 1818 668 1886 ejus
699 1827 940 1886 tempore
979 1813 1180 1868 cultum
1220 1813 1452 1883 aliquem
1495 1811 1794 1865 reddidisse
1835 1810 2018 1864 Domi-

426 1912 562 1967 nicrc
604 1911 779 1963 crucis
819 1909 994 1978 signo.
1043 1907 1333 1962 Frontibus
1371 1907 1567 1975 quippe
1608 1906 1718 1959 suis
1762 1903 1888 1958 illud
1921 1918 2021 1957 ste—

429 2006 650 2078 pissime
691 2003 1070 2073 imponebant,
1107 2003 1476 2071 virginemque
1508 1999 1854 2054 Eustochium
1898 1997 2023 2052 l-lie-

429 2113 688 2165 rouytnns
720 2097 965 2151 hortatur
998 2112 1010 2148 :
1047 2113 1066 2147 ‹
1105 2095 1182 2149 Ad
1210 2109 1425 2149 otlmem
1455 2103 1630 2146 actum
1657 2135 1672 2158 ,
1707 2091 1774 2146 ad
1805 2106 2020 2145 omnem

429 2191 698 2246 incessum
723 2205 911 2244 manus
935 2191 1112 2258 pingat
1141 2188 1344 2242 llolnini
1371 2202 1606 2245 crucem:
1639 2206 1658 2239 ι
1684 2197 1842 2256 atque
1863 2185 2024 2239 aliam

428 2299 642 2354 quoque
672 2284 932 2350 virginem
967 2301 979 2337 :
1017 2301 1034 2335 ι
1069 2279 1270 2337 Crebro
1305 2281 1579 2348 signaculo
1613 2281 1788 2334 crucis
1816 2279 2024 2334 munias

431 2375 660 2430 frontem
701 2387 843 2430 tuam
868 2418 882 2436 ,
913 2391 979 2429 ne
1015 2375 1402 2429 exterminator
1429 2371 1647 2440 IEngti
1679 2374 1729 2426 in
1761 2381 1810 2426 te
1851 2371 2024 2425 locum

435 2470 710 2539 reperiat,
753 2470 846 2524 sed
883 2470 1235 2539 primogenita
1261 2509 1275 2532 ,
1309 2486 1425 2538 quae
1455 2475 1596 2538 apud
1626 2467 1906 2538 .Egyptios
1938 2481 2027 2533 pe-

435 2575 612 2625 reunt,
647 2564 698 2617 in
730 2573 814 2616 tua
861 2575 1040 2617 mente
1075 2565 1351 2618 salveutur
1388 2582 1406 2615 ι
1441 2563 1774 2635 (Ilieronym
1808 2602 1822 2625 ,
1853 2559 2026 2628 Epist.

436 2657 503 2712 18
532 2659 599 2710 ad
629 2656 898 2723 Eustoch,
934 2673 1051 2726 pag.
1081 2658 1172 2722 46;
1207 2666 1254 2710 ct
1291 2656 1454 2724 Epist.
1493 2655 1560 2710 97
1589 2655 1655 2706 ad
1682 2652 1930 2717 Demetr.,
1976 2666 2027 2720 p.

438 2749 583 2821 790)
636 2749 818 2815 Longe
847 2767 975 2803 vero
1004 2749 1361 2818 antiquiorem
1397 2747 1558 2802 fuisse
1601 2747 1740 2799 hunc
1769 2745 2030 2800 Christia-

440 2857 632 2894 norum
665 2856 866 2894 morem
893 2841 944 2894 in
969 2840 1316 2910 sequentibus
1345 2841 1544 2893 nostris
1567 2837 2034 2892 dissertationibus

440 2931 960 2995 demonSIrabimus,
1002 2947 1064 2986 ac
1090 2930 1280 2985 eodem
1311 2922 1472 2985 etiam
1502 2929 1676 2983 crucis
1710 2930 1862 2995 signo
1893 2943 2036 2996 saepe

443 3026 641 3092 saepius
669 3025 875 3096 fugatos
900 3041 927 3079 a
956 3023 1281 3078 Christianis
1319 3024 1595 3077 daemones
1619 3065 1633 3087 ,
1669 3022 1808 3076 sicut
1849 3021 1949 3074 alia
1980 3020 2032 3072 in

444 3119 821 3173 dissertatione
842 3133 1026 3188 posma
1045 3118 1422 3172 annotabimus
1448 3116 1695 3186 iDissert.
1720 3116 1771 3168 in
1793 3115 1880 3168 lib.
1909 3112 2034 3166 Luc.

2114 512 2271 566 quam
2303 496 2560 549 inaurata:
2589 508 2778 548 cruces
2809 501 2933 546 sunt
2962 499 3018 545 et
3046 489 3288 545 ornatas?
3327 487 3552 560 Tropaea
3592 502 3713 542 vcs-

2113 599 2191 644 tra
2224 588 2459 643 victricia
2492 603 2596 641 non
2633 596 2836 640 tantum
2867 583 3130 652 simplicis
3161 581 3337 636 crucis
3369 581 3580 642 faciem.
3613 594 3706 636 ve-

2114 697 2229 736 rum
2259 691 2309 733 et
2337 679 2481 733 allixi
2515 679 2744 732 ltominis
2777 677 3072 730 imitantur.
3106 694 3124 726 ›
3159 673 3385 728 Videtur
3406 684 3584 726 autem
3616 687 3714 726 au-

2113 785 2231 828 elor
2261 782 2447 826 noster
2481 771 2595 824 haec
2624 769 2893 823 delibasse
2924 783 2987 821 ex
3015 766 3368 827 Tertulliano,
3401 767 3487 836 qui
3521 765 3712 819 eodem

2117 881 2336 934 prorsus
2379 864 2540 917 modo
2590 863 2731 916 illam
2778 861 3116 915 ethnicorum
3160 859 3227 914 de
3271 859 3416 914 cultu
3457 859 3644 924 cruci,
3685 873 3714 912 a

2116 958 2435 1012 Christianis
2453 955 2712 1010 exhibito.
2738 968 2928 1007 Vanam
2946 952 3458 1022 argumentationem
3482 950 3677 1006 relrllit
3701 968 3714 1003 :

2125 1073 2142 1106 ι
2179 1055 2277 1121 Qui
2311 1057 2506 1112 crucis.
2547 1068 2566 1102 ι
2601 1049 2794 1120 inquit,
2829 1064 2926 1102 nos
2955 1065 2974 1098 ι
3015 1046 3292 1114 religio~os
3324 1054 3494 1113 putat,
3524 1055 3718 1097 conse-

2118 1160 2348 1201 Cranens
2377 1146 2478 1198 erit
2511 1154 2715 1208 noster,
2747 1157 2868 1196 cum
2900 1142 3097 1210 lignum
3125 1137 3338 1209 aliquod
3373 1137 3715 1208 pmpitiatur.

2121 1238 2328 1292 Viderit
2379 1237 2591 1290 habitus
2616 1277 2631 1301 ,
2685 1235 2811 1288 dum
2854 1233 3092 1287 materia:
3131 1231 3360 1300 qualitas
3399 1227 3587 1283 eadem
3627 1229 3717 1282 sit.

2121 1332 2329 1386 Viderit
2359 1330 2527 1384 l'orma
2549 1372 2562 1393 ,
2594 1330 2720 1384 dum
2769 1328 2819 1381 id
2861 1328 3032 1397 ipsum
3069 1326 3161 1379 Dei
3196 1337 3395 1394 corpus
3421 1323 3508 1376 sit.
3544 1322 3609 1376 Et
3642 1330 3722 1376 ta-

2122 1440 2244 1486 men
2282 1434 2480 1493 quanto
2515 1423 2859 1492 distinguitur
2895 1436 2926 1474 a
2970 1418 3146 1473 crucis
3184 1418 3365 1486 stipite
3407 1417 3580 1470 Pallas
3623 1416 3721 1469 At-

2126 1519 2248 1578 tica,
2277 1525 2331 1570 et
2369 1516 2532 1570 Ceres
2566 1513 2777 1576 Pharia,
2811 1527 2931 1580 qua}
2960 1511 3076 1565 sine
3110 1509 3291 1579 efﬁgie
3333 1508 3451 1562 rudi
3494 1505 3634 1576 pain,
3670 1515 3725 1560 et

2124 1607 2339 1662 informi
2378 1607 2522 1676 ligno
2559 1603 2809 1675 prostat?
2845 1604 2977 1657 Pars
3015 1600 3193 1656 erm-is
3234 1609 3314 1654 est
3344 1614 3503 1652 omne
3532 1598 3720 1664 robur,

2126 1700 2268 1771 quod
2302 1709 2479 1754 erecta
2510 1699 2740 1752 statione
2767 1695 3019 1766 deligitur
3047 1711 3061 1748 :
3095 1709 3191 1747 nos
3220 1694 3262 1746 si
3292 1691 3429 1745 l‘urte
3460 1691 3725 1760 integrum

2051 1807 2097 1866 Β
2127 1804 2179 1848 et
2221 1800 2388 1845 totum
2435 1792 2599 1846 Deum
2629 1789 2879 1844 colimus.
2928 1786 3168 1840 Diximus
3197 1785 3460 1855 originem
3502 1786 3724 1837 deorum

2126 1900 2428 1942 vestrorum
2461 1901 2490 1939 a
2522 1883 2712 1955 plastis
2738 1884 2808 1936 de
2832 1895 2995 1935 cruce
3027 1879 3226 1932 induci.
3260 1876 3364 1931 Sed
3393 1884 3444 1930 et
3472 1875 3727 1930 victorias

2127 1980 2398 2045 adoratis,
2440 1994 2562 2031 cum
2593 1978 2643 2030 in
2688 1974 2903 2044 tropmis
2943 1986 3132 2026 cruces
3179 1969 3430 2024 intestina
3461 1975 3588 2021 sunt
3614 1976 3725 2020 tro—

2129 2089 2391 2145 pzcorum.
2427 2071 2636 2142 Religio
2668 2080 2774 2124 tota
2806 2065 3101 2123 castrensis
3131 2064 3282 2135 signa
3312 2072 3624 2125 veneratur,
3657 2059 3729 2114 si-

2127 2183 2230 2237 gna
2277 2166 2440 2235 jurat,
2473 2168 2623 2233 signa
2667 2160 2918 2217 omnibus
2948 2158 3064 2212 deis
3110 2155 3392 2227 pra‘ponit.
3423 2153 3624 2209 Omnes
3654 2151 3728 2207 illi

2132 2263 2424 2331 imaginum
2454 2268 2737 2330 suggestus
2766 2255 3004 2324 insignes
3023 2293 3039 2318 ,
3070 2250 3291 2305 monilia
3314 2263 3532 2303 crucum
3563 2253 3728 2310 sunt,

2132 2355 2345 2424 siphara
2391 2351 2478 2405 illa
2523 2349 2876 2410 vexillorum,
2921 2356 2976 2401 et
3013 2344 3390 2399 cantabrorum
3432 2339 3584 2394 stola:
3613 2352 3735 2392 cru-

2134 2463 2256 2502 cum
2287 2455 2429 2498 sunt.
2463 2444 2647 2498 Laudo
2683 2439 3013 2511 diligentiam
3047 2456 3059 2491 :
3095 2437 3342 2492 noluistis
3370 2434 3542 2489 nudas
3569 2442 3623 2487 et
3651 2432 3734 2487 in-

2134 2539 2304 2592 cultas
2345 2549 2532 2589 cruces
2581 2548 2903 2588 consecrare
2936 2549 2954 2582 ›
2979 2531 2998 2601 (
3026 2528 3368 2592 Tertullian.,
3417 2527 3687 2595 Apologet.
3716 2565 3731 2586 ,

2137 2630 2386 2698 cap.16,
2420 2644 2537 2699 pag.
2574 2627 2695 2698 17).
2738 2625 2860 2680 Alio
2899 2635 3077 2678 autem
3127 2623 3178 2676 in
3215 2621 3352 2676 libro
3391 2619 3614 2683 eadem,
3641 2615 3738 2672 sed

2136 2725 2255 2779 aliis
2286 2722 2464 2778 verbis
2493 2720 2718 2790 repetita
2749 2719 2848 2788 legi
2879 2718 2947 2771 ab
2985 2715 3237 2770 omnibus
3267 2720 3491 2784 possunt
3516 2710 3696 2782 (idem
3718 2749 3735 2778 ,

2138 2817 2232 2870 lib.
2265 2832 2304 2879 ι,
2339 2815 2405 2867 ad
2438 2812 2678 2876 Nalioa.,
2711 2827 2828 2878 cap.
2861 2810 2948 2872 12,
2985 2825 3103 2877 pag.
3137 2805 3265 2879 58).

2212 2908 2318 2962 Cur
2347 2920 2527 2962 autem
2572 2905 2833 2960 Minucius
2868 2902 3066 2957 dixerit
3093 2901 3160 2956 ab
3188 2898 3422 2955 ethnicis
3457 2908 3645 2951 cruces
3670 2894 3739 2949 li-

2140 3015 2324 3071 gneas,
2360 3008 2416 3052 ut
2445 2999 2668 3053 deorum
2700 3010 2919 3050 suorum
2953 3004 3133 3065 partes
3162 2991 3403 3056 adorari,
3439 2989 3520 3043 his
3549 2986 3744 3042 intelli-

2143 3109 2237 3163 ges
2267 3091 2506 3161 ejusdem
2536 3088 2850 3144 Tertulliani
2885 3088 3081 3142 verbis.
3111 3084 3363 3154 Cujusvis
3390 3083 3483 3137 Dei
3518 3101 3537 3134 ι
3573 3082 3743 3135 simu-

445 3171 620 3268 ὁτέη,
662 3171 726 3270 (ie
759 3171 1212 3283 VMVOINVperucu,"
1253 3229 1353 3282 cap
1404 3171 1465 3272 ὃς
1500 3224 1605 3265 an.
1632 3211 1667 3264 2
1705 3220 1756 3264 ει
1787 3211 1878 3280 δ),
1911 3210 2041 3277 Quis
2068 3200 2112 3263 ρ
2148 3188 2370 3246 lacrum,
2408 3184 2598 3253 inquit,
2631 3183 2780 3252 prius
2810 3180 2994 3251 argilla
3024 3179 3294 3234 deformat
3322 3177 3468 3231 cruci
3497 3183 3554 3230 et
3579 3171 3745 3243 stipiti

445 3312 625 3378 itaque
675 3323 820 3363 sanae
873 3310 1069 3363 mentis
1120 3309 1280 3361 homo
1335 3305 1651 3359 dillitchitur
1700 3303 1958 3356 tributum
2012 3317 2042 3356 a

447 3399 766 3456 Christianis
798 3401 1055 3456 hnnomn
1085 3401 1256 3454 crucis
1286 3397 1484 3452 Chri~ti
1511 3399 1686 3464 signo,
1712 3409 1819 3463 quo
1842 3410 1901 3449 se
1921 3408 2043 3448 cre-

447 3496 683 3550 berrime
725 3510 788 3549 ac
811 3495 1036 3565 singulis
1067 3493 1178 3548 fere
1226 3493 1373 3546 boris
1422 3491 1744 3558 signabant,
1788 3495 1844 3543 et
1893 3489 2044 3555 cujus

449 3587 646 3642 virtute
674 3597 750 3641 tot
777 3597 1028 3653 tantaque
1055 3585 1310 3638 miracula
1340 3583 1452 3637 lieri
1481 3583 1831 3636 mirabantur.
1860 3581 2046 3650 Apage

449 3695 580 3750 ergo
610 3681 843 3750 ineptam
872 3679 1132 3734 Gronovii
1181 3679 1232 3732 iu
1275 3679 1416 3732 hunc
1447 3676 1660 3731 Minucii
1709 3677 1884 3730 locum
1929 3676 2045 3728 ani-

453 3777 885 3831 madversionem
917 3817 933 3839 ,
987 3791 1092 3846 qua
1147 3773 1350 3828 insulse
1397 3773 1594 3827 asserit
1642 3771 1845 3826 nullum
1899 3769 2047 3823 cruci

459 3868 660 3924 Christi
689 3869 1024 3924 trilmendum
1069 3869 1355 3924 honorem.
1407 3868 1481 3922 De
1523 3867 1614 3920 illo
1655 3875 1831 3919 autem
1873 3864 2048 3918 adhuc

457 3972 645 4034 postea
675 3964 973 4033 agendum,
1014 3964 1081 4019 de
1123 3980 1228 4033 quo
1271 3963 1486 4017 interim
1527 3961 1808 4015 consulere
1850 3961 2050 4028 poteris

456 4056 759 4116 Petavium.
795 4056 1223 4119 Thomassinum,
1261 4055 1597 4116 Cretserum,
1630 4053 1870 4122 aliosque
1901 4053 2050 4107 theo—

455 4149 610 4219 logos
642 4151 754 4203 sive
785 4149 1138 4204 scholasticos
1159 4190 1173 4214 ,
1214 4151 1326 4203 sive
1355 4147 1846 4202 controversiarum
1877 4146 2052 4214 scrip-

457 4252 602 4298 tores
633 4244 880 4315 (Petam,
909 4252 1042 4298 tom.
1077 4260 1128 4309 v,
1157 4242 1338 4298 Theol.
1372 4242 1570 4313 dognn,
1600 4241 1693 4294 lib.
1726 4255 1811 4301 xv,
1846 4254 1962 4306 cap.
1994 4239 2049 4293 8.

456 4337 772 4402 Tltnmass.,
806 4338 898 4392 lib.
933 4354 1034 4395 xu.
1068 4337 1248 4390 Theol.
1295 4336 1412 4406 dog.
1457 4337 1520 4388 de
1558 4333 1793 4395 Incarn.,
1838 4347 1957 4398 cap.
1985 4332 2049 4395 8;

458 4440 509 4485 et
543 4430 788 4501 Theolog.
815 4432 868 4483 in
901 4431 1112 4499 Magist.
1150 4430 1404 4492 Scnlcnt.,
1439 4428 1531 4483 lib.
1562 4443 1642 4495 tu,
1674 4427 1803 4482 diss.
1834 4425 1886 4493 9;
1920 4434 1974 4480 ei.
2001 4425 2053 4480 in

461 4523 523 4578 D.
550 4522 770 4590 Tbom.,
797 4539 873 4589 nt,
907 4534 1044 4594 part.
1077 4535 1269 4594 qua‘st.
1302 4523 1372 4579 9.5
1395 4522 1438 4593 ).

1079 4654 1376 4695 ARTICULUS
1407 4655 1458 4694 ν.

471 4756 736 4822 Quomodo
771 4757 1028 4812 Minucius
1073 4759 1226 4811 telum
1263 4756 1596 4821 ethnicorum,
1623 4754 1926 4809 Christianis
1947 4755 2060 4809 cnl-

542 4863 644 4906 tmn
673 4855 836 4907 crucis
857 4853 1222 4918 obiiciendum.
1250 4853 1300 4904 in
1330 4851 1445 4905 illo:
1473 4851 1729 4912 rctandat,
1769 4852 1856 4918 qui
1891 4867 2062 4904 cruces

542 4949 595 5002 in
621 4950 826 5003 deorum
853 4950 1162 5014 simulacris,
1197 4949 1470 5006 cantabris.
1495 4949 1712 5006 vexillis,
1745 4951 1949 5012 lroprvis
1969 4947 2065 5001 ho-

543 5041 813 5104 norabant,
844 5059 903 5095 ac
921 5059 1134 5112 quorum
1168 5044 1371 5111 signum
1422 5040 1474 5093 in
1511 5039 1814 5092 (tonantibus
1863 5040 2067 5093 navium

542 5137 663 5191 uelis
687 5178 701 5201 ,
738 5119 789 5188 in
832 5137 987 5206 iugo,
1026 5147 1071 5190 et
1116 5137 1322 5189 homine
1359 5134 1598 5204 expansis
1637 5132 1856 5186 brachiis
1895 5142 2069 5184 orante

543 5242 854 5303 reprwsenta
880 5249 958 5286 nr.

544 5347 690 5400 Satis
743 5345 974 5399 Minucio
1026 5361 1130 5400 non
1188 5344 1285 5398 l‘uit
1339 5343 1595 5398 Ethnicos
1643 5343 1817 5397 crucis
1867 5343 2071 5396 cultum

473 5438 796 5494 Chrisrianis
821 5441 1210 5508 exprobrantes
1250 5437 1586 5502 conlntassm
1632 5435 1722 5489 scd
1759 5436 1807 5488 id
1850 5438 2062 5504 ipsum,

478 5532 620 5602 quod
654 5531 779 5586 inde
817 5532 1175 5599 eonjicicbant
1215 5531 1375 5586 telum
1403 5571 1417 5592 ,
1450 5530 1498 5582 in
1531 5529 1646 5582 illos
1677 5529 1752 5579 sic
1789 5528 2023 5580 retundit
2059 5545 2071 5581 :

487 5645 506 5678 ι
545 5625 653 5679 Vos
676 5628 832 5691 plane
863 5627 1067 5696 ligneus
1097 5625 1229 5680 deos
1259 5623 1602 5681 consecratis.
1635 5637 1821 5675 cruces
1851 5621 2073 5692 ligneas,

483 5727 540 5770 ttt
579 5717 801 5771 deorum
845 5730 1143 5771 vestrorum
1187 5723 1364 5784 partes
1407 5714 1624 5765 l'or~itan
1657 5712 1913 5765 adoratis.
1945 5712 2075 5766 Nam

486 5819 539 5865 ct
576 5810 722 5882 signa
757 5811 904 5882 ipsa,
946 5822 996 5864 et
1034 5811 1308 5874 cmitabra,
1350 5827 1368 5858 ι
1415 5805 1594 5876 (male
1623 5805 1787 5875 aliqui
1817 5805 2077 5876 scriptum

2148 3289 2534 3351 superstructa.
2563 3280 2620 3332 ln
2659 3277 2920 3348 patibulo,
2955 3295 2975 3328 δ
3017 3275 3067 3330 id
3108 3284 3223 3340 est,
3267 3287 3448 3336 cruce,
3482 3288 3501 3321 ε
3549 3281 3746 3336 corpus

2150 3377 2243 3430 Dei
2291 3375 2457 3430 vestri
2499 3371 2778 3428 dedicatur
2831 3388 2849 3422 ι
2901 3367 3110 3442 (idem,
3155 3366 3451 3437 Apologet.,
3493 3378 3612 3432 cap.
3645 3361 3745 3426 12,

2150 3487 2271 3541 pag.
2302 3473 2385 3526 Μ.
2422 3471 2603 3536 Idem,
2635 3469 2729 3524 lib.
2760 3483 2812 3534 ι,
2841 3467 2908 3520 ad
2941 3465 3182 3532 Nation.,
3225 3480 3343 3533 cap.
3382 3461 3482 3528 12,
3528 3476 3644 3532 pag.
3677 3458 3748 3515 58

2150 3573 2204 3619 et
2229 3581 2379 3634 seqq.
2399 3563 2440 3631 ).
2469 3562 2621 3632 Quod
2654 3561 2868 3632 quidem
2897 3560 3004 3614 alin
3033 3560 3084 3612 in
3115 3558 3252 3612 libro
3283 3557 3491 3626 planius
3523 3553 3750 3608 clarius-

2150 3674 2254 3727 que
2275 3658 2506 3728 explicat
2535 3674 2548 3710 :
2584 3655 2678 3712 sed
2712 3657 2829 3726 quia
2862 3654 3073 3724 longior
3102 3654 3170 3708 ibi
3201 3661 3301 3712 est.
3328 3652 3392 3704 ad
3417 3650 3535 3719 ejus
3555 3647 3749 3702 librum

2151 3759 2203 3806 te
2242 3751 2558 3804 mittendum
2589 3749 2756 3802 satius
2784 3747 3054 3801 duximus.
3087 3744 3272 3815 Neque
3302 3753 3480 3799 tamen
3513 3742 3629 3796 sine
3656 3740 3753 3794 ali—

2152 3859 2256 3909 qua
2285 3843 2659 3896 observatione
2691 3838 3209 3908 przetermittendum
3254 3844 3373 3900 est,
3413 3834 3679 3904 adjectum
3720 3849 3752 3887 a

2153 3936 2386 3990 Minucio
2416 3934 2726 3988 adverbium
2776 3950 2794 3983 ι
2835 3931 3056 3986 forsitan
3115 3948 3134 3980 ›
3182 3935 3306 3981 ante
3351 3945 3368 3978 (
3419 3927 3670 3982 adoratis.
3728 3944 3748 3977 ι

2155 4028 2420 4097 Numquid
2446 4029 2587 4080 enim
2622 4026 2748 4079 illud
2779 4024 3000 4078 ornnino
3023 4036 3342 4076 asseverare
3371 4021 3542 4075 noluit
3567 4063 3580 4084 ,
3617 4034 3754 4090 quo-

2157 4127 2297 4177 niam
2329 4121 2526 4176 ethnici
2575 4119 2800 4174 deorum
2842 4131 3060 4172 suorum
3103 4114 3386 4168 simulacra
3426 4114 3713 4168 adorantes
3739 4152 3754 4176 ,

2157 4218 2224 4271 ad
2256 4214 2562 4285 suppositas
2587 4215 2668 4269 eis
2698 4227 2886 4268 cruces
2927 4210 3164 4264 animum
3209 4225 3314 4262 non
3357 4206 3758 4262 advertebant?

2157 4310 2294 4380 Quid
2326 4323 2472 4376 vero,
2508 4309 2551 4362 si
2581 4307 2711 4362 illud
2755 4306 2996 4367 ironice,
3039 4311 3201 4372 atque
3242 4301 3442 4357 idcirco
3485 4299 3760 4355 allirman-

2158 4415 2263 4472 ter,
2293 4403 2744 4477 quemadmodum
2763 4400 3147 4464 Tertullianus,
3168 4396 3402 4452 dixerit?

2233 4503 2370 4555 Ante
2408 4511 2692 4568 utrumque
2733 4512 2861 4552 vero
2889 4493 3130 4549 Justinus
3180 4490 3376 4561 Marlyr
3419 4485 3661 4544 Ethnicis
3689 4485 3764 4542 si-

2084 4597 2139 4658 1)
2168 4595 2364 4650 utiliter
2393 4593 2662 4658 obiecerat
2695 4609 2713 4642 ι
2749 4601 3046 4645 caSIrorum
3070 4583 3284 4649 vexilla,
3325 4594 3380 4638 et
3421 4589 3620 4652 tropica
3651 4580 3763 4635 vic-

2163 4687 2313 4742 tricia
2346 4706 2364 4737 ι
2391 4701 2510 4740 esse
2537 4697 2756 4747 cruces,
2802 4689 2858 4735 nt
2885 4680 2958 4734 ait
3003 4677 3284 4741 Minucius,
3328 4675 3408 4732 vel
3451 4675 3589 4729 sicut
3631 4673 3765 4730 Ter-

2168 4781 2419 4835 tullianus
2446 4778 2586 4832 dixit
2619 4796 2638 4830 ‹
2672 4791 2890 4832 crucum
2918 4777 3083 4829 stolas
3119 4792 3138 4825 ι
3167 4770 3384 4841 (lustio.
3407 4770 3560 4840 Apol.
3583 4785 3618 4829 ι,
3640 4781 3763 4837 pag.

2168 4873 2292 4946 90).
2345 4871 2605 4928 Omnibus
2652 4880 2829 4924 autem
2879 4881 3001 4922 cum
3042 4865 3092 4920 id
3142 4863 3272 4919 satis
3317 4871 3648 4932 compertum
3675 4859 3769 4923 sit,

2170 4969 2302 5023 nihil
2327 4968 2552 5036 amplius
2584 4965 2862 5027 addemus,
2899 4960 3000 5014 nisi
3027 4959 3112 5012 illa
3142 4957 3447 5027 Hieronymi
3475 4955 3538 5008 ad
3571 4955 3773 5008 laetam

2172 5062 2363 5118 verba:
2395 5080 2413 5112 ι
2456 5061 2654 5115 Vexilla
2697 5059 2921 5112 militum
2952 5053 3126 5108 crucis
3153 5049 3378 5120 insignia
3406 5057 3530 5103 sunt
3554 5066 3572 5100 ι
3607 5045 3774 5118 (llic-

2173 5170 2382 5210 ronvm.
2409 5154 2564 5221 epist.
2598 5151 2687 5212 57,
2713 5148 2779 5201 ad
2807 5146 2933 5200 Lwt.
2967 5159 3086 5214 pag.
3114 5142 3261 5212 591).

2247 5247 2538 5300 lllemorata
2566 5257 2694 5296 vero
2722 5242 2790 5294 ab
2835 5247 3052 5291 auctore
3095 5245 3299 5297 nostro,
3340 5241 3395 5286 et
3447 5230 3779 5286 Tcrtulliano

2182 5359 2201 5392 ‹
2231 5339 2480 5394 cantabra
2521 5355 2539 5387 ι
2587 5343 2740 5388 erant
2787 5332 2956 5400 signa,
2985 5343 3106 5400 qua:
3154 5341 3409 5396 purpura,
3437 5335 3491 5379 et
3532 5339 3664 5379 auro
3691 5339 3778 5378 or—

2179 5441 2323 5495 nata,
2366 5430 2416 5483 in
2445 5425 2652 5498 pompis
2680 5434 2732 5479 et
2769 5420 3195 5476 solemnitatibus
3227 5433 3346 5471 cum
3378 5416 3599 5471 deorum
3644 5415 3778 5486 ligu-

2180 5526 2254 5581 ris
2278 5539 2368 5593 per
2393 5521 2574 5574 urbem
2605 5517 2932 5572 ferebantur.
2966 5514 3149 5582 Neque
3178 5512 3317 5565 aliud
3349 5509 3487 5564 inter
3529 5509 3784 5564 cantabra

2185 5629 2231 5674 et
2293 5616 2488 5670 vexilla
2546 5610 2914 5667 intercedebat
2958 5607 3271 5667 discrimen,
3329 5605 3430 5659 nisi
3482 5607 3607 5674 quia
3669 5602 3786 5655 haec

2186 5710 2304 5763 vela
2341 5716 2542 5762 tantum
2573 5714 2747 5771 erant,
2797 5704 2979 5772 colore
3004 5714 3102 5755 suo
3149 5696 3428 5754 notissima
3465 5714 3478 5752 ;
3525 5694 3783 5750 cantabra

2187 5818 2315 5860 vero
2342 5803 2408 5857 ab
2435 5801 2538 5858 illis
2567 5798 3005 5856 discernebantur
3027 5805 3080 5853 et
3105 5794 3288 5852 colore
3315 5808 3431 5860 suo,
3463 5801 3518 5849 et
3547 5790 3789 5848 carmine
