4264 6258
364 310 469 363 ππ

1836 306 2307 364 ltlSSERTATIO.

3559 311 3661 367 3'58

365 427 655 483 abstinent.
686 426 731 482 Ο
776 426 980 497 grande
1008 425 1211 482 scelus!
1249 428 1380 495 Quid
1433 434 1630 490 autem,
1665 427 1855 480 amabo
1880 435 1962 491 te,
1998 430 2042 488 A
2073 429 2340 484 censibus.
2375 431 2429 484 ln
2461 446 2523 486 ea
2551 431 2742 486 delecti
2790 432 2889 486 viri
2935 431 3123 486 ordine
3160 431 3386 501 quisque
3441 443 3556 493 suo,
3601 445 3664 486 ac

361 522 583 584 mirum,
617 521 659 575 si
682 518 1041 586 Christianus,
1075 523 1162 589 qui
1197 521 1510 575 cruciﬁxum
1543 521 1821 574 Dominum
1873 535 1962 571 se-

361 615 582 686 quendo
608 628 822 669 crucem
877 628 1029 666 suam
1065 613 1304 681 quotidie
1336 611 1476 668 ferre
1518 611 1696 676 debet,
1748 626 1959 664 omnem

364 705 529 776 fugiat
565 705 934 775 voluptatem?
979 704 1166 759 Nonne
1212 720 1242 758 a
1278 703 1555 758 Clemente
1597 702 1962 757 Alexandrino

363 799 651 853 didicimus
700 799 1050 863 Voluptatem,
1083 801 1253 858 sam»
1274 841 1287 855 .
1321 799 1390 850 ab
1413 798 1652 866 ip~ismet
1675 795 1960 864 gentilibus

362 889 700 960 philosophis
729 890 960 954 deliniri,
1034 899 1391 961 ἵπαρσινψυχῆς
1423 896 1595 950 ἀπειθῆ
1643 893 1776 959 λόγῳ,
1805 907 1822 938 ι
1853 888 1961 942 ela-

363 985 562 1038 tionctn
612 985 826 1049 animus,
874 1001 992 1055 qua:
1042 999 1145 1037 non
1185 994 1331 1054 paret
1387 983 1575 1038 rationi
1615 1002 1631 1034 ι
1665 982 1956 1050 (Clemens

361 1076 648 1140 Alexand.,
705 1077 797 1132 lib.
861 1093 897 1132 ι.
957 1075 1192 1147 Ρωάιιᾳ..
1260 1091 1380 1144 cap.
1441 1076 1528 1139 15,
1590 1089 1706 1144 pag.
1765 1074 1868 1128 155
1906 1074 1961 1144 )?

361 1166 776 1223 Observavitnus
803 1183 930 1224 vero
975 1168 1147 1238 ipsum
1179 1168 1350 1221 adhuc
1389 1167 1636 1220 docuisse
1678 1166 1963 1234 voluptatis

361 1260 542 1315 omnis
598 1260 917 1330 principium
983 1275 1103 1314 esse
1167 1259 1534 1328 Cttpiditalettt,
1593 1272 1657 1312 ac
1725 1257 1959 1311 vicissim

362 1352 708 1422 cupiditatem
743 1352 1019 1423 voluptate
1069 1353 1313 1421 generari
1354 1351 1552 1423 (Tom.
1588 1366 1625 1404 ι.
1671 1350 1954 1418 Apparat.,

361 1443 458 1499 lib.
483 1443 848 1508 ttt,di.~sertal.
869 1446 923 1510 ξε
948 1461 1068 1512 cap.
1095 1442 1186 1507 21,
1211 1452 1294 1496 art
1320 1443 1375 1506 2,
1403 1458 1520 1513 pag.
1552 1441 1734 1513 1021).
1763 1444 1957 1508 Quam-

359 1534 544 1591 obrem
573 1537 642 1592 ab
697 1537 843 1591 omni
899 1536 1226 1600 Christiano,
1274 1544 1530 1604 quantum
1576 1544 1751 1602 potest
1803 1535 1956 1598 lieri,

358 1644 574 1700 semper
620 1627 870 1698 fugienda
911 1637 1013 1684 est.
1054 1628 1189 1694 Quid
1232 1643 1379 1690 vero,
1428 1627 1568 1697 quod
1605 1629 1812 1692 Cicero,
1860 1628 1958 1681 etsi

357 1722 623 1787 ethnicus,
658 1719 845 1784 libros,
869 1721 1060 1790 quibus
1084 1719 1248 1773 filimu
1281 1735 1433 1772 suttm
1485 1719 1727 1772 colendis
1769 1717 1958 1772 ofﬁciis

359 1813 630 1879 informat,
689 1816 766 1870 sic
817 1814 1081 1868 absolvit?
1130 1833 1147 1863 ι
1182 1813 1405 1870 Omnem
1455 1814 1778 1880 voluptatem
1820 1813 1954 1867 ilici-

359 1923 479 1961 mus
509 1908 769 1963 honestati
798 1923 919 1964 esse
944 1911 1358 1964 contrariam...
1393 1907 1522 1962 Nam
1561 1918 1617 1962 ιιι
1661 1909 1956 1964 tribuamus

358 1999 558 2059 aliquid
580 2001 858 2068 voluptati,
910 2001 1238 2056 condimenti
1295 2001 1524 2056 fortasse
1565 2003 1827 2066 nonnihil,
1859 2003 1959 2056 titi-

357 2090 528 2146 litatis
556 2103 703 2147 certe
732 2093 862 2148 niltil
891 2093 1105 2149 habebit
1139 2114 1158 2145 »
1190 2093 1367 2164 (Cic.,
1399 2094 1490 2148 lib.
1527 2111 1608 2159 ιιι,
1640 2095 1794 2150 Ullic.
1832 2112 1949 2167 pag.

354 2182 485 2249 404,
522 2193 576 2239 et
605 2188 799 2256 seqq.).

427 2276 694 2332 Callerutn
751 2279 1010 2334 Minucius
1059 2289 1260 2345 noster,
1319 2295 1388 2335 ne
1447 2280 1648 2334 Caecilii
1717 2281 1952 2336 animum

357 2375 518 2430 nimis
565 2377 821 2446 irritaret,
870 2380 1109 2434 modeste
1160 2380 1232 2433 illi
1262 2379 1577 2449 respondit:
1622 2377 1956 2433 Christianos

364 2488 382 2519 ι
422 2471 576 2525 malis
613 2471 884 2528 abstinere
933 2473 1311 2542 voluptatibus,
1349 2494 1368 2525 ι
1424 2473 1617 2544 quibus
1685 2483 1954 2542 tamquam

359 2558 598 2617 bonesus
624 2578 686 2617 ac
713 2563 872 2618 licitis
897 2563 1108 2619 Ethnici
1137 2567 1501 2636 indulgebant.

429 2652 526 2708 Dic
551 2670 680 2724 ergo
708 2657 880 2718 nobis,
914 2675 944 2708 ο
988 2658 1188 2719 Ωιι-0111,
1221 2674 1340 2727 quzr
1393 2669 1515 2712 sunt
1563 2657 1666 2710 illa:
1716 2655 1955 2709 honestae

356 2746 679 2816 voluptates,
733 2751 926 2818 quibus
975 2751 1246 2807 abstinere
1283 2752 1601 2807 Christianis
1646 2749 1790 2804 nefas
1834 2765 1954 2804 esse

353 2840 639 2894 contendis
664 2857 677 2893 :
706 2859 723 2892 ‹
751 2841 862 2895 Nutt
887 2847 1188 2911 spectacula
1214 2843 1402 2910 visitis,
1432 2862 1450 2895 ι
1488 2845 1556 2897 ita
1581 2843 1702 2914 illus
1729 2841 1954 2910 alloqui-

354 2939 462 2996 tur,
498 2951 516 2982 ε
551 2947 656 2987 non
690 2934 895 3003 pompis
925 2934 1213 2998 interestis,
1241 2936 1482 2989 convivia
1510 2935 1720 3004 publica
1749 2934 1952 2998 absque

351 3025 526 3091 vobis,
569 3042 716 3081 sacra
741 3028 1057 3089 certamina,
1084 3037 1410 3095 praecerptos
1439 3028 1609 3090 cibos,
1657 3039 1709 3081 et
1739 3027 1945 3082 deliba-

2067 522 2332 590 tibiciues,
2383 526 2579 595 aliique
2621 526 2999 596 procedebant,
3033 534 3086 580 et
3123 524 3190 578 ab
3215 523 3414 578 ultimis
3437 523 3661 580 deorum

2066 620 2345 673 simulacra
2377 621 2774 676 deferebantur.
2816 621 2968 676 Unde
2996 619 3294 674 Macrobius
3328 636 3341 672 :
3391 636 3409 669 ι
3437 617 3663 673 Ferculo

2064 720 2335 767 vehuntur
2366 715 2415 767 itt
2445 731 2633 782 pompa
2683 716 2926 768 ludorum
2957 715 3279 767 circensium
3324 711 3546 764 deorum
3592 710 3664 764 si-

2066 807 2297 861 tnulacra
2329 808 2586 879 (Macrob.
2613 808 2905 865 Sulurnul..
2950 809 3040 862 lib.
3086 823 3122 874 I,
3149 823 3266 872 cap.
3301 804 3394 878 93)
3445 805 3661 860 Tertul-

2068 897 2240 950 lianus
2261 916 2473 970 quoque
2499 919 2509 952 :
2536 900 2867 954 Circensium
2912 900 3069 971 paulo
3109 899 3404 969 pompatior
3438 912 3660 968 sugges-

2067 999 2170 1055 ttts,
2213 988 2408 1060 quibus
2438 994 2648 1060 proprie
2689 993 2788 1046 hoc
2829 1009 3044 1058 nomen,
3099 1008 3287 1062 pompa
3330 991 3658 1062 przeeedeus,

2065 1098 2289 1151 quorum
2319 1085 2387 1138 sit
2415 1085 2463 1138 itt
2494 1088 2809 1154 semetipsa,
2830 1085 3020 1155 probat
3045 1085 3111 1140 de
3137 1085 3545 1138 simulacrorum
3576 1097 3662 1137 se-

2065 1174 2161 1233 rie.
2197 1175 2262 1230 de
2294 1177 2579 1246 imaginum
2611 1180 2842 1243 agmine,
2872 1177 2938 1231 de
2967 1177 3229 1240 curribus,
3247 1175 3314 1230 de
3338 1175 3560 1234 Iliensis.
3592 1172 3661 1228 de

2065 1269 2410 1330 armamaxis,
2462 1269 2530 1323 de
2583 1269 2823 1336 sedibus,
2895 1271 2960 1322 de
3003 1270 3238 1334 Coronis,
3297 1267 3365 1322 de
3432 1266 3657 1322 exuviis.

2061 1358 2267 1424 Quanta
2299 1369 2553 1426 pra'terea
2588 1376 2758 1419 sacra.
2791 1368 2986 1430 quanta
3017 1360 3278 1413 sacrilicia
3327 1358 3656 1428 praecedant,

2062 1452 2414 1518 intercedant,
2464 1454 2769 1520 succedant,
2828 1463 2958 1522 quot
3013 1452 3256 1521 collegia,
3301 1462 3431 1520 quot
3482 1464 3660 1503 sacer-

2062 1547 2246 1613 dotia,
2303 1557 2432 1615 quot
2473 1547 2645 1602 oflicia
2723 1556 3070 1608 moveantur,
3155 1545 3332 1598 sciunt
3415 1542 3659 1596 homines

2064 1638 2205 1693 illius
2255 1639 2436 1706 urbis,
2493 1640 2542 1692 iit
2622 1654 2723 1709 qua
2749 1638 3135 1692 daemoniorum
3178 1643 3475 1690 conventus
3523 1647 3657 1688 cou-

2064 1731 2200 1784 st-dit
2235 1751 2252 1783 ι
2291 1731 2665 1799 (Tetlullian.,
2702 1732 2794 1784 lib.
2845 1734 2911 1784 de
2955 1733 3219 1800 Spectztc..,
3255 1743 3373 1795 cap.
3416 1728 3470 1790 7,
3535 1741 3654 1796 pag.

2064 1823 2191 1893 95).
2265 1823 2518 1892 Quaedam
2571 1823 2745 1878 adhuc
2801 1824 2901 1876 alia
2959 1822 3082 1876 alibi
3132 1821 3344 1875 'retnltt.
3397 1818 3501 1875 Sed
3544 1817 3658 1872 haec

2061 1919 2241 1971 omnia
2271 1918 2576 1985 singillatim
2599 1929 2649 1970 el
2672 1917 2925 1985 graphice
2960 1936 2987 1968 a
3039 1915 3290 1984 Dionysio
3324 1913 3659 1967 Halicarnas-

2061 2026 2153 2066 seu
2170 2008 2433 2080 descripta
2465 2012 2701 2065 invenies
2736 2010 2899 2082 (Idem
2927 2011 3014 2064 lib.
3038 2011 3099 2062 de
3132 2009 3397 2071 laololat.,
3421 2022 3521 2075 eap
3568 2006 3653 2070 11,

2063 2119 2179 2174 pag.
2216 2105 2339 2159 110.
2397 2105 2611 2175 Dionys.
2657 2103 2910 2169 llalicar.,
2962 2103 3052 2156 lib.
3086 2119 3180 2167 vtt,
3222 2101 3393 2169 Antiq.
3432 2099 3654 2153 Rommt.

2061 2211 2179 2266 pag.
2211 2197 2316 2250 475
2341 2207 2391 2251 et
2409 2211 2468 2251 se
2490 2194 2584 2268 ιιι).
2630 2197 2705 2251 De
2732 2197 2813 2250 bis
2844 2212 2968 2250 vero
3001 2211 3097 2250 nos
3128 2193 3368 2249 nonnihil
3399 2195 3656 2248 subnota-

2057 2288 2233 2344 vitnus
2273 2289 2322 2342 in
2367 2290 2627 2359 quosdam
2679 2288 2950 2343 Ambrosii
2997 2288 3163 2342 libros
3195 2287 3412 2359 (Ambr.
3454 2284 3653 2352 Expos.

2058 2381 2191 2451 paul.
2226 2381 2345 2448 118,
2387 2397 2550 2436 serm.
2586 2397 2637 2448 ν,
2677 2391 2732 2435 et
2774 2381 2847 2434 lib
2891 2382 3002 2436 tde
3030 2379 3207 2445 Offic.,
3253 2395 3369 2451 cap.
3408 2379 3474 2434 18
3503 2378 3530 2450 §
3564 2378 3652 2442 7'5,

2059 2487 2180 2543 pag.
2209 2472 2320 2546 ﬁt).

2131 2566 2386 2632 Quamvis
2439 2575 2616 2620 autent
2669 2566 2813 2630 inde,
2845 2581 2906 2619 ac
2956 2566 3289 2636 potissimum
3337 2581 3400 2618 ex
3433 2563 3656 2618 Tertul-

2063 2660 2269 2715 tnlliaui
2299 2661 2476 2715 verbis
2509 2659 2661 2714 facile
2691 2661 3034 2731 intelligatur,
3063 2676 3160 2715 cur
3190 2659 3278 2713 illa
3305 2658 3652 2713 Ethnicorutn

2058 2755 2363 2824 spectacula
2390 2753 2708 2809 Christianis
2757 2754 3019 2822 prohibita
3069 2755 3208 2816 sint;
3246 2753 3543 2822 peculiares
3573 2763 3651 2806 ta-

2058 2864 2178 2901 nten
2210 2850 2465 2917 quasdam
2502 2847 2656 2917 huius
2685 2846 2948 2902 interdicti
2981 2846 3217 2900 ratioites
3251 2857 3438 2900 auctor
3469 2853 3652 2897 noster

2059 2939 2287 2994 reddidit
2312 2957 2323 2993 :
2351 2958 2369 2990 ι
2399 2939 2529 2993 Nam
2555 2940 2604 2992 in
2627 2940 2762 2993 ludis
2779 2939 3072 3000 curulibus,
3099 2957 3116 2989 ι
3143 2939 3328 3006 inquit,
3352 2956 3370 2986 ‹
3395 2936 3513 3006 quis
3543 2951 3648 2990 non

2060 3032 2277 3088 horreat
2305 3034 2479 3102 populi
2512 3034 2563 3087 iit
2589 3048 2648 3087 se
2674 3034 2899 3088 rixantis
2929 3033 3211 3093 insaniam,
3239 3032 3289 3085 iu
3320 3029 3650 3102 gladiatoriis

351 3124 436 3173 tos
463 3119 720 3174 altaribus
752 3133 908 3191 potus
935 3121 1257 3176 abhorretis.
1293 3141 1312 3174 ι
1343 3121 1448 3178 Sed
1485 3139 1676 3175 novum
1712 3121 1947 3189 profecto
1974 3120 2018 3183 C
2054 3123 2322 3180 homicidii
2370 3127 2732 3194 disciplinam,
2787 3130 2837 3179 in
2881 3126 3110 3180 scenicis
3143 3129 3304 3180 etiam
3343 3141 3446 3178 non
3477 3123 3651 3177 minor

352 3210 480 3266 illttd
511 3227 574 3269 ac
591 3213 860 3284 singulare
901 3213 1142 3269 criminis
1197 3229 1367 3282 genus
1407 3215 1689 3270 Minucium
1733 3215 1950 3269 minime

349 3305 599 3373 perculit,
650 3316 742 3362 aut
792 3307 1125 3370 perturbavit
1186 3305 1337 3362 Ultio
1379 3307 1519 3362 enim
1568 3307 1852 3361 euntitetur
1886 3323 1946 3360 ea

351 3397 530 3450 omnia
565 3407 832 3468 tamquam
853 3398 1034 3464 noxia,
1061 3398 1286 3464 nefaria,
1328 3413 1390 3451 ac
1446 3399 1629 3466 pudori
1679 3397 1948 3467 castisque

348 3489 588 3544 tnoribus
617 3494 858 3561 opposita
884 3491 1217 3545 Christianos
1238 3490 1419 3561 fugere
1446 3502 1501 3546 et
1530 3492 1786 3545 aversari.

419 3582 499 3635 Ad
532 3583 833 3652 spectacula
884 3585 1160 3639 enimvero
1212 3595 1265 3638 et
1293 3601 1512 3656 pompas
1539 3585 1677 3653 quod
1721 3585 1942 3640 attinet:

354 3689 372 3721 ι
408 3672 537 3733 Nos.
569 3675 756 3744 inquit,
783 3676 873 3746 qui
907 3676 1107 3741 pudore
1133 3689 1184 3732 et
1215 3678 1454 3732 moribus
1490 3693 1793 3738 censemur.
1837 3695 1948 3733 nta-

349 3765 413 3820 lis
441 3767 822 3837 voluptatibus,
848 3779 902 3824 rt
927 3772 1139 3840 pompis
1174 3771 1389 3831 vestris,
1425 3781 1478 3824 et
1506 3771 1826 3839 spectaculis
1853 3771 1948 3826 ab-

348 3861 630 3928 SLinemus,
660 3877 882 3931 quorum
910 3876 963 3918 et
1008 3867 1073 3919 tle
1098 3868 1266 3920 sacris
1292 3867 1550 3933 originem
1592 3871 1856 3928 novimus,
1891 3875 1943 3919 et

347 3951 507 4006 noxia
552 3952 1261 4011 blandimentatlatttttattttts.
1306 3977 1322 4007 ι
1359 3962 1526 4012 Anlea
1555 3974 1682 4012 vero
1731 3957 1938 4012 Tertul-

347 4042 522 4099 lianus
551 4045 708 4100 simili
744 4048 897 4115 plane
954 4049 1109 4103 modo
1133 4051 1384 4104 dixerat:
1449 4071 1465 4100 ε
1508 4051 1682 4120 Eque
1738 4063 1947 4118 specta-

249 4130 258 4144 ’
345 4139 480 4192 Culis
537 4143 731 4196 vestris
771 4143 824 4197 in
879 4153 1082 4198 tantmn
1131 4147 1519 4214 renuntiamus,
1582 4149 1632 4201 in
1685 4157 1942 4216 quantum

344 4233 640 4303 originibus
668 4250 877 4302 eorum,
909 4253 1043 4307 quas
1069 4239 1266 4292 scimus
1294 4239 1362 4293 de
1400 4241 1779 4307 superstitione
1815 4257 1944 4295 con-

340 4332 547 4392 ceptas.
573 4323 710 4391 Quin
743 4337 797 4381 et
824 4327 954 4395 ipsis
1003 4328 1183 4391 rebus,
1219 4329 1286 4384 de
1319 4331 1512 4400 quibus
1558 4333 1940 4400 transiguntur,

2054 3217 2221 3284 furor,
2277 3219 2547 3288 turpitudo
2587 3221 2862 3286 prolixior.
2902 3239 2920 3271 ι
2956 3219 3011 3272 In
3060 3221 3423 3286 ntanusrripto
3464 3216 3649 3272 codice

2052 3311 2199 3377 regio
2223 3311 2435 3380 legitur,
2473 3329 2490 3361 ι
2529 3326 2635 3364 non
2663 3313 2837 3365 minor
2869 3310 3065 3373 furore,
3106 3329 3124 3361 ι
3170 3326 3268 3364 nec
3302 3311 3521 3363 omnino
3548 3309 3648 3363 alt-

2050 3402 2215 3454 surtlo
2266 3418 2446 3456 sensu.
2483 3403 2608 3458 Utttt
2659 3404 2748 3470 sit,
2798 3402 3158 3458 Tertullianus
3210 3403 3412 3457 auctori
3465 3411 3648 3456 nostro

2052 3495 2332 3564 pra'ivcrat
2357 3496 2410 3550 in
2440 3514 2538 3549 suo
2580 3497 2948 3567 ApologettCo,
2981 3497 3068 3550 ubi
3105 3496 3352 3551 similiter
3389 3498 3645 3565 seriptum

2050 3587 2317 3658 legimus:
2359 3609 2379 3643 ι
2424 3590 2561 3644 Nihil
2605 3599 2688 3644 cst
2731 3589 2884 3643 nobis
2910 3604 3032 3644 cum
3073 3590 3276 3644 insania
3325 3590 3474 3653 circi,
3525 3603 3645 3644 Cum

2050 3679 2374 3748 impudicitia
2409 3684 2622 3745 theatri,
2656 3697 2778 3734 cum
2809 3682 3088 3735 atrocitate
3122 3695 3323 3744 arenae,
3353 3696 3472 3734 cum
3507 3679 3646 3750 xysti

2047 3774 2300 3828 vanitate.
2340 3795 2356 3825 ι
2376 3774 2580 3828 Rursus
2603 3791 2728 3828 vero
2750 3775 2874 3829 alibi
2903 3792 2915 3830 :
2949 3793 2965 3825 ι
2989 3776 3113 3842 quid
3139 3791 3242 3828 non
3268 3776 3596 3844 frequentas,
3623 3792 3640 3825 ι

2047 3866 2246 3929 aiebat,
2285 3886 2303 3917 ι
2339 3876 2444 3919 tam
2477 3868 2748 3920 solemnes
2778 3867 3080 3934 voluptates
3126 3866 3255 3918 circi
3305 3863 3550 3931 furentis,
3593 3873 3646 3936 et

2045 3971 2222 4011 Cavete
2280 3957 2568 4021 saevientis,
2621 3967 2676 4011 et
2714 3973 2885 4011 scena-
2948 3956 3308 4009 lascivientis?
3344 3975 3362 4007 ι
3424 3956 3643 4010 Detnum

2051 4051 2158 4104 alio
2194 4051 2369 4104 adhuc
2411 4052 2462 4104 itt
2506 4050 2682 4103 libro:
2744 4068 2760 4100 ‹
2798 4050 2940 4104 Perit
2986 4059 3040 4102 et
3092 4048 3283 4108 fidelis,
3327 4049 3544 4115 elapsus
3593 4049 3643 4101 iu

2051 4141 2757 4212 Spectaculuntquadrigarii
2785 4140 2999 4205 furoris,
3024 4151 3074 4193 et
3096 4138 3398 4208 gladiatorii
3415 4139 3641 4205 cruoris,

2049 4243 2104 4289 et
2133 4235 2358 4288 scenica:
2411 4233 2685 4299 foeditatis,
2730 4241 2780 4288 et
2824 4231 3046 4302 xystieae
3096 4229 3366 4291 sanitatis.
3401 4229 3453 4283 in
3497 4229 3644 4283 lusus

2050 4336 2106 4382 et
2147 4327 2384 4381 convivia
2435 4325 2713 4380 smcularis
2761 4323 3140 4389 solemnitatis,
3185 4322 3237 4375 itt
3277 4321 3555 4387 officium,
3591 4324 3642 4375 itt

340 4424 723 4484 prmtersmnus
774 4419 1130 4487 ('l'ertullian.
1180 4423 1472 4491 Apoloyet.,
1517 4439 1634 4494 cap.
1693 4424 1782 4487 58,
1821 4442 1938 4496 pag.
1967 4466 2022 4526 D
2049 4422 2400 4476 ministerium
2425 4420 2955 4476 alienasidololatrias
2989 4437 3007 4470 ι
3033 4416 3374 4490 (Tertullian.
3398 4416 3642 4488 Apolog.,

339 4510 454 4578 54).
485 4531 505 4564 ›
538 4513 670 4581 Quae
697 4524 876 4570 autem
908 4516 1125 4572 fuerunt
1158 4518 1261 4572 illa:
1306 4522 1732 4588 spectaculorum
1775 4523 1909 4592 origi

336 4616 454 4668 nes,
503 4619 566 4659 ac
608 4607 880 4676 quomodo
919 4625 982 4663 ex
1026 4607 1320 4666 idololatria
1369 4621 1425 4665 et
1467 4613 1628 4682 impio
1685 4615 1938 4670 talstxrum

335 4692 557 4749 deorqu
583 4697 728 4752 cultu
755 4708 887 4753 orta:
913 4701 1039 4765 sint,
1079 4701 1279 4772 liquido
1319 4703 1604 4759 edis-seruit
1656 4705 1708 4759 in
1749 4721 1846 4759 SUU
1869 4706 1937 4762 de

333 4783 669 4855 Spectaculis
707 4789 846 4845 libro
885 4791 1160 4861 (Tertull.,
1219 4795 1309 4848 lib.
1341 4797 1403 4849 de
1434 4795 1700 4865 Spectac.,
1747 4813 1866 4866 cap.
1902 4799 1936 4855 5

335 4889 584 4951 ctseqq.,
615 4897 713 4952 pag
764 4884 824 4939 91
863 4895 916 4940 et
945 4888 1142 4956 seqq.),
1177 4889 1263 4942 ubi
1298 4889 1446 4956 plura
1472 4890 1538 4944 de
1563 4891 1746 4946 iisdem
1778 4907 1933 4960 spee-

333 4973 525 5027 taculis
549 4988 842 5046 eorumque
874 4978 1156 5034 interdicto
1189 4980 1368 5049 legere
1410 4985 1630 5051 puteris,
1677 4985 1934 5054 quemad-

331 5065 546 5120 modum
582 5069 632 5121 in
659 5067 778 5125 aliis
814 5072 1012 5138 passim
1055 5072 1149 5128 SS.
1179 5072 1399 5129 Patrum
1429 5077 1704 5146 operibus.

401 5157 546 5212 Bene
585 5160 802 5229 quidem
839 5163 986 5218 dicet
1033 5165 1245 5236 aliquis.
1289 5167 1394 5224 Sed
1433 5169 1556 5240 quid
1593 5179 1756 5224 sunt:
1783 5187 1930 5240 pom-

329 5264 432 5320 pze,
470 5272 489 5304 ι
521 5271 550 5308 a
583 5254 815 5311 Minucio
855 5267 1037 5327 postea
1092 5272 1423 5329 ntetnoratzr,
1456 5281 1588 5334 quas
1638 5265 1930 5321 Christiani

329 5356 434 5396 non
510 5347 704 5411 minus,
763 5363 923 5419 quam
989 5354 1290 5420 spectacula
1352 5355 1659 5424 fugiebant?
1727 5357 1926 5428 Pompa

324 5449 498 5504 graece
523 5437 717 5494 dicitur
737 5456 929 5509 πομπὴ,
962 5459 991 5498 a
1040 5446 1205 5500 verbo
1228 5457 1423 5516 πέμπω,
1461 5450 1601 5519 quod
1654 5450 1815 5503 latine
1861 5451 1932 5504 si-

323 5531 540 5599 gnificat
583 5534 755 5599 mitto,
809 5537 1036 5602 deduco,
1082 5545 1388 5596 transveho.
1440 5543 1708 5598 Solemnis
1751 5552 1926 5616 autem

323 5634 442 5680 erat
479 5637 533 5679 et
598 5629 809 5698 publica
865 5647 959 5700 per
1009 5633 1284 5688 civitatum
1340 5636 1487 5689 vietis
1536 5635 1809 5698 deductio,
1875 5645 1922 5690 cl

323 5720 669 5778 IrallSVCCliO.
715 5738 834 5792 qua:
872 5724 984 5779 fieri
1016 5727 1223 5782 Solebat
1266 5727 1316 5780 in
1367 5726 1668 5793 triumphis,
1721 5729 1925 5798 suppli-

321 5811 625 5876 cationibus
652 5813 878 5889 aliisque
915 5819 1366 5886 solemnitatibus,
1401 5835 1463 5875 ac
1495 5819 1763 5894 ιηἰιξι-ἰῃιιο
1813 5821 1920 5878 cir-

2046 4530 2168 4583 cap.
2198 4517 2286 4581 58,
2321 4530 2440 4585 pag.
2475 4515 2563 4568 54.
2605 4512 2748 4568 Idem
2792 4513 2887 4567 lib.
2922 4528 2962 4578 t,
2985 4513 3156 4565 adver.
3192 4509 3473 4577 Marciam,
3520 4525 3636 4580 cap.

2044 4611 2134 4673 27,
2170 4625 2286 4679 pag.
2324 4610 2445 4665 451.
2479 4607 2595 4662 Lib.
2651 4608 2714 4660 de
2757 4605 2966 4670 Pedia,
3019 4621 3138 4675 cap.
3195 4604 3248 4663 7.
3294 4619 3414 4674 pag.
3463 4601 3568 4658 722
3599 4605 3639 4672 ).

2043 4706 2380 4775 Quapropter
2435 4705 2790 4774 Hieronymus
2818 4701 2884 4755 ad
2923 4701 3226 4756 Marcellam
3255 4699 3369 4754 hinc
3417 4699 3601 4754 scribit
3629 4717 3640 4753 :

2048 4816 2065 4849 ι
2103 4798 2303 4852 llabeat
2353 4796 2452 4848 sibi
2496 4795 2664 4849 Roma
2717 4809 2845 4848 suos
2895 4794 3170 4855 tumultus,
3220 4807 3382 4847 arena
3430 4791 3639 4856 saeviat,

2040 4895 2216 4947 circus
2262 4891 2507 4954 insaniat,
2554 4890 2758 4944 theatra
2791 4889 3082 4942 luxurient.
3120 4906 3138 4939 ι
3173 4886 3383 4941 Etenim
3420 4904 3432 4940 :
3471 4906 3489 4936 ι
3520 4901 3641 4940 cre-

2035 4988 2169 5042 (lens
2205 4990 2255 5042 in
2283 4987 2581 5052 dominum,
2616 4984 2821 5045 Jesutn,
2863 5003 2881 5034 ›
2927 4986 2999 5036 ιιιὶ
3050 4983 3135 5036 ille
3169 4981 3296 5036 alibi
3347 4980 3414 5035 de
3454 4990 3639 5034 sancto

2037 5079 2309 5134 Hilarioue
2353 5079 2506 5141 dixit,
2557 5098 2575 5129 ‹
2615 5094 2720 5132 non
2765 5076 2893 5130 circi
2943 5073 3233 5138 furoribus,
3293 5088 3398 5127 non
3449 5087 3630 5125 arena:

2035 5175 2313 5241 sanguine,
2363 5188 2465 5224 non
2499 5170 2688 5223 theatri
2722 5169 2926 5224 luxuria
2949 5166 3248 5221 delectatur
3269 5163 3632 5239 (Hieronym.,

2037 5264 2193 5332 etiist.
2230 5263 2320 5325 45,
2349 5266 2415 5316 (td
2454 5259 2698 5326 Marrel.,
2733 5276 2848 5331 pag.
2893 5260 3022 5328 551,
3048 5269 3103 5316 et
3131 5260 3186 5313 in
3213 5261 3316 5313 vita
3346 5257 3629 5326 Hilarium,

2038 5371 2158 5427 pag.
2189 5355 2279 5428 75)

2111 5451 2278 5503 Porro
2303 5458 2480 5503 autem
2511 5447 2869 5502 Tertullianus
2908 5445 2961 5500 in
2990 5444 3100 5516 jam
3127 5446 3290 5501 citato
3327 5457 3357 5496 a
3384 5442 3537 5497 nobis
3564 5442 3631 5498 de

2033 5539 2362 5609 Spectaculis
2393 5543 2547 5605 libro,
2581 5553 2858 5612 postquam
2891 5539 3234 5595 manifestum
3267 5540 3521 5594 omnibus
3553 5538 3629 5592 fe-

2030 5637 2125 5698 cit,
2153 5639 2276 5705 quid
2310 5639 2374 5692 sit
2399 5640 2596 5703 circus,
2642 5655 2739 5693 cur
2783 5640 2859 5693 sic
2885 5652 3241 5708 nuncupatus,
3298 5647 3353 5692 et
3396 5636 3521 5704 quid
3573 5636 3626 5691 in

2029 5745 2095 5785 eo
2122 5742 2389 5801 ageretur,
2425 5742 2532 5786 tum
2575 5745 2780 5804 puStea,
2835 5732 2959 5804 quid
3011 5734 3123 5786 Ita-c
3171 5731 3405 5787 auctoris
3456 5731 3626 5785 nostri

2025 5823 2184 5878 verba
2222 5845 2232 5879 :
2271 5843 2287 5876 ε
2323 5825 2506 5897 Populi
2549 5825 2600 5880 in
2655 5840 2715 5880 se
2764 5825 2985 5884 riXatttis
3037 5825 3319 5892 insaniam,
3358 5841 3376 5878 ι
3423 5823 3628 5894 signiti-
