4242 6222
643 216 748 276 559

1974 223 2058 278 DE
2101 219 2357 277 MINUCII
2387 219 2680 276 OCTAVIO

3848 221 3951 276 540

641 346 784 405 cem,
838 336 1137 393 luculenter
1194 338 1482 405 explicavit
1517 355 1530 392 τ
1580 357 1598 392 ι
1636 337 1768 392 Cum
1828 337 1997 404 furor,
2055 338 2246 406 inquit,
2277 336 2328 396 Λ
2358 337 2511 398 terio,
2545 337 2628 389 vel
2660 335 2784 406 quid
2813 334 2958 389 domi
2988 334 3235 404 gesserit.
3264 347 3680 405 recognoscere;
3711 333 3797 388 vel
3823 335 3948 404 quid

641 429 980 486 interdicitur
1027 430 1200 493 nobis,
1234 432 1302 485 ab
1357 433 1500 485 oumi
1554 431 1863 500 spectaculo
1919 429 2238 496 auferimur,

641 527 803 581 etiam
846 541 874 578 a
914 525 1080 588 circo,
1121 525 1210 579 ubi
1265 527 1479 596 proprie
1539 526 1687 580 furor
1727 526 1999 595 praasidet.
2051 525 2247 593 Aspice

641 620 896 691 populum
925 619 988 672 ad
1015 621 1378 684 spectacalum
1402 620 1512 689 jam
1543 635 1664 673 cum
1703 618 1882 673 furore
1919 621 2242 680 venientem,

637 712 744 782 jam
778 712 1315 781 tumultuosum,jam
1345 728 1565 771 catcum.
1597 711 1707 780 jam
1755 711 1824 766 de
1867 709 2246 779 sponsionibus

639 807 990 884 Concitatum.
1020 807 1226 860 Tardus
1254 817 1336 860 est
1366 808 1436 860 illi
1471 817 1688 873 prmtor,
1743 821 1958 870 semper
2007 804 2146 858 oculi
2195 804 2244 857 itt

643 914 774 952 urna
816 899 933 967 ejus
977 914 1098 952 cum
1145 901 1380 952 sortibus
1427 901 1757 954 volutantur.
1814 898 2017 952 Dehinc
2071 897 2135 951 ad
2173 901 2246 952 si-

638 1007 798 1060 gnum
833 991 972 1044 anxii
1007 991 1277 1057 pendent;
1315 992 1471 1044 unius
1503 991 1789 1044 dementiae
1838 1006 1940 1044 una
1992 1006 2092 1044 vox
2139 1000 2242 1044 est.

637 1086 917 1155 Cognosce
946 1085 1274 1138 dementiam
1330 1085 1397 1138 de
1445 1085 1679 1138 vanitate
1711 1102 1722 1137 :
1767 1084 1927 1145 Misit,
1960 1083 2164 1145 dicunt,
2190 1095 2245 1138 et

639 1181 884 1232 nuntiant
914 1179 1161 1240 invicem,
1190 1178 1331 1247 quod
1371 1179 1526 1231 simul
1556 1178 1622 1231 ab
1649 1178 1904 1230 omnibus
1932 1178 2102 1231 visum
2125 1187 2226 1231 est.

640 1271 820 1325 Teneo
875 1271 1239 1324 teSIimouium
1293 1271 1569 1324 ca-citatis.
1630 1269 1746 1324 Non
1792 1270 1969 1324 vident
2025 1270 2245 1324 missmn

639 1363 779 1434 quod
829 1363 935 1415 sit:
987 1378 1234 1430 mappam
1284 1371 1510 1430 putant:
1544 1363 1635 1415 sed
1677 1373 1762 1416 est
1789 1361 1987 1414 diaboli
2031 1362 2098 1414 ab
2139 1362 2250 1414 allo

638 1454 953 1524 pra-cipitali
983 1453 1169 1522 figura,
1205 1453 1382 1526 (alias,
1407 1453 1572 1526 gula).
1607 1454 1681 1507 Ex
1717 1470 1780 1508 eo
1806 1454 1982 1523 itaque
2022 1454 2127 1510 itur
2181 1452 2234 1506 in

639 1546 826 1610 furias,
882 1556 934 1598 et
989 1553 1218 1608 animos,
1275 1555 1328 1599 et
1379 1547 1696 1608 discordias.
1746 1555 1798 1600 et
1831 1545 2085 1616 quidquid
2135 1561 2240 1599 non

637 1635 766 1691 licet
819 1636 1193 1691 sacerdotibus
1237 1638 1400 1706 pacis.
1470 1639 1594 1692 lude
1640 1638 1944 1702 maledicta,
1999 1637 2238 1691 convicia

634 1731 748 1785 sine
774 1729 1001 1800 jnStitia,
1029 1730 1314 1784 odii‘t-tiam
1339 1730 1590 1801 suffragia
1623 1734 1738 1786 sine
1761 1732 1952 1785 merito
1978 1731 2180 1785 amoris
2214 1750 2231 1781 ι

637 1824 891 1892 (Tertul.,
927 1823 1013 1877 lib.
1056 1823 1119 1875 de
1144 1823 1407 1892 Spectata,
1443 1840 1561 1892 cap.
1592 1823 1646 1886 8,
1682 1838 1801 1892 pag.
1832 1823 1922 1878 95.
1952 1823 2084 1878 Ibid.
2120 1838 2240 1892 cap.

637 1917 724 1979 16,
761 1931 877 1985 pag.
910 1915 1024 1986 97).
1081 1917 1172 1970 llis
1224 1918 1371 1985 plura
1428 1916 1593 1981 addit,
1649 1932 1768 1983 quae
1814 1924 1867 1970 te
1904 1917 2083 1985 legere
2135 1932 2240 1970 non

635 2010 830 2080 pigeat.
867 2007 1058 2062 Videre
1084 2024 1294 2078 quoque
1325 2010 1544 2078 puteris,
1571 2024 1689 2077 qua-
1716 2009 1785 2064 de
1816 2009 2003 2061 iisdem
2028 2018 2241 2078 specta-

635 2103 771 2157 culis
808 2102 1037 2172 adjecit;
1075 2102 1160 2156 ubi
1215 2104 1322 2169 ille,
1374 2103 1513 2160 sicut
1544 2102 1820 2167 Martialis,
1859 2103 2146 2156 Suetonius
2193 2110 2246 2154 ct

636 2196 749 2260 alii,
785 2203 1110 2250 mentionem
1136 2195 1257 2250 fecit
1280 2211 1506 2266 mappae,
1543 2211 1683 2264 qua',
1739 2204 1797 2248 ιιι
1833 2194 2047 2264 quidam
2075 2194 2245 2254 aiunt,

639 2289 827 2345 vietori
855 2306 880 2341 a
920 2301 1148 2357 praetore
1175 2291 1309 2344 mitti
1336 2291 1564 2352 solebat,
1600 2290 1682 2343 vel
1733 2290 1868 2342 sicut
1895 2289 2014 2342 aliis
2051 2289 2245 2358 placet,

639 2399 758 2454 qnzc
781 2384 1286 2438 connuittcndormn
1326 2384 1575 2437 ludorum
1619 2399 1644 2437 s
1668 2398 1827 2450 gnum
1874 2393 1988 2436 erat
2020 2383 2249 2453 (Juven.

637 2475 690 2530 in
723 2473 810 2529 fin.
848 2476 1021 2545 Satyr.
1060 2477 1117 2529 ll
1175 2475 1424 2537 Martial”
1460 2474 1549 2528 lib.
1572 2471 1868 2544 xu,Epigr.
1899 2473 1988 2528 Q9.
2026 2473 2250 2528 Sueton.

638 2570 693 2623 in
737 2568 847 2622 l’ita
879 2567 1100 2634 Neron.,
1135 2568 1306 2639 μὶ).
1331 2568 1597 2622 Carminis
1648 2583 1777 2621 vero
1824 2568 2062 2631 iambici,
2113 2569 2255 2624 inter

637 2665 879 2735 Gregorii
931 2664 1245 2718 Nazianzeni
1304 2679 1466 2733 opera
1535 2662 1663 2717 editi
1738 2672 1924 2716 auctor
1969 2663 2252 2717 enucleate

640 2757 898 2813 describit
933 2759 1060 2813 circi
1093 2756 1353 2814 furorem.
1411 2757 1537 2821 iras,
1583 2755 1746 2821 rixas,
1796 2756 2058 2819 convicia,
2103 2756 2244 2822 odia,

639 2865 865 2920 pugnas,
898 2851 1139 2915 vulnera,
1173 2848 1418 2904 eteaedes
1464 2849 1713 2921 (Gregor.
1746 2847 2018 2915 Naziauz.,
2045 2848 2246 2914 Cornu,

640 2945 764 2997 iant.
797 2945 848 3005 5.
881 2958 993 3012 pag.
1024 2942 1176 3014 292).

2271 1681 2318 1740 B

2348 445 2538 501 gerere
2568 431 2759 500 possit,
2779 430 3007 485 discere.
3030 430 3364 484 Adulterium
3383 429 3628 489 discitur,
3650 427 3776 482 dum
3802 429 3948 485 vide-

2356 534 2460 589 tur,
2492 536 2546 581 et
2575 527 2914 581 lenocinante
2933 527 2999 580 ad
3023 527 3146 580 vitia
3172 527 3398 596 publicae
3423 527 3756 581 auctoritatis
3785 527 3948 594 malo,

2351 635 2470 689 qum
2493 619 2682 687 pudica
2714 619 2943 675 fortasse
2965 621 3030 674 ad
3061 619 3424 689 spectaculum
3457 629 3696 674 matrona
3732 635 3949 688 preCes-

2353 722 2516 775 serat,
2567 711 2634 764 de
2679 714 2988 780 spectaculo
3030 713 3313 765 revertitur
3354 713 3711 780 impudica...
3759 713 3952 784 Expri-

2353 815 2500 854 munt
2531 803 2850 869 impudicam
2882 803 3165 868 Venerem,
3189 803 3488 858 adulterum
3518 805 3756 867 Martem.
3783 821 3830 860 et
3857 807 3950 860 Jo-

2355 907 2471 947 vem
2503 894 2652 948 illum
2685 912 2837 948 smnn
2873 914 2976 950 non
3008 896 3176 964 magis
3206 913 3402 965 regno,
3435 914 3592 967 quam
3625 900 3772 954 vitiis
3808 903 3951 962 trin-

2347 986 2620 1054 cipem....
2673 990 2808 1043 licus
2859 1004 3008 1049 suos,
3067 1003 3202 1058 quos
3250 1002 3591 1053 venerantur,
3649 991 3950 1056 imitantur;

2347 1080 2480 1132 ﬁunt
2510 1081 2721 1134 miseris
2746 1092 2795 1136 et
2832 1081 3076 1151 religiosa
3100 1083 3290 1135 delicta
3317 1101 3335 1133 ι
3369 1081 3550 1152 (Cypr.
3579 1082 3734 1148 ibid.,
3763 1098 3881 1154 pag.
3919 1085 3951 1138 5

2346 1183 2398 1226 et
2427 1176 2613 1244 seqq.).

2428 1268 2583 1321 Prius
2615 1283 2742 1320 vero
2774 1267 3134 1320 Tertullianus
3171 1285 3183 1320 :
3224 1286 3242 1317 r
3281 1267 3326 1320 Α
3365 1267 3593 1330 theatro,
3634 1269 3821 1338 inquit,
3865 1283 3951 1324 se-

2357 1375 2628 1428 paramnr,
2673 1360 2813 1429 quod
2857 1372 2935 1413 est
2971 1362 3232 1429 privatum
3263 1360 3641 1415 con-istoiiutn
3674 1363 3953 1432 impudici-

2355 1451 2538 1504 tite....
2573 1467 2778 1504 summa
2802 1453 2970 1521 gratia
3002 1453 3116 1518 ejus
3139 1453 3207 1505 de
3237 1454 3489 1522 spurcitia
3517 1453 3802 1522 plurimum
3826 1471 3954 1510 cott-

2351 1544 2562 1598 cinnata
2587 1557 2690 1609 est,
2718 1562 2874 1615 quam
2908 1547 3162 1600 Atelanns
3182 1548 3546 1616 gesticulatur.
3581 1565 3739 1619 quam
3762 1551 3954 1605 n'timus

2351 1639 2510 1692 etiam
2546 1654 2640 1707 per
2672 1640 2923 1693 mulieres
2957 1650 3329 1708 repra-scntat,
3374 1656 3560 1694 sexum
3605 1642 3824 1710 pudoris
3860 1659 3953 1697 ex-

2348 1730 2662 1795 terminans,
2683 1741 2734 1783 ut
2754 1729 2958 1784 facilius
3001 1731 3169 1794 domi,
3187 1746 3342 1798 quam
3363 1733 3414 1786 in
3433 1747 3590 1788 scena
3607 1733 3952 1798 erubescant;

2349 1836 2508 1889 quam
2538 1821 2772 1890 denique
2808 1822 3166 1890 pantomimus
3200 1838 3228 1874 a
3264 1824 3486 1891 pueritia
3515 1825 3711 1891 patitur
3752 1827 3800 1878 in
3831 1840 3956 1880 cor-

2349 1930 2500 1984 pore,
2524 1924 2579 1968 ut
2597 1915 2785 1968 artifex
2809 1930 2929 1969 esse
2950 1917 3137 1983 possit.
3156 1915 3270 1983 Ipsa
3289 1926 3448 1970 etiam
3471 1918 3764 1985 prostibula
3788 1919 3957 1988 publi-

2347 2023 2424 2060 ca:
2449 2006 2680 2060 libidinis
2714 2007 2904 2061 bonne
2929 2008 3161 2062 insectis
3186 2012 3551 2076 pro'eruntur,
3582 2021 3686 2064 etc.
3728 2031 3746 2062 ›
3788 2009 3954 2080 (Tert.

2351 2098 2444 2152 lib.
2478 2099 2540 2151 de
2567 2099 2833 2166 Spectata,
2865 2116 2986 2169 cap.
3021 2102 3107 2164 l7,
3145 2117 3262 2170 pag.
3295 2100 3423 2172 98).
3480 2106 3616 2157 Ante
3673 2115 3960 2175 utrumque

2359 2209 2518 2262 porro
2563 2192 2900 2262 Theophilus
2958 2193 3360 2254 Antiochi-nus,
3417 2195 3664 2249 Clemens
3721 2197 3959 2252 Alexan-

2357 2285 2567 2351 drittus,
2619 2301 2680 2338 ac
2728 2295 2908 2353 postea
2958 2285 3287 2344 Lactantius.
3334 2286 3707 2358 Hieronymus,
3759 2290 3963 2342 Auctor

2359 2379 2615 2432 carminis
2659 2379 2868 2432 iambici
2915 2379 3177 2449 Gregorio
3218 2378 3555 2434 Nazianzeno
3594 2382 3814 2450 aScripti
3849 2422 3864 2446 ,
3909 2392 3964 2437 ct

2358 2475 2445 2528 alii
2496 2475 2546 2526 in
2590 2473 2685 2528 bas
2738 2475 3098 2528 obscenitatis
3137 2476 3380 2528 scenicas
3414 2475 3535 2542 jure
3576 2476 3768 2529 merito
3817 2477 3961 2529 inve-

2361 2568 2578 2620 huntur.
2628 2567 2758 2634 Quis
2831 2582 2992 2636 porro
3043 2567 3212 2620 nescit
3261 2566 3326 2620 iis
3375 2579 3585 2621 scatere
3629 2566 3959 2620 ethnicorum

2357 2673 2633 2730 poetarum
2692 2677 2814 2715 cum
2851 2676 3152 2730 graecorum
3199 2669 3309 2712 tum
3350 2661 3636 2714 latinorum
3678 2659 3962 2729 tragmdias

2353 2766 2406 2810 et
2423 2755 2839 2824 conicediasquar
2867 2745 3228 2808 in'mnltorum
3251 2753 3538 2822 perniciem
3560 2754 3716 2822 longe
3741 2754 3959 2819 diutius,

2349 2865 2510 2919 quam
2542 2851 2691 2918 plura
2721 2865 2891 2917 eaque
2907 2848 3188 2902 utilissima
3207 2857 3446 2902 veterum
3477 2848 3728 2902 Ecclesia‘
3750 2849 3962 2904 Patrum

2351 2959 2534 3014 opera,
2581 2954 2718 3015 lyps
2754 2943 2911 2997 edita:
2951 2942 3398 3013 persevorarnnt?
3448 2940 3731 3008 (Theoph.,
3772 2942 3863 2996 lib.
3883 2957 3962 3006 ut,

716 3037 888 3103 Quam
918 3047 1094 3089 autem
1129 3035 1386 3089 Minucius
1412 3033 1607 3089 dehinc
1637 3041 1804 3096 notat,
1839 3051 1858 3085 ι
1905 3033 1955 3086 in
1984 3033 2244 3102 gladiato-
2277 3057 2321 3119 ρ
2355 3037 2422 3088 ad
2461 3035 2717 3107 Autolyc.,
2771 3052 2890 3105 pag.
2944 3035 3045 3090 l26
3083 3048 3135 3088 et
3181 3051 3317 3104 seqq.
3348 3033 3510 3088 Clem.
3557 3035 3706 3088 Alex.
3752 3035 3842 3089 lib.
3890 3049 3960 3100 ll,

643 3127 740 3182 riis
775 3146 793 3179 ι
829 3127 986 3192 ludis,
1023 3145 1040 3176 ι
1080 3127 1347 3181 homicidii
1388 3127 1748 3197 disciplinam,
1791 3146 1808 3178 ι
1846 3127 1960 3180 lta'c
1997 3127 2192 3181 clarius
2221 3142 2252 3182 ιι

647 3221 918 3292 Cypriano
948 3222 1234 3289 exponitur
1272 3237 1283 3272 :
1323 3239 1339 3269 ‹
1377 3220 1620 3283 Paratur,
1652 3223 1723 3272 ait
1761 3220 2128 3273 sanctissimus
2170 3220 2260 3274 ille

650 3322 874 3383 martyr,
905 3313 1252 3379 gladiatorins
1296 3312 1484 3377 ludus;
1535 3321 1592 3366 ut
1640 3311 1912 3366 libidinem
1962 3312 2256 3366 crudelium

647 3405 911 3458 lmninum
953 3406 1173 3473 sanguis
1203 3403 1454 3458 oblectet.
1487 3402 1740 3475 lmp'etur
1771 3407 1821 3459 in
1863 3421 2081 3459 succum
2125 3406 2260 3460 cibis

650 3495 964 3551 fort'oribus
987 3511 1203 3565 corpus,
1236 3507 1289 3551 et
1315 3498 1516 3551 arvina!
1548 3500 1680 3552 toris
1703 3499 2064 3554 membrorum
2091 3501 2260 3555 moles

651 3587 871 3642 robusta
905 3588 1233 3656 pinguescit;
1268 3597 1326 3641 nt
1349 3590 1620 3659 saginatus
1650 3591 1699 3642 in
1731 3605 1943 3660 poenam
1973 3593 2147 3645 carius
2170 3607 2263 3661 pe-

2365 3132 2605 3204 Pwdag.,
2635 3149 2749 3202 cap.
2778 3133 2831 3195 6,
2866 3147 2985 3201 pag.
3014 3131 3117 3186 169
3144 3141 3196 3185 et
3225 3131 3310 3184 lib.
3342 3146 3399 3192 tt,
3429 3145 3547 3195 cap.
3575 3130 3662 3193 11,
3689 3145 3806 3201 pag.
3833 3129 3963 3184 254.

2363 3226 2602 3280 Lactant.
2638 3228 2731 3281 lib.
2765 3226 2820 3280 6.
2864 3225 3118 3284 Institnt.,
3158 3239 3276 3291 cap.
3315 3223 3403 3279 ΞΟ.
3449 3237 3565 3291 pag.
3608 3221 3712 3276 6l9
3743 3233 3791 3275 ct
3825 3239 3962 3292 seqq.

2371 3319 2670 3391 llieronym.
2704 3321 2852 3389 epist.
2887 3320 2971 3374 18.
2999 3319 3066 3371 ad
3092 3317 3326 3373 Marcell.
3348 3320 3501 3388 Apud
3529 3317 3688 3389 Greg.
3713 3316 3967 3372 Nazianz.

2362 3424 2493 3469 tom.
2525 3413 2580 3480 2,
2610 3429 2731 3484 pag.
2761 3411 2909 3483 191.)

2962 3543 3252 3583 Αιιτιειῖιυε
3291 3544 3348 3582 ll.

649 3641 787 3736 reat.
818 3641 1300 3735 lloiiiouoccidittir
1341 3641 1672 3736 inultominis
1711 3641 2264 3753 ιῗβᾞέέιιῌᾶρῖέῖςζιᾟι
2369 3644 2635 3711 ουοηιθίίο
2670 3643 2928 3697 ληίηυείυδ
2959 3648 3261 3753 "‘“"’,"’."’."‘"
3289 3642 3407 3744 “’“F
3434 3641 3617 3696 δτίίίίί
3641 3641 3987 3744 ⁰¹⁷¹ῗ’⁸⁶¹ί¹¹ί⁰’

649 3775 766 3843 quis
797 3775 964 3846 possit
1013 3774 1276 3838 occidere,
1323 3778 1516 3844 peritia
1557 3786 1656 3842 est,
1703 3793 1834 3832 usus
1877 3787 1981 3842 est,
2027 3795 2116 3833 ars
2157 3788 2260 3834 est.

651 3868 841 3924 Scelus
871 3883 976 3921 non
1009 3876 1212 3922 tantum
1245 3871 1469 3939 geritur,
1512 3869 1604 3924 sed
1638 3881 1685 3923 et
1718 3871 1961 3925 docetur.
1990 3873 2126 3940 Quid
2164 3889 2263 3944 po-

650 3972 755 4018 test
787 3963 1130 4018 inhumanius
1162 3973 1216 4019 et
1259 3964 1506 4019 acerbius
1551 3965 1698 4020 dici?
1739 3967 2022 4036 Disciplina
2070 3977 2170 4034 est,
2206 3979 2263 4025 ut

2438 3737 2604 3798 nibus,
2646 3737 2959 3790 Christianos
2992 3735 3207 3805 publiris
3243 3736 3501 3801 conviciis,
3533 3745 3575 3787 et
3602 3734 3762 3788 sacris
3798 3744 3989 3787 certa-

2437 3830 2655 3882 minibus
2687 3847 2786 3881 non
2818 3831 3074 3891 interesse,
3103 3840 3149 3880 et
3176 3827 3426 3881 abstinere
3450 3829 3512 3880 ub
3538 3827 3855 3897 idolothytis,
3887 3828 3995 3882 ubi

2439 3923 2742 3986 ostenditur,
2772 3936 2886 3993 qua!
2913 3932 3070 3974 essent
3103 3922 3193 3974 illa
3233 3921 3431 3988 publica
3460 3921 3774 3974 etlmiciirunt
3799 3922 3997 3976 convi-

652 4012 1216 4068 "'1
1260 4012 1506 4068 ””””.“”
1553 4012 1690 4020 “’””
2071 4012 2170 4034 “’”
2436 4016 2514 4068 via
2567 4032 2626 4067 ac
2693 4025 2900 4066 nautam
2929 4030 2960 4067 (ι
2988 4013 3286 4066 Christianis
3316 4012 3478 4066 discre
3518 4022 3679 4066 arent.

647 4071 825 4127 perire
855 4071 976 4126 quis
1000 4066 1206 4126 possu:
1241 4066 1296 4111 et
1319 4059 1667 4129 gloria,quod
1700 4061 1913 4129 perimit
1939 4080 1958 4114 ι
1982 4061 2257 4132 (Cyprian.
2519 4056 2533 4081 ³
2655 4031 2686 4086 q
3481 4031 3514 4084 ρ

645 4151 738 4206 lib.
767 4153 834 4205 ad
862 4150 1074 4217 Donat,
1106 4166 1225 4221 pag.
1257 4152 1290 4207 5
1321 4151 1361 4222 ).
1423 4151 1557 4206 Vide
1598 4153 1794 4219 adhuc,
1837 4155 1879 4209 si
1929 4156 2122 4225 placet,
2157 4155 2262 4209 Tac

650 4246 880 4311 tianmn,
917 4245 1233 4309 Arnobium,
1268 4245 1620 4303 Lactantium,
1655 4245 2022 4313 Prudentium,
2053 4258 2105 4303 et
2143 4264 2262 4320 qua».
2361 4248 2532 4309 cilius,
2567 4249 2707 4318 quod
2729 4248 2938 4316 publica
2975 4264 3094 4300 cum
3131 4246 3372 4300 Ethnicis
3395 4247 3636 4299 Convivia
3668 4247 4011 4320 celebrare,

647 4335 716 4392 de
776 4337 883 4390 illis
937 4337 1292 4404 gladiatorum
1344 4338 1729 4392 certaminibus
1771 4339 1897 4392 alibi
1952 4341 2262 4396 observavi-
2366 4343 2534 4396 sacris
2588 4357 2774 4396 eorum
2827 4339 3213 4396 certaminibus
3260 4339 3544 4404 interesse,
3591 4354 3654 4393 ac
3705 4338 4021 4398 delibatos

647 4445 767 4485 mus
797 4448 816 4481 ι
850 4430 1081 4499 (Talian.
1128 4431 1276 4484 Orat.
1322 4441 1486 4484 contr.
1521 4430 1713 4493 (irata,
1750 4448 1872 4503 pag.
1899 4434 2021 4489 161.
2053 4436 2248 4490 Arnob.

2367 4441 2470 4496 diis
2496 4442 2644 4495 cibos
2685 4452 2736 4495 et
2766 4453 2922 4507 potus
2951 4447 3277 4509 pra'gustare
3314 4440 3693 4492 detrectarent.
3723 4435 3866 4503 Quae
3904 4455 4024 4494 au—

647 4523 742 4576 lib.
793 4538 850 4584 ll,
882 4540 1002 4595 pag.
1037 4524 1123 4579 72.
1173 4525 1418 4579 Lactant.
1455 4525 1548 4579 lib.
1591 4539 1666 4591 vr,
1710 4541 1829 4596 Cap.
1857 4528 1949 4594 ‘20,
1985 4545 2101 4599 pag.
2133 4529 2259 4585 6l7.
2368 4543 2471 4589 tem
2514 4542 2697 4588 essent
2723 4533 2810 4586 illa
2840 4534 3082 4586 convivia
3113 4531 3470 4595 ethnicorum,
3504 4538 3556 4584 et
3582 4545 3680 4583 cur
3707 4531 4020 4601 instituta,

649 4615 904 4670 Prudcnt.
976 4617 1064 4670 lib.
1122 4634 1178 4673 ll.
1240 4629 1406 4672 contr.
1464 4619 1763 4689 Symntaclt.
1790 4663 1804 4687 ,
1851 4638 1976 4694 pag.
2022 4623 2162 4686 H9,
2208 4625 2261 4678 in
2365 4627 2569 4683 siscire
2591 4628 2882 4691 desideras,
2910 4625 3179 4681 docebunt
3208 4635 3258 4679 te
3282 4625 3396 4679 haec
3424 4624 3737 4679 Tertulliani
3765 4626 3968 4681 verba
4003 4646 4022 4684 :

649 4708 824 4778 Itynm.
847 4709 953 4764 SS.
983 4709 1197 4766 Fructu.
1223 4713 1447 4782 Angur.,
1473 4724 1604 4775 etc.,
1631 4729 1753 4783 pag.
1781 4715 1908 4780 l3b;
1929 4727 1972 4769 et
1996 4714 2258 4786 Hamart.,
2371 4740 2389 4772 ι
2430 4721 2644 4776 Grande
2685 4721 2932 4774 videlicet
2961 4719 3198 4772 cilicium
3244 4717 3392 4771 foetis
3421 4727 3477 4771 ut
3509 4728 3657 4770 toros
3696 4717 3752 4771 in
3796 4719 4022 4787 publi-

647 4817 769 4872 pag.
796 4804 924 4859 5‘22.
954 4803 1110 4859 Tom.
1144 4807 1192 4859 l.
1221 4805 1493 4875 Apparet.
1522 4821 1641 4876 pag.
1671 4807 1824 4879 800).
2364 4831 2486 4871 cum
2512 4815 2762 4879 educere,
2795 4814 3010 4867 vicatim
3042 4813 3270 4882 cpulari,
3301 4812 3568 4865 civitatem
3601 4810 3857 4866 tabernm
3901 4813 4025 4869 ha-

725 4899 965 4969 Denique
1013 4898 1081 4954 de
1127 4899 1356 4953 scenicis
1398 4901 1814 4970 turpitudinibus
1864 4903 2003 4958 idem
2049 4919 2260 4975 quoque
2364 4912 2473 4966 bitu
2503 4913 2856 4977 abolcl'accrc,
2891 4912 3015 4964 vino
3059 4910 3224 4963 lutum
3265 4925 3478 4980 cogere,
3511 4911 3837 4964 catert'atim
3869 4927 4030 4968 cur-

649 4992 968 5063 Cyprianus,
1003 5008 1122 5060 quae
1153 4992 1221 5046 ab
1249 5001 1472 5049 auctore
1514 5004 1699 5049 nostro
1741 4997 1880 5052 dicta
1912 5006 2055 5064 sunt,
2101 4999 2263 5068 paulo
2365 5006 2529 5060 sitare
2574 5008 2637 5059 ad
2688 5005 2926 5073 injurias,
2966 5003 3031 5057 ad
3079 5003 3458 5071 itupmleutias,
3500 5007 3564 5055 ad
3593 5003 3852 5058 libidinis
3891 5008 4038 5064 ille-

655 5086 929 5155 copiosius
968 5087 1222 5142 edisserit
1253 5104 1264 5140 :
1302 5108 1320 5141 ι
1361 5088 1416 5143 ln
1449 5089 1691 5154 theatris,
1718 5094 1907 5161 inquit,
1939 5095 2259 5162 conspicies,
2365 5098 2574 5152 cebras.
2604 5097 2817 5151 Siccine
2845 5097 3162 5166 exprimitur
3186 5095 3448 5165 publicum
3477 5096 3728 5165 gaudium
3757 5113 3876 5164 per
3916 5117 4038 5170 pu-

653 5179 794 5248 quod
828 5179 921 5232 tibi
953 5189 1006 5232 et
1036 5181 1207 5235 dolori
1240 5182 1307 5234 sit
1341 5190 1395 5235 et
1435 5181 1646 5251 pudori.
1677 5184 1987 5240 Cothurnus
2023 5197 2104 5242 est
2149 5199 2260 5241 tra-
2366 5191 2562 5244 blicmn
2593 5189 2862 5245 dedecus?
2904 5189 3155 5264 lla‘ccipe
3194 5188 3465 5241 solemnes
3502 5185 3618 5239 dies
3667 5188 4038 5260 principum

652 5273 801 5342 gicns
834 5273 1004 5342 prisca
1030 5276 1326 5328 carminum
1361 5274 1594 5330 facinora
1639 5293 1922 5333 recen~ere
1953 5299 1965 5334 :
1993 5278 2060 5334 de
2093 5282 2264 5349 parri-
2368 5285 2583 5349 decent,
2617 5302 2734 5355 qua:
2781 5285 2915 5338 alios
2957 5300 3062 5336 non
3093 5281 3319 5336 decent?
3363 5281 3460 5348 Qui
3494 5282 3794 5334 oliseivant
3834 5284 4042 5342 disci-

652 5363 809 5418 cidiis
829 5376 880 5418 et
929 5365 1149 5421 incestis
1188 5382 1340 5422 error
1369 5369 1640 5438 antiquus,
1683 5387 1935 5441 expressa
1968 5374 2032 5427 ad
2075 5375 2262 5445 imagi-
2370 5377 2567 5446 plinam
2611 5376 2677 5430 de
2715 5375 2945 5429 Ca‘saris
2985 5382 3256 5443 respectu,
3303 5371 3354 5426 bi
3396 5387 3512 5426 eam
3545 5382 3768 5440 propter
3811 5373 4046 5434 Cmsa-

653 5473 778 5512 nem
811 5456 1052 5512 veritatis
1080 5460 1289 5514 actione
1319 5462 1629 5531 replicatur,
1663 5481 1729 5519 ne
1761 5467 1934 5520 scelus
1974 5474 2260 5524 transeun-
2364 5486 2478 5526 rem
2503 5469 2782 5532 deserent;
2811 5481 2862 5523 et
2887 5468 3147 5522 malorum
3178 5483 3386 5520 morum
3413 5466 3622 5519 licentia
3658 5466 3854 5533 pictas
3883 5474 4040 5538 erit,

653 5551 791 5604 tibus
818 5554 1119 5618 exolescat,
1154 5554 1294 5624 quod
1324 5556 1614 5626 aliquando
1643 5559 1987 5613 commissum
2015 5571 2115 5615 est.
2151 5564 2261 5617 Ad-
2365 5564 2578 5618 occasio
2609 5562 3046 5632 luxuriac'rellgio
3075 5560 3418 5631 deputabitur
3453 5579 3472 5612 ι
3501 5561 3518 5628 (
3555 5557 3823 5628 Τει·ιιιιι.,
3863 5567 3946 5635 Αι
3971 5584 4046 5622 ο-

647 5655 897 5700 monetur
921 5648 1106 5702 omnis
1129 5661 1302 5708 cintus
1326 5654 1530 5718 auditu,
1556 5655 1668 5707 lleri
1695 5672 1876 5726 posse,
1900 5659 2038 5722 quod
2069 5660 2262 5716 factum
2367 5661 2544 5731 loget.,
2574 5674 2692 5728 cap.
2723 5657 2836 5728 55).

636 5747 828 5795 €51"..-
873 5742 1025 5802 Tum
1054 5744 1287 5803 delectat
1329 5744 1378 5798 in
1420 5747 1598 5803 mimis
1632 5750 2022 5828 turpitudinum
2065 5755 2263 5828 magis-
2442 5754 2521 5810 Ex
2548 5753 2631 5809 bis
2656 5754 2880 5823 aliisque
2923 5751 3040 5822 ejus
3070 5750 3247 5808 verbis
3276 5751 3432 5809 facile
3466 5751 3642 5822 quivis
3682 5749 4050 5833 intelligar,

2433 4154 2654 4224 Triplici
2695 4153 2870 4208 adlmc
2907 4153 2974 4208 de
3013 4168 3172 4207 causa
3214 4151 3550 4208 Christianos
3581 4154 3819 4221 increpat
3857 4154 4010 4211 Ca:-
