4264 6258
364 360 468 419 541

1840 358 2318 418 DISSERTATIO.

3573 360 3680 420 542

364 493 427 535 ea
470 475 716 533 convivia
762 487 974 530 summo
1012 487 1134 531 cum
1182 474 1448 531 dedecore
1480 472 1751 530 celebrata
1801 474 1968 532 fuisse
1994 479 2045 540 Α
2072 476 2211 531 tecto
2253 476 2304 532 in
2346 489 2459 533 rem
2502 476 2670 535 citare
2715 492 2821 534 non
2863 476 3165 533 dubitavit:
3195 494 3215 530 ι
3245 474 3350 534 Sed
3374 492 3567 548 neque,
3596 480 3679 534 in-

366 570 706 628 solemuibus
734 568 1151 640 Imperatorum,
1183 566 1560 638 Caesarumque
1587 560 1796 636 diebus,
1820 570 1980 623 nimi-

363 681 486 721 rum
533 663 823 728 natalibus,
871 662 1013 718 sicut
1051 661 1141 716 ille
1180 661 1303 715 alibi
1354 672 1556 724 narrat,
1597 661 1723 715 item
1768 662 1975 716 illorum

366 754 877 828 quinquennalibus,
926 753 994 808 de
1031 753 1224 822 quibus
1267 752 1464 824 aliquid
1523 754 1973 822 przestrinximus,

366 848 777 911 decennalibus,
822 847 1192 902 vieennalihus
1230 861 1292 900 ac
1330 846 1612 918 cujuslibet
1649 851 1771 903 anni
1802 849 1971 917 initio,

365 950 424 997 ut
454 957 551 996 suo
578 942 700 995 loco
721 938 1101 1008 explicabitur,
1132 949 1294 1010 atque
1320 940 1550 992 maxima
1582 940 1971 1009 tritunphorum

363 1034 706 1090 solemnitate
730 1030 973 1099 (Tertull.
1006 1032 1101 1086 lib.
1129 1047 1187 1095 tt,
1221 1032 1289 1084 ad
1330 1030 1516 1095 Uttan,
1539 1048 1656 1100 cap.
1684 1030 1750 1097 6;
1782 1032 1872 1086 lib.
1904 1031 1973 1086 de

364 1126 713 1198 Spectaculis,
768 1141 890 1194 cap.
919 1125 988 1190 6',
1045 1125 1269 1181 Dissert.
1299 1126 1353 1178 in
1396 1123 1530 1179 Luc.
1560 1123 1758 1190 cht'l.,
1788 1139 1907 1196 cap.
1935 1125 1969 1183 8

365 1229 423 1277 et
450 1221 541 1287 15,
576 1232 680 1274 art.
711 1218 743 1273 7
771 1228 827 1273 et
855 1216 939 1290 5.)

439 1314 552 1369 Nec
581 1312 773 1367 minori
813 1310 1055 1381 proiecto
1096 1325 1303 1365 morum
1335 1309 1739 1378 depravatione,
1769 1311 1969 1367 ethnici

365 1410 472 1466 alia
500 1409 675 1464 adhuc
705 1408 869 1463 certis
899 1404 1216 1476 quibusdam
1261 1407 1484 1460 dvorum
1532 1407 1679 1460 festis
1723 1407 1969 1461 convivia

364 1502 614 1573 agebant.
648 1500 794 1555 Talia
826 1500 1103 1555 enimvero
1133 1498 1221 1553 illa
1262 1506 1437 1564 erant,
1483 1498 1551 1552 de
1588 1497 1782 1567 quibus
1827 1497 1966 1552 idem

367 1596 731 1652 Tertullianus
777 1611 790 1649 :
828 1612 847 1644 ι
879 1592 993 1647 Non
1038 1594 1088 1646 in
1132 1591 1363 1661 publico,
1413 1591 1603 1661 inquit,
1636 1590 1970 1647 Liberalibus

366 1689 686 1754 discumbo,
745 1686 888 1757 quod
948 1685 1217 1741 bestiariis
1271 1699 1577 1754 supremam
1633 1684 1970 1739 comantibus

365 1795 485 1836 mos
524 1790 606 1836 est
642 1799 661 1833 ι
700 1777 1029 1847 (Tertullian.
1073 1776 1365 1848 Apologet.,
1408 1791 1528 1844 cap.
1569 1775 1658 1841 42,
1699 1791 1819 1847 pag.
1847 1775 1961 1847 58).

365 1874 726 1940 Quamobrem
764 1869 1059 1926 Christiani
1086 1884 1151 1925 ea
1195 1868 1377 1938 impia,
1411 1879 1464 1922 et
1501 1867 1815 1922 idololatria:
1840 1869 1968 1923 vitio

366 1966 715 2035 coinquinata
747 1966 959 2035 penitus
987 1963 1412 2018 detestabantur.
1454 1959 1524 2015 Et
1547 1971 1694 2015 certe
1714 1959 1970 2016 Martialis

365 2059 674 2128 episcopus,
726 2064 858 2111 teste
882 2054 1173 2127 Cypriano,
1202 2054 1481 2107 convictus
1521 2060 1604 2107 est
1633 2050 1967 2118 idololatriae,

368 2151 621 2222 quoniam
651 2149 928 2219 gentilium
971 2148 1141 2216 turpia
1173 2156 1228 2202 et
1270 2146 1529 2200 lutulenta
1576 2143 1819 2198 convivia
1862 2141 1968 2199 fre-

366 2252 718 2315 quentaverat
746 2241 1027 2314 (Cyprian.
1059 2242 1206 2312 epist.
1239 2240 1328 2304 67,
1359 2254 1479 2308 pag.
1505 2236 1653 2309 173).

434 2337 699 2392 Minucius
745 2335 927 2404 itaque
966 2349 1085 2388 cum
1132 2331 1248 2387 haec
1285 2349 1313 2386 a
1359 2332 1574 2387 nemine
1620 2330 1707 2399 pio
1748 2329 1963 2387 homine

365 2429 597 2501 ignorari
630 2442 788 2498 p05se
815 2427 980 2497 probe
1015 2427 1196 2491 sciret,
1240 2426 1436 2496 imquae
1470 2424 1671 2480 Caecilii
1712 2425 1963 2496 objurga-

369 2522 499 2577 tioni
542 2520 674 2576 nihil
702 2520 846 2575 aliud
875 2517 1308 2589 respOndendmn
1344 2533 1466 2573 esse
1504 2517 1674 2582 duxit,
1702 2533 1861 2587 quam
1886 2517 1964 2573 illi

364 2616 725 2684 ontnibusque
775 2614 894 2668 aliis
938 2611 1168 2668 ethnicis
1216 2610 1658 2676 demonstrando,
1705 2619 1960 2678 quantum

362 2709 431 2763 ab
468 2708 681 2762 illorum
717 2705 978 2760 conviviis
1007 2715 1186 2758 nostra
1231 2702 1550 2757 dissiderent
1582 2720 1594 2754 :
1632 2720 1651 2754 ι
1683 2699 1957 2768 Convivia,

366 2799 560 2866 inquit,
610 2813 718 2852 non
764 2807 966 2851 tantum
1018 2796 1205 2864 pudica
1235 2795 1483 2853 colimus.
1529 2793 1623 2848 scd
1665 2804 1718 2848 et
1756 2794 1957 2849 sobria.

365 2889 479 2946 Nec
505 2890 650 2946 enim
680 2889 1017 2955 indulgemus
1037 2888 1229 2958 epulis,
1255 2896 1343 2941 aut
1365 2887 1665 2942 convivium
1689 2902 1839 2941 mero
1867 2886 1965 2939 du—

364 2985 561 3049 cimus,
589 2982 682 3036 sed
702 2984 963 3051 gravitate
993 2979 1314 3034 hilaritatem
1344 2988 1719 3047 temperamus.
1759 2998 1778 3031 ι
1806 2982 1874 3033 At
1897 2977 1966 3034 de

365 3075 450 3129 his
482 3076 589 3142 jam
631 3073 831 3144 aliquid
862 3072 1239 3137 delibavimns,
1273 3080 1325 3124 et
1366 3072 1514 3140 plura
1549 3073 1600 3125 in
1630 3070 1872 3139 sequo-nti
1899 3070 1967 3125 de

2079 570 2214 639 quit,
2272 567 2341 625 de
2370 570 2671 625 sacriﬁculo
2714 580 2770 627 et
2812 578 3089 641 parentato
3129 569 3358 634 edimus,
3403 566 3526 640 quia
3573 584 3680 626 non

2080 675 2297 731 possum
2349 676 2558 718 ccenam
2602 663 2803 717 domini
2833 663 3014 727 edere,
3050 672 3102 718 et
3132 676 3342 717 etnnam
3386 662 3683 716 tltetnonio-

2079 770 2197 808 rum
2231 753 2480 827 (Tertull.
2500 754 2593 809 lib.
2623 755 2686 809 de
2717 753 2979 821 Spectata,
3009 770 3127 823 cap.
3164 754 3274 825 15).
3305 753 3541 825 Donique
3561 755 3682 810 Cle-

2079 863 2233 902 mens
2261 846 2658 901 Alexandrinus
2690 847 2840 916 plura
2883 847 2985 914 his,
3016 863 3136 916 quin
3166 858 3353 901 auctor
3380 858 3562 901 noster
3598 848 3681 902 di-

2081 941 2182 1005 xit,
2238 941 2390 1009 plane
2434 951 2820 1007 consentanea,
2873 946 3020 1009 prius
3077 942 3365 995 tradiderat
3410 941 3679 1013 (Clemens

2075 1032 2365 1087 AleXandr.
2399 1033 2489 1087 lib.
2520 1048 2575 1088 ll.
2602 1032 2843 1104 Pwdag..
2868 1049 2987 1102 cap.
3018 1034 3104 1094 10.
3126 1048 3246 1103 pag.
3271 1034 3422 1101 225).

2147 1125 2345 1181 Contra
2378 1140 2554 1180 tamen
2585 1127 2775 1181 Celsus
2801 1126 2941 1196 apud
2972 1127 3257 1196 Origenrm
3286 1126 3465 1181 acrius
3489 1125 3674 1181 Chris-

2074 1220 2248 1274 tianos
2287 1219 2410 1283 hoc,
2452 1219 2527 1273 uti
2562 1220 2733 1284 aiunt,
2778 1229 3097 1289 argumento
3126 1218 3190 1272 ad
3222 1218 3490 1272 hominem
3523 1235 3679 1287 urge-

2074 1314 2166 1369 bat
2196 1332 2209 1368 :
2245 1332 2263 1366 ι
2298 1313 2353 1368 Si
2386 1312 2526 1367 idola
2561 1311 2691 1365 nihil
2721 1322 2865 1374 sunt,
2906 1329 2925 1363 ι
2961 1312 3035 1364 ιιιί
3063 1310 3354 1365 Chri~tiani
3387 1311 3653 1365 Contende

2075 1406 2225 1465 bant.
2262 1424 2279 1455 ι
2316 1404 2441 1474 quid
2474 1404 2685 1459 tuoleSIi
2716 1415 2800 1458 est
2845 1402 2944 1456 frui
2985 1402 3191 1471 epulis?
3246 1421 3265 1452 ι
3317 1400 3422 1456 Sed
3467 1400 3675 1455 l‘iuilem

2076 1499 2220 1553 illam
2252 1497 2771 1567 argumentationem
2803 1494 3085 1564 Origenes,
3115 1494 3223 1563 jam
3257 1494 3433 1547 citata:
3461 1509 3493 1546 a
3525 1493 3676 1548 nobis

2076 1592 2221 1648 Pauli
2248 1591 2313 1645 ad
2343 1590 2653 1645 Corinthios
2683 1589 2943 1657 Epistula:
2965 1590 3145 1644 verbis
3191 1587 3428 1641 funditus
3458 1590 3672 1653 evertit,

2073 1683 2329 1752 additque
2361 1700 2374 1737 :
2410 1700 2430 1733 ι
2466 1681 2686 1736 Etiamsi
2732 1689 2858 1735 sunt
2899 1680 3195 1746 daemones,
3237 1678 3431 1749 quibus
3468 1679 3672 1732 sacrill-

2072 1783 2264 1831 cantnr
2308 1775 2561 1846 victimre,
2615 1788 2722 1827 non
2767 1772 3027 1828 debemus
3057 1789 3242 1826 corutn
3291 1772 3672 1826 sacriﬁciorum

2072 1870 2186 1924 ﬁeri
2216 1870 2521 1938 participes,
2550 1876 2889 1936 Extcrdpﬁvwc
2924 1871 3150 1936 διαφορὰν
3183 1876 3421 1937 τραπέζης
3471 1865 3670 1935 Κυρίου,

2072 1970 2153 2020 καὶ
2192 1972 2429 2034 τρκιπέςης
2452 1968 2723 2031 δαιμονίων·
2754 1973 2837 2016 καὶ
2864 1967 2946 2015 διὰ
2979 1970 3033 2016 τὸ
3064 1965 3370 2022 internectat,
3403 1965 3563 2014 ιιι-ἀντι
3590 1970 3675 2027 μὲν

2067 2065 2387 2129 «pinnatae,
2417 2064 2495 2110 ἵνα
2541 2065 2783 2125 τραπέζης
2837 2055 3015 2126 Κυρίου
3064 2056 3142 2107 ἀεὶ
3188 2061 3477 2122 μετέχωμεν·
3532 2063 3674 2108 παντὶ

2070 2155 2118 2205 δὴ
2162 2154 2316 2222 τρόπῳ
2346 2156 2769 2222 pullat-rapinam,
2798 2153 2874 2202 ἵνα
2900 2152 3023 2216 μηδὶ
3052 2168 3164 2201 xm
3198 2149 3409 2200 κοινωνοὶ
3436 2152 3676 2215 γινώμεθα

2071 2247 2311 2314 τμπὲξης
2351 2246 2623 2309 damnatae),
2667 2256 2790 2296 cum
2847 2240 3082 2295 sciamus
3124 2237 3481 2293 differentiam
3538 2239 3675 2294 inter

2067 2351 2308 2392 mensam
2350 2335 2584 2401 Domini,
2625 2342 2680 2389 et
2718 2349 2957 2388 mensam
3001 2332 3423 2395 daemoniorum;
3471 2339 3529 2386 et
3571 2331 3674 2386 hoe

2065 2431 2316 2491 scientes,
2353 2427 2480 2481 nihil
2513 2442 2616 2481 non
2647 2425 2926 2486 faciamus.
2956 2433 3015 2479 ut
3044 2441 3257 2491 semper
3301 2424 3676 2494 participantes

2066 2536 2269 2577 mensa:
2298 2520 2508 2575 Domini
2530 2560 2546 2585 ,
2585 2518 2758 2573 modis
2788 2518 3034 2572 omnibus
3062 2531 3346 2572 caveamus
3375 2536 3403 2570 a
3433 2532 3675 2572 commit»

2068 2615 2343 2671 nicatione
2379 2627 2579 2667 mensa:
2619 2612 2926 2667 daemonum
2963 2629 2981 2663 ι
3026 2609 3321 2682 (0rig.,lib.
3362 2626 3478 2675 vnt,
3503 2622 3667 2665 contr.

2067 2709 2225 2774 Cela,
2270 2724 2388 2779 pag.
2430 2708 2535 2762 594
2569 2709 2608 2775 ).
2672 2705 2882 2759 Videsis
2919 2703 3179 2775 Cyrillum
3223 2701 3669 2767 Alexandrinum,

2065 2802 2227 2857 simili
2278 2797 2722 2869 argutnentationi
2768 2810 2797 2851 a
2841 2795 3053 2852 Jnliano
3098 2804 3337 2863 apostata
3388 2794 3675 2860 prepositze

2068 2893 2509 2962 respondentem,
2537 2901 2587 2944 et
2615 2887 2875 2960 Cyrillum
2901 2884 3469 2957 llierosolymitannm,
3499 2882 3677 2939 (Ecu-

2070 2988 2329 3047 menium,
2384 2983 2588 3037 Estium
2638 2983 2880 3047 aliosque
2919 2978 3210 3047 Scriptura!
3248 2975 3573 3045 interpretes
3622 2978 3674 3031 in

2068 3080 2227 3133 citata
2258 3075 2499 3145 Apostoli
2529 3074 2685 3128 verba
2708 3071 2947 3145 )(Cyrill.
2976 3069 3239 3125 Alexand.
3266 3070 3358 3123 lib.
3386 3083 3480 3133 vn,
3509 3077 3670 3123 contr.

363 3169 679 3225 Tertulliani
708 3170 1044 3238 apologetico
1084 3180 1334 3222 sermone
1365 3165 1755 3233 disputabimus
1780 3164 1960 3238 (Tum.
1990 3169 2034 3232 C
2067 3170 2294 3236 Julian.,
2328 3184 2446 3239 pag.
2478 3168 2601 3223 255.
2639 3166 2827 3239 Cyrill.
2874 3163 3138 3221 llicrosnl.
3173 3161 3430 3217 Catecltcs.
3468 3164 3516 3227 i,
3553 3176 3672 3231 pag.

362 3264 414 3318 l.
443 3266 713 3332 .~lpuaral.,
731 3261 822 3318 lib.
844 3261 1126 3326 tt,dissert.
1158 3260 1209 3321 ⁴Ι,
1228 3273 1346 3328 cap.
1371 3258 1424 3324 6,
1450 3256 1645 3323 art.,4.
1670 3273 1768 3327 pag
1808 3258 1961 3327 7l5).

440 3358 510 3410 lle
537 3356 706 3409 Sacris
743 3365 945 3420 autem,
988 3350 1437 3420 qnetnadmotltmt
1468 3350 1556 3403 illa
1584 3348 1831 3404 Cu-cilius
1869 3365 1965 3418 ap-

364 3448 545 3518 pellat,
585 3444 974 3503 certatninibus
998 3444 1373 3505 disseruimus,
1417 3451 1562 3496 IOIIIO
1594 3441 1766 3511 primo
1796 3442 1966 3496 nostri

365 3546 687 3611 Apparatus,
716 3547 772 3593 et
801 3538 1065 3608 superiori
1092 3534 1341 3598 articulo,
1368 3534 1456 3587 ubi
1488 3533 1556 3588 de
1582 3532 1966 3604 gladiatoribus

361 3644 412 3686 et
437 3631 763 3698 Spectaculis
793 3632 1000 3700 egimus
1037 3628 1217 3701 (Tom.
1254 3643 1292 3682 ι.
1337 3628 1588 3696 Αρυαναι.
1619 3642 1739 3696 pag.
1771 3626 1875 3681 774
1910 3637 1966 3681 et

361 3724 513 3794 800).
559 3723 822 3777 Minucius
851 3737 1011 3792 porro
1054 3720 1178 3774 huic
1218 3719 1596 3773 obtrectatiOni
1643 3718 1774 3772 nihil
1817 3719 1963 3774 aliud

367 3815 565 3875 adhuc,
594 3829 751 3883 quam
776 3829 895 3883 qua:
933 3828 964 3866 a
1007 3813 1161 3867 nobis
1199 3812 1363 3866 citato
1393 3810 1632 3881 ejusdem
1662 3816 1964 3881 Apparatus

369 3908 542 3963 nostri
573 3906 691 3961 loco
717 3906 992 3960 observata
1015 3914 1162 3972 sunt,
1193 3904 1403 3959 videtur
1437 3904 1797 3974 respOndisse.
1822 3905 1963 3960 Satis

360 4011 539 4056 autem
571 4016 638 4055 ex
666 3998 824 4054 dictis
860 4006 1007 4069 patet
1060 4014 1215 4069 quam
1265 3996 1533 4052 horrenda
1574 3994 1734 4052 fuerit
1773 4012 1961 4053 eorum

358 4094 674 4151 crudelitas.

430 4188 670 4245 Tertium
697 4186 996 4243 Czeeiliante
1023 4187 1455 4259 reprehensionis
1495 4193 1659 4257 caput
1686 4194 1788 4253 est,
1822 4184 1964 4255 quod

356 4281 645 4337 Christiani
676 4280 941 4337 delibatos
982 4280 1087 4336 diis
1129 4280 1279 4335 cibos
1306 4289 1523 4350 gustare
1551 4288 1863 4334 retinerent.
1891 4277 1966 4334 At

356 4373 620 4430 Minucius
671 4374 722 4428 id
755 4373 985 4430 libenter
1025 4371 1241 4440 fatetur,
1284 4371 1553 4441 simulque
1592 4371 1752 4440 hujus
1795 4370 1963 4426 absti-

358 4470 556 4525 nentia:
601 4467 778 4523 reddit
826 4468 1088 4522 rationem
1123 4486 1136 4522 :
1175 4484 1194 4518 ‹
1229 4466 1380 4533 Quod
1406 4482 1536 4522 vero
1576 4466 1959 4521 sacriﬁciorum

358 4559 636 4630 reliquias,
677 4579 695 4611 ι
722 4560 797 4613 ita
830 4558 918 4612 ille
947 4559 1203 4628 loquitur,
1234 4576 1251 4608 ι
1284 4566 1338 4612 et
1364 4558 1551 4627 pocula
1576 4557 1807 4613 delibata
1832 4572 1963 4613 con-

362 4654 675 4717 temnimus,
700 4667 806 4706 non
836 4650 1109 4706 confessio
1138 4651 1343 4705 timoris
1382 4659 1483 4710 est.
1513 4650 1605 4705 sed
1633 4665 1773 4706 verte
1802 4650 1962 4706 liber-

362 4748 491 4802 tatis
515 4747 761 4801 assertio.
788 4745 921 4802 Nam
942 4746 1042 4802 etsi
1070 4760 1233 4800 omne
1258 4745 1397 4817 quod
1431 4746 1686 4811 nascitur,
1712 4755 1768 4800 ut
1792 4745 1963 4801 invio-

354 4838 521 4893 labile
550 4838 642 4893 Dei
674 4854 889 4907 munus,
932 4840 1079 4894 nullo
1119 4854 1283 4908 opere
1318 4838 1701 4909 corrumpitur,
1725 4840 1961 4893 abstine-

353 4946 477 4987 mus
512 4942 689 4986 tamen
708 4970 725 4998 ,
754 4948 823 4987 ne
847 4933 969 5001 quis
997 4933 1291 5002 existimet,
1318 4944 1407 4986 aut
1436 4932 1738 5001 da-moniis,
1765 4933 1960 5003 quibus

353 5025 576 5081 libatum
604 5034 704 5091 est,
731 5024 945 5092 cedere,
978 5034 1070 5079 aut
1110 5033 1308 5080 nostra:
1337 5024 1612 5095 religionis
1651 5025 1869 5095 pudere.
1930 5043 1951 5078 ι

425 5118 682 5187 Quamvis
705 5128 883 5173 autem
909 5117 1171 5173 Minucius
1212 5133 1497 5189 nusquam,
1527 5118 1600 5172 uti
1636 5117 1747 5187 jam
1788 5134 1959 5173 anno-

354 5214 604 5279 lavimus,
642 5227 903 5282 expressa
942 5228 1111 5268 sacrte
1152 5222 1353 5268 nostra:
1392 5212 1683 5282 Scriptura:
1725 5212 1958 5268 auctori-

351 5313 481 5371 tate,
535 5315 724 5359 contra
752 5305 1000 5359 ethnicos
1041 5321 1160 5359 eam
1199 5314 1569 5373 aSpernantes,
1620 5305 1953 5375 pugnaverit,

347 5408 508 5467 atque
556 5398 762 5453 idcirco
813 5397 985 5467 legem
1018 5400 1086 5452 ab
1118 5398 1392 5468 Apostolis
1432 5396 1500 5453 de
1540 5395 1958 5469 idolutytbnrum

348 5490 673 5545 absunentia
705 5491 870 5546 latam
904 5490 1113 5560 penitus
1139 5499 1331 5558 taceat,
1358 5490 1566 5545 videtur
1598 5499 1775 5545 tamen
1799 5489 1863 5544 ad
1893 5505 1958 5546 ea

346 5580 616 5647 alludere,
662 5599 783 5652 qua:
830 5581 1030 5637 Paulus
1075 5582 1143 5639 de
1172 5583 1281 5651 illa,
1331 5594 1381 5639 et
1416 5583 1574 5654 hujus
1621 5582 1959 5639 absunentia:

346 5674 559 5729 ratione
582 5674 632 5726 in
660 5677 831 5743 prima
858 5677 923 5730 ad
945 5674 1257 5730 Corinthios
1276 5675 1515 5745 Epistula
1547 5674 1763 5730 tradidit.
1793 5676 1835 5744 (ι
1858 5675 1958 5732 Co—

346 5769 647 5837 rint..cap.
696 5784 810 5835 vnt,
863 5772 886 5825 i
935 5780 991 5826 et
1019 5786 1170 5841 Seqq.
1222 5780 1277 5826 et
1302 5786 1422 5838 cap.
1457 5786 1512 5826 ι.
1571 5770 1636 5826 19
1678 5772 1954 5844 etseqq.).

345 5859 706 5918 Tertullianus
732 5877 863 5921 vero
884 5863 1111 5935 ipsamct
1131 5863 1283 5922 Pauli
1324 5864 1485 5923 verba
1537 5864 1782 5923 eamdem
1831 5879 1961 5939 pro-

2065 3264 2176 3335 at).

2664 3389 2959 3430 Αιιτιριτιυε
2995 3388 3075 3428 Ill.

2066 3490 2444 3545 Examinantur
2481 3487 2798 3544 aliteCa'cib'i
2829 3486 3263 3557 reprehensiones.
3286 3485 3466 3556 quibus
3503 3482 3678 3540 Chris-

2139 3589 2305 3641 tianos
2330 3585 2520 3638 idcirco
2569 3585 2840 3652 vituperat,
2889 3582 3024 3652 quod
3052 3581 3262 3652 ﬂoribus
3298 3590 3467 3649 caput,
3503 3578 3676 3633 odori-

2068 3744 2073 3749 η
2136 3679 2226 3734 bus
2266 3693 2450 3748 corpus
2492 3691 2592 3730 non
2634 3675 2975 3735 honestarent.
3014 3683 3272 3744 unguenta
3300 3671 3560 3743 funeribus
3592 3688 3676 3723 re-

2142 3779 2422 3835 servarent,
2456 3784 2669 3822 coronas
2698 3776 2938 3838 negarent
2962 3765 3192 3829 mortuis,
3224 3781 3437 3835 quorum
3463 3779 3679 3833 corpora

2136 3883 2236 3920 non
2278 3863 2590 3927 cremabant,
2637 3862 2726 3916 sed
2765 3862 3104 3931 sepeliebuut;
3145 3860 3228 3913 ubi
3268 3861 3331 3913 de
3355 3876 3491 3913 more
3541 3875 3679 3928 sepe-

2134 3959 2291 4014 liendi
2318 3972 2533 4028 corpora
2563 3957 2771 4026 ejusque
2799 3955 3116 4024 mitiquitale.

2142 4095 2262 4151 Alia
2284 4093 2529 4150 Caecilius
2552 4091 2606 4147 in
2633 4090 2950 4147 Christianis
2970 4090 3337 4160 reprehendit,
3370 4107 3490 4161 qua:
3518 4091 3677 4149 laude

2072 4190 2231 4260 longe
2260 4186 2453 4258 magis,
2480 4200 2641 4254 quam
2671 4184 3060 4254 vituperatione
3085 4183 3242 4254 digna
3272 4196 3426 4239 erant
3455 4204 3468 4240 :
3502 4203 3521 4237 ι
3557 4184 3675 4242 Non

2068 4281 2311 4341 ﬂoribus.
2363 4278 2553 4349 inquit,
2593 4288 2755 4347 caput
2798 4278 3031 4345 nectitis,
3064 4292 3170 4332 non
3193 4292 3390 4347 corpus
3418 4277 3675 4333 odoribus

2070 4373 2388 4440 honestatis,
2438 4386 2638 4427 reserv;
2659 4369 2728 4426 tis
2773 4379 3039 4442 unguenta
3089 4370 3386 4435 funeribus,
3443 4384 3674 4426 coronas

2065 4470 2225 4527 etiam
2261 4466 2564 4539 sepulchris
2602 4465 2937 4536 denegatis.)
2983 4465 3200 4535 Triplex
3244 4476 3327 4520 est
3366 4465 3454 4519 illa
3496 4464 3675 4519 crimi-

2067 4564 2234 4625 natio,
2265 4559 2341 4615 uti
2365 4558 2512 4613 vides
2565 4557 2825 4613 Minucius
2847 4566 3024 4614 autem
3060 4556 3221 4624 priori
3252 4558 3540 4627 respondet
3562 4572 3670 4612 non

2064 4656 2359 4726 legitimum
2403 4651 2597 4707 ﬂorum
2643 4666 2820 4718 usum,
2869 4650 2964 4706 sed
3010 4650 3236 4705 abusum
3282 4665 3601 4706 coronarum
3640 4666 3671 4707 ει

2064 4747 2387 4806 Christianis
2419 4738 2542 4813 iure
2573 4746 2768 4800 merito
2797 4745 3094 4816 reprobari.
3126 4745 3287 4812 Audi,
3320 4760 3526 4814 quasti,
3557 4744 3674 4814 ejus

2063 4842 2226 4896 verba
2263 4859 2278 4897 :
2316 4860 2335 4894 ι
2372 4842 2503 4908 Quis
2536 4840 2646 4903 ille.
2675 4840 2764 4908 qui
2808 4837 3020 4893 dubitat
3047 4840 3227 4893 vernis
3258 4837 3535 4906 indulgere
3575 4852 3672 4894 nos

2063 4932 2305 4999 ﬂoribus,
2340 4947 2460 4989 cum
2493 4932 2768 5003 capiamus
2795 4941 2846 4986 et
2896 4946 3071 4985 rosam
3113 4929 3255 4984 Veris
3286 4938 3341 4984 et
3378 4930 3568 4993 hlium,
3618 4940 3673 4985 et

2070 5025 2328 5098 quidquid
2356 5024 2499 5080 aliud
2533 5025 2584 5077 in
2626 5023 2850 5078 llorihus
2896 5021 3078 5078 blandi
3124 5021 3345 5084 coloris,
3393 5030 3447 5075 et
3487 5021 3671 5075 odoris

2060 5128 2162 5172 est.
2188 5117 2282 5172 llss
2310 5118 2451 5170 enim
2479 5124 2533 5171 et
2562 5114 2766 5185 sparsis
2793 5116 2991 5170 utimur
3030 5112 3305 5179 mollibus,
3347 5127 3410 5168 ac
3449 5112 3666 5179 solutis,

2058 5219 2107 5265 et
2139 5210 2294 5265 sertis
2318 5208 2453 5263 colla
2472 5206 2897 5275 complectimur.
2924 5206 3067 5261 Sane
3087 5203 3227 5274 quod
3249 5212 3407 5274 caput
3435 5221 3540 5259 non
3565 5219 3667 5259 co-

2059 5318 2339 5365 ronamus,
2383 5300 2663 5372 ignoscite.
2714 5300 2912 5355 Auram
2952 5298 3076 5354 boni
3116 5298 3267 5354 tiaris
3305 5297 3524 5352 naribus
3562 5298 3666 5352 du-

2061 5410 2211 5462 cere,
2242 5411 2348 5450 non
2381 5393 2652 5463 utcipitiu,
2685 5393 2959 5463 capillisve
2990 5393 3225 5447 solemus
3259 5391 3495 5448 haurire.
3532 5413 3552 5445 ι

2135 5489 2399 5545 Praevium
2424 5502 2553 5543 vero
2582 5487 2651 5542 ibi
2691 5486 2842 5553 sequi
2869 5486 3079 5541 videtur
3118 5486 3530 5555 Tertullianttm,
3572 5486 3665 5557 qui

2064 5581 2353 5638 absurdam
2415 5581 2618 5635 hancce
2686 5580 2960 5650 gentilium
3015 5580 3445 5637 criminationem
3504 5579 3665 5634 simili

2067 5677 2220 5750 plane
2265 5689 2524 5746 responso
2555 5673 2830 5730 diluerat:
2870 5691 2888 5725 ι
2934 5672 3051 5730 Νοιι
3078 5688 3221 5737 amo,
3268 5671 3459 5742 inquit,
3502 5670 3661 5732 capiti

2063 5754 2339 5837 coronam;
2357 5768 2480 5840 quid
2500 5779 2584 5823 tua
2610 5768 2872 5824 interest?
2904 5767 3112 5839 Etnptis
3137 5766 3486 5822 nihilominus
3512 5764 3662 5819 llori-

2061 5864 2165 5927 bus
2192 5861 2464 5937 quomodo
2492 5860 2647 5919 utar?
2677 5860 2814 5918 Puto
2850 5862 3056 5931 gratius
3081 5859 3264 5918 liberis
3292 5867 3347 5917 et
3366 5856 3577 5925 solutis,
3606 5865 3664 5913 et
