4264 6258
606 335 711 391 {illi}

1919 349 2004 402 ΗΕ
2037 346 2290 404 Mlt\'ljtlll
2320 343 2403 403 UC
2424 347 2493 404 ΓΑ
2509 351 2532 402 \
2551 350 2615 404 l0

3790 353 3899 407 Si“

608 454 841 526 nudique
866 458 1030 526 vagis,
1060 457 1153 513 sed
1181 467 1235 513 et
1255 459 1298 514 si
1327 459 1378 514 in
1401 474 1652 515 coronam
1678 462 1896 531 eoat-tis,
1923 478 2019 517 nos
2043 479 2195 519 coro-
2224 468 2272 526 Α
2301 472 2468 530 satur,
2499 480 2614 534 augt
2639 473 2762 535 tque
2792 464 2966 536 potius
2995 478 3152 535 quam
3187 465 3325 518 tollit
3353 463 3746 522 difficultatem.
3795 465 3899 521 lili-

607 564 731 604 nam
775 551 990 607 naribus
1013 553 1274 609 novimus.
1308 553 1550 610 Viderint
1575 556 1664 624 qni
1693 573 1784 624 per
1808 559 2054 627 capillum
2077 559 2203 614 odo-

608 651 795 696 rantur
826 664 844 696 l
875 643 1215 716 (Tertullian.
1241 646 1532 718 Apologet.,
1560 664 1677 716 cap.
1694 648 1784 716 42,
1813 665 1929 719 pag.
1949 649 2063 719 58).
2098 651 2203 706 Sed

615 733 731 790 ha-c
770 734 939 790 fusius
969 737 1054 792 ille
1080 737 1186 793 alio
1214 738 1266 794 in
1291 739 1425 794 libro
1457 751 1792 810 prosccutus.
1833 744 2063 796 Ostendit
2094 744 2204 798 lici-

613 837 724 882 tum
753 843 874 883 esse
899 828 1092 884 florum
1132 847 1305 898 usum,
1353 835 1512 888 modo
1550 834 1758 888 illorum
1799 835 1947 889 culor
1983 845 2037 890 et
2075 835 2208 891 odor

615 934 722 974 non
775 920 916 984 aliis,
953 937 1110 990 quam
1138 925 1282 978 visus
1303 934 1356 980 et
1379 926 1630 980 odoratus
1658 927 1920 992 sensibus,
1962 928 2026 980 ad
2070 928 2208 982 hunc

612 1010 772 1067 finem
825 1013 1002 1068 divina
1059 1015 1398 1072 Providentia
1447 1019 1764 1084 destinatis,
1825 1021 2142 1090 percipiatur
2193 1041 2204 1074 :

623 1122 641 1156 ι
674 1105 860 1167 Utere.
887 1107 1078 1178 ittqttit,
1107 1107 1323 1165 floribus
1349 1125 1460 1166 visu
1486 1122 1540 1167 et
1563 1112 1806 1179 odoratu,
1839 1130 2063 1183 quorum
2089 1131 2209 1168 sen-

613 1213 768 1254 suum
823 1199 1027 1257 fructus
1073 1213 1222 1260 est...
1272 1203 1537 1260 Czeterttm
1584 1207 1635 1261 in
1685 1209 1856 1278 capite
1893 1209 2013 1278 quis
2051 1225 2209 1280 sapor

614 1291 798 1347 floris?
838 1293 939 1362 Qui
985 1310 1197 1351 corona:
1227 1313 1438 1365 sensus,
1485 1300 1584 1354 nisi
1617 1301 1811 1356 vinculi
1845 1314 2070 1371 tantum,
2103 1319 2208 1374 quo

615 1400 788 1455 neque
821 1387 971 1443 color
996 1391 1253 1457 Cernitur,
1282 1408 1452 1463 neque
1481 1394 1616 1448 odor
1643 1395 1872 1460 ducitttr,
1903 1412 1998 1451 nec
2037 1408 2206 1453 tome-

614 1477 746 1533 ritas
785 1482 1229 1538 commendatur?
1258 1485 1390 1539 Tam
1430 1496 1614 1542 contra
1647 1499 1886 1543 naturam
1913 1499 1996 1544 est
2021 1491 2204 1546 florem

616 1569 792 1640 capite
818 1575 1033 1640 Br'Clari,
1066 1589 1222 1644 quam
1251 1575 1428 1631 cibum
1457 1593 1606 1644 aure,
1640 1596 1796 1649 quam
1837 1597 2024 1636 sonum
2057 1600 2207 1638 nare.

615 1660 786 1721 Omtte
812 1675 990 1719 autem
1039 1667 1179 1736 quod
1212 1679 1395 1723 contra
1436 1682 1677 1725 naturatn
1709 1681 1812 1737 est,
1847 1675 2067 1728 monstri
2101 1691 2210 1728 me-

615 1768 766 1812 retur
796 1769 973 1814 notam
1008 1775 1171 1830 penes
1192 1779 1401 1829 otnnes,
1430 1780 1599 1834 penes
1629 1780 1727 1820 nos
1757 1782 1884 1820 vero
1909 1770 2067 1822 etiam
2093 1768 2208 1822 clo-

2306 560 2444 612 nttcii
2475 575 2669 628 quippe
2703 562 2862 612 mettti
2894 559 3162 613 contraria
3187 568 3426 630 apparet.
3485 559 3599 614 Non
3626 559 3769 615 ettim
3801 561 3900 616 tui-

2309 666 2425 704 rum
2456 669 2473 702 ι
2503 651 2750 704 sentienti
2785 669 2801 701 ι
2839 653 3002 705 facem
3039 652 3219 712 tribui,
3252 649 3346 706 sed
3389 661 3619 715 mortuo,
3649 653 3738 722 qui
3771 653 3903 708 nihil

2312 743 2492 796 Vitlt‘l‘c
2521 753 2713 814 potest.
2745 744 2962 797 Servata
2985 757 3162 799 autem
3193 745 3393 800 endicis
3419 746 3666 810 lectione,
3690 745 3735 800 is
3756 747 3906 802 vide-

2311 844 2396 889 tttr
2424 852 2542 891 esse
2573 838 2804 892 aucturis
2833 839 2996 892 nostri
3024 854 3215 891 sensus
3245 856 3258 893 :
3292 857 3311 889 ι
3349 838 3512 892 Miror
3533 838 3780 907 equidem
3808 854 3908 894 cur

2313 943 2416 980 non
2450 929 2696 982 sentienti
2730 941 2777 983 et
2812 943 3022 982 mortuo
3063 929 3262 983 homini
3308 946 3534 984 coronas
3575 931 3836 986 tribuatis.
3878 951 3898 983 ι

2312 1019 2425 1074 Νοιι
2469 1022 2643 1076 minus
2696 1024 2955 1093 siquidem
3005 1023 3132 1078 illttd
3177 1023 3464 1077 absurdum
3506 1034 3608 1088 est,
3655 1039 3814 1094 quam
3861 1024 3905 1080 si

2319 1133 2338 1166 ‹
2372 1117 2629 1182 exanimi,
2663 1136 2681 1169 ›
2726 1126 2884 1188 atque
2909 1117 3108 1172 idcirco
3137 1133 3242 1172 non
3273 1118 3543 1184 sentienti,
3574 1117 3909 1173 adtnoveatis

2311 1203 2505 1261 facem.
2544 1207 2781 1262 Mortuus
2812 1225 3039 1274 namque
3069 1208 3228 1261 homo
3258 1218 3349 1262 aut
3376 1227 3393 1260 ‹
3435 1209 3616 1263 beatus
3651 1225 3670 1259 ι
3705 1217 3788 1262 est
3815 1219 3909 1263 aut

2318 1320 2335 1351 ι
2376 1302 2582 1356 miser:
2618 1323 2635 1354 ι
2681 1304 2724 1356 si
2767 1304 2953 1357 beatas
2997 1319 3059 1355 ac
3116 1302 3369 1356 felicitate
3415 1313 3612 1357 :eterna
3679 1301 3904 1367 fruatur,

2312 1409 2418 1448 non
2441 1406 2561 1463 eget
2592 1395 2841 1459 floribus;
2879 1397 2920 1450 si
2953 1396 3115 1449 miser
3144 1394 3420 1464 pannisque
3451 1397 3720 1448 crucietur
3747 1405 3909 1448 adero

2314 1489 2419 1552 nis,
2468 1489 2701 1558 gaudere
2753 1505 2856 1543 non
2907 1497 3081 1558 potest
3118 1487 3358 1554 floribus,
3401 1485 3490 1557 qui
3537 1486 3686 1541 nullo
3729 1486 3907 1557 gaudii

2313 1592 2474 1632 sensu
2506 1581 2643 1634 affici
2673 1591 2865 1651 potest.

2387 1671 2465 1724 Eo
2518 1683 2694 1727 autem
2741 1682 3057 1744 argumento
3086 1673 3314 1744 gentiles
3363 1672 3617 1742 exagitat,
3675 1669 3764 1741 qui
3797 1687 3906 1727 non

2314 1765 2498 1818 solum
2519 1767 2716 1820 usitato
2748 1783 2896 1821 more
2923 1768 3252 1822 coronabant
3280 1775 3553 1829 mortuos,
3587 1765 3680 1819 Sed
3712 1764 3912 1835 quibus

615 1849 759 1920 gium
788 1852 1052 1923 sacrilegii
1093 1856 1144 1907 in
1178 1855 1366 1917 Deum,
1399 1867 1601 1911 natura:
1630 1857 1902 1912 dominum
1939 1870 1992 1914 ct
2030 1869 2214 1914 aucto-
2242 1887 2288 1946 Β
2316 1860 2475 1913 etiam
2511 1860 2635 1914 illtnl
2668 1861 3035 1932 antiquissima
3067 1861 3182 1930 lege
3213 1869 3538 1929 prteceptum
3570 1859 3757 1913 fuerat.
3785 1858 3913 1913 'l‘es-

616 1957 733 1998 rem
769 1961 788 1996 ι
817 1943 982 2016 (ldem
1027 1947 1115 2001 lib.
1149 1949 1211 2002 de
1235 1949 1482 2017 Corvum,
1514 1967 1632 2021 cap.
1662 1953 1714 2016 5,
1750 1969 1863 2022 pag.
1897 1953 2046 2024 423,).
2072 1954 2208 2022 Quin

616 2038 777 2092 etiam
804 2040 942 2108 apud
973 2040 1286 2110 Luciantnn,
1319 2046 1528 2100 tametsi
1555 2047 1829 2115 gentiletn,
1870 2047 1903 2101 ii
1947 2048 2211 2110 Castigan-

617 2139 726 2195 tur,
779 2133 869 2196 qui
900 2137 1177 2203 gestabant
1211 2152 1456 2198 coronas.
1488 2147 1565 2193 ὅτι
1594 2151 1664 2208 μή
1698 2151 1829 2194 ἴσασι
1867 2148 1949 2196 τοῦ
1990 2149 2212 2214 στεφάνου

614 2235 695 2280 τὸν
721 2231 882 2288 τόπον,
919 2248 937 2280 ι
971 2231 1091 2299 quia
1121 2247 1333 2286 coronae
1371 2233 1564 2298 locmn,
1603 2253 1622 2285 ι
1659 2233 1743 2288 ubi
1787 2234 2102 2303 imponenda
2128 2253 2213 2291 es-

615 2329 717 2384 set,
748 2339 766 2371 ι
791 2322 1099 2378 nesciebant
1125 2343 1144 2377 ›
1169 2324 1412 2395 (Lucian.
1436 2324 1577 2380 Dial.
1599 2327 1662 2382 de
1685 2325 1868 2382 Morib.
1891 2327 2209 2398 pltilosoplt.,

617 2426 736 2482 pag.
764 2413 882 2484 ξι).

693 2506 865 2560 Aliam
915 2516 1094 2563 tamen
1141 2509 1420 2580 imprubati
1463 2529 1491 2567 a
1536 2513 1854 2569 Christianis
1893 2531 2212 2572 coronarum

616 2613 745 2654 usus
779 2601 1038 2657 rationem
1063 2603 1303 2659 Justinus
1331 2605 1529 2679 Martyr
1554 2607 1816 2674 reddidit;
1840 2611 1963 2678 quia
1990 2611 2211 2665 deorum

617 2692 926 2748 simulacris
965 2694 1138 2750 anima
1188 2699 1494 2752 carentibus
1534 2700 1690 2754 tribui
1730 2701 1796 2754 ab
1820 2700 2046 2756 ethnicis
2074 2703 2215 2758 sole-

618 2782 707 2838 bat
741 2783 958 2856 (Justin.
991 2787 1206 2858 Apolog.
1234 2787 1289 2852 ἓ,
1322 2805 1442 2860 pag.
1467 2789 1558 2863 57)
1609 2792 1746 2860 Quin
1769 2792 1932 2847 immo
1957 2809 2076 2847 mox
2104 2794 2213 2848 latt-

617 2878 775 2934 datus
804 2897 834 2935 a
863 2881 1017 2936 nobis
1056 2882 1418 2940 Tertulliamts
1458 2888 1618 2942 variis
1646 2890 1970 2956 argumentis
2003 2891 2209 2957 prohat,

617 2969 762 3024 illius
803 2973 967 3027 moris
1013 2975 1272 3044 originem
1323 2978 1389 3031 ab
1439 2979 1602 3048 impio
1653 2980 1741 3034 illo
1780 2980 2002 3035 deorum
2066 2983 2210 3036 cultu

620 3060 873 3120 derivari.
906 3065 1094 3122 Postea
1125 3084 1254 3123 vero
1286 3069 1402 3125 ha-e
1441 3071 1636 3140 adierit
1669 3092 1682 3128 :
1715 3093 1732 3125 ι
1772 3075 1887 3143 Quo
1933 3076 2061 3130 satis
2107 3076 2212 3130 ins-

625 3163 884 3213 truantur.
917 3174 1074 3228 quam
1112 3161 1338 3218 alienam
1372 3164 1612 3234 judicare
1651 3166 1941 3223 debeamus
1975 3171 2211 3224 Coronati

2321 1961 2447 2015 tem,
2491 1954 2534 2006 si
2568 1954 2714 2016 velis,
2772 1954 2992 2008 habebis
3018 1952 3355 2018 Ciceronem,
3403 1951 3491 2005 ubi
3537 1949 3606 2006 de
3629 1966 3698 2005 xu
3729 1950 3909 2004 'l‘abu-

2315 2043 2484 2100 larum
2517 2046 2719 2117 legibus
2753 2048 2967 2102 disserit
2997 2066 3009 2102 :
3045 2067 3061 2098 ι
3087 2047 3201 2103 Illa.
3236 2048 3424 2118 inquit,
3449 2047 3561 2114 jam
3589 2045 3909 2116 signiﬁcatio

2316 2148 2397 2190 est
2429 2136 2617 2203 laudis,
2660 2147 2972 2192 ornantenta
3015 2137 3081 2191 ad
3134 2146 3375 2191 mortuos
3425 2135 3713 2207 pertinere,
3761 2133 3908 2205 quod

2315 2243 2568 2284 coronam
2601 2230 2796 2282 virtute
2828 2239 3052 2298 partam,
3081 2239 3133 2284 et
3159 2230 3206 2284 ei
3237 2230 3323 2298 qtti
3363 2244 3462 2282 non
3494 2226 3823 2297 peperisset,
3849 2235 3908 2280 et

2317 2323 2431 2388 ejus
2449 2322 2647 2388 parenti
2673 2322 2787 2374 sine
2809 2321 2994 2375 fraude
3015 2335 3135 2376 esse
3150 2321 3235 2376 lex
3258 2318 3716 2390 impositamjubet
3737 2317 3907 2385 διεὶς.

2319 2411 2412 2466 lib.
2444 2428 2478 2466 ll
2507 2413 2567 2466 de
2594 2412 2791 2483 Legib.,
2829 2429 2948 2482 pag.
2982 2415 3109 2478 3H,
3145 2414 3238 2467 lin.
3269 2415 3383 2482 59).
3426 2412 3590 2466 Docet
3628 2426 3756 2466 vero
3804 2409 3913 2464 Pli-

2320 2504 2438 2557 nius
2467 2503 2680 2573 quando
2708 2505 3030 2573 nnponenda
3071 2514 3187 2558 erat
3214 2521 3226 2556 :
3259 2523 3276 2555 ς
3302 2504 3430 2570 Quis
3457 2517 3586 2573 ergo
3614 2503 3806 2567 boues,
3837 2501 3910 2555 in-

2316 2595 2450 2665 quit,
2497 2605 2552 2649 ut
2583 2596 2678 2666 ipsi
2711 2606 2918 2651 mortuo
2951 2598 3370 2667 parentibusque
3411 2596 3550 2665 ejus,
3595 2595 3724 2650 dum
3769 2595 3912 2649 intus

2319 2690 2519 2758 positus
2549 2700 2692 2745 esset
2731 2690 2925 2744 ferisve
2958 2691 3209 2752 ferretur.
3241 2693 3359 2745 sine
3401 2690 3583 2745 fraude
3610 2700 3756 2745 esset
3803 2689 3908 2743 itit-

2319 2783 2726 2854 ροείιιὶῖι(ΡΙίιι.
2748 2785 2836 2837 lib.
2868 2783 3172 2839 XXtNamr.
3203 2784 3500 2855 Hisl.,c;tp.
3530 2788 3581 2841 5.
3612 2800 3735 2856 pag.
3764 2785 3911 2856 107.)

2321 2878 2422 2932 hee
2449 2886 2552 2943 est,
2585 2895 2704 2931 cum
2740 2880 2932 2932 mortui
2980 2893 3176 2946 corpus
3221 2877 3536 2932 servabatur
3562 2878 3730 2940 domi,
3763 2878 3914 2934 inde-

2319 2988 2424 3042 que
2472 2971 2794 3026 efferebatur
2819 2988 2880 3026 ac
2914 2973 3148 3026 funebris
3179 2988 3368 3040 pompa
3403 2972 3582 3025 fiebat.
3627 2970 3707 3026 De
3735 2971 3908 3024 οτιιηῖ-

2322 3065 2416 3119 bus
2444 3067 2602 3118 etiam
2647 3064 2872 3119 mortuis
2909 3066 3121 3133 scripsit
3168 3063 3434 3119 Lucianus
3480 3080 3494 3116 :
3536 3071 3909 3135 Στιφινώσαντες

2319 3168 2506 3230 ὡρκίοις
2534 3167 2689 3213 ἄνθεσι
2710 3166 3011 3230 πρπίθενται
3030 3167 3257 3228 λαμπρῶς
3275 3161 3582 3228 ἀμφιέσαντες
3609 3175 3622 3212 ε
3645 3175 3662 3208 ι
3685 3159 3916 3211 Corona-

621 3249 813 3318 capitis
844 3250 1230 3308 institutionem
1261 3256 1331 3310 ab
1376 3258 1455 3310 eis
1506 3259 1803 3326 probatam,
1848 3272 1899 3314 et
1937 3261 1987 3314 in
2026 3277 2209 3316 eorum

2325 3261 2403 3306 tos
2444 3251 2814 3319 [Illlt'lICl'l‘llllis
2859 3252 3080 3306 floribus
3107 3252 3387 3323 Splendida
3435 3253 3656 3306 Vestitos
3711 3267 3913 3322 propo-

621 3340 875 3425 deinccps
901 3344 1157 3402 honorem
1192 3348 1574 3419 dispensatam,
1609 3369 1627 3402 ι
1662 3353 1794 3406 sicut
1823 3353 1998 3407 adhuc
2024 3353 2127 3407 alio
2161 3355 2212 3408 in

621 3433 760 3490 libro
799 3439 1056 3500 ostendit.
1106 3461 1122 3492 ι
1173 3456 1308 3510 quos
1350 3442 1605 3498 sarculum
1636 3444 1766 3498 deos
1795 3445 2019 3500 credidit
2057 3446 2213 3518 (Tcr~

624 3532 831 3586 tullian.
857 3533 947 3588 lib.
975 3534 1038 3588 de
1061 3534 1411 3604 Coron.,cap.
1435 3539 1465 3591 7
1492 3548 1546 3593 et
1573 3553 1714 3608 seq.,
1745 3555 1864 3608 pag.
1897 3541 1999 3595 125
2025 3551 2078 3596 ct
2099 3556 2213 3611 St-q.

623 3624 692 3680 Et
722 3626 814 3683 lib.
840 3627 902 3682 de
931 3627 1131 3698 Spect.,
1161 3645 1282 3700 cap.
1311 3633 1364 3696 7,
1398 3632 1458 3686 ll
1499 3642 1552 3685 et
1581 3633 1665 3696 l2,
1702 3648 1818 3702 pag.
1858 3633 1928 3688 93
1953 3644 2002 3687 et
2042 3633 2155 3706 95).
2193 3655 2211 3687 ι

625 3717 985 3784 Quamobrem
1030 3732 1308 3791 sequester
1337 3725 1453 3792 ejus
1490 3724 1785 3793 Cyprianus
1823 3726 2219 3780 confesSnribns

627 3807 824 3865 Christi
856 3813 1223 3881 gratulabatur
1253 3814 1400 3871 hisce
1427 3816 1603 3870 verbis
1637 3835 1647 3870 :
1685 3837 1704 3869 (
1752 3818 1832 3871 Ab
1862 3817 2025 3886 impio
2051 3819 2218 3873 scele—

624 3915 848 3974 rataque
877 3906 1162 3973 velamine,
1193 3926 1299 3978 quo
1327 3909 1435 3963 iliic
1464 3908 1778 3964 velabantnr
1805 3909 2216 3966 sacrificantium

624 3997 798 4063 capita
829 3999 1057 4067 captiva,
1086 4010 1247 4070 caput
1275 4011 1510 4055 vestrum
1556 4002 1777 4056 liberum
1811 4004 2023 4058 mansit.
2052 4003 2220 4058 Frons

627 4103 749 4143 cum
795 4090 948 4159 signo
1001 4092 1091 4146 Dei
1141 4109 1267 4162 pura
1310 4093 1506 4147 diaboli
1537 4110 1788 4150 coronant
1823 4095 1964 4150 ferre
1991 4113 2093 4151 non
2129 4113 2222 4164 p0-

624 4183 755 4246 tttit,
779 4197 993 4238 coroute
1027 4199 1087 4237 se
1121 4185 1325 4240 Domini
1361 4188 1655 4241 reservavit
1689 4206 1708 4238 ι
1740 4186 1941 4260 (Cypr.
1963 4232 1974 4244 .
1999 4190 2063 4242 de
2085 4187 2225 4257 Lap-

623 4278 713 4346 δίε,
746 4293 799 4346 p.
833 4277 981 4344 122).
1015 4277 1247 4334 Consule
1273 4279 1480 4344 adhuc,
1516 4281 1558 4332 si
1589 4280 1754 4345 lubet,
1778 4281 2101 4350 singularem
2125 4281 2226 4336 illa-

628 4370 743 4426 deri
764 4372 829 4425 de
851 4370 1076 4426 Coronis
1093 4373 1306 4433 librum,
1331 4381 1385 4427 et
1408 4387 1492 4435 ea,
1523 4372 1566 4426 si
1592 4374 1746 4434 velis,
1775 4388 1894 4442 qum
1919 4373 1987 4427 de
2011 4374 2112 4427 illis
2135 4389 2226 4427 su-

635 4464 848 4533 periure
871 4465 1172 4532 Apparatus
1195 4471 1358 4519 nostri
1381 4476 1527 4519 ῑοιιιο
1547 4465 1782 4518 dtximus
1801 4505 1816 4530 ,
1836 4475 1887 4520 et
1909 4483 2028 4536 qttm
2048 4465 2225 4520 adhuc

632 4564 815 4625 postea
867 4555 1092 4609 dicenda
1117 4569 1236 4610 sunt
1288 4556 1467 4627 (Tum.
1498 4559 1545 4612 l.
1583 4559 1858 4630 Apparet,
1893 4575 2010 4630 pag.
2039 4559 2135 4614 80!
2171 4569 2226 4614 ct

623 4660 738 4717 seq.
761 4655 816 4700 et
839 4647 984 4712 infr.,
1015 4663 1133 4716 cap.
1168 4648 1251 4707 l9.
1283 4659 1383 4703 art.
1410 4649 1494 4717 2.)

699 4737 896 4792 Verum
936 4737 1205 4805 Ca-cilins,
1235 4741 1432 4809 aliique
1466 4743 1713 4812 gentiles,
1759 4759 1864 4798 non
1909 4759 1975 4800 eo
2018 4754 2218 4799 tantum

626 4830 844 4885 nomine
865 4831 1202 4888 Christianos
1227 4832 1532 4904 culpabant,
1558 4836 1679 4903 quia
1708 4850 1937 4891 coronas
1958 4838 2092 4891 vivis
2124 4837 2222 4891 bu-

629 4923 865 4978 minibus
893 4923 1249 4993 denegabant.
1278 4927 1370 4982 sed
1410 4928 1567 4982 etiam
1601 4929 1824 4983 mortuis
1854 4947 1866 4983 :
1903 4951 1922 4982 (
1959 4930 2214 4999 Coronae,

630 5015 922 5088 inquiebat,
955 5016 1116 5071 etiam
1149 5019 1408 5089 sepulcris
1437 5019 1730 5090 denegatis.
1774 5021 1792 5074 ι
1824 5022 1959 5088 Qttid
1992 5038 2122 5076 Vero
2152 5024 2218 5078 ad

629 5109 744 5164 btec
766 5108 1054 5164 Octavius?
1082 5109 1277 5164 Vcrttm
1306 5111 1462 5181 plane
1484 5111 1534 5165 id
1562 5126 1680 5167 esse
1702 5113 1930 5168 libenter
1951 5113 2218 5182 concedit,

628 5203 958 5272 miraturque
981 5212 1219 5259 mortuos
1243 5205 1310 5258 ab
1337 5204 1575 5260 Etbnicis
1601 5207 1844 5261 coronari
1879 5228 1890 5263 :
1927 5225 1945 5258 ‹
1971 5207 2078 5276 Ego
2104 5221 2218 5276 vos,

629 5300 724 5363 ait,
772 5300 824 5354 in
881 5300 981 5355 hoc
1028 5301 1196 5372 magis
1247 5302 1432 5365 miror,
1480 5302 1929 5373 quemadmodum
1985 5303 2226 5358 tribuatis

631 5392 863 5447 exanimi
891 5403 981 5446 aut
1017 5409 1122 5447 non
1152 5392 1344 5457 facem,
1374 5405 1464 5449 aut
1514 5410 1621 5450 non
1668 5396 1919 5451 sentienti
1947 5409 2222 5460 coronam,

631 5497 752 5537 cum
797 5494 852 5538 et
895 5485 1083 5539 beatus
1124 5501 1229 5540 non
1259 5499 1432 5555 egeat,
1463 5498 1516 5541 et
1546 5489 1711 5543 miser
1737 5505 1840 5542 non
1869 5489 2094 5558 gandi-at
2132 5488 2230 5542 ﬂo-

630 5573 779 5628 ribus
817 5591 835 5626 ι
887 5574 1042 5646 (Ibid.
1090 5591 1210 5645 pag.
1257 5577 1411 5644 3M).
1438 5579 1636 5634 Verum
1678 5592 1959 5648 corruptus
1989 5581 2230 5649 plmimis

631 5666 846 5720 videtur
893 5666 978 5721 hic
1022 5669 1254 5723 auctoris
1298 5672 1466 5724 nostri
1516 5682 1707 5737 textus,
1739 5673 1873 5726 etin
1913 5673 2228 5742 quibusdam

631 5757 954 5812 editionibns
998 5760 1254 5825 particula
1286 5776 1386 5813 non
1427 5774 1480 5816 et
1527 5779 1721 5817 nomen
1765 5765 1987 5817 exanimi
2035 5768 2230 5819 omissa

634 5855 778 5898 sunt.
826 5847 930 5900 Sed
977 5849 1090 5901 lucc
1131 5851 1395 5903 correctio
1438 5854 1607 5908 codici
1641 5856 2001 5923 manuscripto
2042 5857 2231 5912 adver-

2321 3357 2451 3400 tttmt
2500 3366 2516 3398 ι
2551 3347 2796 3415 (Lttcian.
2837 3348 2898 3400 de
2939 3345 3127 3412 antu,
3163 3363 3280 3416 pag.
3321 3345 3470 3416 8l0).
3513 3346 3617 3401 Sed
3637 3345 3778 3400 hunc
3829 3345 3916 3400 ille

2323 3456 2526 3494 morem
2569 3440 2811 3510 aliosque
2859 3440 3086 3509 gentiles
3129 3439 3417 3508 sepultura:
3466 3440 3600 3493 ritus
3643 3437 3772 3493 irrid
3810 3445 3917 3493 tet

2323 3533 2558 3602 e\'plotlit
2610 3533 2803 3600 Quidni
2833 3548 2962 3597 ergo
2991 3531 3280 3586 Christiani
3315 3533 3462 3586 illum
3493 3530 3802 3600 rejecissenl
3827 3544 3916 3583 co-

2326 3641 2575 3680 mnartnn
2603 3624 2862 3688 ttsum,de
2892 3641 2998 3692 quo
3021 3640 3119 3677 nos
3134 3625 3255 3678 alibi
3281 3622 3712 3691 diSputavintus?
3738 3621 3914 3689 (Tum.

2326 3736 2338 3772 I
2374 3721 2613 3788 Apparet.
2647 3719 2737 3771 lib.
2762 3734 2841 3784 ιιι,
2870 3718 3086 3772 Dissert.
3123 3733 3158 3782 ι,
3189 3733 3286 3786 cap
3334 3717 3424 3783 -l9,
3451 3725 3550 3771 art.
3583 3714 3637 3781 6,
3672 3730 3791 3785 pag.
3811 3713 3916 3769 80-2

2321 3824 2370 3866 et
2404 3829 2553 3882 St'qq.
2589 3813 2606 3882 )
2647 3809 2756 3865 Cttr
2781 3822 2958 3865 autem
2991 3828 3108 3864 eunt
3145 3812 3468 3879 reSptterint,
3497 3810 3634 3864 hanc
3660 3809 3918 3863 Minucius

2323 3905 2550 3960 reddidit
2571 3905 2832 3958 rationem
2857 3924 2869 3959 ε
2893 3925 2908 3956 ι
2932 3907 2994 3960 At
3031 3905 3173 3957 rnim
3206 3920 3302 3958 nos
3321 3907 3576 3973 exequias
3592 3900 3920 3956 adornamus

2323 4002 2508 4054 eadem
2541 4002 2920 4070 tranquillitate
2939 4016 3038 4067 qua
3067 4017 3082 4048 ι
3100 3999 3288 4052 ivimns
3308 4018 3321 4061 ;
3344 4015 3441 4053 nec
3457 3997 3792 4052 annectimtts
3808 4010 3918 4048 are-

2323 4104 2561 4149 scentem
2593 4110 2871 4153 coronant.
2903 4093 2994 4148 sctl
3026 4110 3053 4145 a
3087 4094 3192 4146 Deo
3223 4090 3673 4146 :rtcrnisfloribus
3687 4086 3915 4140 vividam

2328 4189 2654 4242 Sttstinetntts
2686 4207 2704 4238 ι
2729 4186 2944 4257 (Minue.
2974 4203 3087 4256 pag.
3119 4184 3268 4254 542),
3301 4186 3400 4236 hoc
3417 4193 3498 4238 est
3520 4192 3912 4250 exstitectatntts.

2400 4280 2659 4345 Quamvis
2687 4290 2863 4333 autem
2907 4277 3196 4333 Clll'isli-‘llli
3229 4287 3560 4329 mortuorum
3586 4280 3746 4341 eaput
3772 4271 3915 4324 nulla

2331 4373 2641 4428 retlimirent
2673 4388 2890 4428 Corona.
2927 4371 3210 4440 unguentis
3241 4379 3416 4421 tamen
3449 4368 3659 4422 illorum
3688 4379 3917 4435 corpora

2331 4483 2531 4537 ungere
2581 4467 2825 4521 solebant
2874 4465 3029 4536 (lbid.
3067 4480 3182 4533 pag.
3213 4463 3324 4529 98).
3354 4460 3495 4529 Quid
3534 4461 3677 4517 enim
3713 4459 3920 4529 mqttius

2330 4575 2488 4631 quam
2539 4571 2594 4612 nt
2621 4560 2950 4628 propositum
2983 4558 3080 4611 sibi
3130 4557 3197 4610 ab
3241 4557 3575 4626 Evangelista
3617 4554 3762 4620 uncti
3800 4567 3923 4607 cor—

2335 4653 2478 4722 poris
2502 4651 2698 4706 Christi
2727 4650 2938 4716 (Johan.
2974 4667 3084 4715 χιχ,
3117 4650 3185 4704 59
3208 4658 3261 4704 et
3289 4650 3433 4718 seq.)
3464 4647 3766 4716 exemplum
3798 4645 3922 4699 imi-

2328 4743 2602 4800 tarentur?
2641 4742 2823 4813 Neque
2851 4743 3098 4798 Czrcilius
3131 4743 3270 4796 hunc
3303 4755 3507 4796 morem
3557 4738 3921 4793 condemnare

2327 4851 2489 4890 ausus
2519 4846 2621 4892 est.
2653 4835 2784 4890 Cutn
2817 4835 2958 4889 enim
2999 4845 3393 4904 unguentorum
3434 4847 3563 4886 usus
3597 4831 3737 4885 Darii
3787 4839 3928 4885 tetu-

2324 4945 2475 5000 pore,
2509 4927 2680 4993 inquit
2725 4927 2945 4984 Plinius.
2979 4927 3043 4978 ad
3072 4940 3167 4980 eos
3196 4924 3537 4996 pervasisset.
3568 4941 3586 4975 ‹
3614 4934 3723 4977 tum
3755 4922 3926 4975 honos

2325 5033 2378 5078 et
2403 5024 2466 5076 atl
2495 5021 2776 5077 defunctos
2805 5021 3072 5090 pertinere
3097 5021 3258 5088 cmpit
3293 5039 3311 5071 ι
3343 5017 3502 5090 (Plin.
3536 5017 3626 5071 lib.
3669 5030 3786 5080 xui,
3816 5012 3925 5067 Na-

2324 5125 2427 5170 tur.
2475 5115 2634 5172 Ηὶει..
2668 5131 2788 5184 cap.
2822 5115 2872 5179 l,
2907 5129 3023 5182 pag.
3057 5113 3127 5168 56
3159 5119 3196 5181 ).
3227 5111 3362 5179 Quid
3397 5111 3555 5181 igitur
3601 5109 3714 5174 ipse
3756 5107 3926 5161 Ca‘ci—

2331 5209 2435 5265 lius
2495 5211 2547 5263 in
2616 5207 2932 5263 Christianis
2981 5205 3294 5274 redarguat,
3351 5204 3685 5258 audiamus:
3747 5218 3765 5251 ‹
3807 5197 3921 5253 Νοιι

2329 5316 2526 5373 corpus
2553 5299 2806 5354 odoribus
2831 5298 3146 5356 honestatis.
3171 5295 3459 5351 reservatis
3486 5301 3750 5360 unguenta
3775 5288 3926 5343 fune-

2331 5397 2480 5452 ribus
2509 5393 2750 5456 i(.\linuc.
2775 5407 2895 5462 pag.
2925 5391 3042 5462 97).
3066 5390 3172 5444 Eos
3199 5391 3377 5456 itaque
3404 5387 3646 5456 corripit,
3670 5401 3774 5440 non
3801 5383 3924 5452 quia

2334 5499 2577 5545 mortuos
2612 5487 2896 5551 unguentis
2925 5484 3329 5556 perfunderent,
3377 5481 3470 5536 sed
3529 5495 3635 5535 non
3667 5486 3928 5548 ungerent

2337 5583 2464 5639 dtttn
2496 5581 2672 5636 adhuc
2701 5581 2969 5634 vivebant.
3002 5581 3253 5634 Octavius
3293 5591 3419 5631 vero
3460 5574 3600 5630 hane
3630 5581 3924 5644 prmpostc-

2339 5693 2454 5732 ram
2486 5676 2706 5729 omnino
2743 5685 3138 5729 accusationem
3169 5679 3507 5736 astiernalus,
3553 5667 3681 5722 nihil
3719 5665 3928 5720 videtur

2337 5769 2402 5822 ad
2435 5784 2552 5822 eam
2587 5766 2955 5834 rcSpOutlisse,
2991 5764 3094 5818 nisi
3136 5763 3272 5818 forte
3299 5761 3437 5832 quod
3473 5759 3667 5814 ibidem
3693 5757 3923 5817 dixerat,

2337 5857 2675 5915 Christianos
2703 5858 2906 5912 licitum
2948 5857 3163 5928 quidem
3205 5855 3396 5910 florum
3446 5863 3608 5924 atque
3655 5851 3789 5908 adeo
3829 5865 3928 5904 un-
