4242 6222
649 231 755 308 '547

1957 250 2044 307 DE
2071 246 2328 307 MINUCII
2364 249 2662 308 OCTAVIO

3843 250 3947 310 5'18

651 366 885 420 bitanter
905 373 1178 419 asseverat
1197 363 1354 433 longe
1383 365 1627 433 puriores
1650 365 2054 435 sanctioresque
2076 365 2244 420 fuisse
2271 366 2322 424 Α
2350 365 2468 435 quis
2507 364 2934 430 manticularius,
2983 364 3101 435 quis
3131 363 3450 434 sacrilegus,
3495 373 3587 418 aut
3631 377 3943 437 corruptor,

651 458 1077 514 Christiantn‘um
1111 475 1267 525 quam
1300 458 1577 522 gentilium
1608 473 1808 512 mores.

725 550 943 611 Verum,
978 551 1181 618 inquiet
1209 550 1421 618 aliquis,
1445 550 1568 618 quid
1590 549 1688 602 sibi
1717 551 1824 603 vult
1845 549 2096 604 Octavius
2120 565 2242 604 cum

650 646 756 706 ait,
793 662 810 693 ι
857 643 914 697 In
950 644 1220 697 nonnullis
1262 656 1440 698 nostra
1497 643 1776 713 disciplina
1825 646 2039 698 minor»
2087 660 2246 715 quam

650 737 985 792 ethnicorum
1020 756 1037 787 ‹
1065 738 1181 791 est?
1212 757 1227 790 ι
1267 738 1466 806 Duplex
1517 754 1637 792 esse
1690 747 1867 807 potest
1897 737 2086 791 hormn
2127 753 2246 791 ver-

651 831 837 884 horum
865 845 1054 884 sensus
1083 849 1094 881 :
1140 832 1313 900 primo
1345 830 1581 900 quidem,
1619 830 1862 898 quamvis
1896 833 1946 884 in
1973 830 2247 887 nonnullis

650 922 966 976 Christianis
996 925 1197 992 ignavis
1219 933 1273 976 et
1313 921 1600 976 desidiosis
1631 923 1806 976 minor
1835 923 1905 977 sit
1931 933 2110 976 nostra
2134 923 2246 977 dis-

651 1017 869 1085 ciplina,
917 1017 967 1068 hi
1003 1025 1178 1070 tamen
1212 1015 1444 1070 ethnicis
1471 1024 1595 1070 sunt
1631 1015 1903 1070 meliores.
1937 1015 2089 1070 Alter
2119 1029 2248 1069 vero

652 1125 841 1163 sensus
863 1126 873 1154 τ
896 1107 1187 1162 Christiani
1218 1107 1470 1162 meliores
1495 1107 1722 1162 ethnicis
1744 1108 2246 1178 deprehemluntur,

653 1202 894 1270 quamvis
927 1205 976 1253 in
1025 1200 1298 1253 nonnullis
1329 1200 1488 1254 rebus
1529 1198 1807 1268 disciplina
1853 1215 2040 1254 eorum
2071 1201 2248 1253 minor

653 1294 894 1362 sitquam
930 1293 1231 1362 gentilium,
1256 1301 1377 1360 puta
1397 1291 1572 1361 legunt
1606 1291 1964 1358 multitudine,
1992 1305 2251 1345 caeremo-

653 1385 758 1438 niis
787 1383 852 1436 ad
885 1383 1108 1437 deormn
1150 1382 1352 1436 cultum
1397 1393 1556 1450 atque
1588 1383 1898 1452 religionem
1933 1382 2251 1449 pertinenti-

657 1478 778 1542 bus,
826 1476 1058 1544 templis,
1108 1478 1252 1536 aris.
1292 1474 1593 1537 sacriﬁciis,
1647 1477 1877 1545 pompis,
1930 1489 2248 1528 coronarum

656 1585 754 1624 usu
785 1570 1010 1637 aliisque
1044 1567 1255 1633 ritibus,
1288 1567 1358 1621 de
1385 1567 1578 1635 quibus
1610 1582 1637 1618 a
1671 1568 1825 1621 nobis
1864 1568 2110 1636 superius
2141 1565 2251 1621 dis-

658 1676 892 1734 putatum
924 1674 1026 1717 est.
1063 1661 1193 1715 Vide
1221 1669 1399 1714 autem
1428 1675 1492 1713 au
1525 1661 1610 1714 hic
1640 1675 1830 1714 sensus
1854 1662 2032 1728 priore
2060 1661 2251 1714 melior

2349 468 2438 510 aut
2470 459 2759 511 lavantium
2789 459 2989 527 praedo,
3022 458 3160 510 idem
3191 457 3352 512 etiam
3395 457 3738 513 Christianus
3784 463 3948 515 ascri-

2353 549 2525 604 bitur?
2552 555 2673 614 Aut,
2709 566 2827 605 cum
2851 549 3139 603 Christiani
3167 566 3266 603 suo
3297 549 3449 602 titulo
3479 549 3795 613 olfet'untur,
3828 553 3946 622 quis

2352 660 2414 698 ex
2457 643 2559 696 illis
2611 646 2769 698 etiam
2819 646 2940 699 talis
2985 645 3173 714 quales
3219 655 3291 696 tot
3322 654 3576 700 nocentes
3595 645 3617 696 ἰ)
3644 646 3724 711 De
3757 647 3949 702 vestris

2352 752 2566 804 semper
2592 747 2782 790 :trstuat
2810 752 3015 802 carcer,
3037 737 3101 790 de
3126 736 3316 790 vestris
3345 751 3557 804 semper
3585 737 3799 792 metalla
3832 753 3951 793 sus-

2355 829 2550 897 pirant,
2584 829 2651 881 de
2686 829 2872 882 vestris
2918 843 3135 896 semper
3166 829 3348 882 bestia:
3377 829 3710 898 saginantur,
3739 830 3807 885 de
3829 846 3954 887 ves-

2355 921 2450 974 tris
2505 936 2720 990 semper
2771 903 3070 974 munerarii
3121 936 3400 974 noX'orum
3454 935 3648 992 greges
3701 932 3952 992 pascunt.

2351 1011 2521 1067 Nemo
2577 1013 2687 1067 ilhc
2735 1013 3096 1078 Christianus,
3145 1013 3247 1066 nisi
3303 1012 3404 1067 hoc
3437 1024 3662 1081 tantum,
3694 1027 3782 1068 aut
3816 1016 3859 1069 si
3903 1025 3959 1072 et

2353 1105 2516 1166 aliud,
2547 1104 2654 1174 jam
2680 1121 2784 1160 non
2810 1106 3135 1160 Christianus
3168 1126 3187 1157 ι
3227 1105 3477 1176 (Tertull.
3510 1108 3687 1176 Apol.,
3716 1123 3835 1179 cap.
3859 1110 3954 1176 45,

2353 1213 2474 1266 pag.
2505 1197 2596 1253 59)
2634 1213 2646 1250 :
2692 1197 2792 1252 hoc
2843 1208 2945 1260 est,
2991 1199 3172 1252 nullus
3214 1197 3552 1252 Christianus
3600 1200 3956 1255 incarcerem

2357 1290 2604 1344 detrusus
2639 1301 2858 1360 propter
2889 1291 3052 1344 ullum
3083 1291 3310 1361 quodvis
3359 1291 3563 1356 scelus,
3619 1293 3713 1347 sed
3761 1295 3831 1346 ob
3863 1309 3955 1348 so-

2356 1381 2463 1432 lum
2513 1397 2706 1436 nomen
2760 1381 3036 1435 christiani
3093 1383 3506 1452 christiana-que
3563 1382 3694 1452 legis
3753 1384 3959 1454 profes-

2356 1472 2586 1527 sionem.
2639 1473 2731 1528 Sin
2786 1489 2915 1528 vero
2945 1485 3168 1544 propter
3207 1474 3429 1545 aliquod
3487 1477 3690 1540 scelus,
3724 1478 3835 1545 jam
3871 1479 3958 1534 ille

2358 1579 2463 1617 non
2488 1573 2608 1618 erat
2635 1564 2986 1630 christianos,
3022 1565 3070 1620 id
3102 1574 3185 1620 e-t
3215 1581 3243 1620 a
3273 1565 3518 1619 christiat
3542 1582 3571 1620 a
3623 1567 3960 1637 professiOne

2355 1655 2647 1711 deiecerat.
2687 1660 2754 1711 At
2794 1657 2900 1714 'boc
2943 1659 3116 1728 ipsum
3154 1667 3238 1713 cst
3265 1661 3406 1728 quod
3440 1677 3466 1710 a
3495 1659 3725 1715 Minucio
3775 1674 3960 1718 nostro

657 1767 936 1827 propterea
983 1755 1230 1808 videatur
1259 1754 1400 1822 quod
1452 1753 1714 1807 Minucius
1759 1753 2099 1808 Christianos
2126 1768 2247 1807 cum
2284 1745 2329 1806 B
2359 1746 2561 1802 dictum
2595 1748 2847 1803 vidimus.
2880 1749 2996 1803 Alia
3045 1765 3207 1818 porro
3239 1750 3290 1803 in
3321 1752 3699 1808 dissertatione
3727 1753 3959 1825 (Disser-

657 1853 905 1913 cthnicis,
938 1864 1041 1904 non
1083 1863 1214 1902 vero
1253 1862 1433 1901 secum
1477 1855 1784 1915 componat.

727 1947 897 2011 Quam
947 1954 1125 1995 autem
1171 1941 1389 2008 integri,
1423 1940 1556 1992 casti
1607 1949 1662 1994 et
1707 1939 1942 2009 religiosi
1987 1937 2253 1994 Christia-

659 2056 870 2104 nmum,
903 2038 1182 2109 gentilium
1219 2053 1348 2092 vero
1374 2036 1635 2104 corrupti,
1672 2035 1947 2105 depravati
1996 2031 2252 2103 improbi-

657 2153 761 2205 que
791 2145 972 2189 essent
1001 2148 1200 2197 mores,
1233 2130 1383 2185 brevi
1409 2130 1829 2198 comparatione,
1855 2145 2016 2198 quam
2043 2127 2253 2182 Tertul-

661 2229 831 2281 liauus
861 2226 1028 2279 fusius
1058 2221 1398 2294 prosequitur
1427 2221 1768 2293 (Tertulliau.
1793 2221 2088 2292 Apologel.,
2129 2235 2247 2289 cap.

658 2319 750 2385 46,
781 2333 898 2388 pag.
930 2319 997 2371 3:9
1027 2332 1080 2371 et
1111 2316 1310 2385 seqq.).
1346 2315 1610 2369 Minucius
1631 2315 1744 2367 sive
1769 2315 1887 2382 ejus
1913 2315 2129 2367 nomine
2157 2313 2254 2366 0e-

661 2413 830 2467 tavius
866 2409 1100 2464 ostendit
1130 2427 1141 2462 :
1181 2427 1198 2458 t
1229 2408 1332 2462 Vos
1361 2408 1527 2471 enim,
1580 2407 1655 2461 ait
1682 2407 1797 2472 ille,
1835 2407 2096 2460 adulteria
2128 2421 2250 2474 pro-

661 2504 872 2569 hibetis,
905 2514 959 2558 ct
989 2504 1189 2567 facitis;
1239 2517 1336 2555 nos
1381 2501 1638 2555 uxoribus
1679 2501 1877 2554 uestris
1915 2499 2272 2572 solummodo

659 2601 760 2654 viri
817 2599 1107 2652 nascimur.
1137 2614 1156 2646 ι
1206 2595 1360 2662 Quod
1413 2594 1630 2663 quidem
1684 2597 1930 2663 proxime
1975 2592 2170 2646 citatus
2219 2606 2249 2646 ει

660 2691 813 2745 nobis
840 2689 1196 2744 Tertullianus
1221 2688 1501 2756 Speusippi
1525 2687 1770 2754 exemplo
1792 2686 1870 2738 sic
1895 2684 2213 2754 comprobat
2239 2701 2253 2736 :

593 2783 600 2788 ’
665 2803 684 2834 ς
714 2784 916 2847 Audio,
953 2781 1154 2850 inquit,
1195 2778 1480 2849 quemdam
1526 2777 1884 2846 Speusippum
1921 2775 1988 2829 de
2020 2775 2258 2829 Platonis

661 2876 846 2931 schola
887 2876 938 2928 in
985 2872 1248 2926 adulterio
1281 2870 1542 2940 periisse:
1576 2869 1915 2924 Christianus
1943 2868 2096 2922 uxori
2143 2881 2254 2920 suae

661 2969 760 3021 soli
788 2966 1053 3020 masculus
1077 2965 1313 3018 nascitur
1339 2981 1357 3014 ι
1381 2961 1446 3032 (Τ
1450 2961 1720 3016 ertullian.
1741 2960 1858 3014 loco
1875 2959 1964 3013 cit.
1994 2974 2112 3028 pag.
2141 2956 2254 3029 40).

662 3062 764 3117 Sed
785 3061 856 3114 de
881 3058 1308 3112 Christianorum
1335 3057 1580 3110 eastitate
1603 3065 1657 3109 et
1707 3051 1888 3107 infami
1917 3051 2254 3106 ethnicorum
2283 3093 2326 3155 C

665 3150 992 3223 impudicitia
1022 3166 1120 3204 nos
1143 3149 1251 3218 jam
1279 3163 1440 3217 supra
1473 3147 1714 3216 quaedam
1749 3147 2027 3199 retulimus
2056 3143 2249 3216 (Supr.

664 3263 780 3318 eap.
817 3246 904 3309 l0,
933 3255 1036 3299 art.
1071 3246 1123 3299 1.
1158 3254 1214 3297 ct
1240 3242 1294 3308 ‘2,
1322 3252 1378 3296 et
1403 3257 1522 3311 cap.
1557 3241 1642 3308 16,
1669 3250 1773 3297 art.
1799 3238 1881 3309 2),
1905 3249 1957 3294 et
1980 3240 2156 3294 adhuc
2177 3241 2257 3292 in-

665 3340 689 3394 f
689 3357 742 3394 ra
773 3341 1034 3393 dicemus.

741 3429 942 3486 Deinde
973 3444 1099 3483 vero
1130 3427 1392 3482 Minucius
1423 3444 1436 3480 :
1473 3444 1494 3476 ι
1518 3425 1627 3480 Vos
1657 3425 1860 3480 scelera
1889 3423 2123 3479 admissa
2154 3438 2256 3495 pu—

667 3525 788 3577 tatis
820 3522 960 3594 apud
991 3536 1087 3574 nos
1123 3531 1176 3574 et
1217 3521 1453 3587 eogitare
1486 3533 1707 3586 peccare
1733 3527 1811 3572 est
1839 3535 1852 3570 :
1887 3532 1982 3572 νινε
2009 3517 2258 3572 conscios

668 3617 888 3687 timetis,
923 3630 1023 3669 nos
1049 3615 1208 3668 etiam
1232 3612 1619 3666 conscientiam
1643 3611 1835 3677 solam,
1860 3611 1978 3664 sine
2004 3625 2105 3680 qua
2138 3625 2260 3665 esse

667 3727 770 3764 non
798 3722 1098 3777 possumus.
1135 3724 1154 3758 ›
1182 3704 1542 3759 Tertulliautts
1560 3717 1688 3756 vero
1712 3720 1726 3754 :
1760 3721 1780 3754 ι
1804 3703 2137 3757 Democritus
2166 3717 2258 3756 ex-

665 3801 916 3855 cit-cando
947 3797 1318 3862 semetipsum,
1349 3793 1490 3864 quod
1524 3794 1778 3848 mulieres
1804 3794 1922 3848 sine
1967 3792 2256 3862 concupis-

667 3896 836 3948 centia
869 3894 1108 3961 aspicere
1147 3904 1254 3943 non
1289 3896 1477 3957 posset
1523 3897 1578 3941 et
1620 3886 1828 3940 doleret
1881 3885 1926 3940 si
1975 3901 2078 3939 non
2111 3893 2260 3940 esset

668 3989 884 4055 potitus,
934 3983 1375 4038 incontinentiam
1407 3979 1786 4034 emendatione
1831 3978 2131 4048 prolitetur.
2183 3979 2254 4031 At

664 4075 1000 4132 Christianus
1043 4075 1206 4129 salvis
1244 4075 1415 4128 oculis
1468 4071 1692 4128 feminas
1739 4088 1841 4126 non
1873 4071 2039 4137 videt,
2073 4070 2256 4124 animo

664 4176 919 4229 adversus
958 4171 1232 4226 libidinem
1267 4183 1442 4224 caecus
1469 4176 1554 4222 est
1583 4185 1602 4220 ι
1631 4165 1971 4239 (Tertullian.
2004 4166 2106 4222 loc.
2137 4165 2257 4230 cit.,

666 4284 785 4338 pag.
821 4265 933 4336 40).
969 4266 1073 4320 Sed
1106 4264 1418 4334 probatione
1459 4261 1510 4314 id
1555 4277 1661 4315 non
1693 4260 1914 4329 indiget.
1945 4259 2076 4328 Quis
2112 4260 2257 4313 enim

666 4360 834 4414 nescit
881 4369 1132 4412 statutam
1165 4372 1194 4410 a
1225 4353 1441 4409 Christo
1491 4354 1660 4423 legem
1692 4371 1704 4406 :
1738 4353 1917 4408 Omnis
1941 4356 2029 4418 qui
2074 4354 2255 4406 viderit

2359 1849 2453 1894 tat.
2505 1842 2556 1893 in
2611 1839 2938 1907 Tertulliun.,
2987 1857 3105 1912 cap.
3166 1842 3253 1907 12,
3290 1853 3392 1897 art.
3433 1841 3487 1907 δ’,
3520 1843 3572 1916 4)
3607 1848 3959 1902 ostendemus

2360 1949 2516 2002 quam
2551 1934 2706 2001 longe
2738 1933 2909 1988 fusius
2937 1934 3078 1989 idem
3111 1933 3478 1989 Tertullianus
3521 1936 3660 1991 hanc
3686 1939 3947 1993 Chrisda-

2360 2041 2548 2079 norum
2585 2025 3030 2096 ethnicorumque
3073 2028 3530 2096 comparatiOnem
3571 2044 3953 2100 prosequatur.

2360 2119 2577 2174 Interim
2632 2120 2810 2190 legere
2868 2121 3067 2190 puteris
3112 2136 3232 2191 qua:
3267 2122 3317 2175 iit
3367 2121 3555 2176 borum
3594 2126 3961 2180 continuatio-

2360 2228 2481 2266 nem
2525 2212 2710 2266 abillo
2755 2229 2819 2267 ac
2865 2213 3140 2293 Lactantio
3181 2225 3236 2268 et
3282 2213 3512 2269 Eusebio
3541 2217 3753 2284 scriptis
3794 2234 3955 2273 man-

2359 2305 2480 2358 data
2520 2317 2642 2358 sunt
2674 2305 2923 2376 (Tertull.
2955 2308 3022 2358 ad
3051 2306 3295 2372 διαβαίη
3326 2322 3445 2376 cap.
3478 2307 3544 2363 ἓξ
3579 2306 3826 2363 Laetant.
3862 2309 3960 2365 lib.

2355 2412 2389 2452 v
2422 2396 2618 2463 lustit.,
2651 2415 2768 2467 cap.
2799 2398 2852 2464 9,
2888 2414 3006 2470 pag.
3037 2401 3175 2466 385;
3205 2399 3404 2454 Euseb.
3438 2400 3530 2455 lib.
3559 2417 3590 2455 v
3620 2399 3764 2455 Hist.
3797 2403 3927 2456 ccci.
3947 2441 3961 2468 ,

2358 2506 2476 2562 cap.
2507 2491 2562 2557 2,
2607 2507 2726 2562 p‘tg.
2761 2492 2910 2562 160).
3275 2561 3277 2563 ι

2432 2583 2611 2652 Pergit
2666 2584 2926 2639 Minucius
2955 2593 3159 2652 noster,
3213 2585 3489 2657 aliamque
3526 2586 3967 2644 Christianorum

2359 2688 2480 2728 eum
2508 2676 2742 2730 ethnicis
2773 2678 3110 2746 philosophis
3136 2682 3599 2748 comparationem
3633 2683 3775 2737 hunc
3806 2684 3968 2737 insti-

2359 2769 2460 2821 tttit
2491 2769 2542 2821 in
2573 2769 2806 2823 modum.
2847 2788 2865 2820 ι
2904 2770 3356 2840 ΡΙιὶΙοεονΙιυιυη]
3388 2775 3672 2842 supercilia
3712 2789 3972 2830 euntem-

2363 2861 2572 2925 uimus,
2630 2877 2765 2932 quos
2815 2873 3160 2934 corruptores
3207 2876 3258 2918 ct
3308 2865 3584 2921 adulteros
3634 2871 3880 2922 novimus
3912 2878 3973 2924 et

2363 2965 2652 3024 tyrannos,
2696 2967 2746 3010 et
2793 2970 3009 3027 Semper
3057 2959 3317 3014 adversus
3363 2975 3457 3014 sua
3509 2963 3636 3016 vitia
3682 2962 3970 3018 facundos.

2359 3046 2468 3101 Nos
2497 3066 2600 3101 non
2651 3050 2833 3103 habitu
2863 3051 3180 3119 sapientiam
3204 3094 3218 3116 ,
3249 3053 3344 3106 sed
3376 3064 3558 3108 mente
3588 3070 3681 3124 pra
3704 3057 3933 3110 ferimus
3957 3074 3975 3121 ;

2361 3157 2466 3195 non
2508 3141 2812 3211 eloquimur
2853 3159 3077 3210 magna,
3126 3145 3220 3198 sed
3252 3145 3500 3200 vivimus.
3525 3145 3833 3201 Glorientur
3865 3163 3981 3202 nos

2359 3241 2678 3287 consecutos
2701 3235 2841 3301 quod
2863 3235 2932 3286 illi
2955 3250 3161 3288 summa
3193 3236 3494 3291 intentione
3518 3239 3847 3307 quaesierunt
3863 3253 3987 3293 nec

2360 3323 2600 3378 invenire
2637 3335 2950 3394 potuerunt.
2981 3345 2999 3377 ι
3035 3326 3333 3397 Cyprianus
3359 3343 3487 3382 vero
3509 3344 3576 3382 ex
3611 3327 3989 3384 hucaucmris

2359 3419 2527 3474 nostri
2579 3420 2698 3474 loco
2723 3419 2857 3473 hanc
2893 3420 3061 3489 ipsam
3093 3423 3548 3489 comparationem
3584 3425 3764 3492 procul
3792 3423 3998 3479 dubio

2359 3521 2628 3566 mutuatUs
2645 3520 2748 3573 est,
2769 3526 2831 3565 ac
2852 3514 2996 3580 plura
3011 3515 3169 3567 etiam
3187 3515 3326 3568 illius
3344 3513 3500 3568 verba
3519 3530 3673 3583 quam
3693 3513 3855 3568 nobis
3871 3530 3998 3570 su-

2361 3607 2539 3676 perius
2574 3605 2837 3675 descripta
2860 3621 2981 3660 sunt
3013 3606 3214 3678 (Supr.
3254 3625 3369 3675 cap.
3390 3609 3447 3672 Ξ,
3471 3608 3674 3663 art.39.
3715 3625 3840 3679 pag.
3889 3609 4002 3680 4).

2434 3699 2539 3754 Sed
2577 3700 2677 3754 hoc
2721 3709 2874 3754 antea
2908 3701 3066 3768 longe
3095 3699 3364 3770 c0piosius
3391 3717 3419 3752 a
3450 3700 3781 3755 Tertulliano
3814 3713 4005 3756 trac-

2361 3802 2525 3848 tatum
2553 3793 2727 3848 fuerat
2754 3810 2768 3846 :
2800 3814 2817 3844 (
2848 3793 3156 3862 PlllluSttplli
3175 3835 3190 3859 ,
3220 3796 3324 3860 ait,
3366 3793 3622 3849 aﬂ‘eCIaut
3643 3795 3965 3849 veritatem
3988 3837 4007 3862 ,

2357 3897 2412 3942 et
2454 3887 3158 3956 aliectandocorrmnpunt,
3212 3898 3268 3941 ut
3315 3891 3403 3958 qui
3445 3889 3671 3958 gloriam
3721 3898 4012 3958 captant.

2363 3983 2649 4043 Christiani
2679 3993 2732 4036 et
2759 3984 3068 4037 necessario
3094 3984 3646 4054 appetuntetintegre
3677 3995 4017 4054 praestant,

2365 4085 2422 4129 ttt
2468 4077 2557 4143 qui
2607 4075 2766 4129 saluti
2807 4089 2920 4128 suze
2961 4086 3169 4129 curant.
3200 4074 3351 4129 Adeo
3399 4091 3575 4145 neque
3618 4075 3688 4129 de
3731 4077 4025 4130 scientia

2364 4184 2540 4238 neque
2561 4168 2626 4222 de
2654 4168 2956 4236 disciplina,
2987 4176 3042 4221 ut
3079 4168 3296 4235 putatis,
3341 4184 3618 4238 aequamur
3647 4186 3666 4220 ι
3702 4166 3723 4241 (
3750 4166 4035 4225 Tertull.

2363 4263 2579 4332 Apolog.
2625 4278 2739 4328 cap.
2784 4262 2874 4325 46,
2925 4278 3046 4332 pag.
3075 4261 3188 4330 40).
3245 4261 3398 4314 Plura
3446 4259 3586 4315 hanc
3625 4261 3678 4314 in
3733 4277 3884 4317 rem
3947 4264 4042 4318 ibi

2363 4347 2628 4428 disputat,
2681 4376 2800 4429 qua:
2841 4376 2868 4410 a
2917 4358 3072 4412 nobis
3123 4374 3218 4410 suo
3265 4357 3383 4411 loeti
3431 4358 3813 4412 examinanda
3883 4370 4049 4416 sunt

666 4453 924 4505 titttlierem
955 4450 1024 4503 ad
1065 4446 1518 4516 concupiscendam
1558 4461 1693 4510 eum,
1717 4445 1831 4515 jam
1880 4445 2160 4499 ntazchalus
2187 4454 2258 4498 est
2287 4440 2336 4500 Ι)
2364 4457 2384 4526 (
2407 4455 2621 4510 pisse",
2645 4456 2697 4508 in
2720 4453 3030 4509 Tertullian.
3054 4469 3171 4522 cap.
3201 4452 3285 4506 12.
3314 4461 3415 4506 art.
3439 4454 3472 4509 5
3493 4460 3549 4507 et
3567 4453 3629 4518 4;
3657 4463 3707 4506 et
3745 4470 3906 4526 cap.
3935 4455 4048 4524 15,

663 4563 774 4601 cani
804 4547 854 4598 iu
897 4543 1050 4597 corde
1091 4558 1182 4595 suo
1235 4539 1450 4611 (illati/2.
1483 4555 1534 4600 v,
1563 4537 1699 4602 28)?
1739 4539 1914 4606 Atque
1958 4538 2082 4592 inde
2126 4537 2258 4592 Ter-

666 4640 918 4692 lttlliantts
972 4633 1241 4688 concludit
1302 4632 1538 4686 divinam
1610 4630 1782 4700 legent
1847 4629 2075 4683 humana
2134 4646 2256 4684 esse

665 4731 1076 4800 perfectiorem:
1125 4725 1304 4792 «Quid
1360 4724 1668 4792 perfectius,
1722 4723 1909 4791 inquit,
1966 4723 2255 4792 prohibere

662 4826 1006 4886 adulterium,
1040 4839 1104 4873 an
1151 4820 1310 4874 etiam
1356 4818 1424 4870 ab
1453 4815 1733 4870 oculorum
1785 4816 2023 4871 solitaria
2053 4833 2253 4871 concu-

663 4918 920 4988 piscentia
944 4928 1128 4967 arcere
1152 4912 1174 4964 ?
1197 4929 1214 4962 ι
1239 4909 1485 4973 (Tertull.
1507 4909 1728 4979 Apolog.
1752 4925 1850 4978 cap
1869 4911 1956 4976 44,
1987 4926 2103 4980 pag.
2133 4911 2256 4982 59.)

660 5012 765 5066 Sed
812 5009 879 5061 de
917 5006 996 5058 Itis
1026 5004 1265 5074 plura-in
1293 5002 1740 5072 subsequentibus
1785 5002 2254 5058 dissertationibus

659 5105 910 5172 (ltissert.
945 5098 998 5151 in
1038 5095 1369 5161 Tertullian.,
1402 5109 1524 5164 cap.
1561 5095 1647 5157 12,
1679 5105 1782 5148 art.
1814 5094 1894 5163 4).

733 5193 969 5262 Denique
995 5193 1062 5246 de
1095 5192 1199 5246 reis
1231 5191 1280 5244 in
1311 5204 1582 5243 carcerem
1632 5187 1866 5243 detrusis
1903 5188 2020 5242 hsce
2068 5197 2254 5242 auctor

658 5294 841 5340 noster
871 5284 1146 5352 subjuuxit
1174 5299 1185 5328 .-
1225 5301 1244 5334 ε
1273 5282 1348 5336 De
1378 5296 1560 5335 vestro
1597 5297 1824 5336 numero
1865 5296 2052 5336 carcer
2075 5296 2251 5335 c.me-

655 5391 798 5442 tuat;
843 5379 1182 5432 Christianus
1213 5378 1283 5432 ibi
1313 5377 1512 5442 nullus,
1567 5376 1670 5430 nisi
1699 5389 1792 5430 aut
1824 5391 1948 5431 reus
1977 5375 2253 5446 religionis

650 5492 760 5530 sue
806 5483 898 5528 aut
926 5475 1201 5544 profugus.
1231 5491 1250 5524 ι
1304 5472 1434 5537 Qua:
1471 5471 1689 5541 quidem
1736 5470 2056 5527 Tertulliani
2095 5470 2253 5526 dictis

563 5620 574 5628 ,
647 5567 778 5622 adeo
804 5577 1132 5639 congruunt,
1168 5577 1222 5622 ut
1250 5565 1320 5618 ab
1351 5565 1443 5619 ill-0
1481 5577 1730 5635 excerpta
1781 5564 2144 5634 translataque
2171 5564 2252 5617 vi-

639 5658 878 5712 deantur.
921 5661 1008 5714 Ita
1039 5660 1181 5714 enim
1213 5658 1304 5711 ille
1332 5673 1344 5709 :
1383 5676 1400 5708 ι
1431 5655 1530 5710 Tot
1559 5671 1589 5708 a
1622 5657 1772 5716 vobis
1804 5667 2060 5711 nocentes
2088 5656 2252 5711 variis

632 5749 903 5809 criminum
984 5747 1172 5824 Cl0giis
1228 5753 1621 5806 recensentur:
1661 5756 1786 5826 quis
1841 5746 1949 5804 illic
1994 5750 2250 5817 sicarius,

2361 4559 2462 4604 art.
2489 4550 2525 4602 9.
2553 4560 2606 4602 et
2636 4551 2688 4604 '5.
2715 4547 2734 4618 )

2435 4643 2697 4696 l’ra-tcrea
2729 4641 3033 4712 philosophi
3063 4641 3291 4709 gentiles
3312 4681 3326 4703 ,
3358 4640 3433 4693 ait
3473 4639 3758 4694 Minucius
3785 4683 3807 4707 ,
3857 4659 4057 4698 vana:

2358 4735 2673 4804 eloquenlhe
2707 4734 2828 4788 fuco
2869 4750 2987 4788 cum
3033 4749 3220 4802 magna
3252 4731 3663 4803 eloquebantur,
3703 4734 4060 4793 διάγω-5ης

2357 4839 2564 4882 suamet
2597 4829 2719 4882 vitia
2753 4827 2962 4880 facundi
3007 4837 3180 4880 erant.
3229 4825 3383 4878 Prius
3427 4836 3603 4878 autem
3653 4827 3745 4881 ab
3808 4831 4063 4886 eodem

2358 4921 2686 4975 Tertulliano
2731 4921 2981 4991 appellati
3025 4933 3149 4974 sunt
3197 4937 3214 4968 ‹
3247 4918 3278 4971 lt
3304 4918 3494 4972 nnines
3534 4917 3748 4986 gloria:
3813 4933 3893 4977 et.
3925 4925 4076 4980 elo-

2355 5017 2588 5086 quentiae
2662 5015 2929 5069 libidinosi
2988 5033 3005 5065 ι
3071 5011 3444 5082 (Tertullimt.
3503 5009 3632 5064 ibid.
3706 5030 3876 5086 cup.
3948 5018 4072 5084 47,

2357 5126 2478 5181 pag.
2511 5109 2572 5162 41
2607 5106 2648 5178 ),
2677 5107 2798 5178 quia
2851 5122 2912 5161 ea
2961 5107 3024 5158 ad
3059 5106 3335 5159 libidinem
3409 5105 3848 5164 abolebantur.
3895 5111 4083 5171 Nihil

2357 5219 2486 5273 ergo
2512 5202 2655 5256 aliud
2699 5202 2798 5255 nisi
2845 5200 3132 5255 verborum
3185 5199 3366 5254 fucum
3415 5199 3787 5257 vendebant.
3843 5207 4085 5279 Neque

2356 5298 2486 5351 illud
2539 5297 2668 5367 ipsis
2694 5295 2982 5365 gentilibus
3016 5297 3404 5365 incompertum
3444 5296 3585 5365 quod
3641 5300 4083 5376 Anaxippus

2357 5392 2498 5463 apud
2550 5391 2865 5446 Athenarum
2920 5390 3068 5444 hisce
3125 5391 3371 5444 versibus
3399 5389 3666 5444 cantabat.
3707 5410 3728 5450 :

2607 5494 2652 5533 (ii
2677 5509 2751 5544 μοι,
2777 5493 2997 5544 catonem,
3015 5493 3111 5531 ἀλλὰ
3129 5493 3212 5531 τοὺς
3234 5494 3448 5545 φιλοσόφους

2611 5564 2655 5596 Fui
2681 5563 2756 5602 tot;
2777 5557 2897 5606 λόγοις
2917 5561 3138 5606 φρονοῦντας
3159 5556 3307 5606 elapin
3327 5559 3455 5605 μόνον,

2611 5613 2656 5658 ἐν
2681 5625 2780 5658 τοῖσι
2802 5616 2845 5657 δί
2868 5619 2983 5670 ἱρτοις
3007 5619 3118 5666 ὄντας
3141 5621 3319 5667 ἀνοήτους
3342 5619 3425 5670 ὀρῷ.

2511 5692 2625 5760 lleu
2647 5706 2726 5760 me
2749 5693 2760 5740 !
2787 5703 2834 5740 tu
2863 5691 3245 5760 philosopharis:
3272 5696 3323 5760 et
3347 5703 3441 5748 ego
3462 5689 3860 5760 philosophos

2513 5756 2692 5805 Verbis
2717 5753 2903 5804 tantum
2929 5767 3106 5818 sapere
3128 5753 3484 5815 animadverto,
