4264 6258
323 352 430 410 549

483 466 727 517 Get'endis
741 467 907 515 autem
930 465 1084 515 rebus
1106 466 1370 518 dementes
1396 480 1507 518 esse
1535 470 1801 533 perspicio.

513 549 742 614 (Atheu.,
771 550 806 599 ι.
832 564 917 599 xm
944 550 1285 615 Deipnasopln,
1313 566 1421 617 cap.
1447 553 1497 613 9,
1526 569 1573 619 p.
1599 556 1692 606 tilO
1706 561 1751 604 et
1767 551 1924 619 seqq.)

324 659 495 715 Visne
519 658 730 714 celebre
775 656 933 728 hujus
978 659 1325 729 exemplum?
1370 661 1519 716 Dabit
1574 663 1665 716 tibi
1701 660 1925 717 llulinus

326 754 591 824 insignem
641 753 1049 823 philosophum,
1103 754 1226 823 Qui,
1275 757 1518 825 quamvis
1568 756 1778 812 caeteris
1806 772 1925 811 om—

325 844 484 899 nibus
512 845 819 916 eloquentia
846 859 898 900 et
927 844 1168 899 doctrina
1208 846 1530 914 excelleret,
1559 852 1628 902 ab
1651 863 1758 903 uno
1784 849 1924 903 nilti~

322 936 556 992 loutinus
604 938 820 993 concilii
883 935 1085 992 Niemni
1124 942 1412 1010 opim-apo,
1461 942 1573 996 so‘a
1602 957 1664 995 ac
1694 940 1924 1006 simplici

323 1030 632 1085 christiana:
656 1029 917 1085 doctrina:
946 1033 1287 1100 expositione
1314 1042 1706 1098 consternatus,
1728 1034 1922 1087 \‘iCllltll

326 1139 388 1180 se
415 1126 586 1196 palam
608 1125 910 1180 ‘confessus
944 1139 1025 1181 est
1048 1125 1261 1198 (Ruﬁn.
1293 1126 1382 1182 lib.
1408 1142 1461 1181 χ.
1497 1124 1691 1181 Histor.
1723 1126 1922 1182 Eccles.

325 1235 445 1289 cap.
482 1217 602 1287 1⁵5).

398 1307 635 1364 Tametsi
654 1320 834 1365 autent
859 1309 1123 1366 Minucius
1149 1308 1347 1367 dixerit
1376 1328 1477 1368 nec
1505 1314 1782 1384 qutesitam
1824 1327 1925 1369 nec

325 1404 595 1459 inventam
639 1405 707 1459 ab
752 1404 982 1460 ethnicis
1030 1405 1365 1477 philosophis
1399 1408 1713 1470 veritatem,
1768 1408 1926 1477 paulo

327 1506 505 1551 tamen
550 1507 707 1550 antea
760 1496 1018 1566 scriptum
1068 1498 1135 1551 ab
1160 1512 1227 1553 eo
1259 1497 1485 1567 legimus
1518 1515 1535 1551 :
1573 1517 1591 1550 ι
1626 1497 1706 1552 Illi
1735 1496 1802 1552 de
1846 1497 1928 1551 di-

325 1589 467 1645 vinis
513 1590 989 1660 pratdicatiunibus
1037 1591 1427 1661 Prophetarum
1469 1592 1713 1647 umbram
1764 1594 1930 1647 inter-

325 1685 521 1755 polatae
550 1684 795 1739 veritatis
822 1683 1014 1740 imitati
1060 1695 1204 1741 sunt.
1242 1705 1260 1737 ›
1296 1686 1399 1741 Sed
1442 1685 1525 1741 his
1569 1687 1745 1741 verbis
1792 1685 1926 1741 nihil

326 1778 469 1834 aliud
517 1778 783 1849 signiﬁcat
824 1779 925 1833 nisi
976 1778 1324 1851 philosophos
1362 1797 1426 1836 ex
1476 1781 1643 1835 sacris
1682 1780 1924 1850 Prophe-

331 1885 508 1926 tarum
540 1881 843 1927 nostrorum
874 1870 1375 1941 prmdiedbmibus,
1426 1874 1540 1929 sive
1585 1873 1784 1943 scripto
1812 1872 1927 1928 sive
1955 1843 2004 1903 Β

328 1964 499 2019 verbo
547 1964 785 2022 traditis.
833 1964 1077 2019 tnnbram
1127 1974 1466 2020 consectatus
1503 1981 1624 2020 esse
1656 1965 1925 2029 veritatis,

332 2064 521 2126 utpote
571 2058 660 2124 qui
712 2054 848 2110 hanc
884 2055 953 2111 ibi
987 2067 1252 2127 repertam
1306 2057 1466 2113 variis
1515 2057 1789 2113 erroribus
1816 2059 1927 2113 suis

329 2148 865 2217 curruperint.Quod
915 2150 1129 2218 quidem
1177 2167 1206 2205 a
1259 2151 1413 2206 nobis
1457 2150 1598 2206 haud
1646 2151 1815 2207 semel
1873 2152 1924 2206 itt

330 2238 448 2295 aliis
472 2240 940 2295 dissertationibus
970 2242 1168 2296 nostris
1206 2245 1337 2297 satis
1365 2252 1581 2312 aperte,
1633 2243 1736 2297 ttisi
1786 2242 1926 2297 falli-

332 2349 482 2395 mur,
537 2332 963 2388 demonstratum
1013 2335 1031 2407 (
1074 2333 1270 2389 Tont.t
1312 2336 1588 2404 Apparat.,
1641 2353 1762 2408 pag.
1800 2336 1927 2404 5‘27,

331 2422 459 2489 4‘23,
487 2423 642 2489 llOt,
670 2422 1027 2496 Hlﬂ),atque
1049 2425 1103 2479 in
1131 2425 1480 2495 sequentibus
1508 2424 1684 2481 adhuc
1707 2425 1933 2481 demon-

333 2517 607 2572 strabitur.

405 2611 684 2668 Summum
739 2624 903 2682 porro
950 2611 1213 2667 doctrina:
1256 2626 1575 2683 morumque
1614 2612 1751 2667 inter
1776 2610 1932 2668 Chri-

333 2704 536 2761 stiauos
562 2716 615 2761 et
639 2706 870 2777 gentiles
898 2706 1186 2761 discrimen
1212 2722 1315 2760 non
1345 2706 1620 2776 impedivit
1646 2708 1932 2777 quominus

335 2799 389 2854 in
447 2799 636 2854 eadem
691 2799 977 2869 aliquando
1043 2799 1348 2854 habitarent
1436 2800 1629 2865 domo,
1701 2815 1927 2870 seseque

336 2903 524 2949 mutuo
550 2893 771 2947 fratrum
807 2894 1025 2947 nomine
1064 2893 1477 2962 cotnpellarent.
1512 2893 1752 2948 Vidimus
1783 2894 1927 2948 enim

336 2986 610 3042 Caecilium
652 2985 924 3042 ethnicutn
970 2987 1154 3041 [lutum
1198 2988 1336 3056 apud
1360 2986 1646 3045 Minucium
1694 2984 1928 3043 Felicem

336 3080 609 3137 habitasse
630 3125 645 3149 ,
688 3093 903 3152 tamque
933 3082 1079 3136 illutn
1112 3083 1179 3137 ab
1208 3082 1427 3138 Octavio
1460 3101 1615 3154 quam
1648 3081 1925 3139 Octavium

337 3174 405 3227 ab
442 3174 530 3227 illo
568 3172 787 3229 fratrem
813 3189 992 3230 vocari
1037 3175 1207 3245 (Sup.
1246 3191 1363 3245 cap.
1399 3174 1453 3230 5.
1483 3187 1581 3230 art.
1613 3174 1665 3239 2,
1700 3193 1822 3247 pag.
1858 3176 1919 3231 Η

340 3275 388 3319 et
418 3265 507 3321 12.

408 3359 592 3430 Neque
607 3360 807 3417 dixeris
822 3361 1097 3417 Cmcilium
1113 3371 1166 3417 et
1194 3362 1474 3418 Octavium
1501 3379 1606 3419 non
1629 3379 1810 3434 veros,
1836 3364 1930 3420 sed

341 3466 656 3524 personatos
694 3452 858 3510 fuisse
906 3454 1182 3520 homines;
1232 3456 1441 3510 tametsi
1487 3456 1683 3526 quippe
1726 3473 1812 3511 res
1856 3456 1930 3511 ita

341 3560 400 3600 se
438 3546 689 3612 haberet,
736 3559 943 3603 certum
998 3547 1348 3602 nihilominus
1391 3564 1511 3604 esse
1551 3549 1712 3605 debet
1756 3550 1869 3605 lucc
1901 3566 1930 3604 a

340 3637 571 3694 Minucio
626 3640 767 3693 dicta
798 3656 903 3695 non
935 3639 1103 3696 fuisse
1124 3682 1138 3707 ,
1170 3641 1270 3695 nisi
1298 3642 1420 3711 quia
1453 3642 1674 3712 hujusce
1697 3644 1933 3715 appella-

345 3730 506 3785 tinnis
567 3742 729 3800 atque
775 3731 1119 3788 habitationis
1168 3748 1287 3789 mos
1332 3742 1387 3789 et
1433 3735 1766 3791 consuetudo
1833 3751 1934 3793 suo

351 3831 595 3892 tempore
624 3822 939 3878 invaluerat.

940 3936 1163 3996 CAPUT
1202 3939 1344 3996 XIV.

348 4087 718 4129 εςευτιυκτυιι
746 4088 952 4131 οεοιωι
985 4091 1307 4134 ARGUMENTA
1338 4093 1524 4144 QUIBUS
1556 4082 1792 4137 PROBARE
1838 4096 1935 4138 (ΞΟ-

343 4201 350 4233 ς
412 4184 585 4224 NATUR
604 4185 734 4225 DEOS
746 4185 873 4225 SUOS
891 4187 1098 4226 REVERA
1114 4188 1406 4242 EXISTERE,
1429 4189 1494 4229 AC
1514 4189 1737 4230 PROINDE
1756 4191 1935 4231 VERAM

418 4280 538 4321 ESSE
567 4282 859 4323 GENTILlUM
891 4284 1241 4326 RELIGIONEM.

866 4422 1163 4462 ARTICULUS
1201 4423 1416 4464 PRIMUS.

349 4537 652 4610 Explicatur
696 4542 918 4609 primum
948 4541 1142 4596 Ctecilii
1186 4553 1540 4613 argumentum
1578 4564 1678 4618 quo
1724 4548 1939 4618 probare

418 4635 597 4686 nititur
622 4652 762 4689 veros
801 4652 912 4690 esse
936 4637 1056 4691 deos
1085 4654 1203 4692 suos
1233 4656 1295 4693 ea:
1317 4640 1567 4710 majorum
1591 4642 1865 4696 traditione
1893 4651 1940 4695 et

419 4727 770 4794 antiquissimo
806 4730 944 4783 cultu
984 4730 1230 4799 deorum,
1260 4734 1501 4787 nimirum
1548 4734 1742 4791 Cereris
1789 4737 1942 4791 lt'leu-

419 4822 567 4876 sinia:
585 4863 600 4885 ,
634 4820 876 4895 Phrygia:
902 4826 1079 4879 matris
1105 4844 1191 4880 seu
1218 4827 1425 4897 Cybeles
1443 4872 1457 4891 ,
1492 4828 1786 4896 z‘Esrnlapii
1817 4831 1943 4901 Epi-

418 4914 621 4979 daurii,
674 4915 787 4970 Beli
838 4918 1140 4987 Cha/duci,
1185 4920 1414 4976 Astartes
1455 4921 1655 4993 Syria},
1712 4922 1941 4981 Taurica:

416 5005 605 5063 Diana;
628 5018 673 5063 el
708 5009 950 5064 Mercurii
980 5011 1186 5068 Gallici.

419 5120 533 5176 Huc
556 5137 727 5191 usque
747 5121 1016 5179 Carcilntm
1046 5135 1230 5181 eontra
1254 5126 1566 5198 religionem
1594 5129 1941 5187 Christianam

348 5215 501 5271 irrito
529 5233 743 5286 semper
778 5229 972 5273 conatu
997 5220 1390 5289 disiiutantem.
1423 5238 1484 5278 ac
1511 5224 1578 5279 de
1619 5226 1711 5278 illo
1754 5226 1943 5280 trium-

347 5309 601 5380 phantem
640 5311 919 5366 Octavium
963 5313 1285 5369 audivimus.
1334 5314 1487 5370 Nunc
1528 5317 1813 5373 videndum
1862 5324 1948 5372 cst

350 5411 530 5457 utrum
574 5403 664 5458 ille
694 5420 792 5473 pro
822 5406 1016 5459 tuenda
1062 5407 1246 5477 gentili
1275 5407 1536 5477 religione
1579 5425 1674 5462 sua
1721 5409 1946 5464 l‘vliciori

348 5510 600 5551 succisssu
634 5498 972 5566 pugnaverit.
999 5500 1237 5555 Primum
1269 5510 1445 5555 autem
1471 5541 1487 5565 ,
1535 5510 1590 5556 et
1621 5500 1765 5573 quod
1811 5502 1944 5557 vali-

349 5586 633 5642 dissimum
664 5598 845 5658 putat,
878 5591 949 5644 ab
981 5591 1125 5647 illius
1149 5593 1467 5668 antiquitate
1493 5594 1627 5664 petit
1656 5608 1946 5663 argentea-

350 5690 485 5736 tttm.
541 5681 621 5735 Ab
653 5682 768 5752 ipso
815 5685 959 5739 enim
1007 5685 1193 5740 mundi
1235 5684 1495 5751 exordio,
1541 5685 1625 5740 vel
1669 5686 1948 5756 sicutipse

351 5772 600 5828 Cmcilins
638 5774 738 5840 ait,
776 5794 794 5827 ι
838 5777 957 5833 rudi
987 5778 1166 5835 adhuc
1195 5777 1394 5834 szeculo
1416 5787 1469 5832 ct
1496 5778 1549 5832 in
1573 5778 1742 5847 ipsius
1764 5780 1948 5835 mundi

351 5868 648 5935 natalibus,
689 5889 708 5923 ι
745 5871 984 5943 majores
1032 5873 1199 5928 nostri
1238 5872 1369 5929 deos
1399 5880 1490 5927 aut
1528 5892 1545 5926 ι
1584 5871 1766 5928 faciles
1804 5892 1821 5926 ›
1856 5882 1949 5929 aut

1766 349 2239 411 DISSERTATIO.

1954 3228 2001 3282 ί]

3524 356 3636 414 550

1951 467 2008 528 Α
2039 486 2057 516 ‹
2094 478 2274 535 rcges,
2320 484 2338 517 ι
2374 464 2573 522 habere
2617 476 2953 523 merui-runt.
3004 468 3147 523 Dixit
3199 477 3377 526 autem
3424 473 3632 541 faciles,

2026 556 2274 612 Ovidium
2306 570 2550 625 secutus,
2585 562 2673 630 qui
2703 562 2936 616 cecinit:

2245 671 2480 734 Optastis,
2502 668 2770 736 facilesque
2788 672 2910 723 deos
2932 672 3197 735 habuistis;

2281 752 2469 816 (Ovid..
2491 755 2526 803 l.
2551 770 2597 815 v,
2625 756 2971 821 Metal’llt.rph.,
3001 757 3390 823 §antcpeuult.)

2030 837 2084 891 id
2134 846 2215 893 est
2269 852 2603 906 propensos,
2665 840 2959 895 belle\Olt)S
3007 852 3062 896 ct
3105 845 3193 911 qui
3249 853 3429 914 Optata
3476 843 3637 902 facile

2029 928 2419 984 concedebant.
2458 929 2590 987 lude
2634 947 2767 987 vero
2796 933 3011 987 illorum
3040 936 3215 989 cultus
3259 936 3311 989 in
3357 938 3638 995 universas

2031 1030 2188 1077 terra:
2232 1032 2413 1092 partes
2453 1026 2710 1080 manavit.
2744 1025 2875 1081 Nam
2926 1026 3185 1083 Eleusinii
3227 1028 3512 1086 coluerunt
3536 1033 3639 1088 (ὶθο

2028 1131 2243 1181 ret-em,
2300 1116 2540 1190 Phryges
2591 1119 2847 1185 Matrem,
2894 1121 2945 1174 id
2976 1131 3097 1186 est,
3158 1120 3449 1194 Cybeletn,
3505 1123 3637 1195 Epi-

2031 1210 2203 1265 daurii
2235 1208 2605 1282 «Esculapium
2626 1256 2640 1277 ,
2670 1212 2856 1268 Belum
2885 1213 3127 1269 (Ihalda‘i
3147 1257 3161 1283 ,
3192 1217 3310 1287 Syri
3340 1218 3633 1284 Astartem,

2030 1306 2253 1360 Dianam
2273 1304 2436 1360 Tauri
2456 1348 2470 1371 ,
2487 1306 2622 1362 Galli
2646 1307 2991 1374 Mercurium,
3010 1322 3201 1363 omnes
3223 1310 3353 1364 deos
3377 1310 3632 1366 Romani.

2027 1399 2091 1453 Et
2115 1398 2168 1453 hi
2190 1400 2429 1469 quidem,
2454 1400 2577 1471 quia
2602 1402 2771 1455 sacris
2793 1404 3033 1456 omnium
3057 1404 3296 1473 gentium
3321 1403 3513 1459 ritibus
3544 1420 3636 1460 ea-

2029 1493 2235 1562 stisque
2285 1492 2580 1562 virginibus
2627 1504 2681 1549 et
2706 1497 3047 1550 sacerdotum
3096 1496 3396 1551 honoribus
3449 1498 3636 1555 urbem

2026 1596 2179 1637 suam
2213 1586 2515 1650 tuunivere,
2555 1588 2719 1641 tutius
2764 1588 2945 1641 mundi
2971 1588 3148 1657 adepti
3176 1599 3299 1642 sunt
3328 1591 3635 1658 itnperium.

2033 1676 2107 1730 Ex
2135 1677 2330 1747 quibus
2348 1679 2597 1734 Caecilius
2612 1680 2906 1745 concludit,
2931 1696 3053 1737 cum
3076 1683 3254 1736 omnia
3283 1682 3485 1736 incerta
3508 1682 3635 1749 sint,

2037 1773 2206 1825 satius
2219 1786 2344 1827 esse
2370 1772 2593 1827 traditas
2616 1786 2644 1828 a
2670 1774 2965 1844 majoribus
2991 1775 3057 1828 ab
3075 1775 3262 1829 mundi
3301 1776 3638 1831 incunabulis

2032 1871 2085 1916 et
2109 1864 2169 1916 ad
2193 1876 2342 1918 suam
2374 1878 2541 1933 usque
2564 1875 2775 1920 tetatem
2810 1876 3255 1933 perseverantes,
3300 1867 3397 1922 bas
3424 1870 3639 1938 religio-

2031 1968 2150 2018 nes,
2176 1956 2312 2008 ritus
2334 1970 2397 2009 ac
2440 1955 2666 2011 deorum
2703 1958 2906 2011 cultum
2938 1960 3122 2028 sequi.
3151 1974 3308 2030 quam
3331 1974 3483 2015 nava:
3509 1961 3639 2017 reli-

2031 2047 2201 2115 gioni,
2237 2048 2485 2116 secretis,
2509 2049 2601 2104 sed
2625 2052 3048 2120 corruptissimis
3075 2054 3369 2109 sceleribus
3398 2054 3633 2121 fiedauc,

2030 2151 2171 2211 eatea
2199 2140 2535 2196 volubilitate
2558 2144 2870 2213 mancipari.
2907 2144 3106 2200 Eadem
3132 2154 3215 2201 est
3236 2146 3410 2201 Cotta:
3429 2148 3639 2203 Acade-

2032 2229 2155 2284 tnici
2202 2234 2341 2300 apud
2397 2234 2735 2302 Ciceronem,
2808 2235 2998 2291 eadem
3040 2237 3185 2293 Celsi
3232 2238 3374 2308 apud
3440 2239 3635 2311 Orige-

2034 2339 2191 2392 nent,
2248 2325 2559 2397 Symmachi
2627 2328 2767 2397 apud
2833 2330 3210 2397 Ambrosium,
3265 2340 3321 2386 et
3373 2332 3634 2402 aliorum,

2035 2419 2258 2473 teStibus
2286 2421 2523 2474 Arnobio
2564 2430 2618 2475 ct
2663 2421 2974 2486 Lactantio,
3021 2424 3303 2493 gentilium
3360 2428 3636 2482 conclusio

2033 2512 2185 2584 (Cic.
2238 2514 2327 2568 lib.
2372 2530 2450 2568 ιιι.
2478 2515 2543 2568 de
2586 2513 2774 2570 Natur.
2805 2513 2962 2569 θεον.
2995 2516 3136 2581 init.,
3168 2532 3288 2588 pag.
3319 2516 3443 2573 240.
3487 2520 3635 2590 Orig.

2034 2604 2122 2660 lib.
2153 2621 2207 2672 ν,
2239 2606 2546 2661 multaticio.
2579 2626 2699 2679 pag.
2726 2608 2854 2675 254,
2886 2620 2932 2663 et
2957 2626 3094 2680 seqq.
3128 2609 3430 2681 Sytumaclt.
3464 2612 3636 2668 llclat.

2033 2702 2193 2771 apud.
2248 2702 2421 2757 Ambr.
2468 2700 2496 2774 ς
2538 2704 2592 2768 3,
2648 2704 2681 2759 5
2708 2746 2723 2769 ,
2769 2717 2815 2758 et
2844 2702 2900 2760 8.
2932 2703 3211 2777 pag.'829.
3242 2708 3435 2764 Arnob.
3466 2710 3556 2764 ltb.
3599 2728 3637 2766 ιι

2031 2793 2150 2847 adv.
2183 2792 2372 2848 Gentil.
2407 2811 2527 2866 pag.
2564 2792 2634 2850 50
2655 2805 2701 2850 ct
2730 2812 2837 2867 seq.
2870 2794 3107 2854 Laetam.
3137 2798 3225 2854 lib.
3276 2815 3335 2866 ιι,
3395 2816 3514 2873 cap.
3574 2804 3629 2873 6,

2030 2900 2151 2957 pag.
2185 2884 2279 2940 171

2104 2983 2236 3048 Quia
2265 2997 2391 3038 vero
2410 2981 2657 3039 Cmeilius
2688 2985 2890 3054 omnia,
2919 3001 3039 3056 qua:
3064 2986 3131 3043 de
3156 2986 3261 3044 diis
3284 2982 3397 3045 suis
3416 3007 3445 3046 a
3478 2990 3635 3048 nobis

2033 3080 2293 3131 recensita
2324 3079 2575 3147 protulit,
2611 3082 2812 3136 nctnini
2855 3083 3127 3153 incognita
3174 3100 3296 3141 esse
3342 3086 3632 3152 credebat,

2034 3184 2095 3224 ea
2119 3170 2426 3239 singillatim
2456 3173 2683 3241 probare
2715 3189 2821 3229 non
2849 3176 3078 3229 curavit.
3110 3178 3178 3231 At
3208 3179 3253 3232 si
3281 3178 3400 3249 quis
3432 3180 3595 3235 de.iis
3618 3221 3635 3250 ,

2035 3262 2134 3315 sibi
2168 3277 2307 3316 nunc
2330 3262 2554 3318 fmstan
2595 3267 2909 3336 incognitis,
2939 3267 3137 3338 aliquid
3163 3271 3302 3325 scire
3329 3281 3512 3340 aveat,
3543 3272 3639 3325 ob-

2034 3358 2369 3410 servztbimns
2420 3356 2639 3412 Eleusin
2694 3359 2888 3414 Atticae
2938 3361 3211 3416 civitatem
3268 3360 3470 3429 fuisse,
3528 3379 3636 3419 non

2035 3449 2195 3519 longe
2236 3451 2304 3504 ab
2345 3450 2573 3507 Athenis
2622 3457 2811 3519 sitam,
2865 3454 2953 3509 uhi
3002 3467 3296 3511 memorata
3351 3472 3382 3511 a
3420 3455 3640 3513 Otacilio

2034 3540 2181 3599 Ceres
2210 3544 2367 3598 tiliam
2391 3561 2541 3601 suam
2570 3563 2846 3617 quaerens.
2890 3548 2958 3603 ab
2983 3547 3199 3605 Eleusin
3229 3550 3298 3606 ibi
3328 3551 3630 3622 imperante

2036 3635 2272 3706 hospitio
2305 3638 2685 3708 benignissime
2726 3650 2975 3711 suscepta
3004 3650 3109 3698 est.
3146 3642 3403 3699 Eleusinii
3431 3660 3557 3699 vero
3586 3645 3640 3700 in

2041 3727 2234 3785 horum
2284 3733 2600 3787 memoriam
2645 3734 2876 3804 agebant
2930 3750 3121 3800 sacra,
3188 3752 3309 3807 qua:
3361 3736 3636 3794 Eleusinia

2042 3834 2324 3889 vocantur,
2349 3824 2416 3879 de
2448 3827 2642 3896 quibus
2676 3827 2803 3883 alibi
2855 3828 3216 3884 disseruimus
3249 3826 3439 3901 (Tom.
3470 3846 3505 3885 ι.
3536 3832 3641 3901 Αρ-

2042 3925 2214 3986 parat.
2259 3917 2349 3970 lib.
2383 3931 2462 3971 ιιι.
2517 3918 2717 3974 dissert.
2780 3935 2817 3986 ι,
2870 3936 2986 3989 cap.
3016 3920 3072 3983 9,
3106 3931 3206 3975 art.
3234 3920 3270 3975 2
3308 3940 3429 3995 pag.
3462 3925 3566 3980 789
3594 3937 3644 3982 et

2042 4004 2493 4078 seqq.).'l‘estatur
2519 4017 2699 4062 autem
2730 4008 3032 4064 Herodotus
3060 4011 3130 4065 ibi
3155 4010 3411 4082 templum
3429 4014 3643 4072 Cereris

2046 4100 2369 4168 Eleusiniae,
2404 4116 2432 4153 ιι
2467 4099 2697 4154 Philisto
2728 4100 2952 4157 Pasiclis
2988 4103 3099 4156 filio
3128 4104 3404 4159 conditum
3455 4108 3640 4164 fuisse.

2042 4194 2203 4250 Plura
2238 4195 2416 4266 legere
2464 4197 2666 4265 poteris
2704 4197 2843 4266 apud
2876 4195 3168 4253 Diodorum
3194 4198 3454 4266 Siculum,
3486 4202 3643 4257 Stra-

2040 4287 2271 4353 bonem,
2328 4286 2552 4354 Melam,
2603 4288 2964 4357 Pausaniam,
3017 4300 3179 4362 atque
3230 4307 3327 4352 ea.
3385 4295 3428 4348 si
3476 4294 3642 4355 velis.

2041 4394 2162 4451 qua)
2213 4379 2340 4435 alibi
2370 4382 2749 4435 annotavitnus
2789 4380 3082 4453 (Herodot.
3113 4381 3201 4437 lib.
3230 4398 3302 4446 ιιι,
3336 4383 3365 4457 §
3392 4383 3459 4440 64
3483 4396 3527 4438 ct
3547 4385 3641 4443 96.

2043 4472 2260 4528 Diodor.
2310 4473 2476 4529 Sicut.
2530 4474 2619 4529 lib.
2664 4491 2704 4529 ι.
2735 4473 2981 4532 Biblioth.
3031 4495 3146 4548 pag.
3208 4479 3307 4532 H7
3360 4489 3407 4533 et
3454 4479 3541 4535 lib.
3589 4497 3641 4547 ν,

1963 4599 2017 4661 D
2044 4585 2163 4639 pag.
2190 4567 2318 4625 200.
2354 4568 2527 4624 Strab.
2560 4568 2649 4661 lib.
2684 4584 2759 4623 ιιι.
2792 4569 3087 4661 Geograplt.
3117 4588 3235 4642 pag.
3266 4572 3391 4637 595,
3430 4572 3555 4628 Mel.
3579 4574 3648 4629 de

2048 4660 2150 4716 Sit.
2181 4661 2290 4715 orb.
2320 4677 2437 4729 cap.
2468 4661 2521 4716 ὅ.
2552 4659 2781 4715 Pausan.
2810 4660 2898 4716 lib.
2921 4678 2995 4728 γι,
3027 4678 3146 4734 pag.
3179 4664 3302 4718 105.
3339 4677 3384 4718 et
3407 4665 3495 4718 lib.
3527 4680 3644 4735 vttt,

2047 4773 2166 4827 pag.
2191 4755 2299 4810 249
2324 4755 2524 4811 et256.
2554 4753 2699 4809 Tom.
2731 4757 3018 4828 tApparat.
3051 4774 3172 4826 pag.
3204 4757 3308 4813 759
3334 4769 3382 4813 et
3407 4758 3560 4827 δρψ).

2121 4849 2310 4904 bist-es
2337 4861 2515 4902 autem
2549 4865 2576 4900 a
2600 4849 2711 4919 jam
2737 4849 2905 4903 citato
2930 4850 3193 4903 Pausania
3215 4890 3229 4913 ,
3259 4865 3356 4904 cur
3391 4868 3409 4899 ι
3447 4849 3646 4904 (Esca-

2046 4944 2251 5012 lapius,
2291 4962 2310 4995 ι
2343 4952 2402 4997 ut
2446 4943 2520 4996 ait
2563 4942 2848 5009 Cmcilius,
2895 4943 2963 4997 ab
3010 4941 3315 5011 Epidauriis
3356 4943 3645 5008 coleretur,

2048 5048 2101 5092 et
2122 5037 2209 5090 ubi
2239 5037 2401 5091 situm
2428 5038 2590 5090 luerit
2609 5036 2751 5091 illius
2770 5036 3050 5105 templum.
3072 5036 3255 5091 Livius
3272 5052 3399 5091 vero
3421 5038 3607 5091 scribit
3631 5057 3645 5094 :

2054 5148 2073 5181 ι
2109 5128 2260 5184 Haud
2290 5143 2475 5198 parcnt
2507 5127 2700 5196 opibus
2753 5128 2971 5200 Sicyoni
3016 5136 3073 5182 et
3107 5131 3252 5198 Argo
3283 5127 3607 5198 Epidaurum
3629 5171 3646 5198 ,

2050 5221 2143 5275 sed
2180 5221 2434 5291 inclytam
2465 5216 2770 5288 Esculapii
2804 5218 2967 5273 nuhili
3000 5220 3222 5289 templo,
3245 5219 3386 5287 quod
3413 5222 3651 5292 quinque

2051 5313 2292 5369 millibus
2338 5326 2589 5382 passuum
2644 5310 2713 5364 ab
2765 5311 2899 5366 urbe
2945 5311 3186 5377 distans,
3230 5327 3371 5367 nunc
3411 5314 3651 5383 vestigiis

2051 5405 2395 5460 revulsorunt
2426 5401 2726 5467 donorum,
2781 5411 2890 5456 tum
2941 5404 3100 5457 donis
3134 5403 3285 5458 dives
3333 5414 3482 5471 erat,
3529 5419 3650 5474 qua:

2054 5497 2424 5553 remediorum
2453 5495 2768 5550 salutarium
2801 5497 2926 5568 :rgri
2956 5498 3258 5553 mercedem
3306 5508 3653 5555 sacraverant

2055 5591 2186 5644 Deo.
2223 5608 2241 5642 >
2297 5588 2372 5645 De
2409 5588 2565 5657 hujus
2605 5597 2785 5643 autem
2834 5591 3015 5661 templi
3058 5589 3407 5661 inscriptioite
3451 5591 3653 5661 aliquid

2054 5683 2181 5739 alibi
2204 5699 2233 5738 a
2261 5685 2414 5740 nobis
2430 5683 2773 5738 observatum
2804 5685 2920 5755 cst(
2946 5684 3177 5742 Pausan.
3209 5687 3296 5740 lib.
3327 5702 3383 5753 ιι,
3415 5704 3536 5759 pttg.
3558 5686 3651 5745 68.

2055 5776 2168 5832 Liv.
2227 5778 2314 5833 lib.
2350 5792 2470 5833 XLV.
2505 5775 2533 5848 ἓ
2570 5776 2655 5832 18.
2690 5773 2840 5831 Tom.
2877 5793 2893 5831 ι
2924 5778 3177 5849 Apparat.
3209 5796 3327 5851 pag.
3361 5777 3547 5847 1095).

2106 5872 2345 5947 Phryges
2369 5888 2515 5941 vero,
2542 5871 2709 5942 inquit
2731 5871 3657 5946 adhucC:rcilius,blatremveneras
