4242 6222
293 254 404 308 555

1742 247 2213 307 DISSERTATIO.

3497 253 3605 309 554

292 380 506 438 quoque
536 363 834 435 gentilibus
879 378 1169 435 numquam
1217 377 1323 420 non
1371 374 1641 433 usurpata:
1683 375 1885 448 partes.
1917 369 1968 426 Λ
1996 366 2113 435 gttis
2143 362 2446 434 sa-piusque
2484 362 2726 435 repetitis
2773 365 3100 421 clamoribus
3131 365 3380 436 jactatas,
3411 366 3601 424 Chris-

294 459 476 514 Prima
503 474 689 512 omnes
719 459 939 513 omnino
961 459 1188 529 gentiles
1218 469 1460 530 Spectat,
1490 460 1722 514 secunda
1747 461 1894 529 ipsos

296 552 576 622 speciatim
607 551 900 606 Romanos.
933 551 1172 622 Utraque
1196 562 1374 608 autem
1408 552 1632 608 tetidem
1671 552 1891 608 Minucii

295 645 600 713 reSponsis,
651 645 922 714 variisque
966 661 1030 698 ac
1072 646 1406 716 gravissimis
1457 647 1722 700 rationum
1777 660 1891 700 mo-

295 740 494 793 mentis
521 736 759 792 funditus
784 739 1060 793 evertitur.
1084 738 1421 809 Quapmpter
1451 750 1505 794 ut
1533 749 1680 795 recto
1701 739 1890 795 ordine

291 833 469 888 omnia
499 841 816 896 tractentur,
851 831 1014 888 ducto
1039 848 1068 887 a
1099 834 1287 904 primis
1324 833 1539 889 dicendi
1586 834 1774 901 initio,
1821 832 1886 888 ad

291 925 394 980 alia
425 935 611 995 postea
637 926 937 980 veniemus.

365 1015 604 1070 Primum
638 1019 819 1086 itaque
845 1015 1045 1072 nemini
1068 1031 1153 1086 ea,
1177 1017 1266 1088 qui
1296 1017 1554 1073 hactenus
1579 1016 1718 1073 dicta
1745 1029 1890 1087 sunt,

289 1124 396 1167 non
441 1111 622 1180 iniqtto
655 1125 874 1178 prorsus
917 1111 1098 1166 animo
1155 1111 1548 1176 consideranti,
1600 1113 1886 1167 obscurum

287 1215 410 1256 esse
454 1202 610 1257 debet
651 1211 930 1271 utramque
975 1201 1122 1256 illam
1167 1201 1468 1258 Ca-ciliance
1512 1203 1890 1272 disputationis

287 1303 492 1365 partem
536 1294 648 1364 jam
680 1295 746 1350 iis
772 1297 1099 1365 argumentis
1127 1310 1346 1365 prorsus
1373 1296 1718 1364 inﬁrmatam,
1751 1297 1890 1353 frac-

289 1395 504 1457 tamque
553 1387 739 1454 fuisse,
780 1386 973 1458 quibus
1021 1387 1312 1455 Minucius,
1369 1389 1443 1442 uti
1485 1389 1733 1456 vidimus,
1785 1405 1891 1445 non

283 1479 466 1550 plures
491 1479 646 1545 deos,
675 1479 771 1534 sed
812 1494 974 1534 unum
1003 1480 1173 1533 solum
1211 1494 1353 1543 esse,
1383 1495 1614 1550 eumque
1644 1482 1892 1543 omnibus

284 1579 340 1626 et
366 1570 592 1640 singulis
637 1570 799 1627 rebus
847 1569 1026 1624 divina
1063 1575 1162 1625 sua
1200 1571 1534 1640 providentia
1583 1574 1888 1643 consulere,

283 1660 630 1716 invictissime
655 1661 1057 1716 demonstravit.

1999 460 2156 513 tianis
2186 459 2250 512 ad
2300 473 2564 536 nauseam
2593 475 2762 530 usque
2806 460 3121 529 objicerent.
3155 476 3286 528 quas
3335 463 3432 530 ipsi
3480 479 3602 531 pes-

1997 551 2318 605 sumdabaot
2355 559 2410 604 et
2454 552 2878 620 aspernabantur
2915 571 2927 605 :
2968 571 2986 602 ι
3023 551 3123 608 Ubi
3163 553 3371 622 religio,
3404 553 3598 624 inquit,

1996 643 2084 698 ubi
2125 643 2400 699 veneratio
2432 643 2722 712 majoribus
2752 642 2930 698 debita
2961 661 2991 698 a
3022 645 3214 698 vobis?
3247 644 3459 708 Habitu,
3491 647 3604 701 vic-

1995 745 2071 801 tu,
2109 737 2390 803 instructu,
2423 752 2608 801 censu,
2651 737 2768 808 ipso
2797 737 3027 808 denique
3073 753 3342 804 sermone,
3387 742 3603 809 proavis

1995 828 2360 884 renuntiastis.
2412 828 2665 884 Laudatis
2704 845 2918 900 semper
2941 833 3209 900 antiquos,
3243 831 3335 885 sed
3368 846 3506 887 nove
3532 832 3602 889 de

1993 920 2080 975 die
2109 923 2158 976 in
2187 921 2329 977 diem
2373 921 2575 989 vivitis,
2606 937 2700 992 per
2728 923 2870 992 quod
2897 924 3198 978 ostenditur
3219 923 3343 978 dum
3375 939 3405 978 a
3443 925 3602 980 bonis

1993 1013 2257 1083 majorum
2300 1015 2555 1068 institutis
2579 1013 2860 1079 deceditis,
2881 1030 2939 1068 ea
2971 1030 3066 1070 vos
3088 1017 3321 1070 retinere
3342 1026 3396 1071 et
3423 1026 3603 1072 custo-

1990 1104 2104 1160 dire
2151 1121 2270 1176 qua:
2317 1122 2420 1161 non
2468 1106 2762 1170 debuistis,
2819 1123 2939 1162 cum
2988 1123 3105 1178 qua:
3153 1108 3436 1177 debuistis,
3491 1126 3597 1165 non

1993 1198 2321 1253 custodistis.
2363 1217 2382 1248 ι
2425 1199 2532 1255 Sed
2573 1200 2640 1253 de
2677 1201 2741 1255 iis
2783 1201 2932 1270 plura
2960 1217 3056 1256 nos
3095 1216 3193 1256 suo
3237 1203 3378 1268 loco,
3420 1203 3507 1258 tibi
3534 1206 3604 1260 de

1993 1292 2138 1347 illius
2166 1293 2316 1348 libris
2341 1294 2672 1350 disseremus
2703 1294 2926 1367 (Tertul.
2968 1297 3187 1368 Apolog.
3228 1315 3344 1368 cap.
3378 1300 3442 1368 6,
3478 1319 3600 1370 pag.

1997 1385 2049 1448 7;
2079 1383 2294 1438 Disserl.
2338 1387 2389 1439 in
2418 1385 2723 1440 Tertullian.
2766 1405 2881 1459 cap.
2918 1387 2983 1444 18
3004 1430 3018 1454 ,
3051 1407 3170 1461 pag.
3201 1390 3313 1460 15).

2069 1477 2344 1532 Ridiculas
2367 1488 2545 1534 autem
2568 1479 2829 1549 planeque
2855 1481 3118 1535 absurdas
3142 1479 3305 1536 fuisse
3320 1483 3599 1549 gentilium

1995 1571 2243 1640 antiquas
2282 1571 2582 1640 Opiniones,
2618 1573 2830 1627 tametsi
2877 1573 3081 1628 nemini
3125 1574 3446 1644 incognitum
3481 1591 3605 1631 esse

1995 1664 2225 1731 poterat,
2271 1661 2532 1716 Minucius
2581 1672 2778 1729 tamen,
2829 1673 2886 1718 ut
2933 1665 3183 1720 omnibus
3222 1668 3488 1722 cumulate
3523 1682 3609 1722 sa-

355 1753 716 1821 Quamobrem
749 1763 1094 1824 posteaquam
1122 1763 1409 1827 utrumque
1436 1756 1562 1812 illttd
1592 1773 1734 1813 vera:
1763 1759 1888 1814 reli-
1915 1747 1964 1807 B
1993 1756 2296 1822 tisfaceret,
2346 1756 2584 1826 pluribus
2624 1757 2676 1810 id
2724 1757 3057 1813 demonstrat
3107 1760 3390 1829 exemplis.
3461 1761 3604 1816 Gen-

282 1847 459 1917 gionis
476 1846 879 1902 fundamentum
911 1849 1309 1920 inexnugnabili
1341 1851 1630 1915 rationum,
1661 1869 1730 1908 ex
1757 1853 1888 1923 ipsis

282 1953 346 1997 ut
374 1942 654 2012 plurimum
684 1942 964 2013 gentilium
997 1942 1438 2013 phil050phorum
1467 1946 1752 2002 sententiis
1793 1962 1886 2018 pe-

284 2037 529 2100 titarum,
562 2037 956 2108 propugnaculo
986 2039 1232 2103 munivit,
1278 2049 1386 2093 tum
1422 2040 1485 2094 ad
1516 2042 1739 2110 primam
1771 2041 1889 2097 Cte-

280 2130 495 2187 cilianaa
520 2131 940 2186 ratiocinationis
963 2142 1164 2200 partem
1184 2130 1533 2187 refellendam
1556 2134 1880 2203 aggreditur.

281 2222 502 2277 Dixerat
525 2230 702 2277 autem
738 2221 982 2278 Cu-cilius
1034 2223 1443 2292 antiquissimis,
1477 2234 1529 2279 et
1562 2226 1762 2281 mundo
1791 2242 1882 2282 co-

281 2316 444 2382 :cvis,
491 2317 753 2385 majorum
789 2325 1119 2381 nostrorum,
1149 2316 1238 2386 qui
1286 2330 1314 2368 a
1360 2316 1542 2370 mundi
1595 2317 1886 2386 primordio

281 2407 419 2462 deos
462 2423 588 2462 suos
628 2408 936 2473 coluerunt,
993 2407 1398 2475 traditionibus,
1450 2411 1885 2468 constantissime

279 2499 676 2556 inhaerendum.

357 2595 427 2648 At
472 2593 522 2648 id
563 2593 822 2650 Minucius
854 2603 1034 2651 noster
1063 2594 1354 2649 absurdum
1399 2601 1452 2648 et
1499 2604 1643 2650 recte
1690 2595 1883 2650 rationi

277 2701 506 2760 prorsus
564 2688 888 2742 contrarium
948 2703 1067 2743 esse
1121 2688 1542 2742 luculentissime
1604 2687 1882 2742 ostendit:

287 2797 308 2832 ε
343 2779 476 2834 Nam
522 2780 566 2834 si
617 2780 971 2850 providentia,
1025 2780 1214 2849 inquit,
1267 2779 1498 2834 mundus
1551 2781 1788 2850 regitur,
1832 2789 1887 2834 et

279 2875 447 2928 unius
479 2874 567 2928 Dei
599 2883 728 2928 nutu
751 2873 1100 2944 gubernatur,
1135 2888 1238 2927 non
1267 2889 1367 2928 nos
1395 2873 1555 2928 debet
1595 2875 1882 2945 antiquitas

278 2968 657 3038 imperitorum
704 2968 911 3023 fabellis
954 2969 1066 3022 suis
1116 2968 1402 3035 delectata,
1455 2969 1538 3024 vel
1584 2979 1760 3038 capta,
1816 2969 1881 3024 ad

276 3076 522 3118 errorem
568 3061 735 3115 mutui
775 3075 964 3130 rapere
1010 3076 1325 3126 consensus,
1369 3076 1488 3128 cum
1531 3061 1877 3131 philosopho-

278 3170 400 3209 rum
432 3168 652 3208 suorum
693 3153 973 3208 sententiis

277 3257 334 3302 et
360 3247 641 3302 vetustatis
682 3247 882 3300 assistit
918 3248 1224 3300 auctoritas.
1266 3265 1284 3297 ι
1321 3245 1543 3314 Duplici,
1590 3246 1662 3300 uti
1708 3246 1876 3311 vides,

277 3341 448 3394 ariete
475 3338 800 3394 venditatam
842 3339 910 3392 ab
941 3338 1183 3394 Ethnicis
1204 3354 1312 3394 suae
1341 3339 1633 3408 religionis,
1662 3348 1716 3392 et
1753 3339 1882 3393 deo—

277 3448 396 3488 rum
446 3433 621 3487 cultus
672 3431 1040 3501 antiquitatem
1092 3430 1164 3484 ibi
1215 3431 1444 3500 percutit
1488 3445 1550 3486 ac
1594 3431 1876 3487 subvertit.

281 3524 457 3580 Primo
483 3524 624 3579 enim
642 3523 1077 3594 philosophorum
1115 3524 1447 3586 auctoritate,
1483 3522 1568 3577 cui
1620 3523 1875 3593 refragari

276 3631 439 3672 nemo
485 3615 698 3685 gentilis
743 3617 902 3670 homo
957 3623 1182 3684 poterat.
1235 3613 1568 3668 manifestam
1603 3614 1726 3670 facit
1777 3616 1876 3670 hu-

271 3708 366 3778 jus
387 3709 663 3762 vetustatis
690 3708 996 3763 falsitatem.
1029 3708 1203 3777 Atque
1234 3709 1284 3762 in
1322 3708 1540 3776 hujusce
1561 3711 1873 3764 a~sertionis

276 3799 739 3857 conﬁrmationem
790 3817 853 3857 ea
907 3817 1011 3855 non
1065 3816 1250 3871 parum
1300 3803 1538 3869 profecto
1582 3803 1868 3869 iaciebant,

273 3908 405 3964 qua:
432 3894 500 3946 ab
531 3893 656 3962 ipso,
682 3903 737 3948 et
769 3909 798 3947 a
839 3893 1114 3948 Clemente
1146 3893 1506 3948 Alexandrino
1529 3894 1718 3948 tradita
1747 3910 1872 3964 pro-

274 3988 509 4058 hataque
557 3988 805 4053 vidimus,
856 3987 1072 4043 eosdem
1122 3988 1328 4043 scilicet
1371 3989 1715 4058 philosophos
1757 3991 1869 4058 ple-

271 4095 441 4149 raque
470 4094 566 4133 sua
609 4079 797 4148 placita
825 4095 889 4134 ex
931 4079 1100 4134 Sacris
1137 4080 1334 4134 nostris
1361 4079 1670 4149 Scripturis,
1711 4080 1806 4135 sed
1835 4095 1866 4134 a

270 4189 328 4230 se
361 4172 706 4243 postmodum
738 4171 1042 4241 depravatis
1069 4163 1130 4227 ac
1160 4173 1442 4242 corruptis,
1479 4171 1738 4226 hausisse.

340 4266 552 4322 Deinde
582 4281 710 4321 vero
733 4265 1072 4335 quantumvis
1103 4266 1317 4336 antiqua
1347 4275 1489 4320 esset
1514 4264 1864 4319 Ethnicorum

272 4360 490 4429 religio,
528 4360 774 4414 nuntium
805 4358 1151 4412 nihilominus
1179 4358 1225 4411 ei
1264 4373 1449 4412 omnes
1479 4357 1600 4411 ideo
1629 4358 1866 4411 remitte-

270 4468 324 4508 re
345 4451 620 4507 debebant
643 4467 659 4517 ;
687 4451 807 4519 quia
837 4459 941 4505 tota
970 4449 1198 4514 fabellis,
1233 4449 1523 4504 mendaciis
1549 4449 1866 4504 absurdissi-

1993 1847 2114 1901 tiles
2145 1847 2287 1902 enim
2307 1847 2619 1912 credebant,
2655 1848 2847 1917 inquit,
2882 1849 3113 1905 existere
3139 1850 3372 1922 Scyllam
3418 1854 3602 1908 multi-

1992 1939 2203 2010 plicem,
2249 1939 2558 1995 Chimeram
2619 1940 3026 2008 multiformem,
3073 1941 3311 2013 Hydram
3355 1945 3595 2000 vulneri-

1988 2033 2087 2088 bus
2144 2044 2552 2099 renascentem,
2610 2043 2664 2088 et
2715 2035 3016 2090 Centauros
3069 2050 3236 2104 equos
3293 2036 3600 2094 hominibus

1988 2126 2269 2197 implexos.
2338 2130 2568 2200 Scyllam
2603 2144 2730 2184 vero
2775 2128 3026 2201 Virgilius
3077 2131 3161 2186 his
3205 2131 3454 2188 versibus
3503 2133 3596 2189 dc-

1989 2220 2206 2290 scripsit
2235 2238 2248 2274 :

2114 2313 2178 2378 ᾼι
2199 2312 2408 2376 Scyllam
2429 2315 2572 2363 czecis
2599 2314 2800 2364 cohibet
2825 2316 3058 2378 spelunca
3084 2316 3310 2376 latebris,

2115 2375 2215 2425 Ora
2240 2375 2601 2432 exsertantem,
2624 2386 2675 2426 et
2693 2375 2915 2426 naves'in
2935 2392 3051 2428 saxa
3068 2375 3368 2432 trahentem.

2111 2437 2275 2506 ἐδτι-ωδ
2318 2440 2527 2487 hominis
2549 2438 2718 2496 facies,
2742 2450 2790 2506 et
2818 2441 3022 2506 pulchro
3047 2452 3247 2506 pectore
3268 2443 3405 2506 virgo

2112 2498 2253 2566 [’ube
2278 2507 2452 2566 tenus;
2481 2512 2731 2566 postrema
2754 2498 2954 2550 immani
2982 2498 3189 2565 corpore
3216 2498 3409 2566 Pistt‘is,

2111 2559 2409 2624 Delphinum
2434 2559 2613 2612 caudas
2638 2571 2784 2612 utero
2807 2559 3339 2628 commissa'luporum.

2379 2643 2600 2706 (Virgil.,
2625 2644 2660 2692 ι.
2684 2658 2731 2692 ιιι
2757 2643 2967 2704 Αεηείάη
2995 2659 3038 2696 υ.
3065 2647 3156 2696 424
3181 2656 3227 2698 ει
3249 2653 3411 2714 seqq.)

1985 2752 2157 2807 Aliter
2201 2759 2400 2817 tamen,
2442 2753 2536 2806 sed
2569 2767 2675 2806 non
2712 2753 2890 2806 minus
2935 2763 3242 2822 portentosa
3292 2769 3594 2822 reprzesen—

1988 2854 2128 2898 tatur
2165 2843 2232 2898 ab
2262 2843 2514 2908 Homero,
2589 2859 2747 2914 quem
2775 2843 2924 2898 adire
2966 2845 3188 2913 poteris,
3222 2846 3432 2900 sicutet
3474 2847 3600 2903 Ovi-

1985 2937 2154 3004 dium,
2187 2938 2506 3004 Ausonium,
2535 2936 2776 2992 Natalem
2803 2938 3063 2993 Comitem
3105 2949 3157 2993 et
3185 2938 3430 2995 Vossium
3457 2941 3596 3011 (llo-

1985 3051 2136 3101 mer.,
2167 3034 2354 3105 Odyss.
2384 3034 2473 3088 lib.
2506 3049 2610 3100 xu,
2646 3051 2766 3104 pag.
2802 3033 2906 3088 172
2928 3049 2942 3099 ;
2963 3032 3148 3100 0vid.,
3183 3033 3590 3106 Metamorpltos.

1002 3125 1616 3224 refellatur,quihus—et
1657 3125 1880 3209 rationis
1907 3158 1952 3221 C
2109 3143 2195 3224 ξντ
2245 3127 2350 3195 rab'
2385 3129 2408 3180 ί
2445 3142 2461 3190 ἶ
2491 3127 2707 3224 ’νίκη-’β
2741 3125 3330 3224 1491;};N91-f3muo.
3361 3128 3451 3185 lib-
3499 3146 3589 3186 Vl"

1988 3220 2301 3291 Μειιιιοιοθ..
2345 3237 2459 3289 cap.
2513 3219 2612 3284 12;
2653 3218 2822 3284 Voss.,
2853 3219 2941 3274 lib.
2968 3236 3019 3274 tv
3046 3221 3110 3274 de
3141 3218 3286 3292 Orig.
3335 3232 3383 3276 et
3415 3240 3589 3294 progr.

1983 3315 2110 3368 idol.
2140 3331 2255 3384 cap.
2288 3314 2387 3379 l7,
2417 3329 2538 3384 pag.
2573 3312 2686 3383 54).
2731 3313 3048 3368 Chimazratn
3083 3330 3210 3368 vero
3233 3314 3592 3384 depinxerunt

1984 3408 2125 3463 idem
2174 3407 2460 3470 Heinerus,
2521 3406 2805 3471 Hesiodus,
2857 3406 3160 3469 Lucretius,
3215 3408 3455 3475 Ovidius,
3497 3411 3588 3479 qui

1984 3504 2080 3558 tibi
2102 3505 2144 3558 si
2171 3518 2274 3557 non
2297 3501 2584 3563 sufﬁciant.
2614 3502 2761 3555 adire
2786 3511 3040 3571 praeterea
3064 3502 3262 3571 poteris
3284 3502 3582 3573 Virgilium,

1980 3613 2042 3651 ac
2085 3595 2326 3651 Natalem
2373 3593 2640 3650 Comitem
2687 3593 2939 3667 (Homer.
2988 3595 3147 3650 Iliad.
3190 3612 3259 3659 vr,
3287 3614 3405 3666 p.g.
3453 3597 3580 3663 106;

1979 3687 2194 3744 llesiod.
2249 3687 2536 3760 Tlteogon.,
2568 3705 2687 3759 pag.
2712 3686 2818 3741 469
2846 3704 2861 3752 ;
2889 3685 3092 3741 Lucret.
3137 3689 3225 3742 lib.
3254 3703 3306 3754 ν,
3340 3707 3458 3760 pag.
3487 3691 3578 3754 57;

1980 3782 2128 3836 Ovid.
2165 3782 2250 3835 lib.
2276 3797 2328 3836 lx
2363 3781 2693 3848 Melamorp.,
2728 3779 2755 3850 §
2791 3780 2845 3832 ll
2879 3795 2895 3843 ;
2935 3779 3099 3850 Virg.,
3135 3781 3223 3834 lib.
3252 3795 3302 3834 tv
3333 3780 3575 3849 lEneid.,

1971 3874 2063 3938 28;
2094 3874 2271 3928 Nalal.
2304 3872 2472 3938 Cont.,
2501 3873 2590 3926 lib.
2618 3888 2668 3924 ιχ
2697 3871 2853 3940 Myt.,
2873 3887 2989 3939 cap.
3015 3871 3089 3941 4).

2045 3966 2218 4020 Varia:
2285 3973 2460 4018 autem
2527 3962 2742 4016 fuerunt
2802 3959 2870 4015 de
2926 3959 3206 4016 Centauris
3266 3965 3571 4035 Opinioncs,

1971 4076 2102 4132 quas
2142 4058 2226 4113 his
2255 4056 2434 4110 verbis
2473 4054 2636 4109 refert
2664 4052 2925 4106 Diodorus
2954 4053 3205 4108 Siculus:
3246 4073 3265 4105 ι
3301 4056 3447 4111 lxion
3475 4059 3572 4114 Ju-

1972 4153 2130 4207 nonis
2175 4165 2358 4204 amore
2403 4148 2671 4213 incensus,
2713 4145 2781 4200 de
2825 4153 3014 4212 ειυιιτο
3051 4145 3207 4200 deam
3246 4149 3575 4216 compellare

1971 4262 2076 4300 non
2105 4242 2381 4298 dubitavit.
2422 4238 2628 4308 Jupiter
2657 4247 2866 4308 ergo,»
2887 4247 2972 4305 μὲν
3000 4243 3081 4294 διὰ
3122 4243 3283 4295 tam.”
3308 4258 3575 4304 ποιήσοιντο(

1966 4358 2052 4404 τῆς
2087 4331 2211 4410 ΙῘρᾶς
2237 4347 2422 4408 νεφέλην
2462 4339 2817 4400 ἐξαποστεῖλαι·
2849 4343 2927 4386 τὸν
2958 4339 3005 4387 δὲ
3034 4325 3187 4399 litavit.
3213 4350 3269 4406 τῇ
3299 4344 3457 4408 νεφελῃ
3487 4363 3574 4406 μισ

1965 4443 2104 4506 γξνπι
2130 4448 2321 4500 γενῆσαι
2347 4439 2454 4488 τοὺς
2475 4432 2847 4496 ὀνομαζομένους
2879 4433 3169 4496 Κενταῦρρυς
3198 4432 3568 4499 ἀνθρωποφυεῖς,

267 4548 393 4610 mis,
442 4543 764 4598 monstrosis
803 4542 1164 4610 opinionibus,
1214 4542 1658 4611 delirantiumun
1692 4541 1864 4596 ltomi-
1892 4569 1944 4629 Ι)
1970 4531 2128 4584 "libis
2153 4538 2422 4596 specum"
2462 4523 2690 4629 Ῐυηυηίξ
2736 4523 2853 4625 ιοξῖο
2907 4521 2955 4576 εί
3003 4521 3252 4624 subice“:
3293 4539 3396 4594 quo
3441 4527 3572 4629 ίῐξὶξο

271 4651 402 4690 ιιιιιιι
432 4636 657 4690 Somniis
685 4642 963 4704 compacta
999 4633 1113 4688 fuit.
1169 4633 1381 4688 Etenim
1413 4634 1862 4704 quemadmodum

272 4728 610 4794 Ambrosius,
645 4727 786 4784 idem
815 4725 1121 4798 Symmachi
1142 4737 1513 4797 argumentum
1544 4727 1861 4794 refellendo,

271 4821 526 4888 praeclare
573 4820 768 4875 docet:
804 4837 824 4870 ‹
867 4819 1160 4873 Erubescat
1204 4828 1471 4883 senectus,
1524 4835 1644 4889 qua:
1681 4834 1864 4874 emen-

273 4914 400 4966 dare
428 4928 488 4968 se
512 4927 616 4968 non
643 4921 838 4982 potest.
868 4928 973 4966 non
990 4927 1251 4966 annorum
1277 4913 1498 4968 canities
1524 4923 1606 4967 est
1625 4913 1860 4980 laudata,

272 5006 364 5060 sed
412 5024 644 5068 morum,
699 5007 876 5062 nullus
929 5006 1098 5074 pudor
1143 5017 1224 5061 est
1263 5007 1327 5060 ad
1371 5007 1592 5061 meliora
1634 5008 1864 5061 transire

268 5099 529 5164 (Ambros.
568 5100 714 5168 epist.
753 5098 918 5169 18,'§
966 5099 1027 5163 7,
1067 5115 1188 5168 pag.
1241 5097 1390 5166 854).
1441 5099 1596 5154 Plura
1645 5113 1762 5152 eam
1811 5097 1864 5151 itt

264 5205 383 5246 rem
413 5191 593 5257 legere
623 5193 837 5260 poto-ris,
875 5191 1016 5259 apud
1051 5190 1383 5244 Clementem
1416 5186 1864 5252 Alexandrinum,

263 5281 586 5340 Arnobium.
611 5283 677 5338 de
697 5299 803 5354 quo
829 5298 928 5337 nos
949 5296 1047 5336 suo
1073 5282 1212 5345 loco,
1233 5293 1284 5335 et
1310 5280 1653 5334 Prudentium
1677 5279 1862 5352 (Clem.

260 5375 420 5430 Alex.
446 5374 656 5430 Cohort.
674 5377 743 5429 ad
758 5387 875 5447 gent
919 5393 1038 5448 pag.
1060 5376 1152 5441 57;
1181 5374 1370 5428 Arnob.
1399 5375 1484 5428 lib.
1512 5389 1547 5428 ιι
1568 5373 1684 5428 adv.
1715 5371 1865 5427 Gent.

259 5483 392 5537 pag.
420 5469 490 5522 90
531 5480 574 5522 et
600 5485 748 5540 seqq;
782 5468 1032 5522 Prudeul.
1064 5468 1150 5521 lib.
1181 5484 1216 5522 tt
1245 5469 1297 5521 in
1325 5467 1622 5536 Symmach.
1644 5470 1686 5536 ).

345 5559 413 5611 At
448 5558 834 5614 Tertullianum
865 5559 1274 5628 praetermittere
1301 5575 1405 5612 non
1438 5573 1746 5628 possumus,
1781 5555 1871 5626 qui

251 5651 476 5720 longius
506 5652 680 5707 adhuc
727 5666 1063 5722 prOgressus,
1104 5651 1348 5706 ethnicos
1395 5651 1528 5704 scite
1570 5651 1874 5718 acriterque

253 5742 401 5802 ideo
424 5746 664 5814 caStigat.
697 5745 842 5814 quod
870 5743 1133 5813 majorum
1159 5760 1376 5801 suorum
1400 5743 1737 5812 traditiones,
1763 5757 1875 5797 nta-

555 5837 840 5898 Punoc.
881 5834 993 5896 ιιι.

1971 4621 2270 4677 Centauros
2323 4633 2388 4673 ex
2461 4625 2611 4684 parte
2666 4613 2911 4668 homines
2964 4613 3405 4683 procreavit......
3466 4617 3573 4672 Alii

1973 4714 2270 4769 Centauros
2315 4707 2603 4780 perhibent
2653 4706 2703 4759 in
2737 4705 2940 4760 Pelioa
2988 4706 3247 4776 Nymphis
3286 4709 3572 4776 educatos,

1973 4805 2153 4861 adulta
2196 4811 2319 4874 post
2349 4808 2506 4854 actate
2535 4815 2601 4852 ex
2629 4813 2886 4866 equarum
2935 4797 3182 4852 inseetisu
3215 4798 3440 4855 biforme
3480 4801 3576 4856 lli-

1977 4905 2453 4968 pocentaurorum,
2489 4899 2545 4944 ut
2572 4897 2784 4950 vocant,
2811 4902 2980 4958 genus
3003 4890 3415 4957 proseminasse.
3443 4892 3574 4955 Qui-

1967 4989 2090 5045 dam
2111 4989 2377 5043 aflirmant
2400 4981 2640 5051 Nephele
2661 4989 2716 5035 et
2737 4980 2920 5034 Ixione
2943 4989 3230 5048 prognatos
3253 4982 3573 5046 Centauros,

1968 5085 2108 5154 quod
2125 5062 2676 5152 principesemtitandi
2700 5072 2934 5128 studium
2953 5074 3187 5142 aggressi
3213 5073 3429 5141 fuerint,
3452 5076 3578 5131 inde

1970 5193 2165 5233 nomen
2187 5176 2724 5242 liippncentanrorum
2749 5167 3013 5230 retulisse,
3037 5175 3090 5219 et
3109 5165 3231 5220 inde
3261 5166 3573 5237 figmentum

1971 5271 2039 5326 de
2059 5267 2252 5340 duplici
2281 5273 2470 5319 natura
2499 5261 2550 5314 in
2583 5259 2812 5312 fabulam
2835 5258 3030 5311 abiisse
3067 5276 3085 5307 ν
3110 5256 3352 5326 (Diodor.
3381 5259 3574 5328 Sicttl.,

1977 5363 2064 5418 lib.
2090 5378 2140 5417 tv
2170 5358 2413 5414 Bibliotlt.
2437 5371 2557 5426 pag.
2578 5351 2698 5407 189.
2721 5349 2888 5413 Idem,
2921 5367 3038 5420 pag.
3089 5349 3238 5420 155).
3266 5350 3419 5405 Prius
3452 5369 3582 5409 vero

1977 5462 2290 5511 narraverat
2344 5449 2618 5518 quomodo
2683 5445 2939 5501 llerculcs
2993 5440 3212 5496 eosdem
3283 5441 3586 5501 Centauros

1977 5561 2168 5622 quarto
2217 5545 2509 5601 certamine
2556 5541 2853 5595 debellasse
2918 5535 3284 5608 perhibeatur.
3351 5536 3591 5594 Primam

1979 5651 2156 5698 autem
2185 5655 2251 5696 ex
2282 5637 2364 5692 his
2394 5633 2736 5706 Opinionibus
2778 5639 2924 5685 notat
2957 5628 3098 5698 apud
3121 5626 3440 5682 Ciceronem
3470 5627 3598 5684 Cot-

1982 5746 2052 5803 ta,
2102 5733 2191 5790 tibi
2221 5733 2296 5789 ait
2325 5747 2338 5784 :
2377 5747 2396 5781 ‹
2434 5728 2551 5788 Una
2579 5727 2739 5786 etiam
2774 5723 2942 5780 nubes
2977 5719 3290 5778 Centauros
3331 5721 3611 5801 peperisse

2949 5814 3024 5876 18
