4242 6222
614 283 723 344 555

1979 274 2065 340 DE
2104 281 2365 342 MINUCII
2402 283 2706 346 OCTAVIO

3806 297 3910 356 556

613 404 808 460 dicitur
841 422 861 454 ι
917 402 1091 471 (Cia,
1121 401 1211 455 lib.
1243 416 1298 454 ιιι
1338 401 1400 455 de
1446 399 1635 454 Natur.
1693 402 1858 466 deor.,
1901 418 2020 472 pag.
2052 401 2202 472 247).
2233 401 2284 462 Λ
2311 406 2343 460 8
2372 418 2416 459 et
2448 407 2537 472 15,
2569 424 2686 477 pag.
2718 407 2790 462 45
2819 416 2862 462 et
2906 407 2973 464 80
3008 409 3047 479 ).
3102 410 3310 466 Rursus
3338 421 3515 468 autem
3547 412 3653 468 alio
3687 414 3738 469 in
3771 414 3909 473 libro

685 493 972 566 Eusebiani
1005 509 1131 547 vero
1157 493 1404 547 Cltronici
1431 505 1616 547 auctor
1645 513 1660 546 :
1695 510 1713 542 ι
1748 492 1977 558 Bellum,
2009 494 2199 562 ittquit,

608 587 953 656 Lapitharum
984 595 1031 637 et
1060 583 1444 639 Centaurorum
1485 583 1586 638 sub
1617 583 1716 636 hoc
1749 593 2022 652 tempore;
2062 584 2202 653 quod

608 678 794 733 scribit
833 677 1169 745 Palaephatus
1226 675 1363 730 libro
1421 675 1488 730 de
1533 673 1935 729 lncredibilibus
1997 674 2206 729 nobiles

604 767 772 822 fuisse
801 768 1007 837 equites
1034 767 1413 822 Thessalorum
1452 786 1469 818 ι
1512 765 1721 837 (Euseb.
1769 765 1947 819 chron.
1985 765 2052 818 ad
2079 783 2200 820 ann.

607 861 757 932 77:2).
789 860 1027 931 Scaliger
1058 861 1305 914 tamenin
1335 859 1656 914 suisadhaec
1678 857 1837 913 verba
1869 858 2207 913 animadver-

606 954 847 1010 sionibus
876 954 1024 1007 illum
1063 954 1226 1010 libere
1267 954 1626 1024 audacterque
1665 953 1906 1023 castigat,
1936 953 2076 1023 quod
2107 954 2205 1008 Pa-

604 1049 892 1119 laaplialum
914 1050 966 1103 in
984 1049 1252 1119 opinionis
1269 1049 1424 1118 hujus
1441 1048 1904 1102 confirmationem
1936 1048 2202 1114 citaverit,

602 1160 634 1199 a
699 1160 801 1214 qua
861 1143 1016 1213 longe
1080 1142 1369 1210 discrepat.
1403 1141 1505 1195 Alii
1534 1140 1880 1201 nihilominus
1924 1138 2068 1192 illam
2096 1154 2202 1194 non

602 1235 776 1290 solum
806 1233 1096 1303 Pah-phati
1154 1244 1471 1289 auctoritate
1522 1232 1754 1301 probare
1789 1245 2072 1299 conantur,
2107 1231 2205 1288 scd

603 1327 818 1381 Tzerza:
868 1328 1051 1390 etiam,
1109 1335 1163 1380 et
1228 1324 1426 1392 Orosii,
1487 1325 1576 1394 qui
1624 1327 1843 1395 insuper
1891 1325 1974 1380 his
2009 1326 2207 1395 adjecit

600 1418 856 1487 Lapithas
887 1433 915 1470 a
969 1416 1242 1472 Thessalis
1281 1416 1452 1470 dictos
1498 1416 1661 1472 fuisse
1712 1417 2033 1486 Centauros,
2079 1416 2205 1487 quia

602 1531 668 1570 ex
700 1514 851 1582 equis
897 1521 1218 1583 pugnantes,
1254 1529 1413 1566 unum
1448 1528 1567 1567 cum
1620 1515 1698 1568 eis
1752 1530 1948 1586 corpus
1990 1515 2204 1570 efficere

599 1605 908 1661 viderentur
966 1603 1161 1677 (Tzetz.
1218 1607 1337 1658 liist.
1392 1605 1547 1660 Cliili.
1594 1623 1682 1670 vn,
1721 1625 1834 1676 cap.
1877 1609 1986 1674 99;
2025 1608 2202 1674 υνυς..

599 1699 687 1753 lib.
721 1715 771 1760 ι,
806 1715 921 1768 cap.
950 1697 1062 1766 15).
1094 1697 1273 1752 Adisis
1319 1697 1587 1761 Ovidium,
1621 1698 1864 1753 Natalem
1912 1699 2198 1768 Cuniitem,

2311 499 2424 554 hinc
2471 516 2500 554 a
2542 501 2815 556 Lactantio
2852 503 3026 558 adhuc
3074 504 3362 575 descripta,
3411 507 3550 562 illius
3588 507 3747 563 verba
3780 509 3910 581 legi-

2309 607 2426 646 mus
2459 610 2470 645 :
2510 611 2528 643 t
2586 592 2641 646 In
2684 595 2952 665 plerisque
2995 597 3303 652 civitatibUS
3336 599 3556 670 intelligi
3596 610 3770 669 potest
3813 618 3909 658 au—

2309 685 2496 751 gendie
2537 688 2748 740 virtutis
2775 690 2960 757 gratia,
2991 704 3099 759 quo
3127 690 3375 745 libentius
3406 692 3716 761 reipublicae
3747 710 3910 750 causa

2309 777 2603 846 periculum
2647 779 2818 833 adiret
2854 782 3088 848 Optimus
3129 784 3373 852 quisque,
3414 786 3649 840 virorum
3693 787 3912 845 fortium

2312 885 2624 925 memoriam
2669 873 2870 927 honore
2915 873 3140 928 deorum
3192 875 3574 930 immortalium
3624 892 3912 935 consecra-

2313 972 2418 1018 tam
2459 982 2476 1014 ι
2505 962 2669 1035 (Cic.,
2701 965 2790 1019 lib.
2820 982 2874 1020 ιιι
2903 969 2965 1020 de
2997 965 3185 1020 Natur.
3221 969 3385 1034 deor.,
3423 988 3542 1041 pag.
3571 971 3699 1040 247,
3732 973 3824 1026 litt.
3855 974 3911 1038 8;

2310 1054 2546 1110 Lactant.
2582 1058 2680 1112 loc.
2710 1060 2794 1113 cit.
2821 1057 2868 1132 ).
2909 1059 3126 1114 Poterat
3154 1072 3301 1115 certe
3331 1061 3639 1120 Lactantius
3694 1067 3913 1121 tertium

2311 1149 2552 1218 proferre
2574 1147 2849 1206 Ciceronis
2876 1152 3074 1218 locum,
3107 1152 3192 1207 tibi
3217 1169 3321 1208 non
3354 1155 3530 1210 minus
3556 1155 3722 1223 clare,
3752 1173 3914 1227 quam

2311 1244 2362 1297 iu
2395 1244 2760 1313 superioribus
2810 1245 3084 1315 10quitur:
3125 1265 3142 1299 ι
3179 1247 3391 1314 Fortes,
3440 1250 3631 1319 inquit,
3675 1261 3767 1305 aut
3803 1251 3914 1306 cla-

2309 1354 2418 1404 ros,
2453 1349 2546 1393 aut
2574 1348 2817 1408 potentes
2861 1342 3005 1395 viros
3047 1341 3261 1396 tradunt
3289 1353 3406 1412 post
3432 1352 3658 1398 mortem
3686 1343 3755 1399 ad
3780 1345 3913 1402 deos

2311 1432 2638 1501 pervenisse,
2664 1447 2865 1502 eosque
2891 1447 3016 1488 esse
3057 1434 3221 1504 ipsos,
3253 1450 3387 1504 quos
3417 1451 3515 1490 nos
3545 1437 3749 1504 colere,
3790 1453 3913 1508 pre-

2309 1525 2442 1591 cari,
2473 1526 2717 1580 venerari
2747 1526 3055 1580 soleamus?
3083 1547 3100 1578 ›
3119 1526 3267 1598 (ϐία,
3291 1526 3380 1582 lib.
3415 1545 3431 1582 ι
3461 1529 3523 1582 de
3545 1527 3740 1584 Natur.
3769 1531 3914 1586 deor.

2309 1635 2430 1688 pag.
2462 1617 2599 1684 212,
2626 1619 2720 1673 lin.
2750 1615 2886 1690 54.)
2942 1619 3220 1688 Perpende
3255 1632 3453 1684 autem,
3488 1638 3696 1692 quaeso,
3735 1632 3914 1680 utrum

2308 1709 2568 1766 Minucius
2597 1711 2665 1765 ad
2712 1712 2828 1767 haec
2863 1713 3199 1782 potissimum
3244 1711 3517 1769 Ciceronis
3550 1717 3711 1771 verba
3759 1717 3913 1772 colli-

597 1802 654 1848 et
685 1792 933 1848 Vossium
963 1790 1138 1858 (Ovid.
1174 1791 1260 1844 lib.
1297 1807 1371 1845 xu
1403 1789 1709 1859 Metamorp.
1745 1792 1849 1862 fab.
1885 1792 1956 1859 4;
1989 1791 2199 1861 Comes,
2231 1780 2279 1840 Β
2310 1804 2568 1858 “caverit,

597 1887 686 1940 lib.
725 1902 798 1941 vtt
833 1885 1052 1956 Myl/col.
1086 1902 1200 1953 cap.
1224 1885 1283 1949 ll;
1322 1882 1489 1952 Vasa,
1521 1885 1608 1938 lib.
1635 1900 1651 1938 ι
1681 1884 1742 1938 ile
1780 1886 1924 1957 Orig.
1953 1896 1998 1939 et
2020 1903 2195 1956 progr.

595 1980 775 2033 idolol.
809 1996 923 2045 cap.
960 1979 1060 2043 15,
1097 1995 1216 2048 pag.
1250 1977 1366 2049 62).

665 2073 828 2127 Addit
869 2073 1100 2139 denique
1145 2072 1403 2126 Minucius
1451 2071 1518 2125 ab
1544 2071 1789 2127 Ethnicis
1811 2073 2088 2126 decantari
2131 2089 2197 2128 ex

593 2168 896 2224 hoininibus
947 2181 1104 2233 aves,
1154 2165 1346 2232 ﬂores,
1398 2166 1642 2231 arbores,
1675 2182 1740 2220 ex
1786 2167 1890 2221 alia
1933 2167 2196 2236 ejusmodi

587 2261 726 2316 facta
758 2261 944 2315 fuisse.
1011 2261 1143 2325 Qum
1181 2259 1394 2328 quidem
1429 2260 1479 2313 in
1511 2258 1688 2314 Ovidii
1720 2259 1873 2314 libris
1902 2259 2189 2315 Metamor—

588 2361 831 2432 phoseon
874 2357 1071 2427 passim
1117 2371 1402 2411 occurrere
1435 2356 1608 2409 nullus
1658 2357 1885 2425 ignorat.
1952 2357 2022 2409 At
2076 2355 2190 2409 haec

587 2455 768 2511 omnia
792 2452 1170 2523 Hieronymus,
1215 2449 1300 2504 tibi
1331 2449 1397 2504 de
1427 2448 1920 2503 Nabuchodonosor
1947 2448 2185 2514 disserit,

585 2550 772 2619 paucis
799 2546 978 2601 verbis
1005 2543 1382 2614 complectitur
1413 2559 1426 2595 :
1464 2561 1484 2593 ‹
1521 2543 1706 2607 Multo,
1741 2543 1932 2612 inquit,
1959 2541 2189 2596 incredi-

589 2642 800 2706 biliora,
833 2647 885 2693 et
911 2637 1131 2704 Grazcae,
1163 2646 1218 2690 et
1250 2636 1502 2690 Romana:
1533 2636 1772 2688 historiae
1803 2634 2065 2689 accidisse
2089 2633 2188 2688 ho-

584 2733 818 2788 minibus
860 2730 1253 2802 prodiderunt:
1285 2729 1518 2800 Scyllam
1559 2745 1793 2799 quoque,
1845 2738 1898 2783 et
1952 2727 2188 2782 Chimae-

584 2842 719 2886 ram.
750 2823 1006 2895 Hydram,
1045 2832 1206 2893 atqiie
1233 2823 1552 2887 Centauros,
1594 2835 1723 2875 aves
1752 2830 1805 2875 et
1834 2819 1994 2886 feras,
2026 2820 2189 2874 ﬂores

583 2929 639 2976 et
691 2921 942 2984 arbores,
994 2919 1180 2973 stellas
1231 2917 1506 2988 etlapides
1552 2917 1720 2971 factos
1770 2932 1835 2972 ex
1875 2916 2189 2971 hominibus

587 3022 807 3068 narrant
847 3011 1040 3067 fabulae
1077 3030 1095 3062 ι
1135 3009 1486 3082 (Hieronym.,
1520 3012 1572 3064 in
1603 3027 1719 3079 cap.
1745 3026 1797 3064 iv
1829 3009 2029 3063 Daniel.
2052 3008 2189 3079 v.l).

658 3109 820 3163 Vides
861 3108 1039 3176 itaque
1064 3121 1220 3177 quam
1247 3106 1368 3174 jure
1412 3105 1604 3159 merito
1657 3104 1934 3166 Minucius,
1991 3120 2059 3158 ex
2105 3103 2189 3156 his

585 3208 640 3255 et
676 3201 795 3254 aliis
821 3199 1078 3269 pluribus,
1113 3196 1249 3250 infra
1277 3196 1647 3258 recensendis,
1675 3195 1963 3250 concludat
1990 3195 2181 3249 falsum

585 3294 806 3349 omnino
833 3307 955 3347 esse
981 3291 1273 3356 Cincilinm,
1305 3291 1548 3360 aliosque
1573 3305 1763 3345 omnes
1793 3303 1975 3343 errare
1998 3289 2188 3342 Ethni-

585 3401 700 3453 cos,
731 3386 818 3456 qui
861 3384 1123 3440 docebant
1169 3384 1454 3450 unicuique
1479 3383 1646 3436 satius
1676 3397 1797 3436 esse
1838 3382 1988 3451 sequi
2020 3381 2187 3450 majo-

582 3495 700 3534 rum
732 3487 1036 3534 nostrorum
1079 3477 1146 3532 de
1190 3478 1293 3532 diis
1337 3492 1400 3532 ac
1450 3476 1705 3546 religione
1736 3475 2074 3540 traditiones,
2133 3485 2188 3530 et

584 3573 712 3628 deos
732 3573 799 3627 ab
829 3573 930 3627 illis
947 3572 1155 3641 agnitos
1179 3570 1347 3639 magis
1381 3567 1666 3634 timendos,
1690 3583 1847 3638 quam
1875 3565 2187 3622 familiarius

588 3683 768 3730 nosse,
803 3675 959 3736 atque
985 3664 1052 3720 de
1080 3663 1185 3718 illis
1215 3662 1356 3717 ferre
1386 3661 1732 3716 sententiam.

1195 3773 1422 3830 CAPUT
1462 3773 1579 3828 XV.

601 3910 993 3954 EXPENDUNTUR
1057 3906 1376 3948 ARGUMENTA
1425 3903 1614 3952 QUIBUS
1654 3903 1902 3943 MINIICIUS
1941 3901 2195 3944 OSTENDIT

947 4000 1140 4041 FALSOS
1181 3999 1308 4039 ESSE
1347 3996 1640 4037 GENTILIUM
1681 3995 1834 4035 DEOS.

1125 4113 1420 4155 ABTICULUS
1450 4111 1661 4152 PRIMUS.

595 4223 706 4291 Qua
746 4216 1026 4275 insulsitate
1048 4213 1272 4270 Gentiles
1300 4210 1643 4283 prwdicabant
1674 4209 1900 4263 homines
1930 4207 1990 4261 ob
2021 4209 2196 4262 merita

660 4315 876 4376 virtutis,
915 4309 993 4364 vel
1027 4307 1270 4376 beneﬁcia
1314 4304 1431 4358 aliis
1477 4302 1762 4356 hominibus
1796 4300 1984 4354 collata
2031 4305 2195 4370 factos

666 4408 825 4478 fuisse
853 4403 995 4456 deos.

2377 1897 2565 1951 Tacuit
2619 1895 2834 1966 quidem
2889 1897 3085 1952 latinus
3131 1901 3233 1952 iste
3287 1897 3503 1965 Orator,
3551 1900 3696 1970 quod
3747 1901 3912 1957 fuerit

2303 1991 2543 2063 perversi
2589 1990 2810 2060 hujusce
2861 1993 3028 2047 moris
3061 1993 3310 2046 initium:
3345 1993 3439 2047 sed
3485 1993 3688 2050 Plinius
3729 2007 3912 2052 vetus-

2306 2086 2569 2138 tissimum
2596 2099 2715 2139 esse
2739 2085 2976 2140 declarat
3001 2102 3012 2137 :
3051 2103 3069 2136 ‹
3109 2085 3204 2141 llic
3232 2094 3316 2140 est
3345 2087 3736 2143 vetustissimus
3763 2088 3908 2144 refe-

2303 2176 2452 2229 rendi
2486 2177 2625 2231 bene
2660 2176 2987 2231 merentibus
3011 2177 3236 2248 gratiam
3265 2192 3404 2243 mos,
3430 2187 3482 2232 ut
3511 2180 3641 2233 tales
3671 2181 3904 2234 numini-

2295 2269 2395 2323 bus
2417 2269 2770 2323 adscribaut?
2803 2288 2820 2320 ι
2870 2270 3064 2340 (Plin.,
3098 2270 3186 2324 lib.
3244 2286 3281 2324 ιι
3310 2269 3496 2324 Natur.
3539 2270 3693 2332 ,Hist.
3714 2313 3729 2338 ,
3779 2290 3899 2342 cap.

2298 2363 2361 2425 7,
2395 2380 2515 2433 pag.
2551 2362 2701 2434 144.)
2753 2363 2948 2418 Verum
3023 2365 3415 2434 quantumlibet
3463 2366 3714 2433 antiquus
3743 2365 3906 2420 fuerit

2295 2455 2387 2509 ille
2413 2469 2548 2522 mos,
2583 2472 2689 2509 non
2721 2456 2773 2508 in
2817 2455 2979 2524 ipsius
3012 2465 3189 2510 tamen
3237 2456 3445 2522 mundi,
3479 2458 3551 2512 uti
3582 2457 3757 2513 aiebat
3785 2459 3902 2513 Ca:-

2296 2548 2468 2613 ciliiis,
2497 2547 2754 2601 natalibus
2788 2557 2938 2601 ortus
2969 2557 3071 2603 est.
3139 2547 3290 2602 Tunc
3317 2549 3459 2602 cuitu
3486 2548 3766 2603 dumtaxat
3790 2565 3900 2605 caa-

2297 2640 2394 2707 pit,
2451 2651 2506 2691 tit
2531 2649 2676 2692 recte
2706 2640 2878 2710 arguit
2901 2639 3173 2703 Octavius,
3206 2639 3421 2709 quando
3453 2658 3472 2690 ε
3507 2615 3731 2710 quinque
3758 2643 3901 2696 natio

2295 2732 2631 2786 conditorem
2663 2747 2842 2796 suum,
2875 2742 2965 2785 aut
2988 2733 3178 2786 ducem
3209 2732 3492 2802 inclytum,
3540 2741 3632 2787 aut
3661 2734 3898 2802 reginam

2296 2825 2566 2894 pudicam,
2609 2840 2748 2880 sexu
2797 2841 2893 2880 suo
2921 2825 3220 2890 fortiorem,
3275 2835 3367 2879 aut
3406 2823 3631 2895 alicujus
3660 2824 3896 2880 muneris

2296 2919 2379 2972 vel
2406 2919 2540 2973 artis
2572 2929 2901 2987 repertorem
2927 2918 3300 2972 venerabatur.
3338 2937 3358 2970 ›

2369 3012 2473 3067 Fac
2502 3023 2703 3079 tamen,
2730 3015 2774 3068 si
2805 3013 2959 3078 velis,
2987 3013 3135 3066 illum
3161 3011 3383 3079 mundo,
3412 3010 3556 3082 quod
3584 3011 3703 3066 fieri
3727 3011 3895 3067 neuti-

2296 3123 2456 3179 quam
2486 3117 2658 3178 potest
2689 3107 2856 3162 fuisse
2881 3122 3142 3171 coaevnin,
3173 3121 3461 3176 numquam
3492 3105 3618 3160 inde
3648 3106 3897 3161 conficies

2297 3201 2393 3255 hos
2422 3215 2542 3255 esse
2591 3214 2748 3254 veros
2792 3199 2950 3265 Deos,
2983 3199 3073 3268 qui
3106 3213 3203 3252 nec
3249 3198 3436 3252 aeterni
3467 3208 3615 3265 sunt,
3649 3213 3749 3253 nec
3793 3199 3897 3252 im-

2294 3293 2568 3357 mortales,
2625 3291 2825 3361 quique
2867 3291 2934 3345 ab
2973 3291 3278 3346 hominibus
3321 3292 3459 3346 sicut
3499 3292 3688 3359 vitam,
3724 3292 3794 3346 ita
3836 3299 3892 3345 et

2295 3385 2536 3438 lictitiam
2566 3383 2900 3438 divinitatem
2943 3392 3266 3454 acceperunt
3297 3401 3309 3437 :
3342 3384 3426 3439 vel
3467 3386 3681 3454 quibus,
3708 3394 3765 3438 ut
3818 3384 3898 3438 ait

2294 3477 2568 3541 Octavius,
2612 3477 2862 3531 divinitas
2888 3476 3006 3542 fuit,
3046 3496 3066 3529 ι
3099 3476 3362 3531 defunctis
3393 3478 3692 3547 praemium,
3722 3486 3776 3531 et
3808 3475 3899 3530 fu-

2297 3571 2428 3624 turis
2446 3569 2672 3623 dabatur
2703 3569 3028 3640 exemplum.
3064 3589 3083 3622 ι
3143 3569 3317 3625 Variis
3359 3580 3531 3625 autem
3561 3567 3900 3639 argumentis

2298 3661 2447 3729 illud,
2497 3661 2947 3730 quemadmodum
2997 3660 3347 3728 Athanasius,
3403 3671 3456 3717 et
3497 3661 3900 3728 Theodoretus,

2299 3751 2527 3820 probare
2553 3761 2761 3823 poterat
2795 3752 3093 3823 (ΑιΙιαιιαε.,
3130 3753 3275 3806 Orat.
3299 3763 3433 3807 cont.
3459 3763 3758 3825 gent.,pag.
3796 3753 3900 3829 18,

2298 3855 2421 3900 tom.
2458 3864 2512 3912 t;
2546 3846 2876 3913 Tlieodoret.,
2904 3858 3024 3900 tom.
3069 3863 3140 3901 tv.
3176 3863 3327 3900 scrin.
3363 3849 3421 3911 5,
3452 3847 3515 3900 de
3541 3847 3748 3918 Angel.,
3775 3864 3897 3918 pag-

2299 3939 2426 4009 5l0)
2453 3957 2465 3994 :
2495 3939 2587 3994 sed
2613 3939 2780 3993 satius
2805 3939 2956 3994 duxit
2984 3936 3280 4007 Οίεοίἰὶυιη,
3319 3940 3563 4010 aliosque
3585 3941 3810 4011 gentiles
3829 3939 3901 3995 ad

2301 4032 2660 4101 nosmetipsos
2692 4032 2979 4102 scriptores
3002 4033 3248 4087 mittere:
3289 4051 3307 4084 i
3341 4031 3506 4104 Lege,
3537 4035 3726 4103 inquit,
3756 4031 3901 4089 Stoi—

2303 4139 2488 4179 Corum
2515 4126 2729 4196 scripta,
2760 4127 2846 4180 vel
2873 4126 3071 4196 scripta
3092 4125 3436 4195 sapientium,
3469 4129 3658 4182 eadem
3684 4142 3896 4183 mecum

2304 4235 2678 4290 recognosces,
2719 4238 2737 4271 ι
2766 4220 2836 4276 ob
2865 4221 3077 4275 virtutis
3097 4237 3159 4275 ac
3180 4219 3532 4289 fortitudinis,
3557 4223 3641 4279 vel
3662 4224 3900 4279 muneris

2301 4312 2415 4367 sive
2448 4313 2828 4367 beneficiorum
2866 4330 2884 4362 ι
2923 4314 3132 4379 merita,
3167 4312 3298 4368 deos
3326 4313 3555 4369 habitos.
3590 4334 3608 4366 ι
3649 4315 3756 4370 Sed
3780 4314 3901 4386 qui-

2301 4406 2424 4460 dam
2465 4407 2800 4474 suspicantur
2854 4406 2926 4460 ibi
2965 4421 3062 4476 pro
3114 4403 3411 4460 Stoicorum
3468 4406 3752 4477 legendum
3807 4422 3895 4462 es-

659 4517 803 4572 Falsi
836 4515 1059 4569 deorum
1087 4509 1260 4564 cultus
1289 4505 1409 4559 fons
1447 4503 1704 4573 origoque
1733 4502 1952 4556 uberior
1975 4501 2074 4556 fuit
2103 4501 2182 4556 in-
2217 4512 2270 4572 1)
2301 4513 2360 4553 se
2401 4499 2758 4552 historicorum
2805 4498 2944 4552 haud
2999 4498 3178 4562 dubie,
3228 4500 3354 4569 quia
3399 4498 3502 4555 hoc
3542 4514 3737 4554 nomen
3776 4515 3896 4553 ma-

597 4626 725 4670 sana
757 4608 1107 4664 Ethiiicoritm
1135 4600 1430 4673 persuasio,
1463 4613 1566 4667 qua
1596 4602 1702 4650 nan
1731 4596 1902 4650 soloin
1936 4596 2193 4664 praedica—

594 4709 743 4771 bant,
774 4703 867 4759 scd
897 4705 1058 4758 etiam
1081 4697 1448 4769 gloriabantur
1476 4694 1605 4747 deos
1635 4707 1760 4747 suos
1784 4690 1949 4747 fuisse
1971 4691 2189 4761 quidem

587 4803 855 4864 homines,
884 4796 976 4852 sed
1006 4795 1095 4866 qui
1124 4801 1339 4865 propter
1365 4789 1556 4846 collata
1587 4788 1704 4843 aliis
1741 4786 2046 4840 hominibus
2094 4786 2187 4840 be-

593 4898 805 4962 nefit-ia,
867 4893 1185 4966 egregiaque
1232 4887 1493 4950 facinora,
1556 4881 1834 4952 praemium
1893 4879 2189 4934 divinitatis

593 4991 864 5048 consecuti
900 4989 1140 5049 fuerant,
1199 4982 1310 5035 sive
1352 4993 1466 5044 eos,
1520 4983 1577 5030 ut
1623 4975 1698 5027 ait
1739 4971 2018 5055 Minucius,
2069 4989 2086 5022 i
2123 4971 2191 5025 ob

591 5087 780 5139 merita
830 5079 1061 5140 virtutis,
1110 5083 1200 5128 aut
1241 5072 1475 5127 muneris
1517 5067 1648 5122 deos
1693 5066 1922 5119 habitos.
1965 5086 1983 5116 ι
2015 5064 2190 5119 Testis

592 5176 815 5245 hujusce
842 5170 1063 5225 deorum
1087 5165 1325 5234 originis,
1358 5162 1501 5217 omni
1530 5161 1846 5230 exceptione
1873 5159 2060 5225 major,
2097 5172 2191 5212 n0-

591 5268 674 5322 bis
704 5277 785 5322 est
809 5265 1016 5325 Cicero,
1050 5261 1137 5330 qui
1168 5257 1296 5311 illud
1327 5257 1410 5309 his
1455 5253 1657 5318 verbis,
1693 5268 1720 5305 a
1750 5251 2028 5306 Lactantio
2055 5251 2188 5304 cita-

591 5361 679 5426 tie,
729 5358 924 5412 mirum
950 5357 1001 5410 in
1022 5353 1238 5407 modum
1281 5350 1582 5403 confirmat.
1619 5364 1638 5397 ‹
1675 5346 1919 5415 Suscepit
1958 5347 2063 5398 vita
2095 5345 2192 5398 lio-

585 5459 826 5519 minum,
871 5448 1061 5519 inquit,
1106 5442 1543 5510 cmisuetudoqiie
1571 5440 1892 5506 communis,
1926 5449 1985 5493 ut
2020 5439 2181 5494 bene-

587 5547 726 5602 ﬁciis
766 5542 1100 5600 excellentes
1145 5540 1290 5592 viros
1333 5536 1384 5589 in
1416 5534 1613 5589 coelum
1661 5534 1796 5587 fama
1826 5547 1887 5588 ac
1915 5532 2190 5587 voluntate

585 5641 852 5695 toiierent.
885 5637 1034 5693 Hinc
1057 5632 1332 5692 Hercules,
1368 5629 1489 5682 hinc
1517 5625 1710 5682 Castor
1739 5637 1795 5687 et
1825 5627 2034 5693 Pollux,
2065 5626 2188 5681 hinc

577 5728 921 5799 .Esculapitis,
993 5723 1116 5782 hinc
1145 5729 1280 5783 liber
1305 5722 1464 5776 etiam
1500 5739 1518 5770 ›
1551 5715 1690 5786 (Cic.
1724 5726 1814 5783 lib.
1843 5737 1878 5776 ιι
1905 5721 1967 5773 tle
1995 5719 2184 5775 Natur.

567 5817 739 5882 Βερνι,
765 5834 871 5893 pag.
923 5811 1075 5884 9°35,
1132 5821 1221 5877 lin.
1265 5812 1354 5879 15;
1399 5812 1658 5879 Lactant,
1691 5818 1780 5889 lib,
1824 5811 2040 5868 tlnstit.
2075 5827 2188 5882 cap.

2297 4596 2377 4663 gis
2423 4597 2710 4665 opponitur
2737 4597 3084 4665 subsequenti
3118 4595 3444 4664 sapientium.
3499 4595 3571 4652 At
3620 4610 3766 4651 mera
3814 4603 3897 4649 est

2297 4690 2625 4760 conjectura,
2681 4707 2779 4746 nec
2822 4707 2952 4746 sane
3006 4690 3120 4745 sola
3150 4691 3346 4746 sufficit
3384 4691 3449 4745 ad
3500 4688 3890 4760 explodendatn

2298 4785 2466 4838 nostri
2511 4782 2711 4838 codicis
2747 4784 3054 4849 lectionem,
3102 4799 3220 4852 quia
3259 4780 3535 4838 Ciceronis
3576 4784 3895 4838 auctoritate

2297 4878 2496 4932 firmari
2526 4877 2752 4933 videtur.
2780 4877 2878 4934 Ubi
2908 4877 3051 4936 enim
3081 4875 3319 4947 disputat
3345 4877 3620 4949 deiis,qui
3645 4876 3806 4942 «dii,»
3838 4884 3897 4930 ut

2296 4977 2411 5044 ipse
2437 4973 2689 5042 loquitur,
2721 4990 2738 5023 i
2777 4974 2878 5027 rite
2900 4979 3025 5028 sunt
3067 4971 3255 5039 habiti,
3296 4990 3316 5022 ι
3359 4979 3415 5026 et
3446 4972 3514 5026 de
3552 4985 3758 5042 magna;
3799 4983 3893 5023 co-

2297 5081 2415 5120 rum
2475 5065 2833 5121 multitudinis
2878 5065 3106 5135 origine,
3151 5064 3345 5119 ibidem
3379 5064 3574 5132 adjecit
3607 5082 3620 5116 :
3658 5083 3677 5115 ‹
3715 5064 3897 5133 Atque

2296 5159 2555 5215 liielocus
2605 5175 2634 5214 a
2664 5160 2879 5215 Zenone
2925 5168 3198 5223 tractatus,
3255 5167 3373 5229 post
3413 5175 3444 5214 a
3491 5159 3782 5222 Cleanthe,
3842 5167 3900 5213 et

2295 5252 2595 5323 Chrysippo
2623 5253 2860 5322 pluribus
2891 5254 3071 5308 verbis
3113 5252 3411 5322 explicatus
3436 5261 3521 5307 est
3552 5271 3571 5304 ι
3610 5251 3767 5324 (Cia,
3801 5250 3893 5305 lib.

2255 5376 2260 5381 ~
2295 5361 2331 5399 ll
2359 5346 2421 5399 de
2452 5343 2642 5399 litatur.
2676 5345 2815 5399 deor.
2838 5386 2853 5412 ,
2887 5361 3004 5415 pag.
3049 5344 3177 5409 225,
3209 5344 3299 5398 lin.
3335 5343 3406 5398 20
3431 5353 3477 5397 et
3504 5360 3639 5414 seqq.
3667 5343 3706 5414 ).
3755 5342 3900 5398 Con-

2295 5449 2401 5494 stat
2462 5450 2638 5494 autem
2690 5440 2959 5496 Zenonem
3007 5439 3308 5496 Stoicorum
3360 5439 3524 5495 fuisse
3575 5440 3896 5509 principem,

2296 5532 2503 5600 hosque
2534 5531 2674 5587 illius
2700 5531 3013 5602 discipulos,
3035 5533 3175 5588 sicut
3203 5531 3361 5587 docet
3387 5531 3654 5597 Laertius,
3679 5532 3770 5601 qui
3801 5546 3898 5586 ρο⁴

2295 5641 2412 5680 rum
2467 5625 2626 5680 vitam
2681 5627 2915 5696 scripsit,
2973 5641 3178 5698 nosque
3233 5626 3360 5681 alibi
3415 5624 3902 5680 animadvertimus

2293 5714 2487 5781 (Laert.
2524 5717 2613 5773 lib.
2645 5733 2716 5772 vu
2746 5718 2808 5771 de
2843 5717 2948 5772 Vit.
2999 5726 3046 5773 et
3093 5718 3319 5788 dogntat.
3372 5716 3692 5790 pliil050pli.,
3725 5717 3755 5789 §
3795 5717 3816 5772 l
3851 5725 3899 5773 et

2293 5826 2394 5880 seq.
2416 5810 2563 5867 Tom.
2604 5811 2894 5882 tApparat.
2929 5825 3048 5882 pag.
3077 5809 3260 5880 1125).
