4264 6258
361 392 467 454 557

1816 395 2289 455 DISSERTATIO.

3560 420 3668 479 558

434 516 550 569 Duo
577 521 839 585 prieterea
861 512 950 567 alii
980 518 1145 568 testes
1165 528 1193 568 a
1211 512 1442 569 Minucio
1466 522 1651 569 nostro
1681 514 1962 586 proferun—
1988 519 2041 577 Α
2069 515 2221 583 deos,
2247 527 2339 574 aut
2370 520 2631 577 meruisse
2658 520 3009 579 divinitatem.
3058 525 3192 582 Nam
3226 528 3451 600 ipsemet
3478 531 3670 594 Cicero

363 618 473 672 tur,
496 616 548 662 et
576 609 718 673 prior
738 604 954 677 quidem
981 626 993 659 :
1019 625 1036 656 ι
1066 605 1327 662 Prodicus
1341 617 1665 679 assumptus,
1687 609 1875 677 inquit,
1903 612 1955 664 in

362 700 497 757 deos
528 700 782 770 loquitur,
833 700 920 769 qui
949 698 1179 754 errando
1222 700 1453 755 inventis
1491 702 1643 757 novis
1695 700 1955 772 frugibus,

362 794 576 849 utilitati
608 792 883 846 hominum
914 792 1205 859 profecere.
1240 812 1259 845 ›
1294 792 1480 849 Nonne
1500 803 1675 849 autem
1703 793 1819 849 hmo
1868 794 1960 851 ille

361 885 618 941 delibavit
643 900 710 939 ex
739 882 885 938 hisce
910 881 1186 939 Ciceronis
1210 885 1387 939 verbis
1418 903 1430 939 :
1467 904 1485 938 ε
1515 885 1772 942 Prodicus
1794 886 1962 943 Chius

361 993 445 1042 ea,
477 992 598 1047 qtne
624 975 941 1046 prodessent
969 975 1243 1030 hominum
1276 976 1418 1044 vita},
1446 977 1667 1033 deorum
1690 979 1741 1034 in
1772 996 1963 1036 nume-

362 1086 424 1126 ro
447 1069 626 1124 habita
666 1083 789 1124 esse
831 1068 1003 1123 dixit?
1042 1088 1060 1119 ι
1102 1069 1220 1122 Alio
1270 1069 1443 1124 adhuc
1486 1070 1538 1124 in
1587 1070 1722 1125 libro
1765 1071 1960 1139 refert,

365 1162 490 1233 quid
521 1161 585 1216 de
612 1176 677 1216 eo
719 1160 1019 1231 Xenophon
1047 1159 1282 1229 tradidit,
1316 1161 1562 1234 huncque
1590 1162 1964 1234 Xenophontis

367 1256 544 1312 locum
581 1255 705 1311 alibi
754 1256 1054 1310 notavimus
1081 1253 1253 1326 (Cia,
1289 1254 1377 1309 lib.
1409 1273 1425 1311 ι
1462 1258 1525 1312 de
1558 1256 1750 1311 Natur.
1794 1260 1963 1326 deor.,

368 1369 489 1422 pag.
518 1349 654 1415 212,
685 1351 777 1405 lin.
812 1348 992 1417 72,331
1020 1350 1108 1404 lib.
1158 1368 1172 1405 ι
1203 1350 1267 1404 de
1308 1348 1479 1421 0/ﬁc.,
1522 1368 1641 1425 pag.
1684 1351 1811 1420 567,
1869 1353 1961 1408 lin.

371 1443 468 1510 19;
496 1442 639 1497 Tom.
675 1443 723 1498 1.
750 1442 1000 1513 Apparat.
1031 1461 1149 1515 pag.
1195 1442 1381 1516 i245).

438 1534 717 1592 Secundus
747 1536 815 1589 ab
841 1546 1062 1591 auctore
1084 1548 1270 1591 nostro
1294 1538 1629 1607 appellaturi
1660 1538 1912 1607 Perseus,
1946 1561 1966 1594 ι

370 1644 463 1683 seu
483 1628 750 1692 Perszeus,
789 1646 807 1679 ι
843 1629 933 1699 qui
967 1628 1015 1681 in
1044 1627 1343 1694 eamdem,»
1381 1629 1455 1683 uti
1485 1629 1581 1698 ait,
1608 1648 1626 1682 ‹
1656 1632 1975 1689 sententiam

374 1720 804 1791 philosophatur.
836 1734 889 1776 et
914 1722 1149 1776 annectit
1175 1722 1422 1777 inventas
1448 1720 1650 1794 fruges,
1682 1734 1735 1779 et
1757 1724 1970 1796 frugum

373 1815 606 1885 ipsarum
649 1825 952 1886 repertores
1006 1815 1194 1871 iisdem
1240 1816 1581 1885 nominibus,
1637 1828 1694 1874 ut
1735 1821 1974 1875 comicus

2061 622 2182 681 post
2205 612 2365 667 citata
2396 629 2425 667 a
2464 614 2618 669 nobis
2643 616 2801 685 paulo
2831 626 2954 672 ante
2980 618 3047 673 de
3074 619 3300 676 Prodico
3324 625 3507 694 verba,
3541 643 3668 684 con-

2064 704 2213 758 tinuo
2262 705 2586 775 subjunxit:
2623 728 2645 759 ι’
2675 708 2844 774 Quam
2888 710 3100 766 tandem
3142 714 3475 785 religionem,
3515 740 3533 772 ι
3580 724 3671 780 ille

2061 794 2339 861 Prodicus,
2371 817 2389 849 ‹
2420 799 2709 868 relinquit?
2744 818 2762 851 ι
2798 799 2955 872 (Cic.,
2980 803 3066 857 lib.
3101 820 3135 858 ll
3177 806 3241 860 de
3270 806 3462 865 Nalur.
3496 814 3666 878 deor..

2063 903 2182 957 pag.
2215 887 2351 956 212,
2386 890 2477 945 lin.
2534 891 2650 963 54.)
2704 892 2922 964 llejecto
2968 896 3227 967 siquidem
3261 916 3386 956 vero
3411 904 3538 973 Dio,
3572 904 3677 960 fal-

2065 979 2247 1049 sisque
2280 981 2620 1051 introductis,
2669 985 2813 1039 nulla
2847 986 3005 1057 plane
3030 989 3237 1061 religio,
3264 994 3356 1047 sed
3394 1012 3520 1050 vana
3556 1006 3673 1053 tau-

2069 1080 2179 1125 tum
2204 1075 2518 1143 superstitio
2546 1090 2665 1132 esse
2706 1088 2900 1146 potest.
2957 1083 3025 1135 At
3065 1081 3108 1135 si
3154 1098 3335 1139 rerum
3361 1085 3673 1147 hominibus

2067 1164 2275 1218 utilium
2308 1165 2617 1221 inventores
2643 1167 2716 1222 dii
2748 1184 2867 1224 esse
2896 1186 3001 1225 nou
3032 1186 3277 1242 possunt,
3304 1179 3472 1232 multo
3494 1188 3675 1239 minus

2068 1270 2154 1309 res
2178 1256 2244 1310 ab
2265 1257 2383 1311 aliis
2412 1260 2663 1314 iuventae.
2702 1279 2719 1311 ί
2756 1261 2914 1329 Quid,
2952 1282 2970 1315 ι
3004 1281 3235 1336 namque
3261 1288 3278 1318 ε
3313 1271 3615 1339 absurdius,
3649 1295 3671 1327 ι

2068 1347 2143 1401 ait
2169 1346 2343 1403 adhuc
2370 1348 2580 1416 Cicero,
2617 1370 2635 1402 ‹
2675 1368 2831 1422 quam
2868 1362 2961 1408 aut
2987 1370 3073 1409 res
3104 1357 3368 1423 sordidas,
3396 1371 3557 1432 atque
3580 1364 3679 1420 de-

2072 1436 2294 1506 formes,
2316 1440 2535 1496 deorum
2553 1458 2675 1498 esse
2695 1444 2963 1500 vocabulis
2978 1449 3298 1516 nominatas,
3321 1462 3412 1505 aut
3430 1452 3678 1509 homines

2068 1532 2179 1602 jam
2212 1545 2385 1591 morte
2420 1535 2647 1603 deletos,
2676 1554 2939 1609 reponere
2978 1542 3027 1595 in
3060 1543 3209 1607 deos,
3243 1562 3469 1616 quorum
3502 1552 3681 1607 omnis

2075 1627 2249 1682 cultus
2276 1627 2480 1684 futurus
2502 1638 2648 1685 esset
2670 1632 2720 1685 in
2747 1632 2889 1687 luctu
2909 1631 3070 1704 (Ibid.
3098 1654 3217 1707 pag.
3241 1636 3342 1693 201
3364 1681 3380 1703 ,
3405 1640 3500 1695 lin.
3522 1640 3675 1710 21).»

2077 1720 2220 1777 Nihil
2244 1732 2422 1778 autem
2448 1740 2509 1778 ea
2546 1727 2812 1780 sententia
2851 1728 3051 1795 verius,
3094 1730 3528 1801 quandoquidem
3556 1745 3684 1791 ante

2074 1813 2342 1884 quaslibet
2371 1830 2455 1872 res
2487 1816 2752 1885 inventas,
2811 1832 2875 1873 ac
2916 1820 3185 1890 quoslibet
3223 1838 3406 1878 earum
3434 1826 3685 1882 invento-

378 1924 556 1964 sernto
600 1919 681 1965 est
715 1909 979 1966 Venerem
1010 1912 1125 1965 sine
1162 1909 1358 1965 Libero
1382 1922 1436 1967 et
1468 1911 1667 1968 Cerere
1691 1912 1908 1985 frigere.
1952 1931 1972 1965 ›
2008 1897 2057 1958 Β
2085 1923 2191 1975 res,
2222 1919 2418 1965 creata:
2447 1912 2634 1982 procul
2656 1911 2819 1967 dubio
2840 1913 3028 1978 abillo
3054 1915 3287 1985 fuerant,
3312 1921 3401 1990 qui
3429 1923 3691 1978 mundum

380 2005 633 2062 Comicus
665 2014 838 2061 autem
869 2004 1154 2062 Terentius
1184 2007 1410 2061 cecinit:

507 2118 740 2179 Verbum,
767 2118 956 2176 hercle.
980 2120 1075 2170 hoc
1092 2132 1265 2169 verum
1289 2124 1369 2170 est
1394 2135 1405 2167 :

504 2180 624 2231 Sine
641 2181 822 2232 Libero
845 2189 897 2231 et
921 2180 1108 2233 Cerere
1154 2182 1304 2244 friget
1336 2180 1526 2232 Venus.

875 2265 1120 2330 (Tereut.,
1147 2265 1367 2315 Emme/1.
1394 2272 1490 2316 act.
1518 2264 1564 2315 t'v
1589 2280 1719 2317 scen.
1748 2267 1820 2329 5.)

382 2379 449 2433 At
481 2377 550 2433 ibi
582 2375 711 2432 illud
743 2376 810 2432 ab
830 2376 935 2431 alio
959 2376 1135 2431 adhuc
1163 2375 1505 2448 desutuptom
1532 2392 1653 2434 esse
1692 2378 1977 2449 significat.

384 2475 428 2528 A
458 2488 562 2544 quo
592 2482 793 2538 autem,
838 2472 937 2527 nisi
968 2472 1034 2527 ab
1066 2470 1344 2543 Euripide,
1405 2472 1558 2543 cujus
1584 2482 1668 2529 est
1708 2473 1809 2531 hoc
1844 2492 1983 2546 grae-

383 2582 503 2623 cum
534 2566 796 2622 carmen?

537 2690 672 2741 Ναρὺν
695 2680 881 2742 Ambit!)
897 2692 1068 2729 Διωνύσου
1093 2686 1197 2742 δίκα,
1213 2690 1275 2728 καὶ
1298 2692 1498 2742 Δήμητρος.

536 2761 730 2812 Mortua
751 2768 829 2812 est
846 2760 1034 2821 Venus,
1063 2763 1172 2812 sine
1195 2762 1408 2821 Baccho,
1430 2761 1703 2813 etCerere.

384 2869 515 2938 Quae
541 2879 721 2925 autem
753 2869 820 2924 de
848 2868 1047 2925 Perseo
1089 2869 1271 2925 retulit
1307 2868 1591 2935 Minucius,
1633 2870 1824 2925 hausta
1848 2885 1985 2941 quo-

386 2977 493 3033 que
519 2962 749 3029 fuerant,
790 2962 928 3016 sicut
956 2960 1252 3031 superiora,
1292 2976 1358 3015 ex
1383 2960 1573 3017 eodem
1605 2961 1741 3017 libro
1767 2960 1987 3019 Cicero-

386 3055 472 3109 nis
502 3070 532 3109 a
561 3055 713 3110 nobis
737 3054 848 3124 jam
875 3054 1060 3121 citato,
1107 3052 1196 3107 ubi
1232 3051 1347 3107 haec
1376 3053 1605 3124 legimus
1642 3072 1655 3111 :
1702 3073 1722 3106 ι
1756 3054 1986 3111 Perseus

384 3146 617 3202 Zenonis
665 3145 906 3212 auditor,
946 3164 966 3198 ι
1003 3145 1144 3201 sicut
1193 3145 1355 3200 etiam
1408 3144 1670 3211 Laertius,
1716 3146 1801 3204 vel
1849 3149 1991 3203 sicut

384 3237 677 3293 Athenaeus
705 3237 797 3303 ait,
819 3235 1068 3300 famulus,
1105 3255 1126 3289 ‹
1159 3250 1252 3291 eos
1291 3236 1420 3291 dicit
1447 3251 1567 3292 esse
1596 3237 1808 3293 habitos
1846 3238 1985 3295 deos

385 3347 416 3386 a
441 3331 633 3403 quibus
656 3345 845 3401 magna
874 3329 1077 3385 utilitas
1098 3329 1164 3383 ad
1193 3330 1316 3384 vitae
1341 3330 1539 3385 cultum
1565 3339 1710 3385 esset
1732 3331 1981 3400 inventa;

384 3424 635 3495 ipsasque
664 3440 752 3479 res
780 3423 959 3490 utiles,
1019 3431 1074 3478 et
1115 3421 1378 3478 salutares
1406 3422 1627 3479 deorum
1675 3440 1796 3481 esse
1826 3440 1986 3481 voca-

386 3516 527 3572 bulis
557 3524 911 3587 nuncupatas,
954 3523 1011 3571 ut
1059 3530 1128 3570 ne
1153 3515 1256 3570 hoc
1283 3515 1497 3585 quidem
1528 3515 1735 3573 diceret
1772 3517 1864 3572 illa
1904 3518 1987 3572 in-

385 3620 542 3665 venta
582 3624 703 3666 esse
750 3610 995 3674 deorum,
1035 3607 1129 3664 sed
1159 3608 1273 3678 ipsa
1302 3607 1479 3663 divina
1511 3630 1530 3661 ›
1562 3609 1732 3680 (ϐία,
1764 3610 1853 3665 lib.
1886 3626 1901 3664 ι
1932 3610 1996 3666 de

2087 2011 2141 2057 et
2175 2017 2364 2059 oumes
2389 2015 2668 2062 creaturas
2707 2006 2966 2075 condidit,
3011 2009 3265 2081 solusque
3297 2012 3497 2071 idcirco
3545 2016 3689 2073 Deus

2088 2108 2209 2150 esse
2240 2105 2434 2165 potest.
2479 2097 2609 2167 Quis
2633 2114 2762 2171 ergo
2782 2115 2889 2156 non
2932 2102 3212 2159 mirabitur
3241 2104 3385 2162 hunc
3414 2107 3466 2163 in
3498 2110 3688 2178 primis

2089 2202 2159 2242 ex
2190 2191 2610 2259 corruptissimis
2637 2193 2870 2248 fontibus
2892 2211 3054 2250 unum
3082 2211 3221 2262 esse,
3239 2214 3303 2253 ex
3323 2216 3428 2267 quo
3452 2203 3690 2257 manavit

2089 2277 2390 2335 idololatria
2417 2282 2719 2354 impiosque
2760 2284 3017 2343 falsorum
3058 2289 3279 2347 deorum
3313 2292 3487 2350 cultus
3519 2304 3692 2352 totum

2086 2377 2347 2428 terrarum
2370 2374 2557 2430 orbem
2602 2377 2898 2433 inundavit.

2696 2503 2992 2547 ARTICULUS
3032 2508 3090 2548 ll.

2084 2599 2433 2656 Examinatur
2463 2602 2683 2658 Minucii
2701 2603 3057 2676 argumentum
3078 2625 3177 2679 quo
3206 2613 3365 2680 falsos
3394 2630 3501 2670 esse
3526 2616 3693 2686 gentl-

2157 2696 2285 2750 lium
2312 2697 2432 2752 deos
2454 2698 2631 2767 probat
2657 2715 2721 2753 ea:
2746 2716 2918 2754 eorum
2948 2714 3082 2771 ortu,
3115 2706 3301 2774 patria,
3327 2719 3506 2775 morte,
3522 2710 3697 2779 sepul-

2160 2791 2316 2859 chris,
2347 2808 2406 2844 ac
2437 2794 2714 2862 prwscrtim
2741 2792 2886 2849 lovis
2915 2794 3118 2863 Diclcei,
3148 2798 3404 2869 Apollinis
3432 2801 3691 2873 Delphici,

2157 2882 2320 2939 Isidis
2346 2882 2557 2940 Phariae
2577 2928 2590 2950 ,
2619 2895 2664 2940 et
2691 2885 2967 2943 Eleusinia:
2991 2888 3208 2945 Cereris.

2161 3044 2282 3100 Alio
2327 3044 2504 3099 adhuc
2556 3043 2820 3100 Minucius
2867 3057 3181 3117 argumento
3232 3049 3471 3107 funditus
3507 3054 3706 3111 evertit

2092 3137 2272 3194 ﬁctam
2302 3153 2332 3192 a
2366 3138 2659 3208 gentilibus
2675 3140 2915 3194 omnium
2949 3142 3226 3198 nmninum
3254 3159 3472 3200 suorum
3503 3147 3705 3203 divini-

2089 3238 2275 3288 tatem.
2333 3232 2420 3287 Ab
2463 3232 2529 3287 iis
2559 3241 2738 3288 autem
2782 3233 2909 3291 illud
2938 3249 3149 3289 rursum
3178 3236 3551 3308 deprompsit,
3581 3256 3705 3310 quae

2089 3324 2164 3379 illi
2211 3324 2315 3394 ipsi
2370 3323 2442 3379 de
2497 3324 2812 3380 earumdem
2856 3324 3081 3380 deorum
3136 3342 3354 3382 suorum
3405 3330 3700 3401 natalibus,

2090 3416 2261 3486 patria
2291 3423 2345 3470 et
2374 3413 2677 3484 sepulchris
2706 3415 3006 3485 tradebant,
3037 3433 3101 3471 ac
3127 3434 3416 3489 numquam
3438 3437 3541 3477 non
3570 3438 3702 3478 ven-

2090 3509 2351 3564 ditabant.
2373 3510 2601 3565 Necesse
2626 3509 2983 3581 proculdubio
3011 3526 3117 3565 non
3145 3522 3280 3577 erat,
3313 3520 3371 3567 ut
3396 3513 3450 3567 id
3475 3529 3581 3584 quo
3609 3514 3707 3570 mi-

2092 3601 2243 3657 rifice
2265 3601 2653 3672 gloriabantur,
2674 3601 3005 3671 probandum
3028 3606 3349 3673 susciperet.
3373 3604 3589 3661 Testem
3617 3607 3701 3662 ni-

390 3701 584 3757 Natur.
615 3704 780 3765 deor.,
808 3702 1051 3774 pag.20!
1077 3743 1092 3767 ,
1114 3702 1208 3757 lin.
1230 3701 1317 3766 l8;
1347 3701 1546 3769 Laert.,
1577 3703 1664 3758 lib.
1692 3718 1788 3770 vn,
1810 3705 1866 3759 in
1890 3706 1988 3760 vita

2088 3694 2378 3750 hilominus
2407 3695 2706 3765 vademque
2732 3696 3093 3752 certissimum
3141 3697 3507 3753 Euhemerum
3544 3699 3700 3756 hisee

390 3793 655 3865 Zenou.,§
684 3795 751 3849 15
770 3795 930 3862 etii-5;
950 3795 1159 3862 Athen.,
1179 3796 1270 3851 lib.
1288 3812 1338 3850 tv
1365 3794 1714 3868 DeipnosOplt.
1744 3813 1857 3869 cap.
1900 3798 1988 3862 Π,

392 3902 514 3958 pug.
550 3885 695 3958 162).
744 3885 814 3941 At
841 3902 908 3942 ex
941 3888 1099 3942 citato
1126 3887 1299 3943 Latini
1326 3898 1379 3943 et
1422 3888 1593 3944 Graeci
1618 3898 1789 3958 poetm
1828 3903 1989 3944 versu

390 3975 551 4032 facile
593 3977 901 4048 intelligitur
939 3993 966 4031 a
997 3978 1226 4034 Minucio
1272 3988 1455 4035 nostro
1496 3991 1618 4049 post
1666 3979 1988 4037 Ciceronem

389 4069 661 4141 designari
707 4070 1041 4140 potissimum
1082 4070 1336 4128 Cererem
1365 4080 1414 4127 et
1454 4071 1749 4139 Bacchum,
1781 4072 1870 4140 qui
1902 4078 1989 4128 res

388 4162 665 4219 hominum
694 4164 820 4233 vita:
842 4165 1082 4221 omnium
1110 4165 1421 4221 utilissimas
1450 4165 1718 4221 invenisse
1741 4166 1986 4222 fereban-

388 4265 495 4314 tur.
541 4256 881 4328 Quapropter
924 4257 1295 4328 Athenagoras
1340 4256 1557 4313 eosdem
1595 4256 1859 4312 Ethnioos
1903 4273 1991 4312 ar-

387 4352 520 4422 guit,
552 4352 640 4422 qui
690 4351 975 4416 elementa,
1002 4366 1300 4422 eorumque
1348 4358 1526 4421 partes
1577 4350 1857 4417 deiﬁcant,
1910 4357 1989 4405 Τὰ.

2096 3787 2441 3859 lodidemque
2484 3789 2661 3845 verbis
2698 3789 2848 3846 dedit
2877 3805 2891 3842 :
2944 3808 2963 3841 ι
2996 3790 3336 3846 Euhemerus
3360 3793 3696 3863 exsequitur,

2093 3892 2345 3937 eteorum
2362 3881 2588 3947 natales,
2618 3883 2841 3951 patrias,
2862 3883 3149 3952 sepulchra
3172 3882 3495 3951 dinumerat,
3518 3898 3571 3941 et
3593 3903 3695 3958 per

2091 3976 2395 4044 provincias
2423 3984 2705 4030 monstrat.
2748 3996 2767 4026 ι
2801 3974 3066 4029 Ρισωνίυηι
3097 3984 3275 4029 autem
3305 3976 3376 4032 ibi
3405 3993 3556 4035 more
3593 3994 3697 4035 suo

2088 4069 2242 4140 sequi
2276 4069 2485 4125 videtur
2523 4069 2861 4134 Ciceronem,
2891 4069 2982 4138 qui
3018 4087 3037 4120 ι
3072 4069 3141 4124 ab
3169 4069 3509 4138 Euhemero,
3547 4092 3566 4124 ι
3600 4075 3686 4129 in-

2089 4162 2233 4233 quit,
2270 4180 2289 4214 ε
2323 4170 2378 4217 et
2406 4169 2640 4223 mortes,
2668 4170 2724 4216 et
2761 4159 3048 4229 sepulturze
3084 4159 3522 4218 demonstrantur
3561 4164 3695 4220 deo-

2086 4270 2205 4310 rum
2243 4275 2262 4308 ι
2322 4254 2541 4324 (Cicer.
2589 4254 2679 4310 lib.
2726 4271 2744 4310 ι
2800 4254 2864 4308 dc
2911 4253 3102 4309 Natur.
3159 4254 3325 4321 deam,
3373 4271 3495 4329 pag.
3556 4258 3694 4327 H2,

2090 4348 2186 4402 lin.
2219 4348 2287 4402 57
2318 4347 2358 4415 ).
2427 4346 2531 4402 Iste
2566 4360 2695 4402 vero
2725 4346 3092 4413 Euhemerus,
3134 4346 3179 4400 si
3209 4345 3313 4402 hoe
3341 4349 3480 4405 scire
3503 4364 3694 4420 aveas,

407 4448 623 4514 στοιχεῖα.
650 4451 731 4501 καὶ
759 4452 825 4499 τὰ
847 4447 997 4516 μόρια.
1029 4449 1182 4503 αὐτῶν
1201 4451 1488 4511 θεοποιοῦσι,
1519 4459 1583 4500 ac
1608 4443 1730 4501 vilis
1758 4445 1987 4501 fructum

2088 4456 2296 4512 griecus
2324 4440 2421 4495 fuit
2450 4441 2701 4510 scriptor,
2734 4456 2894 4511 quem
2927 4439 3017 4494 alii
3051 4441 3219 4510 patria
3253 4439 3689 4511 Agrigentinum,

388 4534 657 4592 Bacchum
704 4537 997 4608 appellant,
1059 4538 1328 4608 vitemque
1378 4538 1546 4607 ipsam
1594 4537 1885 4604 S‘emelem,
1937 4546 1992 4593 et
2090 4535 2178 4589 alii
2206 4533 2550 4600 Messenioni,
2574 4534 2791 4603 quidam
2818 4533 3009 4600 Coum,
3042 4544 3200 4604 atque
3220 4535 3381 4589 etiam
3404 4535 3694 4606 Tegeatem

388 4628 590 4686 fulmen
610 4638 798 4685 aestum
844 4628 1005 4695 SOIlS,
1037 4640 1113 4685 τὸν
1136 4636 1185 4685 δὲ
1208 4647 1293 4695 τῆς
1317 4634 1537 4700 ἀμπέλου
1557 4642 1736 4703 καρπὸν
1754 4637 1988 4701 Διόνυσον,

2093 4627 2458 4684 crediderunt.
2493 4628 2651 4684 Flora
2679 4638 2859 4682 autem
2891 4626 3235 4682 historiarum
3267 4630 3572 4697 composuit
3601 4644 3697 4686 vo-

391 4733 475 4777 καὶ
505 4730 709 4788 Σεμέλην
743 4728 895 4778 uti???»
932 4733 1020 4782 τὶν
1046 4726 1275 4792 ἄμπελον,
1297 4727 1380 4779 καὶ
1404 4734 1623 4795 κεραυνὸν
1642 4737 1729 4781 τὴν
1751 4736 1835 4783 τοῦ
1855 4735 1988 4787 ἡλίου

2092 4719 2317 4785 lumina,
2349 4719 2441 4776 ubi
2481 4733 2566 4781 ea.
2596 4728 2718 4789 quze
2745 4734 2772 4772 a
2803 4717 3065 4774 Cicerone
3104 4718 3446 4788 Minucioque
3485 4736 3696 4776 memo-

390 4815 542 4885 φλόγα
563 4812 833 4886 (Athenag.
863 4814 1013 4886 legat.
1042 4832 1138 4885 pro
1177 4813 1459 4871 Christian.
1486 4832 1604 4888 pag.
1635 4817 1753 4889 24).
1818 4819 1989 4883 Quam

391 4903 648 4960 audacter
690 4921 817 4960 vero
847 4906 1048 4961 ethnici
1075 4906 1259 4962 Cereri
1289 4906 1498 4978 frugum
1536 4917 1588 4963 et
1613 4909 1722 4964 vini
1754 4909 1989 4976 Baccho,

394 4999 468 5054 uti
494 5008 676 5056 narrat
713 5000 976 5057 Diodorus
1004 5002 1236 5066 Siculus.
1264 5002 1490 5074 aliisque
1517 5004 1742 5059 aliarum
1784 5020 1985 5074 rerum,

394 5090 701 5147 hominibus
750 5093 979 5159 utilium,
1041 5094 1402 5150 inventionem
1453 5095 1757 5162 tribuerint,
1806 5097 1857 5151 in
1901 5111 1989 5153 se~

394 5185 677 5251 quentibus
704 5187 906 5241 nostris
931 5187 1401 5243 dissertationibus
1433 5188 1781 5245 oStendemus
1818 5188 1991 5261 (Dio-

394 5276 508 5329 dor.
531 5276 725 5343 Sicul.,
763 5277 851 5331 lib.
879 5294 933 5332 Ill
964 5277 1234 5344 Biblioth.,
1273 5296 1394 5350 pag.
1424 5280 1551 5348 ΜΞ,
1586 5289 1633 5335 ει
1663 5282 1752 5335 lib.
1788 5297 1840 5347 v,
1871 5299 1989 5353 pag.

393 5365 538 5435 252;
570 5366 760 5425 Dissert
790 5370 843 5424 in
876 5369 1093 5437 Arnob.,
1143 5388 1258 5442 cap.
1308 5370 1362 5436 9,
1394 5379 1494 5426 art.
1536 5370 1605 5437 2;
1636 5371 1689 5426 in
1736 5370 1991 5439 Laclant.,

394 5475 512 5530 cap.
542 5460 634 5525 30,
673 5470 772 5517 art.
807 5463 874 5527 5;
896 5462 950 5516 in
980 5461 1306 5529 Tertullian.,
1339 5480 1453 5533 cap.
1497 5463 1590 5529 25,
1619 5472 1718 5517 art.
1752 5465 1832 5533 5).
1888 5462 1999 5519 Nec

398 5550 577 5606 minus
620 5554 904 5624 perspicue
950 5555 1441 5613 demonstrabimus
1480 5570 1638 5626 quam
1682 5564 1826 5611 recte
1865 5554 2004 5609 anti-

397 5642 645 5712 quissimi
695 5649 860 5702 nostri
916 5649 1227 5719 scriptores,
1275 5649 1431 5705 sicuti
1483 5647 1745 5703 Minucius
1794 5656 2000 5713 noster,

401 5734 751 5805 prohaverint
774 5754 803 5793 a
852 5742 1007 5800 nullo
1025 5759 1172 5800 same
1201 5745 1397 5799 mentis
1422 5743 1661 5804 homine.
1701 5758 1767 5797 ex
1797 5741 1883 5797 his
1921 5741 2007 5797 vel

402 5829 527 5884 aliis
581 5832 1007 5907 quibuscumque
1050 5837 1327 5901 beneﬁciis
1374 5838 1475 5893 sibi
1528 5834 1759 5905 collatis,
1817 5832 2012 5893 conﬁci

408 5938 571 5996 posse
602 5940 717 5997 eos,
767 5945 797 5983 a
827 5931 1023 6001 quibus
1053 5943 1264 6003 reperta
1312 5948 1411 5991 nec
1457 5942 1637 5991 creata
1690 5940 1837 6001 sunt,
1891 5946 2015 5989 esse

2094 4820 2299 4875 rantur,
2332 4811 2522 4867 litteris
2551 4811 2847 4867 mandavit.
2879 4810 3098 4880 Legesis
3125 4810 3494 4876 Plutarchum,
3520 4813 3693 4868 Athe-

2095 4920 2291 4968 naeum,
2325 4903 2622 4969 Eliauum,
2654 4903 3034 4972 Augustinum,
3066 4900 3490 4968 Theodoretum,
3526 4903 3699 4957 alios—

2093 5016 2197 5071 que
2248 5015 2277 5053 a
2333 5000 2490 5053 nobis
2540 4998 2593 5051 in
2654 4996 2919 5065 superiori
2967 4994 3276 5062 Apparatus
3323 4995 3491 5050 nostri
3542 5004 3690 5051 tomo

2094 5094 2287 5148 citatos
2328 5089 2628 5164 (Plutarch.
2687 5088 2775 5143 lib.
2832 5088 2897 5142 dc
2942 5085 3077 5140 Isid.
3122 5095 3170 5140 et
3202 5084 3364 5146 Osir..
3400 5102 3520 5157 pag.
3564 5085 3696 5153 560;

2095 5188 2319 5251 Athen.,
2366 5185 2459 5239 lib.
2514 5199 2623 5247 xw,
2680 5181 3074 5250 DeipnosOph.,
3125 5195 3242 5249 pag.
3302 5179 3409 5236 658
3441 5198 3455 5243 ;
3485 5179 3691 5235 Elian.

2096 5279 2189 5335 lib.
2224 5295 2260 5332 It
2294 5274 2421 5331 Var.
2456 5275 2600 5339 hist.,
2660 5289 2780 5341 cap.
2813 5272 2906 5337 52;
2943 5272 3246 5340 Augustin.,
3276 5272 3366 5327 lib.
3393 5289 3410 5326 ι
3437 5273 3500 5327 de
3529 5272 3702 5327 Evano

2099 5376 2224 5446 gcl.,-
2245 5389 2364 5443 cap.
2386 5371 2478 5434 25;
2495 5366 2795 5435 'l‘heodor.,
2824 5383 2987 5423 serm.
3005 5368 3060 5433 ὅ,
3085 5368 3149 5423 de
3174 5368 3381 5436 Angel..
3407 5385 3523 5440 pag.
3550 5369 3702 5440 506).

2100 5468 2178 5523 Ibi
2211 5476 2388 5521 autem
2433 5464 2841 5520 observavimus
2884 5462 3028 5517 hunc
3071 5462 3436 5520 Euhemerum
3482 5482 3510 5518 a
3556 5465 3702 5521 mul-

2105 5561 2173 5616 tis
2224 5559 2505 5615 atheorum
2565 5569 2822 5620 numero,
2890 5552 3029 5608 haud
3085 5554 3247 5609 dubie
3310 5565 3525 5624 propter
3584 5556 3707 5610 illas

2108 5652 2333 5709 deorum
2376 5648 2666 5712 historias,
2709 5645 2873 5703 fuisse
2919 5644 3272 5716 adscriptum.
3333 5645 3439 5702 Sed
3495 5645 3545 5702 id
3595 5662 3711 5703 non

2110 5744 2422 5818 prohibuit,
2476 5741 2763 5812 quominus
2793 5739 3027 5804 Ennius,
3056 5740 3143 5814 puti
3172 5739 3397 5808 Cicero,
3430 5748 3484 5797 et
3524 5750 3714 5811 postea

2114 5835 2438 5906 Augustinus
2464 5831 2631 5897 aiunt,
2658 5831 2775 5901 eius
2803 5830 2971 5886 libros
2994 5830 3381 5902 interpretatus
3407 5833 3498 5900 sit,
3531 5847 3703 5901 eaque

2116 5945 2244 5988 vera
2272 5928 2400 5996 sint,
2431 5941 2553 5998 quae
2593 5924 2663 5982 de
2693 5924 2910 5983 illorum
2957 5923 3186 5984 deorum
3219 5926 3504 5994 natalibus,
3552 5925 3714 5986 rebus
