4242 6222
573 301 677 362 559

1934 290 2022 346 DE
2063 285 2314 344 MlNlell
2355 285 2656 342 OCTAVIO

3770 285 3878 342 560

573 427 757 497 gestis,
793 423 1076 488 mortibus,
1102 428 1155 476 et
1181 419 1483 489 sepulchris
1515 425 1826 474 narraverat
1847 415 2167 489 (CicerJoc.
2199 415 2250 475 Α
2279 416 2556 479 sequestro
2596 406 2711 475 ejus
2755 403 3025 476 Cypriane
3054 411 3443 470 memoratum,
3476 403 3615 475 quod
3646 414 3875 474 spectat,

572 520 693 581 cit.;
717 516 1073 589 August.,lib.
1096 531 1168 569 vn
1199 516 1261 568 de
1281 513 1454 580 Civit.,
1479 528 1597 581 cap.
1634 513 1717 579 l7,
1749 512 1775 583 §
1809 527 1844 577 ι,
1877 526 1993 580 pag.
2021 509 2172 575 183).

645 615 908 669 Minucius
934 627 1094 682 porro
1124 627 1189 667 ex
1219 612 1282 665 iis
1304 653 1318 678 ,
1346 626 1464 680 qua)
1495 610 1581 662 ille
1611 621 1815 678 graecus
1845 606 2075 674 scriptor
2106 604 2175 658 de

571 707 794 764 deorum
824 716 943 760 ortu
972 747 986 770 ,
1014 705 1185 775 patria
1209 746 1223 765 ,
1253 713 1304 758 et
1339 700 1636 771 sepulchris
1662 699 1891 764 dixerat,
1921 695 2173 750 nonnulla

570 810 775 855 tantum
808 796 1156 866 perstringit,
1191 793 1442 849 nimirum
1479 813 1497 844 ‹
1539 791 1718 846 Dictaei
1746 791 1892 845 Jovis
1918 829 1932 851 ,
1967 787 2173 858 Apolli-

569 893 654 947 nis
686 890 958 960 Delphici,
999 887 1206 941 Pharia:
1233 886 1422 949 Isidis,
1455 895 1509 941 et
1547 883 1760 939 Cereris
1806 881 2108 937 Eleusiniae
2147 900 2166 932 ι

571 986 722 1042 Dicta
766 992 967 1047 autem,
1007 993 1104 1034 seu
1134 978 1284 1032 Dicte
1311 992 1465 1031 mons
1497 977 1547 1030 in
1577 976 1734 1030 Creta
1766 973 1935 1053 insula
1967 980 2050 1027 est
2071 1014 2084 1036 ,
2119 972 2171 1027 in

569 1077 722 1145 cujus
748 1083 905 1129 antro
932 1073 1060 1141 Ops,
1091 1085 1185 1125 seu
1219 1069 1365 1124 Rhea
1389 1111 1403 1136 ,
1429 1069 1645 1124 Saturni
1679 1082 1831 1131 uxor,
1857 1065 2041 1121 Jovem
2075 1080 2170 1135 pe-

568 1171 726 1239 perit,
758 1183 820 1221 ac
860 1165 1164 1226 Curetibus,
1198 1178 1293 1217 seu
1339 1160 1756 1232 Corybantibus,
1790 1170 1843 1214 et
1872 1159 2027 1213 [diris
2061 1157 2167 1210 Da-

565 1261 829 1333 ctylis,ne
856 1272 1045 1313 recens
1073 1264 1225 1309 natus
1252 1270 1281 1308 a
1313 1262 1484 1324 patre,
1515 1253 1653 1307 sicut
1673 1252 1761 1306 alii
1792 1251 1905 1315 lilii,
1938 1252 2168 1304 devora-

566 1366 738 1418 retur,
773 1349 1184 1407 custodiendum
1215 1347 1422 1402 occulte
1445 1345 1916 1417 tradidit(Strabo,
1949 1344 2036 1400 lib.
2091 1358 2165 1397 xx

568 1447 779 1516 Ceogr.,
811 1459 930 1514 pag.
957 1443 1108 1512 478).
1142 1441 1270 1495 Inde
1297 1438 1544 1509 Virgilius
1572 1455 1586 1492 :

688 1559 828 1608 Nunc
842 1570 956 1618 age,
989 1562 1186 1604 naturas
1209 1554 1399 1616 apibus,
1423 1565 1544 1615 quas
1567 1551 1763 1618 Jupiter
1789 1553 1893 1612 ipse

694 1615 909 1678 Addidit,
939 1618 1220 1679 expediam;
1245 1615 1334 1678 pro
1359 1630 1455 1678 qua
1479 1615 1713 1662 mercede
1737 1625 1942 1661 canoros

688 1685 922 1734 Curetum
947 1681 1193 1741 strepidus
1217 1679 1607 1741 crepitantiaque
1633 1689 1733 1724 aera
1768 1684 1975 1733 secutae,

686 1745 871 1795 Dictaeo
887 1743 995 1793 ρωιι
1019 1740 1194 1802 regem
1222 1753 1403 1802 pavere
1428 1740 1699 1802 subantro.

2281 505 2587 565 Cretenses,
2620 507 2755 554 teste
2783 497 3018 552 Luciauo
3039 540 3052 563 ,
3085 497 3426 551 affirmabant
3447 539 3460 560 ,
3491 515 3508 546 ‹
3549 497 3739 552 Jovem
3771 516 3876 554 non

2283 593 2441 648 modo
2496 591 2692 644 vixisse
2737 589 2878 658 apud
2923 603 3016 651 se,
3048 588 3412 658 nutrituuique
3449 589 3644 651 fuisse;
3692 605 3878 645 verum

2279 687 2438 742 etiam
2459 683 2798 754 sepulchrum
2819 682 2932 752 ejus
2953 681 3241 736 OSIeudunt
3262 699 3273 733 :
3295 692 3376 736 τὸν
3397 689 3538 752 vi?“
3554 686 3831 737 δεικνύουσι.
3856 702 3876 734 ι

2279 779 2415 833 Tres
2443 792 2574 831 vero
2596 775 2803 830 Tullius
2828 774 3075 828 distinxit
3114 773 3248 828 Jove
3291 790 3517 844 quorum
3552 794 3569 824 ‹
3599 775 3831 842 tertium,
3855 793 3874 828 ι

2278 869 2496 939 inquit,
2549 865 2904 921 numerabant
2963 884 2983 917 ‹
3014 863 3369 929 Cretensem,
3421 865 3637 920 Saturni
3686 867 3878 934 lilium,

2277 963 2428 1032 cujus
2481 963 2533 1016 in
2563 962 2650 1016 illa
2700 961 2869 1015 insula
2913 959 3253 1030 sepulchrum
3285 960 3605 1014 ostenditur.
3646 981 3664 1011 ι
3708 960 3881 1017 Varro

2275 1063 2478 1119 autem,
2505 1063 2564 1108 ut
2589 1061 2812 1107 annotat
2836 1051 3073 1118 Solinus,
3111 1070 3129 1103 ‹
3166 1053 3217 1106 in
3245 1051 3438 1120 Opere,
3471 1052 3614 1121 quod
3641 1052 3707 1107 de
3735 1053 3881 1109 litto—

2279 1148 2481 1202 ralibus
2528 1157 2645 1214 est,
2695 1147 2855 1201 etiam
2899 1147 3012 1200 suis
3062 1145 3395 1215 temporibus
3438 1144 3882 1216 aflirmatsepul-

2283 1239 2470 1294 chrum
2513 1239 2659 1294 Jovis
2694 1238 2765 1293 ibi
2799 1238 3087 1293 visitatum.
3120 1256 3140 1290 ι
3173 1236 3529 1293 Callimachus
3570 1248 3745 1293 tamen
3784 1239 3881 1295 du-

2274 1333 2414 1386 biam
2447 1347 2558 1386 rem
2592 1346 2712 1386 esse
2750 1331 2896 1385 canit
2921 1372 2937 1396 ,
2969 1345 3030 1384 ac
3077 1327 3367 1385 Cretenses
3411 1331 3672 1386 mendacii
3720 1348 3884 1388 accu-

2273 1432 2356 1478 sat
2418 1443 2430 1478 :
2478 1422 2571 1479 sed
2618 1423 2691 1478 ibi
2735 1438 2853 1477 cum
2903 1421 3089 1477 Jovem
3141 1437 3354 1492 semper
3392 1424 3666 1479 exstitisse
3710 1423 3874 1491 dicat,

2274 1516 2458 1585 putide
2498 1516 2773 1571 mentitur.
2820 1516 3038 1587 Legesis
3079 1516 3253 1571 adhuc
3296 1516 3653 1585 Theophilum
3686 1520 3876 1574 Antio-

2273 1608 2526 1673 chenum,
2560 1608 2891 1664 Clementem
2920 1607 3359 1673 Alexandrinum,
3387 1607 3695 1678 Origenem,
3728 1611 3865 1666 Ter-

2274 1701 2550 1755 tulliauum
2585 1742 2598 1766 ,
2652 1700 2947 1754 Aruobium
2979 1741 2994 1763 ,
3045 1699 3382 1754 Laetantium
3414 1743 3427 1763 ,
3480 1701 3770 1757 Eusebium
3826 1714 3881 1760 et

1114 1791 1291 1866 Virg'il.
1318 1802 1492 1866 Georg.
1515 1798 1600 1849 lib.
1629 1815 1695 1860 ιν,
1718 1797 1923 1848 c.149ct
1945 1798 2102 1862 seqq.)
2195 1795 2242 1854 B
2273 1793 2651 1864 Epiphanium.
2704 1791 2925 1848 Vossius
2977 1801 3157 1848 tamen
3205 1794 3477 1848 existimat
3524 1794 3659 1850 duos
3711 1794 3880 1853 fuisse

634 1913 807 1968 Alium
838 1913 880 1966 si
912 1909 1187 1966 desideres
1222 1907 1443 1960 latinum
1489 1914 1698 1975 poetam
1721 1946 1736 1970 ,
1769 1905 1861 1958 tibi
1902 1905 2008 1958 cito
2040 1919 2164 1973 pro-

558 2004 816 2060 ducemus
843 2001 1169 2061 Lucretium,
1199 2000 1288 2069 qui
1315 1998 1564 2052 similiter
1585 1997 1780 2052 cecinit
1804 2014 1816 2048 :

682 2097 898 2147 .Dictteos
917 2093 1142 2143 referunt
1165 2091 1386 2151 Curetas,
1417 2091 1500 2152 qui
1523 2088 1660 2152 Jovis
1683 2088 1817 2152 illum

683 2159 914 2221 Vagitutn
940 2160 988 2221 in
1013 2155 1158 2206 Creta
1186 2151 1725 2221 quondam’occultasse
1750 2151 1997 2209 feruntur,

681 2214 799 2272 Cum
827 2220 966 2280 pueri
991 2222 1172 2267 circum
1199 2214 1404 2280 puerum
1429 2214 1869 2280 pernice_chortea,

679 2276 864 2332 Armati
903 2285 952 2331 in
975 2276 1253 2334 numerum,
1280 2276 1533 2339 pulsarent
1556 2277 1735 2325 mribus
1758 2288 1855 2322 aera
1871 2314 1882 2335 ,

677 2346 751 2394 Ne
771 2346 1012 2395 Saturnus
1034 2355 1148 2392 eum
1173 2340 1315 2388 malis
1339 2340 1595 2388 mendaret
1610 2339 1835 2398 adeptus,

679 2408 1037 2469 lEtei-numque
1059 2406 1204 2469 daret
1229 2403 1368 2469 matri
1395 2401 1487 2449 sub
1514 2409 1715 2469 pe_c_tore
1736 2398 1930 2469 vulnus.

1071 2468 1307 2528 (Lucret.,
1334 2464 1366 2512 t.
1384 2478 1437 2524 ιι,
1460 2477 1506 2513 υ.
1530 2463 1620 2512 657
1647 2462 1864 2525 clscqq.)

624 2557 768 2627 Lege
792 2552 966 2608 adhuc
986 2593 1001 2616 ,
1033 2550 1076 2606 si
1107 2557 1299 2612 vacat,
1337 2547 1581 2602 Servium
1611 2546 1661 2599 in
1689 2548 1881 2598 citatos
1914 2543 2145 2614 Virgilii,

550 2658 607 2704 et
636 2648 766 2702 alios
796 2645 912 2714 ejus
959 2657 1173 2704 versus,
1219 2637 1501 2703 Ovidium,
1549 2635 1833 2690 Diodorum
1883 2635 2142 2699 Siculum,

551 2739 868 2799 Lucanum,
911 2735 1264 2797 Strabonem,
1323 2728 1678 2800 TheOphilum
1729 2727 2142 2790 Antiochenum,

551 2832 941 2897 Athanasium,
992 2838 1048 2884 et
1099 2843 1217 2898 quae
1267 2841 1296 2880 a
1355 2825 1510 2879 nobis
1562 2823 1687 2877 alibi
1736 2823 1968 2876 delibata
2022 2830 2149 2874 sunt

550 2924 752 2997 (Serm,
777 2924 832 2976 in
861 2923 1001 2976 citat.
1049 2935 1219 2974 versus
1247 2926 1292 2972 et
1320 2918 1374 2970 in
1400 2916 1486 2971 lib.
1517 2932 1572 2970 ιιι
1603 2914 1842 2981 Errant,
1871 2931 1988 2986 pag.
2017 2915 2144 2980 270;

549 3016 733 3080 Ovid.,
764 3015 856 3070 lib.
893 3030 944 3068 tv
984 3012 1158 3077 Fast.;
1191 3010 1432 3072 Diodor.,
1464 3008 1555 3063 lib.
1593 3024 1627 3062 v
1656 3006 1832 3072 Bibit,
1867 3022 1985 3076 pag.
2017 3008 2145 3072 253;

2272 1885 2562 1943 Cretenses
2590 1887 2773 1951 Joves,
2805 1902 2967 1941 unum
2993 1887 3426 1956 antiquissimum
3456 1886 3631 1944 Cretae
3663 1905 3866 1960 regem,

2268 1997 2296 2035 a
2341 1998 2448 2052 quo
2478 1982 2636 2038 Creta
2681 1998 2877 2038 nomen
2908 1983 3146 2052 accepit;
3181 1981 3408 2037 alterum
3457 1966 3879 2054 juniorem,’qdi

2269 2076 2541 2146 Europam
2587 2078 2796 2146 rapuit,
2830 2077 2898 2132 de
2941 2092 3047 2147 quo
3089 2075 3403 2131 Ciceronem
3445 2087 3500 2132 et
3541 2077 3874 2134 Laetautium

2264 2169 2409 2238 loqui
2437 2169 2688 2238 opinatur
2721 2169 2908 2241 (Cypr.
2953 2168 3016 2223 de
3062 2167 3202 2224 Idol.
3248 2168 3418 2222 Vanit.
3443 2211 3457 2234 ,
3490 2185 3609 2241 pag.
3650 2172 3736 2236 ll;
3767 2170 3873 2226 Lu—

2263 2263 2403 2317 cian.
2437 2263 2500 2316 de
2528 2263 2766 2331 Sacri/5.,
2803 2279 2922 2334 pag.
2960 2263 3082 2328 185,
3117 2264 3213 2317 lin.
3244 2264 3335 2329 59;
3373 2264 3568 2331 Cicer.,
3600 2265 3691 2319 lib.
3721 2282 3774 2320 ιιι
3805 2267 3872 2320 de

2260 2354 2390 2410 Nat.
2421 2358 2586 2420 deor.,
2610 2373 2728 2427 pag.
2756 2356 2881 2424 ΞΠ,
2914 2357 3004 2412 lin.
3032 2360 3124 2420 5.5;
3159 2358 3330 2412 Solin.
3363 2357 3620 2429 Polyhist.
3642 2375 3762 2430 cap.
3782 2363 3874 2427 11,

2257 2461 2379 2518 pag.
2411 2448 2483 2504 29
2511 2465 2524 2511 ;
2549 2447 2853 2514 Callimac.,
2877 2449 3071 2520 Hymn.
3095 2451 3147 2504 in
3168 2450 3366 2512 Jovem,
3392 2466 3511 2522 pag.
3541 2453 3669 2518 535,
3703 2461 3834 2507 tom.
3861 2471 3879 2509 ι

2254 2549 2399 2610 poet.
2448 2542 2646 2608 Graec;
2692 2542 3001 2614 Theophil.,
3036 2543 3127 2598 lib.
3165 2560 3199 2598 ιι
3244 2545 3312 2598 ad
3351 2544 3554 2612 Autol.,
3607 2561 3727 2616 pag.
3779 2547 3868 2613 81;

2249 2632 2545 2700 Clement.,
2598 2636 2918 2702 Alexandr.,
2981 2637 3239 2691 Admonit.
3287 2654 3405 2709 pag.
3479 2640 3577 2704 2i;
3627 2642 3871 2711 Origcn.,

2246 2727 2341 2787 lib.
2403 2743 2458 2781 ιιι
2504 2737 2669 2782 contr.
2715 2727 2874 2796 Cels.,
2927 2745 3046 2802 pag.
3103 2731 3230 2795 137;
3282 2731 3537 2799 Tertull.,
3571 2733 3866 2804 Apologet.,

2249 2835 2369 2890 cap.
2400 2819 2493 2883 25,
2522 2835 2644 2891 pag.
2677 2821 2771 2883 2'7;
2809 2821 3035 2886 Arnob.,
3055 2822 3146 2877 lib.
3178 2839 3229 2876 IV
3258 2823 3376 2877 adv.
3405 2823 3583 2887 (ἴση,
3606 2841 3723 2895 pag.
3748 2826 3868 2891 155;

2250 2911 2520 2978 Lactant.,
2553 2913 2644 2966 lib.
2703 2929 2719 2966 ι
2770 2913 2983 2977 Instit.,
3031 2928 3153 2984 cap.
3195 2915 3283 2981 11,
3342 2930 3459 2985 pag.
3512 2915 3605 2979 64;
3646 2917 3868 2983 Euscb.,

2246 3003 2340 3059 lib.
2363 3020 2422 3059 ιιι
2455 3003 2690 3075 Prwpar.
2743 3005 2969 3078 Evang.,
3004 3021 3124 3076 cap.
3176 3007 3266 3074 10,
3321 3023 3440 3078 pag.
3489 3009 3613 3073 107;
3669 3009 3862 3080 Epiph.

547 3110 775 3172 Lucam,
805 3107 868 3162 de
897 3106 1156 3175 Sacri/ia,
1184 3119 1306 3174 pag.
1337 3103 1460 3163 183;
1493 3100 1696 3167 Strab.,
1725 3102 1820 3155 lib.
1851 3117 1884 3154 χ
1932 3099 2144 3174 ϐεοθνη
2174 3135 2220 3197 C
2253 3097 2589 3165 Anachorat.,
2622 3100 2650 3169 §
2685 3099 2807 3164 108,
2843 3115 2961 3170 pag.
2995 3100 3097 3156 108
3130 3118 3144 3166 ;
3185 3100 3421 3166 Vossius,
3453 3101 3546 3155 lib.
3581 3103 3687 3156 tde
3718 3101 3862 3174 Orig.

547 3217 671 3272 pag.
705 3201 849 3266 468;
895 3197 1182 3267 TheOphil.
1212 3195 1557 3257 Antiochen.,
1605 3195 1699 3249 lib.
1745 3212 1758 3249 ι
1792 3195 1858 3249 ad
1884 3195 2144 3267 Λιπάρα,

544 3310 667 3364 pag.
702 3293 788 3358 75;
825 3293 1105 3357 Albanas,
1139 3289 1284 3342 Orat.
1335 3298 1496 3342 contr.
1533 3287 1723 3353 (ἔνθεα,
1756 3288 1783 3358 §
1819 3290 1902 3349 10,
1937 3298 2064 3342 ιοιιι.
2100 3306 2148 3354 ι;

545 3385 702 3440 Tom.
741 3400 756 3437 ι
791 3385 1064 3452 Apparat.,
1095 3397 1212 3452 pag.
1244 3378 1426 3451 1161).
1455 3378 1634 3449 Neque
1665 3389 1715 3434 te
1743 3389 1972 3441 moveat,
2003 3381 2146 3450 quod

544 3475 789 3532 nonnulli
819 3474 1008 3529 Jovem
1036 3489 1142 3528 non
1174 3474 1225 3526 in
1257 3472 1428 3536 Dicta,
1462 3471 1557 3526 sed
1590 3472 1643 3525 in
1678 3471 1764 3525 Ida
1797 3481 1979 3528 monte
2003 3473 2144 3528 edu-

546 3577 722 3622 catum
774 3574 1043 3620 asserunt.
1114 3564 1323 3619 Etenim
1380 3574 1601 3634 uterque
1661 3579 1815 3618 mons
1873 3566 2147 3635 proximus

549 3669 688 3725 erat,
717 3668 776 3713 ιιι
801 3668 1028 3713 testatur
1059 3658 1283 3721 Aratus;
1323 3656 1566 3725 quamvis
1591 3671 1685 3711 eus
1724 3657 1918 3712 Strabo
1961 3659 2150 3713 Stadiis

549 3767 632 3806 Cia
690 3752 890 3805 distare
935 3748 1323 3804 existimaverit
1371 3747 1613 3819 (Strab.,
1674 3749 1769 3804 lib.
1822 3765 1852 3804 ι
1923 3748 2148 3821 Geogr.,

551 3861 675 3916 pag.
707 3844 862 3916 478).

620 3937 788 3991 Porro
803 3943 982 3991 autem
1005 3950 1071 3992 ex
1095 3935 1207 4006 jam
1229 3936 1395 3991 citato
1417 3935 1648 3992 Diodoro
1684 3936 1864 3992 Siculo
1894 3936 2152 3994 discimus

545 4044 706 4101 quam
724 4045 906 4085 verum
936 4029 1065 4083 illud
1094 4030 1180 4092 sit,
1213 4028 1354 4099 quod
1385 4037 1566 4098 postea
1584 4037 1773 4084 auctor
1800 4041 1983 4084 noster
2006 4041 2150 4086 retu-

550 4123 634 4187 lit,
665 4137 883 4192 capram
901 4119 1069 4176 fuisse
1085 4120 1324 4190 ejusdem
1343 4120 1492 4176 Jovis
1518 4122 1734 4175 infantis
1753 4123 2038 4189 nutricem,
2063 4125 2148 4178 vel

547 4213 1011 4282 tttiipseloquttur
1033 4231 1047 4266 :
1070 4230 1088 4262 ι
1110 4211 1450 4267 Jovisnutrix
1466 4215 1672 4281 capella
1693 4222 1794 4268 est.
1835 4233 1853 4266 ι
1887 4215 2148 4287 Nympha:

547 4306 791 4373 ctenim,
858 4303 1312 4373 quemadmodum
1364 4305 1476 4372 ipse
1546 4305 1806 4360 Diodorus
1866 4309 2146 4379 loquitur,

553 4417 571 4448 ι
608 4398 782 4451 mellis
823 4405 880 4450 et
911 4395 1064 4449 lactis
1096 4403 1522 4464 temperamento
1565 4396 1822 4451 infantem
1866 4399 2143 4465 cibarunt,

2254 3198 2302 3244 et
2331 3207 2477 3260 prog.
2511 3191 2717 3257 idolot.,
2741 3208 2859 3262 cap.
2890 3194 2944 3256 1,
2975 3209 3097 3264 pag.
3121 3194 3235 3261 61).
3257 3193 3420 3248 Nobis
3447 3209 3576 3249 vero
3597 3195 3792 3252 sufficit
3814 3197 3867 3252 id

2257 3284 2546 3352 probasse,
2585 3285 2724 3355 quod
2769 3285 2838 3340 ab
2882 3299 3102 3342 auctore
3149 3299 3336 3344 nostro
3363 3287 3617 3344 traditum
3649 3302 3752 3346 est.
3788 3291 3863 3348 De

2250 3374 2382 3430 Jove
2413 3389 2590 3433 autem
2619 3378 2817 3448 aliquid
2845 3389 3027 3449 postea
3058 3381 3370 3438 dicendum.

2331 3469 2501 3535 Quam
2534 3481 2680 3526 recte
2719 3472 2878 3527 etiam
2928 3472 3190 3529 Minucius
3237 3474 3353 3530 Jovi
3396 3475 3692 3546 Apollinem
3736 3476 3862 3533 Del-

2252 3559 2468 3632 phicum
2495 3563 2868 3631 subjunxerit,
2898 3579 2962 3618 ex
2993 3565 3110 3632 ipso
3135 3581 3320 3621 rursus
3359 3567 3614 3623 Cicerone
3641 3569 3851 3639 liquido

2254 3655 2558 3709 confirmari
2589 3665 2783 3723 potest.
2815 3657 3081 3714 Plurimus
3108 3661 3384 3716 enimvero
3417 3672 3658 3718 recenset
3686 3663 3853 3733 Apol-

2255 3745 2412 3811 lines,
2445 3762 2673 3817 quorum
2709 3767 2728 3800 ‹
2756 3749 2964 3812 tertius,
2991 3751 3064 3804 ait
3095 3751 3212 3817 ille,
3239 3753 3376 3808 Jove
3405 3756 3563 3809 tertio
3585 3763 3741 3811 natus
3762 3797 3777 3821 ,
3806 3767 3866 3812 et

2259 3835 2484 3901 Latona,
2512 3854 2672 3909 quem
2703 3855 2770 3895 ex
2816 3839 3179 3912 Hyperboreis
3209 3843 3444 3914 Delphos
3476 3844 3657 3901 ferunt
3695 3847 3860 3903 adve-

2258 3929 2422 3984 nisse.
2468 3948 2486 3980 ι
2533 3929 2797 3986 Lucianus
2867 3947 2995 3987 vero
3042 3951 3055 3987 :
3109 3952 3127 3985 ‹
3169 3934 3266 3989 Per
3313 3937 3595 4006 regiones,
3664 3937 3860 4008 inquit,

2257 4020 2379 4074 illos
2413 4039 2430 4071 i
2464 4020 2594 4077 deos
2643 4041 2660 4073 ‹
2697 4023 3009 4078 distributos
3063 4024 3279 4091 colunt,
3321 4041 3415 4082 eos
3476 4029 3531 4082 in
3589 4028 3862 4084 civitatem

2254 4129 2404 4168 suam
2460 4125 2762 4185 receptant.
2817 4115 3039 4186 Nempe,
3093 4123 3120 4171 ὀ
3161 4128 3245 4186 μὲν
3295 4121 3466 4190 Δελφὸς
3513 4143 3592 4176 τον
3637 4123 3861 4190 Aminei,

2249 4207 2552 4277 Apollinem
2589 4207 2774 4276 Delphi
2808 4209 3047 4280 Deliique
3080 4251 3094 4275 ,
3130 4211 3424 4266 Minervam
3453 4213 3810 4268 Athenienses
3843 4256 3860 4280 ,

2252 4300 2395 4355 cives
2425 4314 2550 4355 suos
2576 4300 2840 4356 exhibent
2869 4311 2923 4356 et
2953 4301 3168 4358 faciunt.
3206 4323 3225 4355 ι
3253 4305 3323 4359 Αι
3348 4304 3611 4360 Diodorus
3641 4305 3856 4361 Siculus

2252 4393 2424 4462 magis
2461 4408 2720 4464 expresse
2753 4406 2934 4450 narrat
2970 4397 3256 4468 plerosque
3290 4396 3422 4454 deos
3449 4413 3513 4453 ex
3543 4397 3703 4454 Creta
3736 4415 3860 4470 pro-

545 4498 602 4542 ct
630 4500 809 4554 caprae
833 4485 1113 4548 Amalteae,
1139 4492 1195 4538 ut
1218 4493 1460 4551 vocatur,
1485 4487 1646 4541 ubera
1675 4487 1740 4542 ad
1772 4490 2064 4558 pleniorem
2098 4496 2145 4548 ei

2258 4483 2416 4540 diisse
2443 4503 2455 4538 2
2483 4504 2502 4536 ί
2528 4491 2753 4548 Ωσιὺτως
2771 4491 2819 4541 δὲ
2833 4497 2916 4556 μὲν
2935 4493 3192 4542 Απόλλωνα
3219 4494 3436 4545 πλεῖστον
3462 4500 3624 4561 χρόνον
3650 4507 3857 4561 pateant

547 4577 960 4634 nutricationem
1005 4584 1476 4644 porrexerunt.....
1520 4577 1707 4648 Capra:
1750 4581 1909 4636 etiam
1956 4585 2152 4642 nutrici

547 4682 672 4722 cum
697 4665 832 4720 alios
861 4665 1047 4720 tribuit
1078 4666 1334 4734 honores,
1370 4679 1478 4722 tum
1517 4669 1787 4740 IEgiochi,
1821 4673 1872 4728 id
1912 4684 2014 4739 est,
2045 4679 2146 4732 Ca-

541 4760 860 4830 pritenentis
884 4772 1297 4830 eoguomentum
1327 4761 1396 4816 ab
1435 4763 1522 4818 illa
1553 4765 1855 4838 desumpsit
1887 4789 1905 4822 ›
1941 4771 2145 4840 (Diod.,

543 4850 637 4905 lib.
669 4867 700 4906 v
725 4850 994 4920 Biblioth.,
1027 4868 1145 4922 pag.
1178 4852 1332 4923 255).
1356 4855 1714 4922 Quamobrem
1741 4860 1958 4918 Ovidius
1985 4881 1997 4918 :

730 5007 955 5081 Nascitur
974 5010 1164 5081 Oleniae
1181 5013 1315 5062 sidus
1341 5014 1552 5081 pluviale
1579 5018 1781 5081 capellae

791 5070 877 5120 llla
900 5072 996 5122 dati
1019 5074 1195 5122 caelum
1222 5070 1415 5135 praemia
1439 5076 1576 5128 laetis
1596 5070 1765 5131 habet.

728 5133 848 5184 Nais
862 5135 1122 5184 Amalthea
1146 5133 1336 5186 Cretasa
1365 5140 1541 5190 nobilis
1565 5141 1672 5202 Ida,

722 5431 964 5506 Cornibus
986 5433 1170 5506 aereis,
1197 5439 1344 5506 atque
1366 5438 1413 5484 in
1437 5451 1534 5506 sua
1573 5448 1710 5506 terga
1734 5449 1985 5498 recurvis:

786 5493 982 5570 libere,
1000 5495 1136 5570 quod.
1155 5493 1318 5546 nutrix
1338 5508 1506 5560 posset
1522 5493 1710 5558 habere
1732 5493 1885 5570 Jovis,

715 5554 812 5603 Lac
834 5557 990 5607 (labat
1013 5554 1092 5606 illa
1108 5557 1221 5607 deo.

1294 5619 1459 5681 (Ovid.
1487 5622 1568 5675 lib.
1596 5643 1622 5677 v
1644 5632 1860 5694 Fastor.,
1889 5634 2008 5697 §2.)

590 5737 667 5793 Ad
693 5742 826 5802 illius
851 5749 1057 5805 autem
1091 5744 1457 5821 sepulchrum,
1489 5768 1518 5807 a
1559 5753 1799 5832 Minucio
1820 5771 2032 5832 nostro,
2069 5779 2131 5821 ac

2254 4580 2543 4647 περὶΔῆλον,
2590 4586 2671 4633 καὶ
2708 4589 2907 4646 Λυκίαν,
2940 4593 3019 4635 καὶ
3055 4589 3273 4652 Δελφούς.
3322 4582 3686 4638 consimiliter
3717 4585 3854 4638 mul-

2259 4677 2368 4723 tum
2394 4673 2650 4739 temporis
2679 4671 2730 4726 in
2766 4671 2915 4739 Delo,
2950 4672 3131 4744 Lycia,
3163 4687 3217 4729 et
3254 4675 3468 4745 Delphis
3503 4676 3696 4745 Apollo
3723 4692 3853 4733 exc-

2252 4761 2349 4831 git.
2386 4779 2406 4813 ι
2441 4761 2628 4832 Delphi
2664 4772 2844 4818 autem
2887 4765 3014 4819 urbs
3040 4777 3158 4820 erat
3187 4767 3440 4822 Phocidis
3467 4769 3519 4822 in
3560 4769 3758 4824 Achaia
3786 4771 3851 4826 ad

2248 4852 2570 4910 Parnassum
2605 4866 2861 4920 montem,
2892 4861 3111 4915 oraculo
3134 4861 3420 4930 Apollinis,
3453 4871 3511 4916 ut
3537 4879 3698 4917 nemo
3729 4880 3856 4920 nes-

2248 4950 2362 5011 cit,
2415 4949 2786 5005 celeberrima.
2822 4951 3092 5018 Quosdam
3124 4962 3298 5009 tamen
3345 4954 3518 5010 adhuc
3556 4957 3854 5026 scriptores

2247 5037 2387 5093 hanc
2418 5040 2470 5093 in
2501 5055 2612 5094 rem
2648 5041 2823 5112 legere
2851 5043 2895 5096 si
2928 5042 3060 5097 velis
3087 5085 3102 5110 ,
3133 5044 3220 5098 adi
3249 5044 3567 5100 Pausaniam
3590 5088 3605 5111 ,
3638 5047 3854 5102 Plutar-

2247 5130 2425 5196 chum,
2458 5131 2801 5202 Strabonem,
2835 5145 2889 5188 et
2914 5133 3047 5188 alios
3073 5134 3426 5207 Mythnlogos.
3461 5137 3736 5193 Macrobio
3766 5141 3851 5193 ni-

2243 5219 2533 5278 hilominus
2558 5225 2702 5279 varia
2734 5226 2872 5280 bolis
2903 5225 3120 5282 nomina
3147 5228 3517 5300 interpretanti
3549 5231 3592 5283 si
3617 5231 3836 5296 credas,

2247 5333 2265 5365 ι
2291 5309 2547 5372 liminum
2586 5327 2798 5389 Δελφῶν,
2833 5331 3062 5389 vocant,
3093 5322 3233 5392 quod
3263 5337 3384 5392 qua:
3431 5322 3657 5378 obscura
3695 5336 3847 5392 sunt,

2241 5405 2563 5464 claritudine
2592 5409 2725 5464 lucis
2768 5411 3043 5477 ostendit,
3074 5415 3175 5464 ἀπὸ
3201 5419 3284 5468 τοῦ
3315 5417 3484 5475 δηλοῦν
3508 5417 3663 5486 ἀφανῆ
3686 5457 3701 5481 ,
3733 5426 3846 5482 aut,

2243 5506 2300 5552 ut
2345 5498 2610 5556 Numenio
2651 5501 2845 5570 placet,
2873 5504 3024 5572 quasi
3054 5520 3214 5559 unum
3263 5515 3317 5560 et
3360 5506 3554 5561 solum.
3585 5507 3674 5562 Ait
3701 5510 3847 5564 enim

2241 5589 2412 5659 prisca
2444 5592 2751 5648 Graecorum
2782 5594 2961 5665 lingua
3008 5600 3167 5667 mea?
3200 5612 3360 5651 unum
3392 5599 3632 5654 vocitari.
3690 5599 3846 5655 Unde

2237 5688 2292 5735 et
2319 5679 2504 5749 frater,
2531 5684 2722 5754 inquit,
2749 5689 2946 5758 ἀδελφὸς
2973 5686 3189 5755 dicitur,
3207 5689 3357 5760 quasi
3377 5705 3481 5744 non
3511 5705 3648 5745 unus
3683 5710 3700 5740 ι
3733 5692 3843 5762 (Ci-

2236 5784 2346 5829 cer.
2369 5775 2462 5833 lib.
2487 5790 2544 5832 ιιι
2564 5775 2626 5832 de
2652 5773 2842 5832 Natur.
2865 5776 3032 5848 deon,
3065 5795 3181 5855 pag.
3213 5779 3355 5847 248;
3385 5780 3632 5850 Lucian.,
3655 5783 3723 5836 de
3750 5784 3840 5840 Sa-
