4264 6258
403 389 499 445 561

1802 378 2278 436 DISSERTATIO.

3601 372 3710 427 56?.

399 504 564 572 eri/ie.
592 545 608 569 ,
641 516 763 572 pag.
800 500 944 567 185;
1005 498 1224 555 Diodor.
1278 498 1470 564 Sicul.,
1524 498 1618 552 lib.
1652 513 1681 550 v
1736 496 1995 561 Biblioth.,

2111 506 2238 554 τικὸς
2267 505 2422 560 σηκὸς,
2444 503 2490 547 ὃν
2515 499 2852 550 καιτεσκεὺκσεν
2874 483 3072 556 Ῐιτινος,
3099 500 3234 560 ὄχλον
3257 497 3456 559 θεάτρςιυ
3482 494 3709 553 δέξασθαι

402 611 525 668 pag.
559 595 686 661 257;
715 595 969 660 Pansam,
998 592 1095 647 lib.
1122 609 1153 647 κ
1177 632 1191 654 .
1225 607 1343 662 pag.
1373 590 1491 656 ,520
1513 599 1567 644 et
1589 604 1762 659 seqq.;
1796 588 2002 644 Plutar-

402 690 577 745 tarch.
617 691 681 744 de
723 689 920 742 oracul.
973 686 1192 758 Defect.,
1227 700 1346 756 pag.
1397 685 1524 749 435;
1569 683 1772 748 Strab.,
1815 681 1906 735 lib.
1950 697 2001 734 ix

404 782 616 854 Geoyr.,
648 797 767 852 pag.
811 781 915 836 M7
965 790 1020 835 et
1067 795 1207 850 seq.;
1254 778 1516 843 Macrob,
1545 776 1686 831 lib.t
1733 775 2000 831 Saturnal.

399 894 518 948 cap.
555 878 666 949 I7).

479 970 635 1024 Isidis
659 969 867 1024 Pharim
889 968 1149 1022 Minucius
1178 976 1359 1036 postea
1383 965 1642 1021 meminit.
1660 963 1728 1018 At
1753 963 1796 1017 si
1813 961 1995 1016 Euhc-

404 1065 539 1118 meri
569 1063 639 1116 ab
664 1078 730 1117 eo
751 1061 947 1116 laudati
988 1064 1469 1115 commentationes
1493 1060 1545 1113 iit
1571 1066 1781 1112 nostras
1808 1070 1999 1109 manus

399 1153 764 1219 devertissent,
810 1155 1070 1208 sciremus
1121 1152 1302 1220 utique
1354 1161 1530 1204 utrum
1582 1148 1736 1204 Isidis
1789 1147 1996 1202 Pharia‘.

399 1249 648 1319 patriam,
671 1263 738 1302 an
760 1247 1123 1317 sepulchrum,
1143 1245 1226 1301 vel
1251 1256 1533 1314 utrumque
1559 1242 1711 1298 nobis
1730 1240 1999 1296 iudicave-

400 1340 493 1394 rit.
525 1339 712 1395 Varias
753 1340 897 1394 enim
925 1339 993 1394 de
1033 1339 1138 1393 illis
1169 1339 1332 1392 fuisse
1361 1338 1644 1406 Opiniones
1673 1334 1993 1398 Herodotus,

400 1448 428 1486 a
458 1447 562 1502 quo
612 1439 716 1486 ιοῢν
747 1430 809 1486 Io
857 1431 1176 1500 appellatur,
1211 1430 1474 1484 Diodorus
1521 1427 1732 1483 Siculus
1757 1469 1770 1494 ,
1822 1435 1876 1481 et
1911 1426 2000 1479 alii

399 1525 753 1580 testiﬁcantur
785 1526 1066 1597 (llerodot.
1099 1525 1190 1579 lib.
1219 1542 1256 1591 ι,
1289 1537 1338 1578 et
1375 1523 1594 1578 Diodor.
1637 1522 1825 1588 Sicul.,
1859 1520 1952 1575 lib.
1986 1536 2001 1574 ι

397 1617 666 1686 Bibliotlt.,
693 1635 810 1691 pag.
835 1619 891 1685 9,
922 1621 992 1674 14
1012 1630 1063 1674 et
1095 1620 1180 1683 I7,
1209 1630 1262 1673 et
1290 1620 1382 1674 lib.
1412 1635 1462 1683 v,
1497 1634 1617 1687 pag.
1638 1616 1751 1688 52).
1785 1616 1999 1672 Duobus

400 1721 579 1766 tamen
608 1712 754 1767 hisce
790 1714 991 1775 verbis,
1021 1713 1181 1766 Isidis
1206 1712 1432 1773 Pliariw,
1465 1721 1650 1766 auctor
1675 1721 1860 1766 noster
1889 1726 1992 1765 non

395 1803 620 1858 obscure
642 1804 909 1874 signiﬁcat
933 1804 1273 1874 sepulchrum
1301 1805 1507 1859 illiusin
1528 1805 1723 1869 Pharo,
1747 1805 1992 1860 celeber-

2113 592 2380 656 δυνάμενον.
2417 608 2434 639 ι
2483 588 2734 658 Sequitur
2769 587 2897 640 urbs
2927 586 3180 649 Eleusin,
3230 584 3280 637 itt
3311 598 3413 652 qua
3454 583 3707 651 templum

2113 696 2194 738 est
2219 684 2502 738 Eleusiuize
2535 681 2766 741 Cereris,
2793 689 2848 734 et
2875 679 3156 750 mysticum
3179 677 3487 738 delubrum,
3521 675 3711 735 turbae,

2107 787 2301 842 quanta
2327 775 2378 828 in
2403 774 2608 828 theatro
2630 773 2766 827 solet
2781 786 2924 837 esse,
2940 786 3128 840 capax,
3144 783 3280 839 opus
3298 767 3446 822 Iclim
3472 766 3706 838 i(Strah.

2107 867 2202 923 lib.
2235 884 2286 921 ix
2321 867 2530 938 Oeagru,
2561 882 2680 937 pag.
2727 865 2832 919 595
2855 867 2894 934 ).
2942 864 3178 919 Acoedat
3219 873 3272 918 et
3300 862 3489 916 Cicero
3513 903 3528 926 ,
3554 860 3705 929 cujus

2113 960 2228 1014 ha'c
2256 969 2380 1013 sunt
2408 960 2569 1014 verba
2601 977 2613 1013 :
2650 977 2666 1010 ι
2707 957 2905 1012 Omitto
2944 956 3253 1011 Elcusiuam
3285 964 3524 1010 sanctam
3562 952 3708 1006 illam

2104 1061 2158 1107 et
2187 1062 2462 1123 angustam
2488 1094 2503 1118 ,

2354 1168 2442 1219 Ubi
2472 1169 2722 1218 initiantur
2741 1175 2924 1226 gentes
2943 1181 3141 1218 orarum
3169 1167 3368 1217 ultimae.
3387 1183 3413 1210 »

2445 1250 2590 1314 (Cia,
2616 1251 2648 1301 ι.
2677 1265 2707 1300 ιι
2733 1250 2796 1300 de
2820 1253 3001 1301 Natur.
3032 1259 3196 1310 Deor.,
3216 1263 3264 1312 p.
3294 1249 3352 1299 12
3377 1247 3465 1299 lin.
3489 1250 3594 1313 58.)

2177 1355 2307 1422 Quis
2332 1364 2508 1409 autem
2537 1371 2656 1409 cmn
2685 1355 2914 1410 Minucio
2944 1363 3130 1410 nostro
3161 1355 3370 1408 lictitias
3395 1356 3511 1408 illas
3537 1354 3706 1408 Cerc-

2101 1447 2211 1510 ris,
2245 1455 2300 1501 et
2341 1447 2526 1513 Isidis,
2570 1447 2899 1516 aliorumque
2937 1447 3248 1501 divinitates
3295 1463 3398 1499 non
3441 1445 3612 1499 rideat
3650 1454 3706 1500 et

2100 1541 2373 1608 explodat,
2430 1557 2566 1612 quos
2619 1550 2859 1596 mortuos
2909 1543 3251 1610 sepultoSque
3302 1537 3514 1593 Ethnici
3569 1537 3703 1593 fate-

2099 1632 2336 1688 bantur?

2692 1766 2982 1807 ARTICL‘LUS
3023 1768 3098 1805 III.

396 1897 531 1950 rima
561 1860 777 1968 [Emam
814 1860 1024 1959 insula"
1055 1897 1332 1952 conditum
1359 1939 1372 1960 ’
1406 1897 1493 1951 ubi
1525 1860 1758 1951 maxim'o
1790 1895 1991 1952 honore
2022 1875 2069 1933 Β
2099 1860 2442 1918 Exmninatur
2490 1863 2706 1918 Minucii
2752 1877 3142 1934 argumentum,
3190 1880 3287 1933 quo
3332 1864 3672 1916 commentilio

398 1986 689 2041 colebatur.
745 1987 961 2042 Fatetur
996 1987 1208 2058 quidem
1253 1987 1513 2042 Diodorus
1556 1988 1766 2042 Siculus
1795 1986 1987 2058 (Idem,

398 2078 494 2132 lib.
523 2095 562 2143 ι,
593 2095 709 2150 pag.
749 2080 851 2152 I6),
882 2080 1172 2149 scriptores
1199 2080 1456 2151 quosdam
1488 2080 1822 2143 venditasse,
1865 2081 1988 2134 Isim

397 2172 678 2243 virumque
704 2175 820 2244 ejus
845 2174 1109 2231 Osiridem
1137 2177 1202 2229 ad
1242 2175 1421 2230 Nisam
1446 2175 1655 2230 Arabico
1675 2175 1986 2240 tumnlatos,

392 2265 569 2335 ibique
609 2268 905 2332 columnas,
961 2270 1011 2323 in
1054 2270 1327 2338 utriusque
1374 2269 1634 2323 honorem
1670 2269 1889 2337 positas,
1934 2270 1984 2322 in

391 2373 617 2428 quarum
647 2377 748 2415 una
794 2363 961 2426 sacris
991 2362 1183 2424 litteris
1210 2371 1424 2416 exarata
1454 2361 1730 2429 inscriptio
1761 2359 1874 2414 lucc
1905 2359 1986 2414 le-

391 2455 636 2523 gebatur.
676 2475 694 2507 ί
731 2457 844 2526 Ego
883 2457 978 2511 Isis
1004 2473 1142 2517 sum,
1175 2457 1354 2526 regina
1385 2456 1543 2527 hujus
1579 2457 1700 2519 loci,
1729 2472 1759 2510 a
1785 2456 1990 2510 Mercu-

391 2546 475 2598 rio
516 2546 742 2600 crudita.
791 2547 921 2616 Qua:
969 2548 1084 2618 lege
1129 2563 1223 2617 per
1259 2563 1343 2602 me
1391 2548 1594 2603 sancita
1643 2557 1794 2611 sunt,
1831 2562 1992 2602 nemo

391 2636 602 2692 solvere
638 2649 829 2707 potest.
880 2639 992 2709 Ego
1021 2639 1232 2694 Saturni
1281 2640 1554 2694 novissimi
1586 2638 1670 2694 dei
1706 2639 1806 2692 lilia
1843 2653 1985 2706 sum,

391 2740 517 2784 natu
545 2732 785 2786 minima.
817 2733 930 2803 Ego
965 2747 1081 2787 sum
1112 2731 1338 2787 Osiridis
1368 2733 1508 2802 regis
1551 2746 1689 2786 uxor
1719 2739 1774 2785 et
1810 2746 1984 2786 Soror.

396 2821 510 2892 Ego
536 2839 653 2878 sum
703 2825 790 2878 illa
817 2866 831 2887 ,
879 2840 998 2894 qua:
1031 2826 1199 2894 prima
1233 2823 1410 2895 fruges
1437 2826 1750 2880 mortalibus
1790 2825 1984 2894 reperi.

391 2915 506 2986 Ego
536 2918 675 2987 regis
701 2919 829 2973 Hori
863 2930 1036 2972 mater
1061 2934 1201 2973 sum.
1247 2918 1361 2988 Ego
1402 2934 1552 2982 sum,
1585 2933 1704 2987 qua:
1745 2918 1796 2970 in
1826 2916 1987 2973 Canis

393 3011 572 3066 sidere
595 3013 855 3066 exeritur.
903 3010 1027 3065 Mihi
1070 3011 1330 3065 Bubastos
1362 3012 1488 3064 urbs
1519 3009 1800 3064 aediﬁcata.
1835 3009 1982 3074 Vale,

389 3101 583 3174 gaude,
619 3102 852 3174 [Egypte
884 3118 999 3157 mea
1024 3103 1220 3157 nutrix.
1262 3122 1280 3154 ›
1314 3102 1418 3157 Sed
1449 3102 1530 3156 his
1551 3115 1794 3173 magnam
1827 3099 1983 3157 Iidem

387 3209 448 3250 sc
476 3211 580 3248 non
609 3195 857 3249 habuisse
890 3194 1044 3263 Plane
1065 3210 1170 3248 non
1197 3193 1516 3248 dissimulat.

460 3287 524 3341 Et
550 3296 697 3342 certe
727 3286 962 3358 Egy’ptii
998 3286 1136 3340 haud
1160 3286 1326 3340 semel
1357 3289 1666 3354 quotannis,
1703 3296 1838 3342 teste
1875 3287 1984 3342 He-

388 3379 580 3433 rodoto
604 3421 618 3440 ,
659 3378 969 3448 frequentes
995 3379 1219 3447 agebant
1261 3389 1591 3445 conventus,
1613 3389 1772 3450 atque
1799 3380 1850 3433 in
1881 3379 1986 3449 pri-

387 3471 508 3535 IIIIS,
546 3489 565 3523 ¢
599 3480 642 3531 lc
674 3479 929 3527 Βουϐάστιν
944 3474 1083 3525 πόλιν
1110 3485 1165 3539 τῇ
1202 3466 1454 3540 Apri/urit,
1509 3473 1560 3525 ill
1609 3475 1742 3528 urbe
1768 3473 1986 3527 Bnbasti

390 3565 440 3618 in
480 3565 740 3618 honorem
795 3565 995 3618 Dianas.
1031 3570 1262 3633 Δεύτερη,
1306 3571 1348 3623 ἒς
1379 3571 1597 3635 Βούσιριν
1627 3569 1762 3618 πόλιν
1801 3582 1858 3633 τῇ
1890 3556 1982 3619 in.

386 3658 636 3714 Secundo
665 3659 804 3724 loco,
847 3659 900 3713 in
938 3659 1068 3712 urbe
1095 3657 1267 3711 aniri
1315 3658 1364 3709 in
1407 3657 1666 3712 honorent
1715 3657 1888 3712 Isidis.
1930 3657 1987 3712 In

386 3768 488 3824 qua
519 3755 654 3807 urbe
688 3753 976 3806 maximum
1004 3761 1106 3818 est,
1144 3757 1259 3822 ἱρόν,
1291 3753 1548 3818 templum
1578 3753 1749 3814 Isidis,
1787 3753 1897 3820 ipsa
1933 3754 1982 3807 in

392 3844 572 3899 medio
605 3845 750 3897 Delta
775 3843 986 3915 [Egypti
1011 3852 1128 3899 sita.
1169 3846 1258 3898 list
1290 3856 1466 3899 autem
1497 3845 1625 3911 Isis,
1653 3861 1772 3914 qua!
1801 3845 1987 3901 Graeca

391 3937 572 4006 lingua
603 3936 798 3991 dicitur
822 3948 1068 4006 Δημήτηρ,
1101 3937 1151 3992 id
1181 3948 1282 3998 est,
1311 3937 1474 3992 Ceres
1510 3956 1528 3989 ι
1563 3937 1892 4009 (l-Ierod.lib.
1926 3954 1983 4005 ll,

392 4028 419 4099 §
450 4028 566 4099 59).

462 4119 542 4174 Ex
597 4120 862 4175 Strabone
913 4130 1088 4175 autem
1133 4121 1388 4175 discimus
1433 4120 1660 4174 Busirim
1702 4121 1973 4175 civitatem

391 4227 508 4267 esse
539 4213 838 4266 Busiritica:
867 4213 1171 4280 provincia),
1202 4228 1321 4281 qua?
1347 4220 1556 4280 portum
1583 4211 1823 4265 habetad
1851 4211 1988 4266 Pha-

392 4321 506 4359 rum
539 4320 566 4358 a
598 4304 848 4358 Bubulcis
887 4303 1211 4358 cuswditnm
1241 4303 1470 4375 (Strab.,
1508 4301 1601 4355 lib.
1635 4317 1738 4356 xvn
1772 4301 1985 4372 Geogr.,

393 4412 511 4466 pag.
560 4396 707 4467 802).
741 4395 930 4449 Nonne
957 4409 1084 4464 ergo
1115 4395 1290 4462 colligi
1325 4394 1444 4448 inde
1486 4403 1660 4462 potest
1703 4393 1839 4446 hanc
1867 4408 1988 4449 esse

395 4491 511 4544 Isim
540 4531 554 4555 ,
583 4506 700 4557 qua:
726 4489 794 4543 ab
818 4499 1038 4542 auctore
1065 4497 1251 4542 nostro
1282 4489 1588 4542 nominatur
1626 4487 1815 4540 Pharia
1835 4529 1849 4553 ,
1892 4503 1987 4543 seu

2179 1954 2459 2009 Gentilium
2502 1957 2622 2010 deos
2652 1973 2757 2010 esse
2798 1958 2976 2024 probat
3005 1974 3066 2010 ex
3112 1957 3394 2010 Alexandri
3427 1955 3606 2026 Magni
3631 1972 3690 2010 ac

2167 2059 2380 2101 matrem
2409 2049 2620 2116 epistola
2642 2091 2655 2113 ,
2684 2065 2784 2106 qua
2813 2049 3068 2116 proditum
3098 2048 3193 2101 sibi
3223 2047 3286 2100 de
3317 2048 3415 2100 diis
3443 2059 3693 2102 secretum

2167 2141 2550 2205 testiﬁcabatur,
2583 2157 2642 2193 ac
2695 2140 2978 2194 Vulcanum
3003 2142 3116 2212 fecit
3142 2141 3347 2194 illorum
3379 2141 3700 2208 principem;

2164 2243 2312 2296 atque
2349 2233 2412 2286 de
2438 2232 2591 2286 Isidis
2619 2233 2686 2285 ad
2715 2233 3035 2287 hirundinem
3063 2235 3210 2287 sistro
3233 2275 3246 2297 ,
3278 2244 3322 2286 et
3351 2249 3509 2287 vacuo
3536 2233 3696 2287 Sera-

2168 2324 2322 2391 pidis,
2346 2340 2430 2377 seu
2467 2321 2687 2377 Osiridis
2714 2325 2947 2394 sepulcro
2975 2325 3283 2393 disputatur.

2165 2455 2438 2512 Mirabitur
2465 2458 2605 2513 haud
2633 2460 2792 2514 dubie
2819 2460 3011 2528 aliquis
3039 2462 3238 2516 lictitize
3265 2462 3488 2518 deorum
3516 2464 3696 2534 genti-

2093 2546 2223 2601 lium
2265 2549 2556 2605 divinitatis
2587 2561 2775 2606 testcm
2807 2570 2834 2606 a
2878 2554 3104 2608 Minucio
3133 2555 3283 2609 citari
3328 2557 3689 2613 Alcitandrum

2094 2638 2362 2709 Magnum,
2402 2661 2419 2693 ι
2458 2643 2547 2712 (ιυί
2579 2644 2772 2714 insigni
2800 2687 2815 2711 ,
2846 2643 3038 2713 inquit,
3070 2648 3337 2702 volumine
3367 2649 3431 2702 ad
3462 2659 3690 2704 matrem

2093 2747 2244 2787 suam
2291 2734 2524 2804 scripsit,
2568 2745 2710 2791 metu
2747 2752 2856 2790 suae
2889 2740 3164 2808 pote~tatis
3199 2740 3464 2809 proditum
3495 2741 3593 2795 sibi
3622 2743 3691 2796 de

2092 2822 2196 2877 diis
2237 2825 2542 2881 hominibus
2584 2843 2611 2880 a
2645 2828 2923 2884 sacerdote
2952 2842 3239 2885 secretum.
3283 2852 3300 2883 ι
3332 2831 3436 2886 Sed
3469 2831 3518 2886 id
3555 2845 3694 2887 tam-

2091 2930 2252 2985 quam
2281 2917 2618 2972 verissimum
2643 2918 2942 2990 Cyprianus
2970 2924 3193 2977 totidem
3226 2924 3404 2978 verbis
3426 2965 3439 2986 ,
3471 2925 3544 2977 uti
3571 2925 3684 2992 jam

2091 3006 2341 3071 vidimus,
2373 3010 2424 3062 in
2454 3026 2607 3064 suum
2632 3012 2697 3064 de
2726 3012 2974 3067 Vanilate
3000 3013 3265 3069 idolorum
3293 3015 3482 3069 librum
3513 3025 3693 3070 trans-

2092 3101 2210 3155 tulit
2239 3101 2514 3174 (Cyprian.
2541 3105 2604 3157 de
2619 3104 2806 3161 idolor.
2824 3104 3460 3178 Vanit.,pag.12.Supr.,
3490 3123 3607 3180 cap.
3626 3108 3686 3174 2,

2012 3215 2056 3278 ρ
2089 3203 2190 3247 art.
2229 3194 2282 3259 4,
2319 3210 2370 3262 p.
2397 3195 2511 3264 55).

2161 3285 2318 3340 Prius
2339 3287 2708 3358 Athenagoras
2735 3290 2943 3346 dixerat
2969 3311 2980 3347 :
3018 3287 3271 3366 ιίρὸδοτος,
3291 3300 3372 3350 καὶ
3403 3287 3689 3368 Ᾱλέξιγνδρος

2089 3384 2331 3431 Φιλιππου
2355 3387 2399 3433 ἓν
2425 3395 2485 3449 τῇ
2520 3392 2631 3450 πρὸς
2659 3396 2750 3444 τὴν
2776 3393 2965 3455 μητέρι
3015 3394 3237 3459 ἐπιστολῇ
3290 3389 3527 3459 (diuisi-spor
3559 3394 3606 3441 δὲ
3647 3397 3692 3443 ἐν

2088 3482 2146 3540 τῇ
2176 3459 2451 3535 libenti)“,
2480 3483 2561 3525 καὶ
2593 3480 2813 3544 Μέμφει,
2845 3480 2929 3528 acati
2953 3483 3156 3542 Θηϐαΐς,
3194 3482 3259 3538 εὶς
3292 3484 3448 3545 λόγους
3485 3485 3583 3539 τοῖς
3626 3489 3693 3534 εε-

2085 3570 2240 3632 ρεῧσιν
2268 3571 2472 3635 ἀφῖχθαι
2501 3566 2763 3638 λέγονται),
2783 3574 2896 3640 φασὶ
2924 3573 3040 3640 παρ’
3069 3579 3267 3632 ἐκείνων,
3302 3575 3571 3643 ἀνθρώπους
3601 3577 3690 3626 αὖ·

2090 3665 2198 3716 τοὺς
2235 3665 2471 3723 γίνεσθαι,
2521 3665 2708 3726 μαθεῖν.
2747 3679 2765 3712 ι
2799 3661 3103 3718 Herodotus
3143 3676 3196 3718 et
3226 3663 3529 3719 Alexander
3562 3664 3688 3717 Hii-

2092 3746 2219 3816 lippi
2260 3749 2405 3802 Illius
2444 3750 2492 3802 in
2526 3749 2752 3818 epistola
2787 3752 2854 3805 ad
2882 3765 3106 3809 matrem
3137 3754 3248 3825 (qui
3279 3755 3489 3825 utrique
3521 3755 3572 3808 in
3601 3753 3690 3807 di-

2090 3839 2260 3891 versis
2313 3839 2617 3894 civitatibus
2651 3841 2905 3912 IEgypti,
2954 3843 3254 3914 Heliopoli,
3301 3844 3594 3913 Memghis,
3636 3855 3694 3899 et

2092 3927 2288 3983 Thebis
2333 3931 2384 3982 in
2431 3932 2761 4001 colloquium
2796 3949 2916 3988 cum
2963 3936 3330 3991 sacerdotibus
3360 3940 3570 3992 venisse
3609 3938 3693 3992 di-

2089 4020 2303 4090 cuntur)
2339 4021 2584 4083 homines
2613 4023 2743 4077 deos
2773 4023 2966 4090 fuisse,
3000 4041 3065 4080 ex
3114 4027 3219 4080 illis
3262 4042 3321 4081 se
3343 4031 3688 4098 cognovisse,

2091 4111 2239 4166 aiunt
2272 4131 2290 4164 ι
2323 4115 2339 4177 (
2370 4113 2693 4183 Athenagor.
2737 4117 2888 4185 legat.
2937 4133 3028 4185 pro
3073 4115 3350 4170 Christian.
3373 4159 3388 4182 ,
3421 4134 3537 4188 pag.
3568 4120 3686 4190 5|).

2091 4203 2244 4269 Quod
2292 4205 2469 4274 itaque
2511 4205 2770 4262 Minucius
2791 4249 2804 4270 ,
2839 4222 2902 4260 ac
2931 4217 3050 4278 post
3071 4224 3192 4263 cum
3215 4209 3532 4279 Cyprianus,
3564 4210 3695 4265 insi-

2091 4313 2194 4368 gne
2226 4301 2514 4362 volumen,
2550 4299 2651 4354 hoc
2690 4300 3058 4371 Athenagoras
3083 4301 3358 4372 epistolam
3393 4314 3566 4358 vocat.
3618 4305 3694 4359 Ita

2092 4391 2251 4442 etiam
2302 4393 2658 4460 Augustinus,
2705 4393 2795 4462 qui
2843 4392 2999 4448 docet
3032 4396 3210 4459 ἱΙΙιιιη,
3244 4395 3398 4450 sicuti
3448 4397 3686 4458 loquitur

2097 4483 2236 4538 idem
2268 4485 2527 4540 Minucius
2547 4529 2560 4552 ,
2591 4487 2923 4544 sacerdotem
2955 4488 3122 4558 patria
3151 4488 3461 4560 {Egyptium
3493 4489 3655 4547 fuisse
3677 4535 3696 4560 ,

396 4582 575 4645 Paria;
610 4583 688 4636 sic
717 4581 859 4634 enim
889 4582 939 4633 in
972 4579 1380 4634 numismatibus
1405 4580 1473 4632 ab
1503 4579 1790 4634 Frederico
1827 4579 1985 4635 Ubal-
2012 4595 2065 4654 Ι)
2093 4591 2157 4631 ac
2182 4575 2416 4631 Leonem
2458 4580 2888 4648 cognominatum
2923 4599 2942 4631 ι
2972 4579 3245 4652 (August.,
3279 4581 3368 4637 lib.
3402 4599 3493 4638 vni
3524 4584 3586 4638 de
3609 4583 3699 4638 Ci-

392 4675 520 4730 dino
558 4676 809 4730 exhibitis
836 4674 1116 4745 apellatam
1145 4673 1380 4728 videbis?
1402 4673 1699 4743 (Ubaldin.,
1724 4673 1788 4728 de
1835 4673 1988 4743 Sym-

396 4770 496 4820 bol.
531 4767 682 4820 Diun.
731 4767 925 4838 Eplies.
954 4777 1110 4821 statu.
1137 4807 1151 4832 ,
1193 4781 1312 4836 pag.
1343 4765 1482 4836 565.,
1533 4775 1662 4820 tom.
1702 4781 1773 4820 vn
1812 4764 1988 4836 Antiq.

405 4861 599 4932 Gm'c.)

469 4953 735 5008 Caeterum
773 4969 894 5016 eum
931 4952 1048 5019 Isis,
1083 4961 1138 5007 ut
1161 4951 1305 5008 citati
1339 4951 1493 5021 paulo
1519 4960 1642 5006 ante
1669 4949 1989 5014 Herodotus,

399 5047 663 5101 Diodorus
690 5045 922 5111 Siculus,
943 5046 1137 5114 aliique
1166 5043 1379 5114 plurimi
1410 5042 1778 5112 prodiderunt,
1803 5041 1990 5096 eadem

396 5144 465 5199 sit
485 5153 640 5212 atquc
665 5140 854 5199 Ceres.
878 5141 1020 5194 illius
1049 5139 1213 5193 dubio
1239 5137 1424 5208 procul
1449 5136 1809 5191 Tertullianus
1837 5149 1991 5188 men—

399 5236 596 5290 tionem
633 5235 715 5287 his
741 5233 920 5287 verbis
949 5232 1074 5286 fecit
1099 5249 1112 5284 :
1150 5249 1167 5280 ι
1201 5230 1413 5298 Quanto
1443 5229 1787 5298 distinguitur
1815 5243 1843 5281 a
1869 5241 1993 5281 cru-

397 5331 473 5381 cis
512 5327 690 5397 stipite
729 5325 904 5379 Pallas
943 5325 1212 5389 Attica,,et
1253 5321 1418 5379 Ceres
1466 5321 1658 5376 Pharia
1693 5339 1710 5372 ι
1742 5319 1992 5395 (Tertull.

398 5421 612 5491 Apolog.
643 5434 762 5489 cap.
800 5417 912 5489 I7).

469 5513 594 5567 Solo
619 5521 795 5567 autem
824 5513 1144 5582 cognomine
1163 5553 1176 5576 ,
1201 5511 1302 5566 ‘vel
1331 5511 1508 5580 potius
1537 5509 1668 5564 locis
1689 5549 1702 5574 ,
1739 5507 1824 5560 ubi
1852 5507 1995 5561 cole-

403 5607 556 5659 batur
583 5605 679 5659 lsis
721 5605 912 5660 Pharia
940 5646 954 5671 ,
981 5604 1231 5659 disnncta
1264 5603 1358 5657 luit
1396 5619 1422 5654 a
1467 5603 1661 5656 Cerere
1702 5599 1993 5665 Eleusinia,

403 5699 555 5767 cujus
586 5699 762 5752 adhuc
784 5708 970 5754 auctor
1001 5711 1185 5753 nosmr
1203 5706 1323 5767 past
1347 5695 1702 5751 Euhemerum
1735 5692 1994 5746 meminit.

401 5792 670 5861 Scriptum
715 5806 843 5846 vero
887 5791 1040 5846 nobis
1093 5791 1287 5847 Strabo
1335 5788 1547 5859 reliquit
1600 5806 1610 5841 :
1659 5787 1762 5842 Εἶτ’
1801 5776 1999 5839 ἐλευσὶν

404 5889 560 5945 ei)“.
591 5889 634 5936 ἓν
658 5890 686 5943 Ξ
704 5893 753 5940 τὸ
780 5900 860 5945 τῆς
882 5895 1126 5950 Δ-ιίαηῇεις
1150 5893 1266 5952 ἱερὸν
1289 5899 1371 5942 τῖς
1391 5888 1687 5941 Εὶενσινῖας,
1725 5884 1806 5933 καὶ
1834 5883 1857 5931 ὁ
1883 5903 2002 5946 μυσ-

2094 4670 2209 4736 vit.,
2228 4685 2344 4741 cap.
2366 4671 2421 4737 5,
2452 4685 2568 4742 pag.
2605 4671 2727 4736 I94,
2749 4682 2806 4727 et
2829 4689 2948 4743 cap.
2976 4675 3096 4742 ult.,
3123 4675 3381 4746 pag.2I8,
3412 4690 3463 4733 et
3492 4679 3581 4734 lib.
3602 4694 3698 4746 κη,

2095 4776 2212 4830 cap.
2274 4765 2378 4828 10,
2429 4779 2546 4835 pag.
2608 4763 2756 4830 509,
2815 4780 2878 4822 ac
2924 4766 3018 4823 lib.
3071 4784 3087 4822 ι
3139 4769 3207 4826 de
3243 4770 3396 4825 Cons.
3446 4771 3692 4845 Evang.,

2095 4869 2212 4924 cap.
2237 4853 2314 4926 5).

2167 4947 2365 5002 Contra
2401 4957 2575 5004 tamen
2604 4951 2895 5006 reclamant
2922 4951 3183 5022 Rigaltius
3230 4968 3292 5007 ac
3338 4953 3620 5024 Cellarins,
3645 4966 3703 5012 et

2098 5045 2416 5111 Minucium,
2463 5047 2700 5118 aliosque
2739 5065 2769 5102 a
2809 5049 3230 5103 nobislaudatos
3263 5050 3576 5118 scriptores,
3606 5065 3700 5106 (ξι-ο

2100 5153 2266 5200 rasse,
2293 5149 2450 5207 atque
2474 5139 2542 5193 ab
2573 5141 2636 5192 iis
2677 5139 3035 5194 Alexandrum
3072 5141 3318 5211 Magnum
3345 5141 3692 5197 Macedonem

2101 5229 2411 5285 Alexandro
2440 5231 2763 5301 Polyliistori
2798 5235 3131 5302 suppositum
3179 5249 3299 5290 esse
3344 5236 3697 5292 contendunt.

2102 5320 2417 5390 OpiniOuem
2447 5338 2576 5376 vero
2603 5338 2752 5376 suam
2786 5324 2979 5392 duplici
3007 5326 3213 5380 ratioiie
3234 5327 3475 5382 stabilire
3501 5343 3704 5382 conan-

2103 5423 2208 5479 tur,
2240 5422 2347 5466 tum
2389 5414 2510 5483 quia
2546 5414 2854 5486 Polyhistor
2881 5421 3185 5483 Αἰγυπτιακὰ
3223 5417 3408 5484 edidit,
3445 5428 3554 5474 tum
3577 5420 3702 5490 quia

2106 5505 2463 5560 Tertullianus
2516 5506 2650 5560 dixit
2697 5525 2711 5560 :
2767 5525 2784 5557 t
2822 5507 2970 5563 Cedo
3005 5511 3114 5578 jam
3165 5510 3231 5566 de
3287 5522 3498 5578 vestro,
3551 5512 3699 5582 quod

2102 5597 2341 5669 ZEgyptii
2361 5609 2595 5660 narrant,
2614 5608 2668 5654 et
2694 5600 2994 5658 Alexander
3022 5603 3233 5672 digerit,
3252 5613 3305 5658 et
3335 5612 3504 5658 mater
3525 5603 3654 5674 legit
3675 5623 3696 5656 ι

2105 5691 2354 5763 (Tertull.
2391 5693 2484 5746 lib.
2515 5694 2577 5745 de
2609 5691 2798 5754 Pallio.
2825 5709 2942 5764 cap.
2977 5697 3030 5763 5,
3058 5712 3176 5767 pag.
3204 5697 3351 5767 I54).

2177 5785 2396 5848 Verum,
2422 5794 2773 5856 prmterquam
2803 5788 2941 5858 quod
2972 5789 3258 5845 verisimile
3289 5805 3394 5844 non
3425 5791 3512 5855 sit,
3553 5791 3707 5862 Poly-

2106 5881 2364 5937 liistorem
2405 5881 2680 5950 potestatis
2718 5896 2829 5936 suae
2872 5894 3012 5939 metu
3063 5901 3091 5939 a
3136 5885 3416 5942 sacerdote
3448 5883 3709 5957 {Egyptio
