4242 6222
4 206 17 445 l

8 468 17 497 I

4 770 13 859 ἱ

6 1314 21 1605 l

8 1654 17 1809 ξ

568 201 676 257 565
1950 210 2033 267 DE
2076 209 2195 265 MIN

2299 210 2334 268 II
2372 208 2673 295 eorum
2946 200 2955 203 ”
3773 223 3878 279 soi

565 329 891 392 extorquere
924 322 1158 391 potuisse
1190 321 1257 377 de
1284 322 1389 378 diis
1420 324 1728 381 hominibus
1765 337 2064 393 secretum,
2106 343 2170 384 ac
2197 330 2249 389 A
2275 330 2426 396 serit,
2458 330 2509 385 hi
2542 343 2710 397 certe,
2742 348 2914 404 neque
2934 349 3119 391 eorum
3146 336 3237 391 filii
3270 345 3324 393 et
3354 346 3584 409 nepotes
3614 340 3722 396 veri
3758 356 3876 396 um-

566 415 729 473 matri
756 429 869 470 suae
895 416 1176 484 scripsisse
1201 430 1264 470 ea
1289 416 1358 470 de
1399 432 1456 472 re
1484 418 1678 472 librum
1696 460 1711 483 ,
1742 428 1834 474 aut
1853 421 2169 490 epistolam;

563 520 719 566 certe
748 507 1063 564 Plutarchus
1085 551 1101 575 ,
1131 510 1217 563 cui
1255 508 1519 579 Rigaltius
1546 510 1775 566 fortasse
1803 512 2173 583 Cellariusque

564 605 853 674 majorem,
885 618 1042 672 quam
1086 604 1344 660 Ecclesia:
1381 605 1651 670 Patrihus,
1684 605 1844 661 fidem
1883 606 2172 673 habebant,

568 699 759 756 eadem
786 699 840 753 in
873 698 1159 754 Alexandri
1200 699 1373 770 Magni
1415 700 1533 755 Vita
1562 711 1782 756 narrat:
1815 695 1959 766 Ᾱυτὸς
1986 707 2035 756 δὲ
2059 698 2179 757 Αλέ-

569 799 762 862 ξανδρος
791 800 836 847 ἓν
860 800 1084 863 ἐπιστολῇ
1113 803 1231 865 ’πρὸς
1258 805 1344 852 τὶν
1381 802 1591 866 μητέρι,
1619 799 1757 865 φησὶν
1780 806 2013 868 γεγσνξνκι
2046 802 2179 859 τινὲς

569 893 702 956 dare?
728 897 954 955 μαντείαις
975 892 1290 959 ἀπορῥήτσυξ,
1324 893 1380 948 ὃς
1418 894 1558 949 abi-6c
1586 896 1844 943 επανελθὼν
1870 900 2036 962 φράσει
2065 897 2182 961 πρὸς

570 985 720 1050 μόνην
746 988 1012 1043 laetu/79....
1057 990 1247 1052 Myso-au
1279 986 1327 1035 δὲ
1356 987 1436 1036 καὶ
1465 990 1735 1051 Timaei-io;
1766 992 1811 1039 lii
1834 981 2055 1057 Ᾰιγὺπδτω
2097 992 2182 1043 ταῦ

571 1083 847 1145 φιλοσόφου’
870 1078 1144 1139 διακαύσας,
1184 1078 1513 1140 ἀποδέξασθαι
1539 1083 1758 1142 μάλιστα
1786 1095 1876 1134 τῶν
1909 1086 2179 1147 λεχθέντων,

571 1175 649 1224 ὃτι
671 1174 841 1228 πάντες
866 1172 1463 1240 ἀνθρώποιβασιλεὺοντσιι
1486 1176 1577 1223 ὑπὸ
1592 1178 1734 1224 Θεου⁹
1759 1179 1812 1226 τὸ
1838 1177 1933 1242 γὰρ
1961 1181 2108 1242 ἄρχον
2139 1182 2184 1229 ἰν

575 1268 760 1330 ἑκάστῳ
788 1271 869 1314 καὶ
897 1268 1119 1332 κρατοῦν.
1151 1266 1275 1316 θεῖὸν
1300 1271 1443 1317 ἔστιν.
1481 1280 1499 1314 ι
1536 1262 1651 1331 Ipse
1668 1263 1718 1317 in
1734 1264 1959 1332 epistola
1981 1265 2047 1319 ad
2068 1279 2181 1319 ma-

574 1362 713 1408 trem
739 1352 1047 1409 Alexander
1075 1362 1252 1409 sortes
1275 1354 1535 1425 quasdam
1567 1354 1669 1409 sibi
1699 1355 1775 1409 ait
1801 1370 2030 1411 arcanas
2070 1367 2182 1411 tra-

576 1447 888 1517 ditas,quas
918 1462 1169 1504 reversus
1198 1449 1299 1504 soli
1326 1450 1376 1505 ei
1406 1450 1673 1506 relaturus
1703 1462 1966 1507 esset.....
1999 1450 2185 1507 Periti-

575 1544 736 1597 betur
751 1543 933 1608 etiam,
951 1558 1070 1598 cum
1092 1543 1470 1598 Psammonem
1495 1544 1873 1615 philosophum
1896 1544 2188 1601 audivisset

576 1636 631 1691 in
662 1634 917 1706 lEgypto,
951 1650 1015 1689 ex
1053 1635 1211 1691 dictis
1250 1638 1368 1704 ejus
1409 1638 1677 1707 praecipue
1718 1638 1972 1707 probasse
1998 1653 2188 1694 omnes

2277 439 2434 494 quam
2466 424 2538 480 dii
2570 427 2899 484 immortales
2926 443 3048 485 esse
3070 439 3375 501 potuerunt.

2348 517 2501 586 Quod
2532 528 2708 575 autem
2743 531 2928 591 postea
2960 522 3219 577 Minucius
3262 526 3329 580 de
3356 526 3494 582 Iside
3518 570 3533 595 ,
3566 527 3791 600 ejusque
3816 531 3883 587 ad

2280 611 2621 667 hirundinem
2644 613 2807 668 sistro
2830 614 2983 682 dixit,
3003 614 3352 672 difiicillimos
3375 634 3506 675 sane
3532 621 3693 676 habet
3716 624 3890 693 etthi-

2279 709 2451 756 catus.
2503 702 2729 771 Quidam
2761 705 2903 759 enim
2946 715 3135 776 putant
3174 707 3316 763 hunc
3357 725 3480 765 esse
3511 711 3731 769 Minucii
3763 730 3890 770 sen-

2283 809 2400 849 sum
2438 814 2451 852 :
2488 797 2791 853 Alexander
2820 814 2916 853 sua
2949 800 2999 854 in
3030 800 3255 870 epistola
3295 804 3418 858 facit
3446 805 3514 859 de
3541 808 3705 878 Spicis
3734 808 3890 863 Isidis

2277 890 2496 944 sistrum
2524 892 2591 945 ad
2625 891 2969 948 hirundinem
2990 937 3004 958 ,
3039 895 3090 949 id
3119 903 3202 949 est
3229 911 3418 952 sonum
3449 899 3796 955 hirundinino
3821 902 3892 956 si-

2282 982 2485 1036 milem.
2525 982 2700 1052 Spicae
2747 985 3027 1039 enimvero
3077 1002 3367 1049 succussar,
3412 990 3644 1059 agitatae,
3680 1001 3734 1047 et
3775 996 3891 1047 col.

2286 1073 2398 1128 Iisae
2419 1089 2611 1128 sonum
2638 1076 2820 1142 edunt,
2844 1078 3017 1147 qualis
3044 1079 3399 1135 concussione
3425 1081 3568 1137 sistri
3597 1083 3858 1139 redditur.

2354 1165 2651 1222 Salmasius
2712 1183 2839 1223 vero
2903 1170 3204 1239 susiiicatur
3256 1172 3545 1228 Minucium
3602 1176 3653 1230 in
3707 1177 3890 1247 aliquo

2284 1260 2447 1331 grteci
2485 1263 2762 1333 scriptoris
2796 1263 2931 1317 libro
2962 1264 3156 1335 legisse
3187 1266 3327 1319 inter
3359 1266 3512 1322 Isidis
3545 1268 3772 1341 insignia
3806 1286 3898 1325 nu-

2285 1357 2481 1411 merari
2514 1362 2796 1412 Χελιδσνίειν
2821 1364 3051 1430 σεῖστρον,
3078 1358 3179 1414 hoc
3207 1370 3310 1428 CSI,
3342 1357 3717 1417 Chelidoniam
3750 1366 3897 1434 aspi-

2287 1449 2410 1505 dem
2439 1459 2494 1506 et
2530 1451 2748 1506 sistrum
2785 1470 2797 1505 :
2832 1452 2974 1523 quod
3006 1454 3119 1523 ipse
3151 1455 3305 1508 vertit
3335 1495 3349 1519 ,
3405 1473 3424 1506 (
3453 1454 3519 1508 ad
3551 1456 3893 1511 hirundinem

2289 1542 2531 1608 sistrum,
2570 1562 2590 1595 ι
2644 1545 2793 1612 quasi
2844 1545 3059 1599 sistrum
3111 1546 3340 1601 similem
3391 1547 3663 1603 hirundiui
3694 1530 3885 1604 sonum

2291 1635 2622 1704 erepitaculo
2662 1635 2884 1701 faceret,
2932 1647 2988 1691 ιιι
3025 1642 3248 1709 κερκίδες,
3303 1650 3355 1693 et
3391 1638 3527 1694 radii
3579 1643 3794 1696 tcxlurii
3843 1645 3893 1697 in

576 1704 839 1786 mortales
868 1746 895 1783 a
938 1730 1047 1785 Deo
1078 1730 1217 1801 regi,
1250 1704 1446 1801 quippe
1477 1704 1620 1801 quod
1663 1704 1729 1785 iu
1754 1747 1961 1802 quaque
1996 1748 2054 1788 re
2082 1733 2183 1785 im-

2299 1741 2469 1797 graeco
2533 1729 2916 1800 epigrammate
2986 1734 3217 1799 χελιδόσιν
3280 1735 3573 1804 εἰκεὶόφωνοι
3643 1731 3897 1790 dicuntur

574 1833 732 1894 perat
774 1834 828 1878 et
869 1823 1195 1887 dominatur,
1225 1838 1344 1878 esse
1385 1823 1627 1877 divinum
1666 1844 1685 1876 ι
1718 1821 2037 1893 (Plutarch,
2084 1822 2183 1879 Vit.

579 1915 889 1979 Alexandr.,
945 1926 1075 1971 tom.
1131 1931 1205 1978 n,
1240 1932 1361 1988 pag.
1415 1915 1591 1989 680).
1658 1915 1759 1984 Qui
1829 1933 1956 1973 vero
2006 1933 2035 1972 a
2092 1917 2187 1972 Mi-

581 2010 763 2072 nucio,
794 2008 1081 2081 Cypriane,
1124 2008 1465 2083 Athenagora
1504 2008 1793 2072 sacerdos,
1828 2009 1975 2064 etab
2002 2011 2187 2080 Augu-

579 2102 725 2157 stino
753 2100 862 2156 Leo
889 2110 1128 2168 vocatur,
1173 2102 1314 2155 hunc
1354 2101 1425 2156 ibi
1460 2101 1774 2156 Plutarchus
1804 2101 2187 2157 Psammonem

582 2193 961 2265 philosophum
988 2194 1242 2264 appellat.
1275 2194 1393 2250 Non
1421 2193 1556 2249 dixit
1580 2195 1795 2266 quidem
1820 2195 2186 2252 Alexandrum

583 2288 743 2340 matri
774 2301 884 2341 sua:
914 2287 1213 2357 scripsisse,
1242 2303 1362 2359 quae
1388 2288 1455 2343 ab
1485 2287 1579 2342 illo
1609 2289 1930 2345 Psammonc
1961 2305 2189 2357 accepe-

585 2388 693 2446 rat,
720 2380 814 2436 sed
847 2395 1019 2450 neque
1045 2380 1145 2435 hoc
1166 2382 1329 2436 etiam
1363 2379 1854 2436 inliciatur.\’ertnn
1879 2382 2005 2452 qttid
2026 2391 2187 2445 vetat,

583 2471 873 2542 quominus
901 2472 1288 2541 Athenagoras,
1324 2472 1607 2537 Minucius,
1644 2482 1699 2527 et
1723 2472 1810 2528 alii
1846 2474 2062 2530 aliunde
2090 2476 2191 2532 hac

584 2564 654 2623 de
683 2581 743 2621 re
791 2567 1049 2622 certiores
1102 2566 1215 2622 fieri
1261 2567 1571 2637 potuerint?
1603 2567 1733 2622 Tam
1764 2568 1971 2624 levibus
2011 2569 2190 2639 itaque

587 2660 917 2730 coniecturis
947 2670 1108 2715 tantae
1138 2661 1474 2717 auctoritatis
1502 2662 1793 2733 scriptores
1821 2664 2025 2719 erroris
2063 2677 2193 2719 con-

588 2749 881 2807 demnandi
914 2768 1019 2807 non
1047 2761 1222 2808 erant.

663 2845 794 2914 Quae
824 2861 984 2914 porro
1009 2846 1149 2914 apud
1179 2853 1454 2901 auctorem
1486 2834 1727 2901 nostrum
1758 2848 1918 2904 verba
1948 2849 2193 2918 proxime

589 2946 904 3004 sequuntur,
961 2936 1075 2991 haec
1116 2935 1476 3008 corruptionis
1520 2940 1763 3005 multum,
1808 2949 1859 2994 et
1905 2940 2191 3011 plurimum

592 3029 935 3084 obscuritatis
987 3029 1207 3085 habent.
1253 3032 1341 3085 Sic
1382 3041 1557 3086 autem
1600 3048 1662 3087 ea
1710 3033 1985 3102 legimus:
2021 3054 2040 3086 ¢
2078 3034 2192 3090 Illic

595 3122 715 3192 (ms.
747 3122 875 3191 Reg.
910 3122 1013 3192 Illi)
1044 3124 1345 3179 Vulcanum
1376 3126 1501 3181 facit
1526 3128 1764 3180 omnium
1799 3126 2115 3195 principem,
2141 3137 2195 3183 et

592 3223 781 3281 poswa
809 3213 964 3268 Jovis
989 3224 1221 3282 gentem.
1257 3217 1485 3285 Despice
1515 3216 1634 3287 (ms.
1671 3217 1795 3288 Reg.
1828 3227 1882 3273 et
1910 3218 1979 3274 de
2008 3222 2195 3293 spicis)

594 3302 750 3359 Isidis
778 3304 843 3361 ad
876 3304 1216 3362 hirundinem
1247 3307 1466 3361 sistrum
1495 3351 1509 3373 ,
1540 3317 1595 3362 et
1620 3308 1878 3377 dispersis
1909 3300 2028 3383 (ms.
2066 3312 2194 3383 Reg.

595 3395 891 3466 adspersis)
927 3399 1179 3453 membris
1221 3399 1431 3453 inanem
1476 3400 1548 3452 tui
1592 3398 1864 3469 Serapidis
1893 3401 2005 3456 sive
2033 3400 2202 3457 Osiri-

599 3488 684 3542 dis
714 3488 832 3561 (ms.
864 3489 991 3561 Reg.
1023 3490 1271 3562 Osiridis)
1298 3493 1585 3547 tttmulutn.
1620 3493 1697 3547 Ex
1733 3495 1894 3548 variis
1917 3494 2063 3551 hisce
2087 3497 2195 3552 lec-

600 3580 839 3634 tionibus
860 3584 1038 3637 cernis
1065 3584 1251 3653 procul
1271 3583 1456 3648 dubio,
1477 3594 1655 3639 utrum
1686 3586 1953 3642 immerito
1976 3588 2200 3658 quibus-

602 3674 729 3727 dam
761 3674 875 3731 hzec
921 3676 1203 3732 videantur
1231 3693 1351 3733 esse
1379 3678 1517 3735 adeo
1542 3678 1831 3749 depravata
1856 3723 1867 3745 ,
1917 3692 1972 3737 ut
2000 3684 2205 3753 absque

600 3767 823 3823 alterius
867 3770 1097 3824 sanioris
1149 3771 1499 3842 manuscripti
1540 3756 1743 3829 codicis
1791 3773 1989 3830 auxilio
2030 3776 2205 3832 sanari

599 3875 764 3933 posse
793 3862 1222 3933 desperaveriut.

676 3959 878 4016 Sensus
903 3969 1078 4017 autem
1103 3962 1395 4032 primorum
1435 3964 1671 4018 auctoris
1698 3964 1865 4020 nostri
1892 3963 2203 4034 verborum,

603 4061 861 4123 quantum
909 4068 975 4108 ex
1007 4068 1110 4109 ms.
1164 4054 1348 4123 Regii,
1382 4056 1504 4111 aliis
1555 4056 1693 4111 haud
1739 4057 1969 4113 absurde
2018 4059 2207 4127 praele-

599 4146 769 4201 renda
815 4147 1042 4203 lectione
1066 4190 1079 4214 ,
1111 4157 1287 4217 potest
1314 4149 1528 4220 colligi,
1564 4150 1651 4205 hic
1690 4161 1792 4216 est,
1849 4149 1959 4214 Illi,
1989 4166 2084 4206 seu
2115 4168 2208 4219 po-

599 4238 708 4293 tius
736 4240 823 4294 ille
852 4240 1178 4307 Alexander,
1209 4256 1271 4296 ac
1298 4241 1435 4297 forte
1458 4243 1648 4296 melius
1677 4242 1804 4305 ittic,
1838 4243 1891 4297 id
1920 4253 2023 4306 est,
2055 4245 2107 4299 in
2134 4246 2211 4300 ei-
2236 4260 2241 4269 ‘

600 4340 713 4385 tata
740 4333 964 4401 epistola
993 4334 1298 4389 Alexander
1325 4333 1451 4389 facit
1476 4333 1775 4391 Vulcanum
1798 4339 2062 4404 omnium,
2095 4340 2207 4396 sci-

2292 1818 2539 1892 (Salmas.
2566 1821 2619 1875 in
2663 1820 2858 1887 Snlin.,
2895 1837 3011 1893 pag.
3055 1821 3204 1894 543).
3260 1823 3430 1893 Atque
3458 1822 3581 1878 inde
3611 1824 3688 1878 sic
3728 1829 3897 1880 corri-

2289 1912 2520 1981 gendum
2546 1922 2732 1969 censet
2772 1914 3005 1968 auctoris
3046 1914 3211 1968 nostri
3257 1923 3457 1968 textum
3491 1932 3503 1968 τ
3555 1933 3574 1967 ι
3625 1916 3896 1986 Aspieesis

2290 2005 2448 2062 Isidis
2475 2007 2540 2061 ad
2575 2007 2915 2064 hirundinem
2945 2010 3183 2064 sistrum.
3227 2027 3245 2060 ι
3279 2008 3385 2064 Sed
3427 2010 3470 2064 si
3510 2010 3770 2066 Minucius
3796 2014 3896 2066 ali-

2297 2100 2437 2169 qnnd
2467 2102 2625 2171 grteci
2650 2101 2931 2171 scriptoris
2961 2116 3094 2170 opus
3123 2101 3329 2171 legerit,
3357 2118 3461 2155 non
3491 2102 3630 2156 aliud
3663 2119 3792 2158 sane
3815 2104 3894 2157 vi-

2293 2193 2450 2249 detur
2477 2207 2673 2264 prmter
2698 2196 2916 2251 citatam
2948 2197 3016 2250 ab
3054 2196 3145 2250 illo
3172 2196 3459 2250 Alexandri
3489 2196 3653 2264 Magni
3677 2198 3884 2267 cpisto-

2294 2287 2422 2345 lam.
2454 2288 2536 2340 vel
2560 2287 2856 2354 Plutarchi,
2882 2288 2964 2343 vel
2992 2288 3218 2342 aliorum
3252 2288 3435 2342 libros.
3463 2291 3527 2342 At
3553 2289 3601 2343 in
3630 2288 3734 2343 illis
3762 2291 3891 2359 quid

2294 2394 2354 2431 ea
2384 2378 2450 2433 de
2490 2396 2549 2434 re
2578 2380 2831 2451 scriptum
2872 2380 3050 2447 fuerit,
3093 2380 3213 2451 quis
3239 2381 3478 2437 divinare
3510 2383 3727 2451 potest?
3776 2383 3893 2437 Non

2295 2482 2399 2527 tam
2426 2475 2627 2529 incerta
2662 2476 2839 2546 itaque
2867 2476 3173 2545 conjectura
3198 2484 3388 2530 contra
3423 2478 3770 2549 manuscripti
3802 2493 3896 2530 au-

2292 2566 2599 2637 tiquissimi,
2641 2577 2696 2622 ct
2745 2568 3047 2623 editionum
3086 2567 3325 2621 omnium
3371 2567 3562 2633 Iidem,
3604 2577 3781 2622 textus
3807 2568 3896 2623 ille

2296 2662 2569 2717 emendari
2599 2661 2777 2717 debet.

2366 2753 2505 2822 Quid
2558 2769 2687 2823 ergo
2727 2754 2798 2810 ibi
2846 2754 2947 2810 sibi
2994 2754 3258 2810 Minucius
3310 2755 3574 2823 voluerit,
3607 2770 3635 2808 a
3665 2756 3819 2810 nobis
3852 2755 3896 2810 si

2298 2845 2537 2915 postules
2560 2888 2572 2910 ,
2605 2845 2738 2900 nihil
2778 2861 2875 2901 nos
2912 2847 3044 2901 certi
3086 2845 3285 2900 habere
3317 2845 3542 2916 ingenue
3588 2847 3893 2901 fatebimur.

2298 2937 2434 3004 Quid
2463 2953 2590 2992 vero
2631 2937 2981 3005 conjiciamus
3004 2980 3017 3001 ,
3048 2938 3090 2991 si
3125 2952 3313 3005 roges;
3346 2947 3403 3001 ut
3444 2936 3533 2991 tibi
3567 2952 3779 2991 morem
3807 2953 3898 3006 ge-

2298 3044 2478 3084 ramus
2499 3029 2786 3085 observare
2805 3031 2949 3099 prius
2971 3028 3119 3102 juvat
3143 3028 3283 3097 quod
3319 3029 3632 3102 Plutarchus
3655 3029 3892 3093 tradidit,

2299 3122 2490 3176 Isidem
2540 3123 2591 3177 in
2641 3122 2981 3178 hirundinem
3032 3132 3286 3176 mutatam
3334 3098 3657 3195 (Plutarelt.,
3695 3123 3783 3177 lih.
3837 3123 3902 3176 de

2303 3212 2433 3267 Isid.
2474 3223 2519 3268 et
2564 3212 2759 3268 Osirid.
2815 3230 2930 3285 pag.
2975 3214 3101 3269 556.
3157 3213 3288 3267 Ibid.
3343 3230 3459 3284 pag.
3501 3214 3649 3283 370).
3704 3215 3901 3269 Deinde

2305 3320 2432 3359 vero
2465 3304 2682 3360 sistrum
2720 3306 2957 3375 depingit
2987 3306 3264 3374 superiore
3296 3316 3441 3375 parte
3472 3307 3797 3371 rotundum,
3830 3321 3895 3359 ac

2304 3401 2595 3454 curvamiui
2628 3400 2768 3454 illius
2799 3403 2849 3454 in
2878 3402 3077 3455 vertice
3100 3398 3279 3471 efﬁngi
3313 3400 3468 3455 felcm
3504 3402 3730 3456 humana
3773 3418 3897 3471 spe-

2306 3494 2409 3554 cie,
2442 3504 2492 3547 et
2523 3494 2642 3547 imm
2660 3497 2817 3563 parti,
2848 3494 2979 3548 infra
3004 3509 3088 3560 ea,
3112 3511 3229 3561 qua:
3258 3496 3583 3564 qualiuntttr,
3613 3498 3899 3565 aliquando

2309 3584 2481 3650 Isidis,
2511 3585 2685 3655 aliqua
2728 3586 2796 3639 do
2818 3586 3093 3657 Nephtyos
3122 3587 3331 3640 faciem.
3372 3590 3437 3641 At
3464 3604 3568 3642 non
3596 3587 3746 3641 unius
3767 3597 3894 3641 tan-

2309 3685 2460 3744 tunt,
2509 3678 2600 3733 sed
2669 3680 2795 3733 varii
2849 3680 3061 3749 generis
3118 3680 3449 3751 diversaeque
3504 3679 3685 3735 formae
3736 3678 3902 3734 sistra

2308 3779 2482 3834 erant,
2515 3777 2571 3823 ut
2598 3780 2742 3825 recte
2763 3780 2945 3825 contra
2980 3770 3223 3826 Bossium
3253 3770 3458 3826 Tollius
3485 3771 3664 3841 (Tom.
3699 3786 3748 3825 vr
3793 3771 3903 3826 An-

2310 3863 2477 3935 tiquit.
2511 3862 2678 3918 Gram.
2718 3879 2836 3935 pag.
2880 3864 2977 3919 4H
3011 3874 3063 3919 et
3086 3863 3252 3934 scq.),
3283 3865 3477 3935 aliique
3501 3864 3897 3920 demonstrant.

2312 3956 2482 4011 Porro
2512 3966 2688 4011 autem
2730 3956 2885 4012 Isidis
2938 3958 3103 4026 figura
3144 3957 3667 4025 repraesentabatur,
3711 3958 3909 4012 dextra

2313 4064 2473 4104 manu
2505 4050 2720 4104 sistrum
2748 4058 2983 4120 gestans.
3028 4048 3145 4118 Ipsa
3172 4065 3319 4115 vero,
3345 4060 3403 4105 ut
3432 4050 3681 4116 vidimus,
3715 4052 3907 4106 eadem

2311 4150 2393 4196 est
2416 4157 2479 4197 ac
2504 4141 2690 4209 Ceres,
2724 4158 2841 4214 quae
2868 4142 3050 4212 fruges
3079 4142 3345 4197 invenisse
3373 4141 3659 4198 ferebatur.
3702 4143 3911 4211 Quibus

2312 4237 2382 4291 ita
2420 4236 2731 4307 explicatis,
2766 4237 3027 4307 expende,
3062 4251 3275 4307 quaeso,
3308 4252 3373 4291 an
3405 4236 3509 4292 dici
3550 4238 3715 4311 possit
3758 4237 3899 4292 hanc

2313 4345 2433 4386 esse
2458 4330 2692 4384 auctoris
2733 4330 2901 4384 nostri
2942 4340 3195 4385 mentem.
3250 4328 3551 4384 Alexander
3585 4344 3679 4383 sua
3713 4329 3764 4382 in
3796 4329 3909 4398 epi-

600 4424 729 4478 licet
765 4424 989 4479 deorum
1040 4428 1356 4496 principem,
1397 4432 1449 4482 et
1482 4436 1663 4496 postea
1704 4427 1850 4484 Iovis
1880 4439 2112 4501 gentem.
2146 4431 2211 4487 Et
2234 4422 2289 4484 D
2317 4422 2450 4477 stola
2484 4422 2698 4492 scripsit
2735 4423 3111 4491 reprtesentari
3152 4420 3345 4475 Isidem
3387 4436 3482 4476 seu
3513 4420 3766 4475 Cererem
3800 4419 3910 4474 frti-

607 4513 662 4568 id
692 4515 907 4585 quidem
944 4518 1251 4573 confirmari
1291 4520 1493 4589 optime
1536 4522 1730 4588 poterlt
1778 4525 2116 4593 transcriptis
2145 4526 2214 4581 ab

606 4606 843 4662 Eusebio
863 4608 1013 4663 hisce
1043 4609 1256 4666 Diodori
1285 4611 1448 4667 Siculi
1472 4612 1651 4668 verbis
1676 4632 1687 4667 :
1710 4596 1848 4671 ἔνιοι
1876 4620 1922 4670 6t
1944 4634 2033 4673 τῶν
2060 4625 2215 4688 ἱερέων

610 4705 727 4772 φασὶ
759 4716 942 4771 πρῶτον
970 4710 1209 4771 ligata-rw
1245 4713 1695 4776 βασιλεῦσιιπυρὸς
1726 4712 1921 4777 timeris
1950 4720 2210 4775 γενέμενον.

618 4811 637 4844 ‹
672 4793 715 4847 Ε
746 4792 1117 4850 sacerdotibus
1151 4798 1390 4853 nonnulli
1439 4797 1628 4854 volunt
1675 4798 1969 4854 Vulcanum
1991 4841 2005 4861 .
2062 4800 2209 4856 illum

609 4884 751 4955 ignis
779 4885 1109 4942 inventorem
1135 4930 1150 4954 ,
1181 4890 1412 4958 primttm
1441 4905 1620 4961 regem
1651 4889 2038 4945 numerandum
2064 4905 2209 4959 esse,

612 4983 698 5038 cui
719 4985 1000 5047 Saturnus,
1024 4984 1174 5039 Iovis
1206 4994 1376 5056 pater,
1409 4987 1635 5058 imperio
1662 4985 1981 5041 successerit
2007 5004 2026 5039 ι
2054 4985 2209 5059 (Dio-

609 5080 755 5142 dor..
782 5083 872 5138 lib.
905 5099 922 5136 I
960 5082 1200 5139 Biblioth.
1236 5098 1355 5155 pag.
1400 5082 1454 5146 8;
1489 5083 1713 5150 Euseb.,
1747 5083 1841 5138 lib.
1888 5099 1927 5140 Il
1967 5083 2205 5156 Prwpar.

607 5172 834 5245 Evang.,
862 5187 977 5243 cap.
1014 5174 1038 5229 I
1073 5175 1117 5243 ).
1165 5174 1352 5229 Utrum
1392 5184 1569 5227 autem
1603 5174 1742 5228 istud
1771 5189 1956 5229 verum
1985 5176 2055 5231 sit
2082 5178 2211 5231 arti-

607 5265 732 5319 culo
761 5266 1004 5333 sequenti
1030 5265 1475 5321 examinabimus.
1519 5266 1587 5321 At
1614 5278 1759 5322 certe
1789 5268 2058 5324 neminem
2087 5282 2209 5324 esse

606 5366 878 5427 putamus,
908 5358 996 5427 qni
1028 5357 1170 5411 ultro
1195 5374 1300 5413 non
1339 5358 1571 5414 fateatur
1608 5375 1714 5413 non
1755 5358 2003 5415 minimas
2045 5358 2208 5417 fuisse

607 5446 900 5505 Gentilium
937 5449 1007 5504 de
1040 5450 1264 5505 deorum
1306 5465 1526 5506 suorum
1581 5451 1786 5520 origine
1827 5452 2203 5507 dissentiones.

606 5539 737 5594 Nam
790 5541 881 5594 alii
937 5543 1185 5615 plerique
1228 5559 1417 5600 omnes
1466 5544 1611 5599 illam
1657 5561 1686 5599 a
1733 5546 1964 5601 Saturno
1993 5546 2209 5601 ductam

602 5648 721 5689 esse
744 5634 949 5705 opinati
985 5646 1128 5704 sunt,
1155 5639 1308 5694 sicuti
1333 5639 1490 5707 paulo
1508 5645 1628 5706 post
1654 5637 2061 5717 explicabimus.
2091 5635 2212 5693 Ca3-

594 5734 764 5783 terum
793 5727 904 5790 sive
947 5741 991 5782 a
1017 5725 1283 5797 Saturno,
1314 5730 1428 5790 sive
1451 5745 1481 5789 a
1506 5726 1747 5800 Vulcano
1781 5727 1994 5791 initium
2023 5744 2208 5801 sump-

2321 4514 2505 4581 mcnti,
2553 4530 2582 4568 a
2629 4529 2708 4580 se,
2747 4514 2821 4569 nti
2853 4513 3085 4581 aiebant,
3128 4513 3351 4582 inventi,
3391 4513 3565 4577 spicas
3612 4514 3663 4568 in
3711 4514 3905 4582 capite,

2318 4607 2506 4663 subtus
2531 4607 2892 4670 hirundinem,
2927 4607 2977 4660 in
3001 4621 3158 4675 qnam
3184 4614 3383 4660 mutata
3407 4606 3599 4668 fuerat,
3629 4620 3694 4661 ac
3719 4605 3908 4660 dextra

2318 4715 2478 4755 manu
2508 4698 2725 4754 sistrum
2755 4709 3074 4771 gestantem.
3103 4698 3319 4753 Meliora
3350 4707 3527 4751 tamen
3558 4698 3652 4752 tibi
3677 4699 3728 4751 in
3758 4713 3909 4753 men-

2317 4801 2423 4847 tem
2452 4792 2496 4845 si
2528 4792 2793 4857 venerint,
2824 4792 3085 4861 nobisque
3107 4803 3383 4860 suggeras,
3407 4788 3713 4852 coiifestim,
3752 4791 3911 4843 mini-

2318 4900 2509 4954 meque
2540 4884 2888 4948 reluctantes,
2915 4884 3195 4939 sententire
3235 4891 3337 4936 ture
3373 4882 3792 4937 subscribemns.
3843 4885 3911 4937 At

2314 4976 2587 5034 fatendum
2619 4988 2793 5032 tamen
2825 4980 2927 5031 erit
2954 4975 3236 5031 Minucium
3262 4976 3385 5030 hinc
3415 4986 3557 5031 recte
3587 4976 3910 5032 concludere

2313 5072 2593 5129 ridiculam
2633 5071 2854 5125 omnino
2884 5085 3001 5125 esse
3042 5079 3093 5124 et
3132 5067 3523 5139 explodendam
3570 5067 3709 5124 lianc
3756 5068 3911 5124 Isidis

2313 5169 2665 5226 divinitatem.

2380 5264 2661 5320 Postremo
2682 5263 2731 5316 in
2748 5261 2933 5317 eadem
2952 5260 3241 5317 Alexandri
3260 5259 3504 5331 epistola,
3523 5259 3723 5324 sive,ut
3743 5259 3912 5329 loqui-

2314 5367 2399 5413 tur
2422 5366 2607 5414 auctor
2633 5366 2821 5411 noster
2851 5374 2868 5406 ι
2901 5355 3171 5409 volumine
3191 5398 3205 5420 ,
3235 5373 3256 5408 ι
3299 5354 3555 5423 scriptum
3590 5362 3707 5405 erat
3731 5373 3750 5403 ι
3800 5352 3906 5407 dis-

2313 5450 2503 5521 persis,
2547 5469 2565 5501 ›
2610 5450 2692 5504 vel
2730 5467 2748 5501 ι
2782 5447 3054 5517 adspersis
3079 5445 3348 5509 membris,
3378 5444 3590 5499 inanem
3615 5443 3906 5512 Serapidis,

2315 5543 2428 5599 sive
2452 5542 2680 5598 Osiridis
2708 5542 2989 5597 tumulum.
3025 5558 3043 5591 ι
3078 5539 3185 5593 Nec
3215 5551 3428 5609 prorsus
3455 5551 3587 5591 sane
3619 5536 3902 5591 immerito.

2314 5634 2505 5691 Narrat
2555 5635 2699 5690 enim
2748 5630 3009 5688 Diodorus
3053 5629 3262 5685 Siculus
3308 5627 3567 5700 quosdam
3620 5627 3906 5683 tradidisse

2314 5726 2630 5801 Typhonem
2660 5724 2835 5783 fratris
2865 5721 2947 5778 sui
2976 5720 3219 5788 Osiridis,
3249 5735 3279 5775 a
3307 5736 3363 5777 se
3387 5720 3679 5777 crudeliter
3710 5719 3903 5785 necati,
