4242 6222
592 243 697 299 567

1858 235 1943 291 DE
1980 230 2098 290 MIN
2107 229 2237 290 UCII
2262 226 2563 297 OCTAVIO

3785 218 3890 275 568

586 360 956 417 celeberrimis
981 357 1355 429 scriptoribus,
1383 356 1451 411 ab
1495 361 1712 410 auctore
1767 360 1955 406 nostro
1986 348 2187 415 citatis,
2215 347 2270 408 Α
2296 352 2566 399 monetam
2600 355 2665 396 ex
2691 353 2796 394 una
2836 344 2991 409 parte
3012 335 3215 404 bicipiti
3246 334 3403 405 facie,
3434 347 3503 389 ex
3532 331 3697 388 altera
3737 346 3889 398 vero,

524 508 535 513 -
595 454 967 511 credendum?
1016 453 1255 521 Denique
1307 466 1375 505 ex
1402 449 1535 503 infra
1568 444 1809 503 dicendis
1847 446 1978 500 satis
2008 444 2190 514 utique

595 562 659 617 pa
668 546 965 602 tebitVulca
974 560 1099 599 num
1114 544 1217 599 dici
1234 558 1339 597 non
1356 541 1591 610 potuisse
1604 540 1825 594 deorum
1838 535 2073 591 omnium
2092 549 2191 590 nec

592 642 843 711 primum.
876 654 975 694 nec
1014 639 1307 708 principem
1330 635 1551 708 (Tom.t
1589 637 1863 706 Apparat..
1891 645 2009 699 pag.
2033 629 2186 696 755‘).

671 733 805 788 Tum
832 731 1027 788 deinde
1066 730 1326 785 Minucius
1348 744 1411 783 ex
1446 727 1635 782 iisdem
1660 724 1843 794 procul
1866 722 2031 778 dubio
2059 721 2191 775 scri-

597 828 843 899 ptoribus
892 834 1075 881 narrat
1103 824 1415 885 Saturnum.
1444 821 1600 876 sicuti
1631 818 1755 873 alibi
1785 815 2182 876 annotavimus,

594 919 755 975 Creta
785 918 1083 988 profugum,
1119 918 1172 971 in
1203 916 1407 971 Italiam
1437 923 1581 969 metu
1629 911 1719 965 filii
1751 908 2078 979 confugisse.
2112 904 2189 959 Ibi

597 1020 778 1068 autem
802 1026 830 1065 a
859 1010 993 1065 Jano
1018 1016 1322 1076 susceptus,
1357 1025 1378 1058 ι
1416 1005 1575 1059 rudes
1590 1002 1859 1066 homines,
1886 1018 1906 1051 ι
1934 995 2191 1068 quemad-

596 1105 815 1161 modum
846 1103 1006 1159 etiam
1038 1102 1298 1157 Diodorus
1328 1099 1563 1165 Siculus,
1591 1111 1622 1151 a
1648 1094 1878 1150 Minucio
1909 1090 2186 1155 laudatus,

596 1200 941 1263 testificatur,
975 1198 1140 1252 multa
1162 1196 1361 1259 docuit,
1394 1208 1457 1249 ac
1500 1189 1795 1261 praesertim
1827 1188 2036 1241 litteras
2084 1184 2187 1237 im-

596 1295 856 1365 primere,
883 1306 1132 1346 nummos
1161 1290 1395 1360 signare,
1424 1297 1479 1342 et
1515 1286 1786 1341 coniicere
1812 1281 2185 1335 instrumenta.

594 1389 869 1444 Prteterca
889 1388 1087 1451 locum,
1118 1385 1170 1439 in
1195 1397 1302 1454 quo
1332 1382 1507 1446 latuit,
1525 1376 1785 1448 appellari
1809 1374 1979 1429 voluit
2006 1370 2191 1427 Satur-

592 1483 762 1545 niam,
796 1479 952 1535 sicuti
980 1477 1146 1533 Janus
1165 1476 1487 1531 Janiculnm.
1514 1472 1583 1527 At
1610 1486 1671 1526 ea
1689 1469 1865 1523 omnia
1906 1463 2190 1521 Tertullia-

593 1591 697 1631 nus
718 1584 897 1639 antea,
925 1582 979 1627 ct
1001 1580 1183 1643 po<tea
1206 1568 1527 1641 Cyprianus,
1557 1574 1718 1633 atque
1744 1559 2050 1617 Lactantius
2066 1555 2192 1611 scri-

594 1676 688 1739 pto
721 1665 1009 1738 prodidere
1054 1660 1319 1735 (Diodor.,
1356 1658 1450 1713 lib.
1500 1672 1557 1711 lll
1604 1654 1875 1717 Bibliotlt.,
1908 1664 2029 1720 pag.
2060 1645 2186 1711 1'56,

2300 435 2384 490 vel
2413 443 2547 499 rate,
2578 432 2663 487 vel
2693 430 2928 500 navigio,
2950 429 3035 484 vel
3059 442 3260 483 corona
3287 428 3604 498 impressam
3630 422 3894 480 cuderunt

2295 527 2589 599 (Athenae,
2622 525 2717 580 lib.
2761 539 2828 578 xv
2875 522 3287 593 Deiphnosaph.,
3332 535 3451 591 cap.
3480 517 3566 577 18.
3613 532 3733 588 pag.
3761 516 3892 583 692;

2292 618 2549 683 Macrob.,
2579 615 2848 672 Saturnal.
2897 615 2991 670 lib.
3015 630 3055 682 ι,
3084 629 3203 685 cap.
3235 612 3307 685 7).
3330 611 3434 668 Sed
3465 625 3583 678 cur,
3607 624 3813 677 quaeso,
3838 609 3896 664 in

2299 709 2399 764 hac
2421 719 2633 763 moneta
2662 718 2753 761 aut
2774 707 2935 773 ratis,
2969 716 3062 759 aut
3088 704 3287 775 navigii
3318 701 3523 774 efﬁgies
3559 715 3755 757 excusa
3774 701 3896 755 est?

2293 801 2481 856 Nonne
2504 801 2649 872 quia,
2674 810 2733 854 ut
2776 799 3031 864 diximus,
3050 801 3230 867 aitque
3251 796 3591 858 Plutarclms,
3625 812 3643 847 ι
3675 798 3753 849 ἰπὶ
3772 808 3895 865 τιμῇ

2293 894 2471 953 Κρόνου
2514 903 2662 963 πλοίῳ
2716 898 3086 964 διαπεράσαντος
3136 896 3203 951 εἷς
3249 882 3477 954 ίταλίαν,
3525 889 3582 943 in
3634 891 3897 944 honorem

2294 987 2506 1043 Saturni
2552 988 2762 1057 navigio
2809 986 2860 1040 in
2895 985 3040 1041 Italia
3063 984 3312 1040 advecti?
3346 1004 3365 1037 ι
3399 982 3695 1057 (Plutarch.
3717 1024 3734 1049 ,
3759 993 3898 1038 tom.

2294 1096 2351 1143 ιι,
2385 1080 2577 1145 Quaest.
2598 1078 2776 1145 Rom.,
2808 1094 2925 1149 pag.
2948 1075 3103 1149 274.)
3140 1076 3275 1145 Quid
3306 1092 3436 1147 ergo
3460 1078 3504 1130 si
3535 1074 3704 1130 Janus
3733 1089 3897 1130 num-

2296 1189 2442 1229 mtun
2472 1174 2525 1228 in
2558 1175 2817 1228 honorem
2842 1171 3080 1232 Saturni.
3100 1181 3156 1227 et
3179 1172 3445 1225 Saturnus
3484 1168 3646 1224 alium
3678 1170 3730 1222 in
3764 1167 3897 1223 hos-

2296 1267 2423 1337 pitis
2450 1267 2530 1321 sui
2560 1266 2875 1320 memoriam
2915 1265 3162 1319 cudcrit‘!
3188 1263 3455 1335 Quidquid
3506 1264 3601 1327 sit,
3633 1261 3899 1317 Minucius

2294 1370 2443 1416 certe
2474 1363 2729 1431 prawium
2758 1360 2950 1414 vadem
2978 1358 3229 1414 habuisse
3256 1358 3469 1412 videtur
3494 1357 3713 1411 citatum
3745 1372 3774 1410 a
3798 1371 3899 1412 no-

2295 1451 2377 1506 bis
2398 1451 2667 1515 Ovidium,
2692 1460 2746 1506 et
2778 1452 2950 1520 magis
2981 1464 3238 1518 expresse
3263 1448 3683 1515 Tertullianum,
3714 1448 3806 1519 qui
3830 1448 3901 1504 de

2295 1545 2486 1601 eodem
2522 1544 2755 1601 Saturno
2792 1545 2907 1599 ham
2935 1544 3148 1614 scriptis
3188 1542 3328 1598 haud
3352 1542 3660 1598 dubitanter
3681 1542 3904 1597 manda-

2297 1638 2412 1692 vit:
2448 1656 2465 1689 ι
2505 1636 2588 1692 Ab
2630 1637 2748 1707 ipso
2792 1636 3022 1706 primum
3069 1634 3283 1698 tabulm,
3311 1643 3365 1690 et
3403 1635 3635 1704 imagine
3661 1632 3903 1704 signatus

590 1726 647 1820 et
674 1726 765 1816 lib.
800 1776 855 1824 v,
877 1773 995 1830 pag.
1025 1726 1128 1813 231
1159 1763 1213 1808 et
1236 1753 1366 1811 233;
1387 1748 1637 1813 Tertull.,
1672 1746 1911 1816 Apolog.,
1945 1756 2065 1810 cap.
2099 1738 2190 1808 10,
2222 1736 2270 1795 B
2298 1745 2551 1787 nummus
2575 1747 2590 1797 ;
2614 1730 2809 1786 etinde
2828 1730 3020 1785 aerario
3041 1728 3295 1799 praesidet
3330 1747 3347 1780 ι
3378 1726 3723 1801 (Tertullian.
3760 1727 3905 1792 Apo-

591 1870 718 1927 pag.
750 1853 841 1913 12.
873 1860 928 1907 et
955 1850 1045 1905 lib.
1080 1864 1116 1903 ιι
1142 1847 1211 1901 ad
1246 1845 1486 1909 Ναιὶοη..
1532 1856 1651 1912 cap.
1686 1840 1773 1903 12,
1807 1853 1927 1908 pag.
1968 1835 2060 1898 75;
2092 1833 2198 1906 Cy-

590 1952 792 2019 prian.,
826 1945 889 1999 de
915 1943 1056 1997 λαοί.
1096 1942 1275 2005 vani!"
1308 1953 1426 2010 pag.
1457 1936 1546 2003 11;
1576 1933 1847 1997 Lactant.,
1872 1929 1966 1985 lib.
1999 1944 2038 1996 ι,
2072 1941 2193 1998 cap.

591 2042 683 2098 15.
702 2056 826 2098 pag.
852 2039 965 2098 76).

667 2084 683 2109 ,
740 2056 766 2095 a
811 2080 826 2094 .
852 2039 919 2094 76
953 2082 965 2092 .

664 2057 742 2190 DE:
772 2037 1023 2189 galugnia
1052 2140 1232 2187 autem
1279 2129 1411 2185 urbe
1448 2134 1505 2183 et
1542 2124 1790 2183 Janiculo
1837 2122 1955 2179 hrcc
1997 2119 2197 2177 cecinit

592 2229 847 2302 Virgilius
870 2248 883 2283 :

716 2322 838 2374 Haec
858 2323 957 2373 duo
984 2330 1229 2386 praeterea
1250 2320 1472 2386 disjectis
1490 2317 1666 2380 oppida
1685 2316 1857 2373 muris,
1886 2375 1896 2386 ι

712 2382 1335 2448 Βειιῑίιιιίιιένεῐθνιιιιιίιιιρ
1361 2382 1501 2448 vides
1520 2386 1832 2448 monumenta
1853 2382 2071 2448 virorum
2107 2386 2120 2422 :

710 2448 851 2499 Hanc
863 2437 1021 2497 'Janus
1040 2454 1195 2508 pater,
1218 2437 1341 2508 hanc
1363 2444 1603 2508 Saturnus
1624 2439 1839 2508 condidit
1862 2437 2069 2497 urbem;

711 2509 991 2561 Ianiculum
1016 2504 1147 2566 huic,
1175 2504 1241 2557 illi
1260 2507 1423 2557 fuerat
1439 2504 1668 2555 Saturnia
1691 2512 1894 2552 nomen.

1047 2591 1272 2658 (Virgil.,
1294 2589 1329 2643 ι.
1356 2606 1435 2641 vni
1458 2588 1675 2647 ﬂuent,
1693 2587 1858 2637 11.354
1877 2592 1923 2637 et
1944 2583 2103 2649 seqq.)

588 2680 696 2737 Sed
723 2680 791 2735 de
841 2681 945 2742 his,
990 2679 1305 2750 signatoque
1350 2690 1571 2731 nummo
1614 2671 1869 2730 Ovidius.
1912 2685 1939 2722 a
1972 2667 2195 2722 Lactan-

588 2774 665 2830 tio
692 2774 803 2848 (lib.
831 2791 849 2831 ι
876 2774 1109 2829 Institut.
1135 2773 1318 2840 divin.,
1343 2788 1460 2839 cap.
1490 2770 1580 2835 1‘5,
1606 2786 1658 2838 p.
1693 2764 1786 2838 76)
1815 2764 1977 2821 etiam
2009 2761 2195 2819 lauda-

588 2878 697 2934 tus,
731 2868 1023 2924 Saturnum
1051 2867 1128 2920 sic
1159 2863 1558 2930 interrogabat:

749 2959 899 3022 Multa
915 2959 1115 3022 quidem
1136 2958 1300 3018 didici,
1328 2955 1417 3022 sed
1441 2968 1529 3022 cur
1554 2952 1741 3022 navalis
1768 2954 1819 3001 in
1844 2962 1948 3022 gere

778 3012 947 3071 Altera
962 3023 1153 3083 signata
1183 3012 1461 3078 est,'altera
1483 3017 1635 3067 forma
1656 3017 1832 3078 biceps
1846 3012 1872 3063 ?

591 3104 883 3161 Saturnum
904 3121 1034 3162 vero
1061 3105 1140 3160 sic
1164 3102 1581 3174 respondentem
1608 3100 1816 3156 induxit
1850 3116 1863 3153 :

710 3217 931 3269 Noscere
955 3231 1033 3266 me
1054 3216 1239 3281 duplici
1266 3229 1437 3281 posses
1458 3218 1508 3265 in
1532 3216 1767 3277 imagine.
1785 3211 1931 3270 dixit,

783 3281 843 3330 Ni
863 3288 1007 3330 vetus
1032 3280 1139 3341 ipse.
1164 3280 1277 3329 dies
1290 3284 1616 3341 extenuasset
1637 3289 1779 3339 opus.

716 3342 871 3394 Causa
891 3344 1013 3392 ratis
1034 3335 1303 3404 superest:
1326 3340 1571 3404 Thuscum
1587 3335 1703 3404 rate
1738 3338 1875 3387 venit
1894 3335 1945 3383 in
1968 3345 2182 3392 amnem,

777 3408 909 3454 Ante
936 3402 1196 3466 peragrato
1220 3402 1409 3451 falcifer
1426 3404 1550 3466 orbe
1569 3402 1713 3450 deus.

711 3467 819 3518 Hac
835 3464 1212 3529 ego'Satu’rnum
1235 3466 1436 3529 memini
1462 3464 1643 3529 tellure
1668 3469 1923 3523 receptum
1952 3476 1964 3520 ;

777 3527 1032 3581 Coalitibus
1051 3530 1223 3589 regnis
1242 3539 1271 3573 a
1285 3527 1410 3577 J0ve
1434 3527 1601 3589 pulsus
1623 3534 1751 3575 erat.

715 3591 839 3641 Inde
867 3593 947 3641 diu
970 3594 1108 3653 genti
1133 3593 1309 3653 mansit
1330 3590 1553 3639 Saturnia
1580 3601 1787 3653 nomen:

777 3654 919 3704 Dicta
943 3646 1141 3715 quoque
1167 3660 1237 3701 est
1266 3652 1457 3701 Latium
1470 3659 1631 3715 terra,
1652 3649 1848 3715 latente
1881 3646 1997 3697 deo.

717 3718 785 3768 At
809 3719 936 3766 bona
952 3712 1215 3778 posteritas
1240 3712 1689 3778 puppimuformavit
1706 3713 1759 3761 in
1780 3723 1902 3770 mre,

780 3775 1002 3838 Hospitis
1026 3775 1287 3826 adventum
1311 3775 1568 3838 testificata
1593 3776 1689 3824 sui.

716 3842 832 3906 Ipse
869 3836 1028 3906 solum
1052 3838 1213 3906 colui_._
1224 3840 1369 3906 cujus
1386 3836 1706 3906 placidissima
1729 3837 1908 3886 laevum

780 3902 927 3952 Radit
950 3903 1144 3950 arenosi
1175 3901 1400 3964 Tybridis
1421 3900 1549 3949 unda
1574 3899 1717 3964 latus.

712 3966 807 4016 Hic
829 3966 910 4014 ubi
935 3978 1064 4013 nunc
1088 3961 1235 4013 Roma
1261 3970 1355 4021 est,
1384 3972 1497 4011 tunc
1518 3963 1664 4010 ardua
1683 3961 1815 4025 sylva
1839 3962 2046 4024 virebat,

784 4028 1042 4089 Tantaque
1065 4039 1152 4075 res
1174 4028 1342 4089 paucis
1367 4037 1543 4089 pascua
1568 4025 1725 4073 bobus
1750 4032 1874 4074 erat.

718 4092 816 4143 Arx
837 4102 944 4139 mea
962 4084 1107 4139 collis
1132 4084 1257 4142 erat.
1283 4084 1428 4150 quam
1453 4084 1630 4148 vulgus
1652 4099 1851 4136 nonune
1868 4096 2035 4139 nostro

781 4154 1058 4214 Nuncupat,
1084 4152 1190 4200 base
1212 4149 1331 4199 anas
1351 4149 1726 4207 Janiculumque
1752 4157 1905 4199 vocat.

955 4231 1144 4298 (0vid.,
1170 4228 1202 4280 ι.
1229 4248 1247 4281 ι
1270 4232 1485 4291 Fastor.,
1511 4244 1557 4279 υ.
1576 4229 1663 4280 231
1693 4236 1738 4280 et
1762 4231 1922 4298 seqq.)

668 4374 737 4423 At
764 4380 868 4437 qua
886 4364 1116 4421 ratione.
1134 4368 1323 4431 arguet
1351 4359 1563 4427 aliquis,
1585 4360 1849 4415 Saturnus
1890 4361 2085 4420 dicitur
2106 4380 2194 4420 ar-

591 4469 704 4516 tem
758 4457 1010 4512 docuisse
1058 4467 1308 4508 nummos
1348 4451 1632 4521 signandi?
1665 4451 1853 4508 Nonne
1891 4454 2110 4513 Servius
2137 4458 2188 4511 in

2301 1823 2482 1893 laget.,
2524 1836 2646 1892 cap.
2692 1821 2779 1887 10,
2811 1835 2932 1891 pag.
2965 1819 3077 1891 12).
3106 1819 3413 1889 Magistrum
3448 1832 3578 1873 vero
3606 1832 3761 1872 suum
3787 1816 3896 1888 Cy-

2300 1915 2543 1985 prianus,
2572 1913 2728 1968 sicuti
2750 1911 3037 1967 Minucium
3057 1921 3321 1975 nostrum,
3339 1910 3423 1964 his
3441 1909 3620 1964 verbis
3635 1924 3774 1978 pone
3804 1924 3893 1965 se-

2299 2005 2484 2077 quitur
2514 2020 2527 2057 :
2555 2021 2575 2055 ‹
2616 2003 2711 2059 llic
2756 2002 2967 2057 litteras
3003 2001 3336 2069 imprimere.
3370 1999 3458 2054 hic
3498 1999 3717 2076 signare
3746 2015 3878 2054 num

2298 2111 2419 2152 mos
2440 2097 2494 2150 in
2522 2094 2672 2150 Italia
2698 2094 2904 2164 primus
2943 2092 3213 2158 instituit;
3246 2091 3388 2146 unde
3408 2092 3653 2146 aerarium
3682 2092 3904 2146 Saturni

2297 2201 2522 2248 voeatur
2554 2210 2573 2243 ι
2599 2189 2899 2261 (Cyprium,
2931 2188 2994 2242 de
3021 2186 3221 2242 Idolor.
3261 2184 3457 2251 Vanit.,
3490 2200 3605 2255 pag.
3642 2185 3752 2254 11).
3786 2184 3903 2238 Ad-

2298 2281 2507 2345 damus,
2557 2281 2602 2334 si
2638 2279 2807 2341 luhet,
2866 2276 3210 2350 Polydorium
3269 2275 3576 2345 Vergilium,
3610 2275 3700 2345 qui
3761 2275 3906 2328 hanc

2299 2373 2609 2442 Opinionem
2652 2369 2897 2439 Eutropii
2975 2369 3293 2422 auctoritate
3346 2366 3669 2422 conﬁrmare
3713 2365 3906 2422 nititur

2303 2468 2514 2538 (Polyd.
2537 2463 2764 2536 Vergil.,
2784 2464 2878 2519 lib.
2912 2479 2948 2518 ιι
2977 2463 3040 2517 de
3068 2461 3094 2515 1
3104 2471 3295 2527 ηυεηι.,
3318 2476 3438 2531 cap.
3464 2459 3583 2532 20).

2372 2560 2541 2614 Recte
2568 2573 2698 2628 ergo
2732 2555 2995 2610 Minucius
3040 2570 3105 2609 ex
3134 2553 3294 2609 dictis
3324 2552 3598 2608 concludit
3629 2568 3642 2604 :
3683 2571 3701 2604 ι
3733 2551 3903 2607 Homo

2301 2652 2482 2722 igitur,
2524 2651 2708 2720 utique
2744 2668 2763 2699 ›
2798 2647 3083 2712 Saturnus,
3123 2666 3142 2697 ι
3188 2646 3277 2716 qui
3322 2644 3495 2714 fugit:
3528 2644 3690 2697 homo
3720 2643 3905 2712 utique

2298 2744 2388 2815 qui
2413 2744 2585 2798 latuit.
2626 2761 2645 2794 ι
2684 2740 2884 2796 Eadem
2931 2749 3013 2795 est
3058 2739 3319 2795 Lactantii
3346 2737 3625 2793 conclusio
3657 2751 3671 2789 ε
3708 2754 3729 2787 ‹
3762 2736 3902 2791 Cen-

2298 2845 2453 2892 setne
2479 2834 2694 2905 aliquis,
2744 2834 2915 2905 inquit
2948 2873 2962 2895 .
3017 2832 3184 2887 Deum
3211 2845 3354 2896 esse,
3387 2831 3477 2899 qui
3525 2828 3680 2899 fugit,
3712 2829 3803 2897 qui
3828 2828 3902 2881 la-

2300 2925 2635 2983 tuit?l\'emo
2668 2937 2774 2980 tam
2805 2924 3002 2979 stultus
3049 2933 3153 2978 est.
3194 2921 3297 2990 Qui
3341 2921 3484 2976 enim
3533 2919 3691 2988 fugit,
3736 2927 3793 2974 et
3821 2919 3901 2973 la-

2298 3032 2393 3084 tet,
2412 3030 2467 3076 et
2492 3021 2622 3083 vim,
2642 3028 2694 3074 et
2722 3026 2949 3074 mortem
2978 3017 3157 3071 timeat
3193 3028 3414 3070 necesse
3445 3023 3527 3069 est
3554 3031 3573 3065 ι
3602 3010 3900 3083 (Lactant.,

2217 3125 2263 3190 ς
2295 3112 2391 3170 lib.
2423 3128 2442 3167 ι
2467 3110 2643 3167 limit.
2672 3109 2854 3177 divin.,
2883 3122 3002 3180 cap.
3033 3109 3124 3177 ιδ,
3157 3122 3276 3179 pag.
3308 3104 3456 3177 176).

2884 3260 3179 3303 Αιιτιαυιυδ
3218 3260 3276 3300 ιι.

2294 3366 2464 3434 Quam
2495 3373 2801 3435 prwpouere
2829 3362 3036 3417 Ethnici
3055 3362 3278 3415 dixerint
3300 3357 3587 3415 Saturnum
3611 3373 3674 3413 ea:
3700 3358 3825 3411 cmlo
3849 3367 3902 3412 et

2366 3471 2502 3514 terra
2531 3468 2735 3513 ortum:
2762 3457 2895 3510 unde
2920 3465 3042 3510 nata
3071 3455 3178 3509 [nec
3198 3452 3373 3521 Opinio
3395 3466 3415 3506 :
3440 3461 3610 3504 utrum
3639 3449 3779 3503 illius
3799 3466 3896 3504 ra—

2366 3554 2458 3620 tio,
2497 3569 2531 3606 a
2571 3551 2799 3605 Minucio
2848 3551 2992 3616 data,
3014 3559 3149 3602 recte
3184 3564 3215 3600 a
3242 3545 3510 3599 Lactantio
3533 3543 3896 3613 rcdarguatur,

2365 3660 2427 3697 ac
2476 3642 2597 3697 inde
2642 3653 2812 3696 tamen
2850 3641 3037 3709 conﬁci
3067 3639 3350 3695 Saturnum
3395 3653 3497 3692 non
3534 3636 3677 3691 deum
3710 3635 3893 3705 fuisse,

2363 3736 2453 3791 sed
2482 3750 2677 3790 merum
2703 3732 3002 3789 hominem?

2364 3891 2507 3948 Satis
2532 3891 2866 3947 abundanter
2895 3890 2949 3945 in
2996 3889 3261 3960 superiori
3286 3887 3514 3943 articulo
3544 3887 3890 3943 demonstra-

2294 3996 2406 4042 tum
2430 3998 2510 4044 est
2526 3986 2818 4043 Saturnum
2837 4000 2942 4040 non
2964 4000 3085 4040 esse
3100 3985 3286 4048 Deum,
3309 3992 3505 4051 utpote
3525 3983 3615 4051 qui
3638 4000 3657 4031 ι
3679 3990 3856 4043 natus,
3871 3998 3893 4030 ι

2299 4079 2440 4134 sicut
2468 4080 2537 4133 ait
2564 4078 2845 4144 Minucius,
2882 4096 2901 4128 ι
2940 4093 3004 4132 ex
3052 4076 3271 4131 homine
3305 4094 3325 4127 ›
3365 4074 3482 4129 fuit.
3512 4073 3651 4142 Quin
3706 4074 3899 4135 immo.

2296 4170 2492 4240 inquit.
2517 4170 2908 4233 Tertullianus,
2937 4189 2954 4220 ι
3003 4169 3125 4240 quia
3179 4168 3247 4223 ab
3301 4166 3540 4231 homine,
3574 4181 3679 4220 non
3712 4165 3903 4235 utique

2295 4261 2363 4315 de
2384 4263 2524 4318 caelo
2553 4272 2606 4317 et
2634 4270 2776 4317 terra
2806 4280 2826 4311 ι
2848 4261 3059 4331 genitus
3085 4269 3188 4325 est,
3208 4256 3660 4329 quemadmodum
3683 4254 3897 4310 Ethnici

2295 4356 2494 4427 passim
2524 4364 2578 4409 et
2603 4354 2767 4410 verbo
2795 4362 2850 4409 et
2880 4354 3102 4423 scripto,
3130 4351 3277 4407 domi
3317 4359 3371 4406 et
3401 4349 3552 4414 foris,
3582 4360 3635 4405 et
3661 4349 3751 4402 ubi
3782 4364 3891 4402 non

2296 4446 2683 4502 venditabant?
2712 4445 2980 4519 (Tertull.,
3014 4444 3264 4516 Apolog.,
3293 4459 3414 4514 cap.
3448 4442 3537 4508 10,
3572 4457 3691 4513 pag.
3718 4440 3807 4507 12,
3836 4449 3891 4496 et

592 4554 787 4609 citatos
820 4548 1023 4619 Virgilii
1048 4560 1254 4607 versus,
1290 4544 1433 4599 illam
1460 4544 1561 4598 Soli
1584 4544 1720 4600 Jano
1754 4546 1916 4603 haece
1946 4551 2188 4607 animad-

2296 4538 2390 4595 lib.
2439 4555 2476 4595 ιι
2533 4540 2602 4593 ad
2654 4537 2897 4600 Nation..
2946 4553 3066 4607 cap.
3116 4538 3204 4603 12,
3238 4552 3358 4608 pag.
3405 4535 3523 4608 75.)
3552 4535 3660 4591 Cur
3713 4547 3890 4591 autem

595 4644 846 4702 versione
875 4640 1168 4697 adscribit:
1194 4658 1213 4691 ‹
1251 4637 1419 4694 Janus
1446 4639 1497 4693 in
1519 4637 1765 4695 Janiculo
1792 4641 2071 4710 habitavit,
2098 4646 2189 4714 qui

592 4737 738 4809 quod
790 4752 891 4791 una
935 4735 1056 4789 navi
1095 4734 1245 4789 exsul
1277 4732 1532 4798 venit,in
1579 4735 1801 4801 pecunia
1848 4736 1965 4805 ejus
1985 4751 2050 4792 ex
2083 4753 2189 4793 una

590 4842 747 4903 parte
762 4831 879 4884 Jani
910 4838 1092 4900 caput,
1123 4842 1187 4882 ex
1221 4826 1386 4881 altera
1425 4825 1575 4880 navis
1609 4827 1814 4897 signata
1864 4838 1943 4883 cst
1976 4828 2186 4900 (Serv.,

590 4940 713 4996 pag.
746 4922 899 4993 509).
930 4922 1128 4977 Verum
1170 4918 1240 4973 ibi
1262 4919 1479 4975 Servius
1510 4928 1618 4974 tam
1656 4919 1724 4975 de
1749 4910 2003 4987 Saturno,
2027 4937 2187 4991 quam

588 5018 746 5077 Jano.
778 5016 934 5071 sicuti
975 5023 1163 5069 auctor
1185 5011 1300 5082 ejus
1326 5011 1601 5081 Virgilius,
1624 5010 1862 5066 disserit.
1892 5011 2027 5078 Quia
2058 5028 2187 5085 ergo

590 5110 894 5175 Saturnus,
921 5109 1231 5179 neutiquam
1274 5120 1403 5160 vero
1438 5104 1634 5168 Janus,
1674 5123 1693 5155 ι
1736 5120 1840 5160 una
1878 5106 1998 5160 navi
2032 5108 2186 5162 exsul

586 5204 756 5265 venit.
782 5222 801 5256 ι
836 5216 1015 5258 nonne
1054 5201 1122 5257 de
1152 5199 1377 5270 pecunia
1405 5197 1682 5269 utriusque
1727 5198 1949 5256 nomine
1977 5199 2185 5271 signata

585 5294 969 5368 intelligendus
991 5296 1111 5349 est?

660 5390 816 5455 Esto,
864 5386 1074 5459 urgebit
1124 5386 1307 5441 alius:
1368 5394 1421 5440 at
1449 5394 1596 5442 certe
1635 5387 1809 5442 Draco
1844 5386 2182 5459 Corcyraeus,

580 5482 723 5552 apud
744 5481 1124 5544 Athenaenum,
1143 5480 1228 5535 cui
1258 5479 1557 5534 Macrobius
1585 5478 1930 5547 suffragatur,
1983 5479 2186 5535 diserte

578 5580 851 5628 asseverat
881 5588 895 5625 :
932 5592 954 5625 ι
993 5581 1199 5642 νόμισμα
1225 5579 1403 5641 xui/tsi;
1431 5588 1626 5641 πρῶτων
1646 5580 1884 5644 χαράξηι,
1907 5585 2184 5626 nummum

576 5679 795 5719 aureum
821 5666 890 5720 ab
930 5664 1033 5719 illo
1050 5665 1186 5723 Jano
1202 5666 1378 5737 primo
1402 5666 1705 5735 signatum;
1741 5691 1760 5727 ι
1799 5667 2038 5734 hancque
2064 5677 2186 5719 esse

564 5765 773 5807 causam
803 5768 892 5813 cur
934 5754 1132 5817 multa:
1155 5762 1206 5816 in
1251 5755 1480 5822 Grmcia,
1502 5754 1675 5823 Italia,
1704 5777 1758 5826 ρι
1793 5756 1968 5814 Sicilia
1998 5757 2178 5817 urbes,

2298 4632 2442 4686 inani
2481 4631 2931 4701 adeojactatione
2959 4631 3108 4685 illum
3155 4631 3222 4686 de
3248 4632 3387 4686 caelo
3424 4639 3480 4684 et
3531 4640 3670 4685 terra
3713 4638 3891 4685 ortum

2293 4721 2571 4789 dicerent,
2619 4723 2662 4777 si
2718 4724 2980 4777 rationem
3032 4723 3101 4776 ab
3130 4732 3349 4778 auctore
3399 4730 3582 4776 nostro
3627 4722 3887 4791 postulas,

2294 4816 2432 4870 hanc
2465 4815 2557 4871 tibi
2614 4815 2798 4871 dabit:
2864 4834 2882 4867 (
2920 4814 3184 4871 Saturnus
3224 4816 3368 4870 enim
3408 4813 3605 4868 dicitur
3635 4823 3795 4868 terra:
3835 4822 3895 4869 et

2292 4913 2419 4968 caeli
2447 4911 2607 4976 ﬁlius,
2635 4911 2777 4982 quod
2810 4910 2948 4981 apud
2978 4910 3141 4966 Italos
3182 4919 3328 4966 esset
3355 4909 3547 4980 ignotis
3581 4909 3892 4979 parentibus

2292 5007 2536 5078 proditus
2560 5023 2574 5071 ;
2605 5015 2662 5060 ut
2687 5009 2739 5061 in
2766 5004 3085 5061 hodiernum
3119 5005 3392 5073 inopinato
3410 5004 3573 5066 visos.
3592 5002 3733 5058 coelo
3760 5004 3893 5058 mis-

2293 5114 2405 5165 stis,
2435 5099 2699 5170 ignobiles
2751 5108 2804 5154 et
2845 5099 3053 5170 ignotos
3081 5107 3240 5152 terra:
3285 5095 3425 5151 ﬁlios
3472 5095 3838 5150 nominamus.
3862 5114 3884 5148 ι

2290 5191 2396 5249 Sed
2424 5192 2540 5247 haec
2581 5192 2721 5247 ratio
2768 5204 2874 5245 non
2903 5190 3103 5260 placuit
3130 5187 3434 5250 Lactantio,
3466 5196 3519 5241 et
3554 5187 3621 5240 ab
3671 5186 3763 5241 illo
3810 5186 3892 5242 sic

2287 5286 2552 5344 refellitur
2578 5304 2590 5339 :
2628 5306 2647 5338 (
2684 5285 2948 5341 Minucius
2973 5282 3124 5339 Felix
3156 5284 3208 5338 in
3239 5297 3307 5338 eo
3335 5281 3495 5347 libro,
3511 5281 3601 5351 qui
3629 5278 3887 5336 Octavius

2290 5378 2621 5445 inscribitur,
2672 5380 2749 5433 sic
2793 5384 3196 5447 argumentatus
3233 5384 3319 5430 est
3350 5391 3363 5428 :
3392 5375 3705 5432 Saturnum.
3764 5387 3886 5428 cum

2289 5471 2501 5544 fugatus
2530 5479 2675 5527 esset
2700 5484 2730 5524 a
2761 5469 2895 5536 filio,
2925 5469 2977 5524 in
3029 5468 3342 5536 Italiamque
3371 5466 3627 5531 venisset,
3658 5465 3783 5521 caeli
3820 5463 3886 5519 ﬁ-

2288 5568 2416 5623 lium
2458 5567 2681 5632 dictum,
2724 5563 2866 5636 quod
2914 5563 3186 5618 soleamus
3236 5576 3353 5627 eos,
3380 5575 3607 5631 quorum
3631 5560 3884 5614 virtutem

2288 5661 2565 5717 miremur.
2591 5668 2683 5713 aut
2729 5657 2819 5728 qui
2866 5656 3149 5727 repentino
3179 5653 3514 5716 advenerint,
3540 5650 3608 5706 de
3633 5651 3777 5707 coelo
3798 5666 3885 5706 cc-

2286 5752 2480 5809 cidisse
2508 5752 2686 5807 dicere
2722 5768 2733 5804 :
2768 5759 2925 5804 terra:
2974 5758 3173 5814 autem,
3201 5746 3342 5816 quod
3402 5746 3595 5815 ignotis
3647 5746 3882 5814 parenti-
