4264 6258
365 293 473 352 569

1754 300 2221 358 DISSEBTATIO.

3547 313 3656 369 570

366 417 468 470 bus
497 422 673 480 natos,
704 420 864 470 terra:
890 413 1030 468 ﬁlios
1061 414 1418 470 nominemus.
1441 413 1575 470 Sunt
1601 413 1716 469 haec
1735 415 1951 485 quidem
1978 414 2033 473 A
2057 417 2366 485 parentibus
2394 433 2456 475 ac
2487 419 2610 478 ﬁliis
2633 421 2956 478 dicendum?
2978 421 3034 477 Si
3057 422 3175 493 quis
3209 430 3384 478 tamen
3416 421 3652 481 difﬁcilis

366 509 562 566 similia
592 511 726 577 veri,
775 524 881 564 non
931 519 1106 563 tamen
1166 525 1331 575 vera;
1366 512 1485 577 quia
1531 518 1742 563 constat
1793 510 1954 564 etiam

361 614 515 670 tunc,
549 618 668 657 cum
706 611 976 671 regnaret,
1018 602 1087 654 ita
1120 616 1241 656 esse
1270 600 1524 655 habitum.
1558 600 1734 654 Potuit
1773 611 1826 653 et
1879 599 1956 653 sic

360 697 722 768 argumentari
759 712 772 748 :
805 695 937 750 Cum
989 694 1396 764 potentissimus
1435 709 1528 746 rex
1575 701 1738 759 esset,
1768 691 1834 746 ad
1865 707 1954 746 re-

363 791 638 847 tinendam
666 799 873 860 patrum
898 804 1116 844 suorum
1148 788 1482 849 memoriam.
1515 787 1727 840 nomina
1768 799 1953 838 eorum

365 886 503 940 coelo
527 894 792 954 terraeque
824 882 1100 944 indidisse,
1134 896 1254 935 cum
1284 880 1398 934 haec
1424 880 1566 947 prius
1588 877 1706 932 aliis
1723 877 1955 931 vocabu-

359 977 427 1032 lis
447 975 854 1045 appellarentur
877 990 891 1027 :
924 988 1026 1043 qua
1051 973 1259 1026 ratione
1287 970 1555 1025 montibus
1577 981 1628 1024 et
1649 968 1956 1023 {luminibus

356 1071 576 1125 nomina
630 1069 831 1124 scimus
895 1068 1140 1137 imposita
1180 1086 1198 1117 ι
1233 1066 1528 1132 (Laetam,
1568 1063 1660 1117 lib.
1697 1078 1711 1114 ι
1755 1060 1950 1127 lnstit.,

357 1179 476 1233 cap.
504 1165 711 1232 H,pag
756 1160 869 1229 67).
897 1160 1031 1214 Tum
1076 1158 1357 1214 recensitis
1395 1153 1747 1227 quorumdam
1779 1152 1953 1206 ﬁumi-

359 1258 563 1312 minum
593 1256 920 1321 nominibus,
945 1254 1022 1308 sic
1051 1250 1350 1307 concludit:
1383 1269 1400 1301 ι
1431 1251 1665 1318 Apparet
1694 1261 1821 1316 ergo
1849 1259 1953 1298 non

361 1367 427 1407 ex
452 1353 585 1407 cmlo
614 1359 792 1405 natum
823 1364 964 1413 esse,
993 1347 1134 1417 quod
1167 1346 1279 1400 ﬁeri
1318 1358 1422 1399 non
1449 1349 1643 1411 potest,
1673 1339 1766 1394 sed
1795 1354 1861 1392 ex
1889 1352 1954 1392 eo

361 1442 577 1498 homine
598 1443 682 1496 cui
710 1456 904 1496 nomen
926 1437 1108 1494 Urano
1137 1437 1263 1491 fuit:
1289 1436 1430 1506 quod
1458 1449 1578 1489 esse
1595 1447 1779 1488 verum
1808 1431 1952 1484 Tris-

360 1535 620 1604 megistns
669 1543 856 1586 auctor
885 1541 987 1586 est.
1029 1550 1046 1581 ›
1086 1528 1246 1584 Addit
1289 1543 1418 1582 vero
1463 1525 1578 1580 IIIEC
1624 1525 1954 1592 incomperta

359 1625 524 1681 fuisse
552 1624 808 1687 Minucio,
837 1626 925 1693 qui
982 1620 1182 1676 ideirco
1223 1619 1499 1673 historiam
1543 1616 1648 1669 alio
1695 1613 1949 1668 traduxit.

360 1717 598 1788 Denique
644 1717 822 1770 verius
869 1728 989 1769 esse
1041 1723 1224 1768 censet
1277 1711 1465 1766 Jovem
1495 1750 1508 1772 ,
1562 1723 1685 1762 eum
1736 1723 1800 1761 ex
1845 1706 1954 1759 alto

2059 527 2120 566 ac
2148 528 2414 580 morosus,
2447 515 2572 570 illud
2622 516 2688 572 de
2716 517 3024 586 parentibus
3051 516 3177 570 velit
3198 515 3296 570 sibi
3323 517 3561 586 probari,
3599 518 3646 570 is

2058 604 2240 659 audiat
2263 605 2436 661 Servii
2465 609 2530 663 de
2562 609 2852 665 Acheloide
2883 610 3040 664 verba
3077 626 3088 660 :
3127 628 3145 660 ι
3176 607 3362 663 Ῥεῖ-ιω
3395 608 3534 662 ﬁlius
3562 609 3647 664 di-

2059 698 2218 764 citur,
2259 709 2314 752 ut
2342 699 2477 754 solet
2505 700 2571 755 de
2615 701 2677 754 iis
2706 701 2831 765 dici,
2873 717 3119 770 quorum,
3161 718 3255 770 per
3280 701 3650 770 antiquitatem

2061 792 2226 846 latent
2256 805 2500 863 parentes
2522 796 2750 864 )(Serv.,
2774 796 2824 848 in
2846 795 2935 850 lib.
2971 813 2985 850 ι
3017 796 3247 867 Georgia.
3275 795 3458 868 Virgil.
3492 811 3546 852 v.
3571 795 3652 869 9).

2059 887 2225 956 Magis
2268 904 2450 942 verum
2511 890 2575 942 ad
2629 899 2870 944 nostrum
2903 891 2970 945 de
3004 892 3120 961 ipso
3145 891 3374 946 Saturno
3402 891 3653 961 proposi-

2056 985 2168 1032 tum
2212 980 2462 1035 Aurelius
2504 981 2705 1048 Victor,
2753 992 2845 1038 aut
2869 984 3111 1053 quisquis
3169 983 3285 1037 libri
3320 985 3386 1039 de
3433 983 3651 1053 Origine

2057 1075 2237 1142 gentis
2266 1073 2523 1128 Romamn
2551 1086 2738 1130 auctor
2769 1096 2780 1129 :
2821 1095 2840 1126 ‹
2881 1077 3114 1142 Primus,
3149 1077 3339 1147 inquit,
3369 1077 3418 1130 in
3444 1076 3650 1131 Italiam

2058 1165 2296 1220 creditur
2324 1167 2540 1222 venisse
2570 1169 2946 1223 Saturnus.....
2991 1169 3159 1223 Tanta
3191 1178 3371 1224 autem
3405 1184 3571 1240 usque
3597 1169 3652 1224 id

2061 1268 2270 1327 tempus
2299 1261 2642 1328 antiquorum
2678 1260 2953 1315 hominum
3006 1262 3233 1317 traditur
3259 1262 3422 1316 fuisse
3447 1262 3654 1333 simpli-

2057 1349 2190 1402 citas
2215 1390 2229 1412 ,
2260 1358 2316 1402 ut
2340 1349 2612 1406 venientes
2639 1353 2704 1406 ad
2750 1367 2807 1406 se
2836 1353 3087 1417 advenas,
3121 1355 3208 1424 qui
3241 1354 3400 1408 modo
3421 1353 3651 1408 consilio

2058 1454 2121 1494 ac
2151 1441 2408 1509 sapientia
2444 1442 2672 1510 praediti,
2703 1443 2768 1496 ad
2803 1445 3167 1499 instruendam
3201 1446 3384 1508 vitam,
3415 1445 3650 1498 forman-

2058 1533 2264 1602 dosque
2287 1550 2465 1589 mores
2493 1536 2690 1605 aliquid
2711 1536 3039 1600 conferrent,
3076 1539 3218 1607 quod
3247 1553 3430 1593 eorum
3455 1552 3653 1608 paren-

2061 1635 2138 1681 tes
2160 1628 2496 1697 ignorabant,
2527 1629 2663 1683 ccelo
2689 1637 2743 1682 et
2773 1639 2912 1684 terra
2960 1630 3133 1684 editos
3187 1646 3291 1684 non
3344 1631 3516 1684 solum
3544 1629 3650 1700 ipsi

2057 1720 2358 1786 crederent,
2408 1737 2591 1774 verum
2647 1722 2806 1776 etiam
2843 1723 3070 1790 posteris
3106 1720 3461 1786 afﬁrmarent,
3507 1722 3653 1776 velut

361 1819 540 1864 monte
559 1821 756 1862 terram
779 1806 1086 1876 eteltnuque
1115 1803 1506 1870 contemplatus
1536 1800 1742 1863 fuisset,
1763 1797 1946 1851 mtheri

2020 1811 2200 1868 ihunc
2257 1815 2426 1883 ipsum
2479 1812 2788 1881 Saturnum,
2841 1831 2999 1886 quem
3046 1816 3167 1870 coeli
3216 1825 3269 1870 et
3301 1825 3456 1870 terra:
3484 1814 3651 1870 ﬁlium

361 1902 450 1970 qui
495 1915 652 1969 supra
691 1896 944 1952 mundum
997 1906 1099 1956 est,
1125 1894 1340 1948 dedisse
1394 1906 1589 1946 nomen
1637 1889 1790 1953 cmli,
1841 1889 1954 1941 sive

364 1995 528 2051 Urani
552 1999 784 2064 οὐρανοῦ,
814 2006 919 2061 quo
942 2005 1071 2044 avus
1093 1989 1210 2058 ejus
1241 1987 1549 2041 vocabatur.
1578 1983 1682 2038 Sed
1717 1981 1951 2050 proban-

364 2087 490 2144 dum
526 2088 596 2141 illi
653 2095 768 2141 erat
815 2085 1029 2141 Saturni
1077 2092 1306 2155 patrem,
1337 2079 1464 2135 dum
1497 2079 1670 2131 adhuc
1712 2076 1950 2141 videbat,

362 2180 484 2234 cmli
516 2179 731 2232 nomine
756 2177 823 2231 ab
856 2177 998 2230 Italis
1017 2191 1200 2229 revera
1227 2173 1386 2227 fuisse
1417 2170 1762 2240 appellatum.
1793 2170 1863 2222 At
1885 2166 1954 2221 de

363 2271 462 2326 hac
494 2270 753 2326 Lactantii
786 2270 1036 2339 opinione
1061 2282 1159 2322 suo
1181 2269 1298 2322 loco
1321 2264 1627 2319 dicendum.

433 2366 692 2420 Vitiosam
722 2364 902 2433 itaque
927 2371 1112 2418 censet
1136 2377 1255 2416 esse
1294 2359 1504 2414 Minucii
1537 2355 1955 2428 argumentatio—

361 2475 504 2514 nem.
529 2459 714 2514 Potius
763 2459 905 2513 enim
949 2457 1129 2512 dicere
1153 2455 1425 2510 debuisset
1467 2452 1754 2507 Saturnum
1797 2463 1954 2504 voca-

362 2562 472 2608 tum
521 2552 682 2606 fuisse
714 2551 876 2605 ﬁlium
927 2550 1046 2605 emli
1081 2559 1133 2604 et
1184 2558 1362 2613 terrae,
1403 2547 1653 2616 quoniam
1704 2558 1824 2598 cum
1858 2557 1955 2612 po-

364 2647 695 2703 tentissimus
721 2661 816 2699 rex
847 2653 1008 2709 esset,
1039 2643 1104 2696 ad
1137 2639 1472 2696 retinendam
1499 2647 1707 2709 patrum
1734 2650 1954 2690 suorum

364 2741 681 2796 memoriam
711 2737 834 2792 coeli
867 2752 930 2791 ac
960 2746 1120 2790 terrae
1169 2749 1364 2788 nomen
1410 2733 1488 2787 eis
1517 2729 1790 2801 imposuit.
1826 2728 1957 2782 Pro-

363 2836 490 2889 bare
521 2842 699 2888 antem
758 2831 807 2884 id
863 2839 1087 2884 conatur
1116 2826 1432 2882 auctoritate
1484 2820 1837 2891 'Iristuegisti,
1865 2820 1954 2889 qui

361 2926 636 2980 memoria:
664 2921 972 2993 prodiderat
1014 2919 1228 2975 Saturni
1277 2926 1481 2988 patrem
1519 2912 1954 2984 cognominatum

363 3018 529 3071 fuisse
551 3015 806 3081 Uranum,
841 3016 954 3068 sive
982 3013 1214 3068 Caelum.
1239 3009 1346 3064 Sed
1379 3009 1448 3062 ibi
1479 3008 1567 3062 ille
1596 3023 1698 3059 non
1722 3003 1956 3058 ostendit

366 3122 543 3166 utrum
568 3109 948 3178 Trismegistus
978 3106 1195 3169 dixerit,
1230 3103 1443 3173 quando
1469 3109 1523 3154 et
1548 3117 1576 3154 a
1605 3114 1709 3169 quo
1740 3096 1953 3152 Uranus

2056 1908 2307 1962 dixerunt
2339 1909 2546 1978 (Aurel.
2576 1909 2736 1974 Vict.,
2772 1908 2917 1981 Orig.
2951 1919 3086 1979 gent.
3119 1908 3271 1963 Rom.
3301 1910 3465 1978 inil.).

2130 2002 2358 2056 Accedat
2389 2011 2443 2056 et
2477 2003 2858 2070 Tertullianns,
2885 2003 2975 2073 qui
3026 2019 3130 2057 non
3160 2018 3265 2056 uno
3299 2013 3522 2065 tantum.
3554 2003 3652 2059 sed

2057 2095 2266 2150 duobus
2291 2097 2341 2149 in
2372 2096 2522 2150 libris
2553 2097 2655 2150 hoc
2681 2097 2748 2151 de
2796 2096 3026 2153 Saturno
3069 2097 3330 2166 scriptum
3383 2096 3601 2165 reliquit
3632 2112 3646 2149 :

2063 2207 2081 2239 ι
2123 2188 2284 2258 Cujus
2313 2197 2560 2258 parentes
2609 2190 2774 2259 ignoti
2808 2199 2959 2245 erant
2983 2232 2998 2256 ,
3031 2189 3186 2244 facile
3229 2189 3328 2244 fuit
3367 2206 3552 2244 eorum
3584 2189 3651 2243 Ii-

2059 2280 2188 2334 lium
2227 2279 2329 2333 diei
2356 2322 2370 2346 ,
2403 2295 2629 2352 quorum
2659 2289 2713 2337 et
2756 2297 2944 2336 omnes
2986 2298 3265 2352 possumus
3297 2283 3491 2338 videri.
3521 2283 3654 2352 Quis

2057 2372 2200 2427 enim
2225 2387 2330 2426 non
2353 2373 2546 2427 coelum
2579 2383 2632 2428 et
2667 2384 2884 2442 terram,
2919 2387 3142 2432 matrem
3166 2391 3229 2431 ac
3259 2387 3532 2445 parentem
3561 2392 3654 2432 ve.

2060 2466 2351 2520 iterationis
2380 2474 2434 2519 et
2459 2466 2680 2521 honoris
2703 2483 2861 2521 causa
2889 2469 3138 2537 appellet,
3156 2470 3236 2522 vel
3264 2485 3330 2523 ex
3356 2480 3649 2524 consuetu-

2059 2559 2184 2614 dine
2212 2559 2463 2625 humana,
2510 2577 2612 2631 qua
2664 2563 2829 2632 ignoti
2861 2564 2944 2617 vel
2983 2579 3046 2617 ex
3079 2564 3353 2633 inopinato
3381 2579 3650 2634 apparen-

2020 2665 2028 2671 ‘
2062 2663 2142 2708 tes
2171 2653 2238 2710 de
2263 2655 2403 2709 coelo
2431 2657 2809 2725 supervenisse
2835 2656 3124 2711 dicuntur?
3154 2657 3387 2712 Proinde
3419 2659 3652 2714 Saturno

2059 2750 2342 2820 repentino
2369 2751 2567 2820 ubique
2587 2751 2819 2806 caelitem
2853 2751 3069 2820 contigit
3103 2751 3231 2806 diei.
3256 2751 3387 2806 Nam
3419 2761 3472 2806 et
3495 2763 3654 2806 terra;

2061 2844 2200 2899 ﬁlios
2247 2844 2436 2914 vulgus
2481 2854 2656 2908 vocat,
2698 2860 2925 2914 quorum
2978 2859 3145 2915 genus
3196 2844 3456 2900 incertum
3506 2852 3590 2898 est
3627 2860 3646 2895 ι

2061 2938 2334 3011 (Tertull.,
2381 2939 2674 3010 Apologet.,
2733 2955 2852 3006 cap.
2886 2939 2974 3005 IO,
3010 2955 3126 3009 pag.
3181 2938 3268 3004 1‘2,
3300 2949 3350 2992 et
3383 2939 3476 2993 lib.
3521 2953 3558 2991 ll
3585 2938 3652 2990 ad

2062 3032 2304 3099 Nation.,
2327 3048 2445 3102 cap.
2471 3033 2592 3104 75).
2625 3034 2812 3089 Utrum
2833 3043 3010 3088 autem
3041 3033 3156 3087 hinc
3186 3031 3253 3087 ad
3281 3031 3652 3087 stabiliendam

2060 3127 2272 3182 Minucii
2309 3130 2475 3183 nostri
2501 3127 3136 3198 opinionem’sut‘ﬁeiant.
3172 3143 3272 3182 nec
3300 3127 3428 3182 satis
3451 3135 3596 3181 recte
3621 3139 3653 3179 a

361 3217 556 3258 nomen
590 3216 744 3254 sum"
791 3199 1078 3268 acceperi"
1127 3195 1314 3251 Verius
1372 3194 1550 3290 “nunc
1590 3190 1828 3290 ssr'be"?
1858 3203 1951 3257 p0"
1983 3192 2028 3255 Ο
2063 3218 2340 3274 Lactantio
2364 3221 2733 3290 redarguatur,
2759 3221 3072 3290 peritiorqu
3119 3219 3551 3288 exspecmbimus
3573 3217 3654 3286 ju-

370 3295 557 3349 tnissct
588 3293 748 3347 rudes
793 3290 1062 3354 homines,
1093 3302 1302 3341 summa
1333 3285 1584 3354 regiaque
1614 3281 1829 3336 Saturni
1862 3295 1956 3349 po-

365 3395 557 3441 testate
586 3383 893 3456 perculsos,
926 3379 1220 3436 credidisse
1267 3377 1412 3430 illum
1458 3391 1486 3427 a
1533 3374 1670 3428 crelo
1709 3382 1760 3427 et
1815 3384 1955 3426 terra

357 3494 507 3533 suam
539 3479 756 3532 duxisse
787 3475 1069 3546 originem.
1107 3471 1311 3542 Sybilla
1349 3467 1613 3538 siquidem
1640 3467 1722 3519 his
1754 3463 1953 3518 carmi-

359 3574 536 3638 nibus,
580 3573 647 3626 ab
680 3571 1023 3639 Athenagora
1056 3566 1264 3638 (Legat.
1315 3581 1407 3635 pro
1449 3562 1752 3626 Christian.,
1778 3577 1829 3629 p.
1864 3557 1953 3627 Η)

354 3665 552 3731 citatis,
583 3665 686 3720 hoc
711 3663 905 3719 cecinit
931 3679 944 3715 :

606 3770 683 3806 Καὶ
707 3766 872 3814 βασιλεὺς
897 3767 1049 3816 Κρόνος,
1072 3763 1132 3800 καὶ
1142 3757 1275 3805 Τιτὰν,
1296 3751 1444 3806 Ῑαπιτός
1463 3774 1516 3803 τι,

611 3831 723 3880 ιξιιὶης
743 3832 1031 3880 τικναῐῖρὶριστα,
1053 3827 1115 3864 καὶ
1138 3825 1320 3875 οὖρανίθυς
1345 3823 1548 3861 Ludimur:

611 3879 806 3940 Ᾰνθρωποι,
826 3894 928 3939 γαὶαν
952 3903 1005 3933 τι.
1028 3890 1089 3928 καὶ
1112 3887 1263 3937 οὐρανὸν
1287 3888 1424 3934 οὖνοίισ.
1445 3887 1578 3929 θᾶντις,

610 3952 750 3991 Οῧνυια
773 3955 807 3990 οἱ
829 3957 1022 4003 apd-1mm
1046 3951 1133 3989 ἴσαν
1157 3951 1318 3999 μερόπων
1337 3949 1538 3999 ἀνθρώπων.

544 4025 702 4073 Porro
719 4023 958 4072 Saturnus
976 4031 1026 4070 et
1047 4022 1210 4076 'l‘itau,
1232 4019 1556 4080 Japetusilue,

541 4087 853 4148 Regnarunt,
876 4085 999 4134 caelo
1015 4095 1138 4146 quos
1163 4090 1215 4131 et
1240 4082 1421 4148 tellure
1446 4087 1640 4129 creatos

541 4143 790 4200 Diferunt
813 4143 1053 4202 homines,
1082 4155 1230 4194 terra:
1255 4143 1465 4205 coelique.
1493 4148 1728 4189 vocantes

541 4211 771 4271 Nomine,
800 4211 930 4272 quod
949 4216 1150 4272 cunctos
1169 4201 1619 4272 homines,_‘virtute
1639 4201 1890 4272 praeirent.

1032 4265 1229 4332 (Sibyll.
1257 4283 1302 4316 ιιι
1328 4281 1372 4315 υ.
1395 4266 1457 4314 48
1480 4271 1524 4314 ει
1548 4264 1705 4329 seqq.)

363 4357 466 4416 Sed
498 4359 757 4413 Minucius
787 4356 926 4410 hanc
953 4355 1213 4408 ratitmcm
1259 4365 1364 4404 non
1413 4349 1632 4402 omnino
1656 4345 1954 4415 praetermi-

367 4454 502 4507 sisse
527 4449 758 4505 videtur.
789 4447 1011 4502 Nobiles
1040 4445 1180 4499 enim
1216 4443 1360 4496 viros
1410 4441 1476 4493 ab
1507 4439 1826 4508 ignobilibus
1870 4437 1953 4491 di-

355 4543 559 4596 stinxit.
589 4541 831 4610 dixitque
879 4537 979 4593 hos
1020 4547 1201 4601 terra},
1237 4535 1357 4588 iIIOs
1406 4532 1525 4587 εωιὶ
1563 4531 1702 4584 ﬁlios
1752 4545 1954 4598 cogno-

361 4634 593 4688 minatos
641 4633 708 4687 ab
758 4631 929 4697 Italis,
963 4631 1156 4699 quibus
1216 4633 1465 4698 parentes
1511 4625 1722 4680 illorutu
1754 4623 1954 4693 cogniti

360 4740 464 4780 non
498 4733 669 4779 erant.

437 4815 718 4871 Lactantio
743 4823 918 4870 autem
951 4814 1313 4874 verisimilius.
1347 4826 1507 4882 quam
1532 4811 1716 4866 verius
1732 4824 1850 4865 esse
1874 4809 1955 4863 vi-

359 4906 540 4971 detur,
579 4905 820 4962 homines
849 4907 1042 4976 ignotis
1072 4905 1382 4976 parentibus
1413 4914 1582 4966 ortos,
1607 4912 1660 4958 et
1679 4919 1742 4957 ex
1775 4903 1952 4972 inopi-

360 5012 488 5055 nato
517 5001 887 5065 advenientes,
929 5001 1050 5055 coeli
1082 5009 1136 5053 et
1162 5011 1318 5054 terra)
1349 4997 1492 5051 unde
1521 4997 1737 5051 exhorti'
1759 4995 1950 5052 crede—

355 5093 906 5161 bantur,tntncupatos
923 5092 1082 5146 fuisse
1097 5089 1675 5146 muniuibus.Attamen
1695 5088 1820 5143 illud
1835 5089 1953 5142 aliis

355 5193 407 5237 et
429 5183 678 5249 ethnicis,
694 5183 1064 5238 etchristianis
1087 5180 1436 5251 scriptoribus
1461 5179 1733 5248 probatur.
1749 5179 1954 5233 Primus

355 5294 422 5332 ex
445 5278 549 5333 illis
569 5279 719 5332 citari
739 5288 912 5348 potest
935 5277 1085 5331 Titus
1117 5276 1317 5340 Livius,
1345 5275 1431 5344 qui
1461 5272 1944 5326 narratRomulum

353 5370 553 5425 Urbem
582 5370 810 5425 Romam
842 5369 1141 5434 condendo,
1170 5383 1322 5422 nsunt
1355 5382 1474 5422 esse
1497 5373 1709 5421 «vetere
1731 5363 1957 5418 consilio

351 5464 696 5519 condentium
716 5465 894 5525 urbes,
918 5465 1003 5532 qui
1034 5463 1340 5526 obscuram,
1370 5470 1530 5530 atque
1549 5459 1802 5513 humilem
1823 5473 1955 5514 eon-

352 5557 656 5610 sciendoad
682 5572 740 5611 se
769 5556 1180 5620 multitudinem,
1204 5565 1380 5609 natam
1410 5568 1439 5607 c
1473 5564 1610 5607 terra
1631 5550 1730 5605 sibi
1754 5550 1955 5619 prolem

353 5647 780 5701 ementiebantur
812 5668 832 5702 ›
872 5646 1032 5719 (ιω,
1067 5649 1159 5702 lib.
1189 5665 1224 5713 I,
1257 5647 1372 5714 58).
1404 5648 1471 5698 At
1517 5641 1784 5713 quomodo
1829 5641 1953 5695 illud

354 5752 477 5794 eme
502 5737 604 5791 ιιιιῆ
627 5747 929 5807 potuerunt,
947 5741 1046 5795 nisi
1065 5742 1306 5796 obscura:
1329 5734 1652 5792 multitudini
1669 5736 1717 5788 in
1738 5733 1949 5804 cognita

357 5831 546 5886 fuisset
567 5846 751 5887 eorum
781 5836 1001 5903 proles?
1027 5835 1156 5902 Quis
1179 5844 1354 5890 autem
1380 5829 1697 5886 inliciabitur
1726 5828 1863 5884 idem
1887 5829 1954 5884 de

2059 3313 2710 3370 dieium.Lubentereuim
2733 3315 2958 3368 fatemur
2987 3320 3226 3366 nostrum
3251 3327 3357 3365 non
3381 3312 3653 3366 esseinter

2059 3416 2253 3473 tantos,
2272 3418 2487 3479 tamque
2499 3409 2819 3464 veneranda:
2850 3409 3180 3478 antiquitatis
3203 3406 3346 3460 viros
3364 3405 3483 3460 lites
3503 3418 3654 3458 com-

2058 3519 2275 3573 ponere.
2308 3503 2573 3574 Quidquid
2599 3519 2758 3573 porro
2788 3512 3072 3567 statuatur,
3098 3501 3219 3556 inde
3249 3502 3488 3568 proiecto
3512 3497 3650 3552 iuvi-

2055 3596 2297 3650 ctissime
2315 3595 2597 3651 conﬁcitur
2625 3597 2763 3650 hunc
2789 3596 3273 3663 Saturnum,qucm
3294 3591 3506 3646 Ethnici
3529 3591 3653 3644 alio-

2055 3702 2173 3740 rum
2200 3687 2419 3741 deoruut
2452 3703 2667 3743 suorum
2700 3699 2972 3757 parentem
2997 3682 3453 3755 essegarriebant,
3475 3681 3651 3736 nenti—

2057 3798 2213 3852 quatn
2238 3783 2418 3847 deum,
2438 3784 2532 3838 sed
2558 3783 2824 3838 hominem
2851 3781 3218 3837 tantummodo
3238 3780 3420 3839 fuisse.
3437 3779 3526 3848 qui
3543 3791 3653 3833 non

2057 3886 2214 3928 secus
2242 3889 2303 3929 ac
2334 3877 2515 3929 caeteri
2547 3876 2791 3930 homines
2830 3890 2894 3928 ex
2923 3874 3139 3927 homine
3161 3872 3373 3942 genitus
3403 3869 3522 3924 fuit.

2666 3981 2960 4022 ARTICULUS
2988 3983 3062 4021 III.

2060 4059 2254 4125 Quibus
2276 4053 2840 4113 rationummomentis
2875 4058 3108 4114 chilius
3131 4057 3434 4111 demonstret
3466 4058 3653 4125 falsam

2129 4170 2236 4207 esse
2271 4151 2587 4206 divinitatem
2631 4153 2777 4205 Jovis
2808 4161 2852 4205 et
2879 4151 3119 4214 aliorum,
3151 4150 3234 4214 qui
3256 4166 3320 4203 ea:
3367 4148 3653 4201 hominibus

2129 4246 2284 4316 geniti
2335 4249 2558 4311 fuerant,
2600 4245 2678 4298 vel
2707 4244 2924 4298 aliorum
2971 4242 3181 4296 libidine
3207 4251 3255 4296 et
3297 4242 3566 4306 arbitratu,
3599 4248 3652 4293 ut

2130 4337 2381 4391 Romulus
2409 4350 2456 4391 et
2481 4335 2620 4390 Juba
2646 4337 2718 4390 dii
2744 4337 3015 4390 renuntiati
3035 4345 3173 4390 sunt.

2128 4430 2391 4485 Minucius
2432 4430 2578 4487 Felix
2603 4446 2633 4484 a
2662 4431 2894 4486 Saturno
2937 4431 3086 4486 venit
3117 4430 3181 4485 ad
3213 4431 3378 4485 ﬁlium
3407 4433 3523 4504 ejus
3562 4432 3653 4488 Jo-

2059 4538 2219 4589 vem,
2277 4539 2506 4593 eumque
2555 4523 2828 4579 hominem
2856 4565 2871 4590 ,
2924 4540 3258 4595 nequaquam
3303 4541 3434 4580 vero
3483 4526 3649 4581 Deum

2064 4614 2227 4670 fuisse
2271 4615 2523 4670 similiter
2550 4616 2899 4670 demonstrat.
2931 4615 3148 4672 Saturni
3201 4615 3398 4687 quippe
3439 4637 3457 4669 ‹
3491 4618 3648 4683 ﬁlius,

2060 4709 2250 4779 inquit,
2285 4707 2492 4778 Jupiter
2520 4707 2714 4773 Creta},
2747 4710 2965 4764 excluso
2985 4719 3223 4777 parente,
3254 4711 3514 4779 regnavit,
3549 4709 3654 4764 illic

2058 4804 2210 4867 obiit,
2237 4803 2346 4858 illic
2376 4803 2510 4858 ﬁlios
2543 4803 2726 4857 habuit
2750 4820 2765 4868 ;
2787 4803 2963 4858 adhuc
3006 4812 3216 4858 antrum
3266 4802 3414 4858 .Iovis
3440 4804 3646 4868 visitur,

2058 4907 2112 4953 et
2134 4897 2474 4964 sepulchrum
2500 4898 2618 4964 ejus
2646 4897 2963 4959 ostenditur,
2998 4905 3050 4949 et
3083 4896 3134 4948 in
3161 4894 3291 4963 ipsis
3339 4896 3508 4949 sacris
3542 4896 3653 4948 suis

2061 4989 2406 5045 humanitatis
2457 4989 2716 5059 arguitur.
2757 5009 2775 5040 ι
2808 4987 2911 5042 Sed
2940 4987 3008 5040 de
3039 4988 3118 5040 his
3159 4986 3268 5054 jam
3311 4985 3469 5053 paulo
3494 4996 3652 5039 antea

2057 5083 2465 5150 diSputavimus,
2489 5090 2648 5148 atque
2686 5081 2861 5135 adhuc
2887 5079 2938 5133 itt
2980 5077 3424 5146 subsequentibus
3456 5077 3653 5130 nostris

2059 5175 2524 5230 dissertationibus
2550 5171 2832 5242 agendum.
2870 5171 2942 5225 De
2971 5169 3118 5225 .Iovis
3149 5183 3305 5238 porro
3327 5167 3510 5231 sacris,
3533 5182 3652 5236 qua:

2059 5269 2330 5324 hominem
2366 5269 2516 5323 illum
2553 5268 2717 5323 fuisse
2759 5266 2933 5322 adhuc
2963 5265 3339 5334 ostendebant,
3373 5263 3509 5320 infra
3537 5263 3652 5319 dis-

2060 5361 2380 5434 ptttahimns.

2136 5454 2183 5508 Is
2200 5454 2373 5524 itaque
2387 5452 2592 5521 Jupiter
2611 5467 2731 5507 cum
2750 5451 2882 5507 deus
2895 5465 3013 5505 esse
3029 5466 3133 5504 non
3152 5451 3533 5522 pOSsit,quiacx
3549 5449 3654 5504 alio

2063 5547 2280 5602 homine
2299 5548 2513 5615 genitus
2535 5555 2638 5609 est,
2669 5544 2791 5599 inde
2821 5546 3126 5600 necessario
3152 5545 3392 5612 sequitur
3427 5554 3653 5598 cancros

2061 5657 2125 5695 ex
2161 5640 2270 5703 illo,
2319 5639 2540 5708 aliisque
2596 5638 2899 5693 hominibus
2930 5648 3094 5701 ortos,
3132 5652 3466 5708 nequaquam
3499 5635 3650 5697 deos,

2061 5733 2154 5790 sed
2183 5732 2432 5788 mortales
2461 5733 2624 5788 fuisse
2653 5733 2912 5800 homines,
2941 5747 2970 5785 a
2997 5741 3181 5787 natura
3227 5731 3405 5786 divina
3449 5727 3654 5784 inﬁnite

2060 5829 2341 5886 alienatos.
2375 5825 2732 5895 Quamobrem
2784 5825 3042 5880 Minucius
3090 5824 3323 5880 declarat
3353 5821 3652 5892 descriptas
