4264 6258
577 241 672 294 571

1883 231 1969 287 DE
2011 225 2267 292 ΜΙΝοοΠ
2295 226 2593 286 OCTAVIO

3767 233 3875 288 57?.

579 352 819 407 Ethnicis
848 353 1056 407 illorum
1083 352 1475 420 generationes,
1501 364 1631 420 quas
1661 349 1897 420 proferre
1917 359 2023 404 tam
2052 346 2166 402 lon-
2197 344 2245 403 A
2273 353 2328 397 et
2356 343 2458 398 alia
2505 346 2586 400 his
2611 347 2826 412 similia,
2860 348 2997 418 apud
3039 347 3353 413 Arnobium,
3396 347 3758 416 Lactantium,
3807 351 3874 407 de

577 461 723 516 gum,
759 460 916 514 quam
960 444 1143 498 inutile
1197 446 1349 506 foret,
1385 443 1597 498 silentio
1637 458 1664 495 a
1708 457 1765 498 se
1812 439 2168 513 prmtermitti.

579 539 711 595 Nam
751 557 767 589 ‹
817 539 1044 593 otiosum
1096 549 1206 600 est,
1241 538 1445 606 inquit,
1476 539 1553 592 ire
1582 553 1677 607 per
1699 537 1954 606 singulos,
1988 546 2041 590 et
2089 544 2169 590 to-

588 642 692 687 tam
729 633 922 685 seriem
951 631 1164 701 generis
1218 631 1368 683 isnus
1417 629 1714 700 explicare,
1747 645 1865 682 cum
1903 628 1953 681 in
1989 627 2172 694 primis

583 723 889 794 parentibus
919 722 1139 790 probata
1167 722 1483 787 mortalitas,
1507 723 1556 776 in
1589 732 1814 775 eteteros
1839 719 2028 773 ordine
2057 734 2174 774 suc-

583 815 844 868 cessionis
891 813 1178 867 influxerit.
1218 833 1234 864 ι
1267 813 1454 867 Nonne
1506 829 1634 867 vero
1667 815 1779 866 bzrc
1827 811 2074 864 delibavit
2108 825 2172 864 ex

585 906 935 970 Tertulliano,
971 907 1057 976 qui
1107 907 1254 976 prius
1297 906 1541 958 dixerat:
1575 924 1592 956 ‹
1621 904 1861 957 Otiosum
1905 911 1987 955 est
2014 903 2172 956 etiam

584 999 788 1064 titulos,
838 998 1206 1067 persequi.....
1241 997 1380 1067 quod
1414 997 1480 1052 de
1526 998 1730 1066 Origine
1778 994 2096 1057 constiterit,
2124 993 2173 1046 id

584 1101 637 1147 et
691 1092 756 1145 de
799 1094 1109 1160 p05teritate
1157 1092 1527 1144 conveniet?»
1572 1088 1855 1160 (Tertull.,
1886 1087 2169 1157 Apologct.,

585 1197 702 1252 cap.
733 1184 818 1242 10,
854 1199 972 1253 pag.
1008 1183 1120 1253 1'2.)
1152 1182 1323 1237 llosce
1355 1184 1602 1236 nimirum
1632 1181 2025 1236 commentitios
2056 1193 2176 1233 esse

587 1277 738 1337 deos,
773 1291 1055 1343 merosque
1087 1275 1350 1328 homines.

657 1369 762 1424 Sed
811 1369 1072 1422 Minucius
1104 1367 1358 1422 Ethnicos
1397 1368 1575 1421 aerius
1619 1375 1789 1437 urget,
1825 1366 2031 1435 hisque,
2059 1380 2178 1434 quas

588 1477 724 1532 pene
747 1462 922 1515 omnia
951 1462 1245 1532 Cyprianus
1269 1463 1619 1532 transcripsit.
1645 1461 1820 1514 verbis
1853 1461 2174 1513 insectatur:

596 1573 613 1605 ι
653 1553 762 1608 Cur
792 1553 835 1605 si
893 1552 1001 1606 nati
1039 1563 1194 1618 sunt,
1242 1569 1346 1607 non
1405 1553 1671 1622 hodieque
1717 1551 2045 1606 nascuntur?
2078 1551 2176 1604 nisi

590 1643 725 1699 forte
747 1644 855 1713 jam
884 1643 1090 1708 Jttpiter
1111 1645 1304 1710 senuit,
1339 1653 1391 1698 et
1420 1654 1601 1716 partus
1638 1646 1688 1697 in
1715 1643 1924 1697 Juuone
1962 1643 2172 1705 defecit,

2275 438 2467 506 quibus
2507 452 2606 491 nos
2657 455 2755 492 suo
2785 441 2924 502 loco,
2959 449 3014 494 et
3065 441 3355 495 Eusebium
3412 441 3639 510 quilibet
3693 441 3871 512 legere

2277 527 2416 583 haud
2437 529 2723 586 difficulter
2746 534 2937 602 poterit
2955 533 3202 605 (Arnob,
3227 533 3320 588 lib.
3340 550 3396 588 ιιι
3415 535 3531 588 adv.
3555 534 3731 603 Gent.,
3752 552 3864 608 pag.

2279 621 2381 675 101
2407 632 2460 676 et
2489 639 2660 694 seqq.;
2691 624 2933 690 Lactan.,
2956 627 3046 681 lib.
3067 643 3238 698 t,cap.
3268 628 3332 682 16
3353 638 3409 684 et
3435 643 3615 700 seqq.;
3645 629 3871 698 Euseb.,

2277 711 2330 764 in
2359 711 2504 765 Orat.
2533 712 2800 771 Constant.
2833 717 2900 770 ad
2949 728 3111 771 sanct.
3155 729 3292 780 cret,
3324 734 3442 787 cap.
3476 721 3531 786 lt,
3565 735 3683 789 pag.
3713 722 3865 794 570).

2351 803 2554 859 Interea
2592 823 2720 861 vero
2765 811 3024 864 monitum
3057 819 3108 865 te
3137 826 3256 864 esse
3305 812 3552 865 volumus
3584 823 3786 868 tantum
3820 816 3869 871 itt

2282 898 2381 950 hoc
2408 908 2725 967 argumento
2755 915 2874 955 esse
2913 900 3105 955 virium
3149 912 3203 956 et
3256 902 3540 972 ponderis;
3569 913 3626 958 ut
3671 906 3876 961 Plinius

2281 989 2372 1042 illo
2403 990 2558 1059 plane
2585 1007 2892 1060 oppressus,
2929 993 3163 1048 fateatur
3204 1004 3299 1065 aut
3344 996 3599 1066 majorem
3632 1013 3754 1053 esse
3782 999 3876 1055 de-

2279 1079 2407 1135 bere
2449 1083 2708 1148 cmlitnm,
2737 1100 2893 1154 quam
2943 1085 3215 1139 hominum
3262 1102 3566 1150 numerum,
3615 1096 3705 1142 aut
3749 1105 3873 1144 vera

2282 1189 2386 1227 non
2440 1172 2605 1228 fuisse
2652 1175 2872 1230 deorum
2926 1178 3417 1233 matrimonia.Sed
3471 1179 3754 1250 ipsummet
3795 1182 3874 1236 lo-

2280 1276 2531 1335 quentem
2563 1269 2749 1322 audire
2779 1270 2927 1338 juvat
2956 1290 2967 1324 :
3009 1291 3025 1322 ‹
3070 1272 3256 1338 Major,
3288 1274 3476 1342 inquit,
3505 1275 3743 1328 coalitum
3775 1290 3872 1345 po-

2281 1359 2439 1428 pulus
2479 1362 2659 1424 etiam,
2694 1378 2852 1431 quam
2905 1363 3179 1419 hominum
3230 1367 3450 1437 intelligi
3501 1378 3697 1437 potest,
3751 1385 3873 1424 cmn

2283 1451 2472 1521 singuli
2524 1467 2734 1522 quoque
2790 1470 2854 1508 ex
2907 1459 3210 1523 semetipsis
3243 1459 3461 1512 totidem
3497 1459 3625 1514 deos
3654 1460 3872 1526 faciant,

2283 1543 2520 1599 Junones
2542 1549 2835 1616 geniosque
2859 1549 3161 1618 adoptando
3188 1550 3288 1604 sibi
3318 1569 3328 1603 :
3359 1561 3544 1620 gentes
3567 1569 3697 1606 vero
3725 1570 3873 1623 qua:-

2283 1636 2406 1690 dam
2456 1637 2725 1702 animalia,
2756 1650 2809 1694 et
2859 1639 3034 1708 aliqua
3067 1643 3226 1695 etiam
3259 1643 3489 1698 obscena
3522 1659 3618 1714 pro
3655 1645 3754 1699 diis
3785 1646 3878 1700 ha-

587 1746 642 1792 ει
689 1737 926 1791 Minerva
972 1738 1148 1790 canuit
1194 1748 1478 1804 antequam
1508 1737 1713 1805 peperit
1743 1755 1760 1787 ι
1794 1734 2088 1806 (Cypriau.,
2119 1734 2182 1787 de
2210 1736 2257 1795 B
2286 1729 2474 1796 beant;
2503 1747 2565 1786 ac
2595 1734 2757 1788 multa
2786 1733 2929 1788 dictu
2957 1737 3122 1807 magis
3152 1738 3419 1806 pudenda,
3453 1755 3546 1808 per
3569 1740 3781 1796 fcetidos
3804 1742 3877 1794 ci-

589 1829 791 1882 Idotor.
825 1845 966 1893 vam,
1001 1845 1122 1898 pag.
1163 1829 1229 1883 12
1255 1828 1294 1899 ).
1330 1829 1485 1882 Prius
1512 1828 1843 1897 Theophilus
1890 1827 2182 1881 Antioche-

591 1939 690 1976 nus
718 1922 975 1978 Ethnicos
1003 1923 1189 1977 eodem
1225 1932 1538 1993 argumento
1569 1923 1935 1976 conl'utaverat
1964 1938 1977 1974 :
2005 1927 2064 1974 Ei
2095 1929 2188 1992 γὰρ

591 2019 692 2070 τότε
735 2023 934 2080 ἰγεννων,
984 2025 1065 2068 καὶ
1119 2021 1375 2081 ἔγεννῶντσ,
1408 2020 1564 2077 δηλον,
1589 2021 1660 2070 ὅτι
1707 2022 1848 2085 ἐχρῆν
1885 2021 1965 2068 καὶ
1997 2022 2073 2076 ἕως
2103 2021 2185 2069 τοῦ

593 2112 726 2177 δεῦρο
760 2115 967 2177 γίνεσθαι
993 2115 1120 2168 θεοὺς
1148 2117 1404 2174 γενητοὺς·
1435 2115 1463 2166 ἢ
1509 2113 1601 2178 γὰρ
1645 2113 1881 2176 ἐγήρασαν
1909 2111 1981 2160 διὸ
2011 2112 2088 2161 οὔκ
2116 2113 2185 2159 ἔτι

589 2217 792 2269 γεννῶσν
829 2207 856 2260 ἧ
885 2203 1137 2266 ἀπέθανον,
1161 2213 1243 2253 καὶ
1269 2205 1348 2254 οὐκ
1393 2209 1462 2256 ἔτι
1493 2206 1600 2254 εἰσί.
1639 2219 1656 2251 ι
1693 2198 1747 2254 Si
1788 2211 1896 2253 lllm
1928 2214 2182 2268 genuere,

595 2301 645 2345 et
685 2292 845 2360 geniti
891 2301 1033 2356 sunt,
1069 2294 1386 2361 opportebat
1411 2307 1594 2346 eorum
1626 2293 2028 2361 generationem
2057 2291 2187 2344 huc-

595 2397 764 2451 usque
799 2384 1012 2453 porrigi.
1045 2383 1134 2438 Sin
1155 2398 1308 2439 secus
1339 2399 1396 2439 se
1418 2399 1504 2439 res
1527 2383 1706 2449 habet,
1741 2393 1885 2438 certe
1917 2385 2185 2437 intirmtun

595 2473 816 2528 deorum
847 2491 1017 2544 genus
1055 2475 1406 2545 reputabitur.
1441 2478 1542 2530 Aut
1565 2477 1706 2530 enim
1739 2477 1888 2530 senio
1934 2478 2183 2542 confecti,

595 2581 856 2635 generare
885 2566 1180 2632 desierunt,
1212 2579 1302 2620 aut
1335 2583 1366 2621 e
1392 2568 1684 2622 viventium
1730 2583 1951 2624 numero
1978 2570 2189 2638 penitus

594 2668 720 2711 sunt
747 2657 959 2724 sublati,
990 2668 1042 2712 et
1071 2661 1121 2712 in
1155 2659 1378 2714 niltilum
1411 2661 1608 2714 redacti
1648 2678 1665 2710 ι
1704 2659 2005 2730 (Theoph.,
2038 2661 2128 2715 lib.
2173 2676 2188 2716 t

596 2751 664 2802 ad
703 2750 966 2821 Autolyc.,
1003 2767 1120 2821 pag.
1175 2750 1312 2823 8|).
1371 2753 1592 2808 Brevius
1644 2754 1857 2824 quidem
1908 2755 2183 2819 'l‘atianus,

597 2841 691 2896 sed
720 2859 822 2896 non
872 2845 1048 2899 minus
1086 2844 1316 2900 feSIive:
1357 2865 1374 2895 ‹
1410 2845 1465 2900 Si
1493 2845 1716 2900 deorum
1764 2847 2185 2915 generationem,

599 2935 1133 3003 inquit,memoratis,
1166 2939 1420 2992 mortales
1446 2953 1540 2993 eos
1564 2939 1845 2993 ostenditis
1880 2957 1892 2994 :
1927 2943 2006 2992 διὰ
2026 2943 2073 2992 τὶ
2099 2946 2191 3009 γὰρ

598 3037 648 3086 οὗ
666 3039 761 3086 nim
783 3043 858 3086 νῦν
883 3043 911 3093 ἡ
936 3020 1066 3105 ἦρας
1095 3039 1289 3105 πότερον
1305 3051 1587 3106 yyv‘pzxev;
1621 3043 1649 3094 ἢ
1674 3043 1757 3091 τσῦ
1777 3045 2062 3102 pavitant-Iro:
2085 3040 2191 3100 ὑμῖν

2289 1823 2387 1878 bos
2414 1833 2468 1878 et
2509 1825 2608 1878 alia
2635 1825 2895 1894 jurantes.
2935 1827 3264 1882 Matrimonia
3319 1831 3533 1901 quidem
3586 1833 3724 1886 inter
3750 1833 3878 1887 deos

2289 1915 2470 1983 credi,
2499 1927 2751 1987 tantoque
2794 1934 2910 1973 arvo
2938 1935 3000 1973 ex
3031 1920 3110 1973 his
3144 1921 3407 1974 neminem
3453 1923 3597 1976 nasci
3623 1965 3635 1986 ,
3666 1933 3719 1979 et
3748 1924 3880 1978 alios

2289 2023 2408 2062 esse
2438 2011 2754 2078 grantlarvos
2804 2025 3124 2082 semperque
3173 2027 3358 2076 canos,
3390 2023 3444 2068 et
3479 2014 3612 2068 alios
3655 2015 3882 2084 juvenes

2289 2111 2448 2170 atque
2477 2117 2691 2170 pueros,
2734 2104 2982 2166 aligeros,
3014 2104 3257 2170 claudos,
3307 2120 3409 2160 ovo
3452 2107 3682 2176 genitos,
3706 2116 3758 2162 et
3804 2106 3885 2160 al-

2293 2194 2458 2247 ternis
2485 2193 2670 2246 diebus
2700 2195 2937 2248 viventes
2966 2197 3376 2268 morientesque,
3403 2199 3679 2268 puerilium
3711 2215 3878 2270 prope

2289 2287 2764 2341 deliratnentorum
2792 2299 2873 2342 est
2904 2309 2920 2340 ι
2945 2291 3128 2360 (Plin.,
3162 2291 3253 2344 lib.
3277 2307 3312 2346 ιι
3344 2291 3530 2346 Nutnr.
3562 2291 3723 2357 Ilist.,
3758 2308 3880 2364 cap.

2290 2379 2342 2443 7,
2377 2395 2494 2450 pag.
2529 2379 2631 2434 1‘12
2661 2390 2713 2433 et
2758 2380 2924 2453 seq.).
2959 2383 3110 2450 Quod
3160 2398 3310 2454 ergo,
3352 2383 3540 2437 amabo
3598 2393 3668 2448 te,
3703 2383 3884 2438 efﬁca-

2291 2471 2404 2524 cius
2447 2472 2511 2525 ad
2565 2473 2829 2527 tollendas
2857 2474 3146 2528 Gentilium
3195 2476 3480 2545 religiones
3512 2487 3884 2546 argumentum

2291 2564 2469 2618 afl‘erri
2489 2575 2712 2638 poterat.
2741 2583 2896 2636 quam
2923 2567 3005 2621 illa
3026 2571 3254 2634 sincera,
3275 2581 3327 2624 et
3349 2570 3557 2641 publica
3582 2569 3736 2624 Plinii
3757 2571 3885 2624 alio-

2291 2673 2517 2727 rumque
2545 2659 2704 2713 etiam
2738 2661 3080 2714 Etltuicornnt
3115 2662 3419 2716 confessio?

2364 2749 2545 2818 Neque
2573 2751 2774 2804 dixi-ris
2805 2752 2921 2805 illas
2945 2752 3170 2806 indoctze
3199 2753 3450 2822 rudisque
3482 2754 3651 2824 plebis
3681 2755 3886 2824 opinio-

2291 2856 2386 2894 nes
2408 2856 2434 2893 a
2467 2843 2657 2906 Plinio,
2674 2843 3120 2911 quemadmodum
3137 2845 3203 2897 ab
3230 2845 3332 2898 illis
3356 2845 3707 2900 Ethnicorum
3724 2848 3887 2902 homi-

2294 2947 2418 2985 num
2453 2932 2796 2999 doctissimis,
2831 2946 3098 3005 tamquam
3145 2937 3316 2992 aniles
3362 2937 3566 2992 fabulas
3595 2939 3884 3009 repudiari.

2292 3023 2422 3076 Nam
2484 3025 2532 3078 id
2588 3025 2852 3092 Minucio,
2889 3028 3205 3098 e:rterisqne
3259 3029 3562 3083 christiana:
3614 3031 3886 3100 religionis

598 3130 820 3195 ἀπορεῖτε
845 3141 859 3190 ;
893 3128 996 3179 Cur
1025 3144 1127 3181 non
1156 3130 1383 3197 amplius
1414 3132 1547 3197 parit
1583 3129 1764 3182 Juno?
1793 3127 2192 3182 Cousenuitne?

2261 3119 2690 3184 ,tlefensoribns,
2745 3121 2899 3188 plane
2940 3122 3235 3176 sufficiebat
3282 3123 3346 3176 ad
3403 3123 3601 3194 impios
3648 3126 3886 3179 omnium

599 3217 704 3268 Aut
750 3219 837 3286 qui
884 3233 996 3272 retu
1044 3221 1280 3285 aperiat,
1327 3221 1532 3276 habetis
1584 3221 1896 3275 neminem?
1929 3219 2186 3291 (Tatian.,

603 3307 748 3362 Orat.
774 3321 936 3364 contr.
958 3310 1148 3376 Gre-4L,
1177 3327 1295 3382 pag.
1324 3312 1476 3382 160.)

671 3400 761 3456 Sic
808 3404 966 3456 etiam
1010 3405 1210 3459 Seneca
1234 3445 1249 3470 ,
1283 3421 1311 3457 a
1345 3405 1622 3459 Lactantio
1668 3405 1930 3468 laudatus,
1962 3405 2192 3474 gentiles

600 3507 726 3548 suos
755 3493 1025 3549 irridendo
1047 3506 1484 3566 argumentatur:
1522 3515 1539 3547 ι
1569 3497 1703 3562 Quid
1723 3508 1804 3551 est
1831 3511 1978 3566 ergo,
2001 3497 2188 3563 inquit,

600 3601 766 3655 quare
794 3589 932 3656 apud
965 3599 1150 3656 poetas
1193 3590 1556 3644 salacissimus
1581 3589 1789 3659 .lupiter
1810 3589 2028 3643 desierit
2060 3589 2193 3644 libe-

600 3693 688 3732 ros
735 3680 972 3734 tollere?
1003 3681 1193 3735 Utrum
1243 3684 1619 3748 sexagenarius
1673 3683 1841 3735 factus
1871 3691 1984 3743 est,
2013 3691 2066 3735 et
2115 3683 2190 3736 illi

600 3771 682 3825 lex
711 3772 869 3841 Papia
894 3774 1105 3827 fibulam
1155 3775 1450 3844 imposuit?
1482 3777 1561 3828 An
1595 3775 1898 3844 impetravit
1920 3778 2006 3842 jus
2037 3777 2193 3828 trium

600 3863 909 3917 liberorum.
955 3867 1034 3918 Au
1095 3866 1308 3920 tandem
1357 3867 1426 3920 illi
1475 3869 1618 3920 venit
1662 3868 1712 3920 in
1770 3877 2050 3921 mentem:
2114 3866 2196 3921 Ab

599 3953 704 4006 alio
753 3965 1057 4025 exspectes,
1093 3959 1245 4012 alteri
1297 3959 1436 4028 quod
1467 3959 1687 4023 feceris;
1715 3971 1768 4014 et
1803 3961 1952 4014 timet
1991 3964 2196 4030 nequis

600 4045 699 4098 sibi
721 4046 893 4112 faciat,
923 4049 1062 4117 quod
1092 4051 1486 4121 ipseSaturno‘t
1517 4070 1536 4104 ι
1563 4050 1758 4122 (Lact.,
1782 4052 1874 4106 lib.
1901 4068 1936 4117 I,
1966 4068 2083 4122 cap.
2107 4053 2194 4121 16,

553 4150 558 4154 ·
603 4154 720 4207 pag.
751 4139 869 4209 88.)
909 4141 965 4196 Id
999 4154 1100 4209 est,
1123 4161 1188 4200 ne
1215 4147 1349 4200 sicut
1377 4146 1465 4202 ille
1483 4147 1766 4202 Saturnum
1784 4158 1987 4216 patrem
2017 4165 2194 4216 suum,

601 4230 671 4284 ita
696 4232 865 4299 ipsum
896 4235 984 4288 lilii
1016 4236 1131 4302 ejus
1161 4253 1326 4308 regno
1351 4239 1662 4308 spoliarent.
1693 4239 1796 4295 Sed
1817 4241 1884 4294 de
1899 4241 2195 4309 Lactantio,

603 4321 786 4392 bisque
835 4324 1053 4381 Seneca:
1083 4329 1256 4382 verbis
1293 4331 1490 4398 aliquid
1522 4333 1654 4384 infra
1686 4331 1991 4386 dicendum.
2040 4335 2197 4387 Deni-

599 4431 700 4484 que
722 4425 781 4472 ut
817 4417 950 4470 alios
966 4419 1157 4474 missos
1183 4420 1454 4481 faciamus,
1476 4422 1743 4476 Juvenalis
1771 4426 1930 4479 etiam
1961 4427 2151 4481 cecinit
2183 4443 2197 4478 :

693 4531 812 4590 Quis
843 4538 1008 4582 tamen
1028 4534 1236 4584 alltrmet
1259 4535 1324 4584 nil
1351 4543 1509 4586 actum
1534 4539 1585 4586 in
1605 4541 1866 4595 montibus.
1893 4549 1974 4590 aut
1999 4541 2046 4589 in

695 4595 988 4656 Speluneis?
1012 4597 1150 4648 Adeo
1176 4607 1453 4650 senuerunt
1469 4599 1664 4664 Jupiter
1687 4609 1738 4652 et
1764 4603 1908 4652 Mars.

946 4679 1214 4744 (Juvenal,
1243 4686 1431 4748 Satyr.,
1458 4701 1521 4748 vi,
1543 4699 1587 4737 υ.
1615 4687 1692 4737 02.
1718 4693 1763 4738 et
1785 4690 1943 4752 seqq.)

674 4787 836 4842 Instat
869 4787 1146 4858 Minucius,
1179 4800 1233 4847 et
1285 4792 1444 4848 falsas
1473 4794 1539 4850 de
1570 4795 1670 4850 diis
1711 4796 1994 4866 opiniones
2021 4794 2193 4850 altera

601 4879 778 4935 adhuc
826 4882 1034 4938 ratione
1086 4884 1324 4940 funditus
1375 4886 1634 4942 destruit:
1665 4906 1684 4939 ι
1746 4887 1799 4942 Si
1845 4887 1916 4940 dii
1951 4927 1966 4952 ,
1999 4887 2189 4956 inquit,

600 4978 770 5033 creari
804 4988 1042 5048 possent,
1075 4980 1292 5035 interire
1318 4997 1422 5035 non
1451 4990 1690 5052 possent,
1726 4981 1903 5050 plures
1931 4981 2054 5036 totis
2077 4981 2192 5036 1ιο-

602 5069 835 5124 minibus
861 5071 992 5126 deos
1019 5073 1372 5138 haberemus;
1394 5083 1450 5127 ut
1473 5074 1582 5142 jam
1614 5089 1708 5128 eos
1730 5090 1827 5130 nec
1850 5074 2044 5129 caelum
2063 5090 2194 5129 con-

605 5161 816 5227 tiueret,
849 5178 950 5220 nec
995 5179 1088 5219 aer
1119 5174 1378 5236 caperet,
1412 5180 1509 5220 nec
1550 5176 1689 5220 terra
1732 5177 1988 5236 gestaret.
2031 5186 2048 5218 ι
2087 5167 2190 5224 Sed

602 5256 702 5310 hoc
744 5256 850 5309 telo
899 5258 1083 5326 utique
1112 5258 1396 5322 acerrimo,
1423 5273 1529 5328 qtto
1559 5259 1719 5313 etiam
1771 5259 1972 5330 Sybilla
2005 5260 2189 5321 utitur,

599 5345 858 5400 Etbuieos
886 5348 1078 5402 citatus
1098 5349 1207 5417 jam
1237 5365 1263 5402 a
1295 5350 1450 5404 nobis
1467 5351 1796 5419 Theophilus
1827 5351 2195 5406 Antiochenus

598 5439 810 5506 penitus
829 5442 1327 5498 transfixeratJlinc
1351 5445 1514 5508 enim,
1532 5445 1720 5515 inquit,
1741 5455 1917 5514 μᾶλλον
1937 5461 2018 5498 ut
2039 5455 2194 5501 πλείο-

597 5555 663 5593 νες
695 5536 789 5586 Qui
816 5540 1010 5604 ὤφειλον
1034 5537 1155 5590 εἶναι
1177 5554 1270 5593 τῶν
1297 5541 1566 5608 ἀνθρώπων,
1593 5547 1649 5601 ὤς
1670 5565 1783 5609 φησι
1809 5541 2194 5606 Σίϐυλλενμοοιο

597 5621 774 5690 ligitur
801 5625 981 5693 plures
1009 5641 1128 5682 esse
1144 5628 1294 5692 deos,
1315 5644 1471 5698 quam
1488 5629 1751 5693 homines,
1773 5631 1910 5685 sicut
1929 5642 1975 5685 et
1993 5631 2195 5703 Sibylla

598 5715 894 5781 perbibet.»
929 5718 1135 5774 Cretera
1155 5735 1273 5790 qua:
1301 5720 1537 5790 longiora
1566 5731 1690 5776 sunt
1719 5723 1857 5791 apud
1888 5738 2032 5790 eum,
2061 5725 2200 5779 sicut

2295 3211 2642 3265 Ethnieorum
2673 3213 2865 3277 cultus,
2893 3215 2977 3282 qui
3008 3216 3058 3267 in
3090 3216 3234 3269 hisce
3255 3230 3499 3270 errorum
3530 3215 3781 3270 monstris
3802 3216 3885 3269 ni-

2296 3304 2563 3363 tebantur,
2600 3304 2833 3358 funditus
2857 3307 3202 3362 evertendas.
3239 3307 3369 3376 Quis
3391 3310 3532 3364 enim
3562 3310 3772 3365 illorum
3799 3326 3887 3365 va—

2298 3412 2392 3450 nas
2431 3391 2842 3464 superstitiones
2902 3400 3042 3455 ferre
3070 3411 3246 3471 quarat
3279 3445 3292 3468 ,
3349 3403 3435 3471 qui
3471 3405 3682 3458 unicum
3727 3416 3888 3458 teter-

2298 3505 2531 3558 nutnque
2569 3490 2733 3544 Deum
2770 3492 3055 3560 negabant,
3086 3503 3138 3547 et
3169 3495 3306 3548 alios
3334 3495 3590 3565 plurimos
3612 3497 3887 3563 mortales,

2296 3592 2386 3636 aut
2412 3593 2754 3653 generantes,
2799 3601 2862 3638 ac
2909 3586 3119 3653 genitos
3144 3587 3278 3642 deos
3305 3588 3548 3642 colebant
3577 3598 3628 3642 et
3664 3605 3888 3642 venera-

2298 3675 2491 3729 bantur
2513 3677 2535 3728 ?
2559 3676 2672 3729 Non
2703 3677 2877 3730 minus
2904 3692 3082 3731 autem
3113 3678 3255 3733 docti
3296 3695 3452 3748 quam
3482 3679 3680 3733 indocti
3706 3680 3890 3734 Genti-

2298 3769 2399 3835 les,
2429 3770 2628 3838 rejecto
2660 3785 2787 3824 vero
2815 3771 2943 3836 Deo,
2976 3771 3255 3837 ridiculos,
3289 3772 3407 3827 illos
3439 3771 3576 3827 Deos
3606 3773 3890 3836 colebant;

2300 3862 2384 3914 vel
2428 3862 2608 3916 colere
2657 3876 2715 3916 se
2763 3862 3097 3928 simulantes,
3132 3864 3337 3917 nullum
3383 3864 3769 3927 admittebant;
3801 3873 3894 3918 aut

2301 3953 2443 4008 aliud
2487 3953 2690 4022 aliquid,
2732 3970 2761 4007 a
2793 3969 2914 4008 vera
2965 3953 3244 4008 divinitate
3292 3970 3358 4010 eo
3409 3956 3576 4025 magis
3605 3964 3893 4022 remotum,

2301 4044 2444 4114 quod
2472 4057 2736 4108 creatum,
2763 4046 2846 4101 vel
2877 4047 3100 4114 ipsamet
3122 4047 3326 4101 ratione
3353 4047 3614 4114 privatum
3649 4054 3784 4100 erat.

2374 4138 2562 4192 Nonne
2593 4153 2722 4207 ergo
2760 4153 2786 4190 a
2823 4147 2972 4193 recto
3011 4140 3252 4194 veritatis
3300 4139 3507 4192 tramite
3534 4139 3782 4193 similiter
3803 4140 3901 4194 ab-

2303 4232 2577 4292 errabant.
2612 4234 2701 4301 qui
2731 4233 2892 4287 stulte
2946 4232 3302 4302 prtedieabant
3347 4231 3598 4286 mortales
3635 4232 3898 4301 quosdam

2305 4323 2574 4386 homines,
2610 4325 2692 4377 vel
2721 4332 2838 4377 ortu
2872 4339 2994 4387 suo,
3025 4324 3105 4378 vel
3130 4325 3355 4378 aliorum
3381 4321 3899 4392 perjurio,libidine,

2303 4425 2359 4470 et
2387 4415 2668 4480 arbitratu,
2704 4418 2872 4470 factos
2899 4430 3019 4471 esse
3046 4417 3177 4471 deos
3198 4417 3221 4469 ‘t
3242 4417 3387 4470 Talis
3406 4426 3584 4470 tamen
3613 4415 3730 4482 fuit,
3761 4437 3778 4467 ι
3806 4431 3903 4485 pe-

2219 4514 2274 4574 ])
2304 4508 2514 4577 jerante
2540 4508 2788 4572 Proculo,
2829 4527 2848 4560 ι
2884 4509 2957 4562 uti
2990 4508 3249 4562 Minucius
3275 4509 3368 4573 ait,
3393 4526 3410 4559 ι
3448 4508 3588 4563 Deus
3613 4507 3899 4576 Romulus,

2299 4601 2749 4671 quemadmodum
2773 4601 2930 4670 paulo
2945 4610 3064 4670 post
3081 4600 3486 4671 explicabimus.
3506 4600 3646 4654 Talis
3660 4613 3892 4670 quoque,

2304 4711 2322 4744 ι
2351 4693 2488 4748 Juba
2523 4712 2541 4743 ι
2580 4695 2747 4764 pergit
2777 4693 2890 4756 ille,
2929 4711 2947 4744 ‹
2970 4693 3164 4748 Mauris
3196 4693 3520 4759 volentibus,
3551 4692 3685 4747 deus
3709 4700 3810 4757 est,
3841 4700 3899 4748 et.

2299 4786 2432 4852 divi,
2456 4788 2634 4842 cmteri
2677 4801 2851 4858 reges,
2885 4787 2975 4856 qui
3015 4795 3423 4851 consecrantur,
3456 4801 3560 4841 non
3615 4785 3682 4840 ad
3733 4785 3894 4840 tidem

2297 4883 2553 4947 numinis,
2581 4882 2674 4937 sed
2702 4882 2767 4936 ad
2794 4882 3053 4936 honorem
3087 4881 3327 4936 emerita:
3357 4880 3674 4950 potestatis?
3706 4899 3725 4932 ι
3757 4879 3895 4935 Sub-

2299 4977 2516 5046 seripsit
2547 4977 2746 5030 auctori
2795 4985 2981 5030 nostro
3007 4975 3338 5038 Lactantius,
3381 4974 3700 5043 scriptisque
3727 4973 3896 5028 tradi-

2299 5070 2376 5124 dit
2407 5086 2418 5122 :
2460 5087 2478 5118 (
2519 5069 2774 5124 Privatim
2827 5068 3025 5139 singuli
3055 5068 3235 5138 populi
3279 5067 3455 5138 gentis
3480 5076 3573 5121 aut
3600 5067 3748 5121 urbis
3782 5080 3894 5121 sua:

2298 5162 2625 5226 conditores,
2660 5177 2753 5216 seu
2795 5160 2895 5216 viri
2950 5161 3260 5216 fortitudine
3313 5161 3550 5232 insignes
3591 5171 3762 5226 erant,
3797 5176 3894 5216 seu

2299 5256 2511 5310 femina:
2561 5254 2806 5308 castitate
2843 5255 3134 5322 mirabiles,
3165 5269 3376 5309 summa
3433 5255 3779 5309 veneratiOne
3803 5268 3894 5310 co-

2298 5349 2531 5409 luerunt,
2563 5357 2618 5399 ut
2655 5345 2890 5416 Egyptii
2915 5345 3142 5414 Isidem,
3182 5347 3349 5401 Mauri
3391 5345 3581 5401 Jubam
3621 5345 3891 5415 (Lactan.,

2295 5442 2389 5496 lib.
2439 5458 2457 5496 ι
2511 5439 2712 5505 Instit.,
2757 5454 2874 5509 cap.
2906 5440 2995 5507 15,
3032 5456 3149 5511 pag.
3181 5440 3293 5513 81).
3324 5458 3344 5493 ι
3379 5441 3550 5496 Antea
3599 5455 3729 5495 vero
3758 5441 3892 5496 Ter-

2299 5537 2552 5592 tullianus
2583 5537 2749 5606 magis
2797 5537 3115 5606 generatim,
3139 5551 3202 5591 ac
3241 5550 3551 5606 suppresso,
3586 5535 3678 5589 sed
3711 5535 3896 5590 subin-

2302 5632 2514 5686 tellecto
2539 5629 2689 5685 Juba:
2733 5630 2967 5685 nomine.
3007 5648 3025 5681 ι
3065 5629 3363 5699 Unicuique
3393 5629 3703 5698 provincia,
3733 5637 3788 5683 et
3818 5629 3894 5682 ei-

2299 5724 2450 5780 vitati
2499 5739 2626 5780 suus
2664 5722 3019 5780 estdeus.....
3064 5732 3122 5777 ut
3169 5721 3499 5778 Mauritania:
3527 5720 3695 5791 reguli
3724 5721 3826 5776 sui.
3870 5741 3888 5772 ›
