4264 6258
274 5834 289 5881 ἱ

309 299 419 356 573

1708 291 2173 350 DISSERTATIO.

3513 296 3616 351 576

308 415 563 486 Sequitur
594 410 664 467 ibi
719 407 1108 465 Tertullianum
1154 420 1306 475 more
1341 417 1439 462 suo
1463 404 1780 478 Cyprianus,
1807 408 1908 461 ait-
1933 408 1983 469 Α
2012 407 2077 462 ad
2096 406 2516 462 commentitiam
2541 406 2753 462 illorum
2771 405 3105 462 divinitatem
3129 404 3516 481 explodendam
3535 408 3619 462 in-

310 522 416 579 qne
446 524 459 559 :
495 523 515 556 ‹
548 502 715 559 Mauri
747 499 1033 555 manifeste
1071 513 1227 570 reges
1269 499 1470 567 colunt,
1493 513 1591 554 nec
1626 499 1741 553 ullo
1768 499 1914 553 vela.

311 608 499 656 mento
526 597 628 651 hoc
656 608 853 650 nomen
873 593 1136 648 obtcxunt
1169 611 1188 644 ι
1222 590 1500 663 (Cyprian.
1519 591 1582 647 de
1599 590 1743 647 ldol.
1763 608 1908 659 van.,

310 706 438 763 pag.
462 687 578 762 4‘2).

390 784 590 840 Verum
615 778 879 837 Cellarius
909 777 1213 848 suSpieatur
1237 777 1291 831 in
1325 777 1541 832 Minucii
1569 777 1737 831 nostri
1766 784 1913 831 textu

320 875 537 948 aliquod
570 874 791 929 subesse
823 871 1094 926 mendum.
1136 869 1252 925 Non
1300 872 1441 924 enim
1482 869 1805 931 Maurorum,
1834 869 1913 922 in-

318 971 455 1041 quit,
480 966 576 1022 sed
601 963 954 1021 Numidarum
986 979 1079 1017 rex
1110 962 1206 1015 fuit
1233 960 1388 1016 Juba.
1420 962 1527 1016 Nec
1570 975 1764 1031 negare
1795 960 1914 1030 qui-

318 1065 439 1121 dem
470 1075 756 1132 possumus
807 1058 935 1113 illud
982 1073 1010 1111 a
1065 1057 1232 1111 Dione
1277 1055 1485 1119 Cassio,
1538 1071 1601 1109 ac
1633 1054 1918 1109 Plutarcho

319 1156 486 1211 fuisse
514 1152 708 1208 litteris
737 1149 1011 1205 traditum.
1042 1149 1109 1203 At
1130 1149 1385 1218 numquid
1407 1147 1606 1202 idcirco
1634 1145 1915 1211 Minucius,

320 1258 419 1303 aut
468 1247 583 1315 ejus
628 1244 900 1307 librarius,
929 1249 1020 1297 aut
1048 1243 1190 1295 citati
1219 1256 1248 1294 a
1283 1240 1433 1294 nobis
1463 1240 1752 1308 scriptores
1774 1252 1922 1293 erra-

319 1349 516 1396 verunt
547 1339 708 1409 (Dio.,
741 1336 942 1390 Histor.
976 1335 1151 1401 Rom.,
1187 1350 1304 1404 pag.
1332 1333 1472 1397 195;
1504 1332 1703 1387 Plutar.
1740 1332 1791 1385 in
1822 1332 1923 1384 vita

325 1433 543 1497 Ctesar.,
564 1447 685 1502 pag.
716 1430 843 1497 752)
867 1429 890 1481 ?
924 1427 1191 1496 Numquid
1226 1427 1401 1496 potius
1427 1424 1691 1480 Cellarius
1714 1438 1817 1477 non
1846 1437 1925 1476 sa-

326 1530 397 1583 tis
450 1535 703 1582 accurate
756 1524 928 1578 libros
984 1521 1267 1575 Strabonis
1320 1516 1797 1589 pervolutaverat?
1849 1514 1922 1569 lbi

327 1622 471 1676 enim
503 1618 621 1673 haec
659 1617 807 1671 illius
845 1615 1009 1670 verba
1040 1614 1219 1684 legere
1248 1620 1493 1682 poterat:
1522 1618 1643 1665 Νυνὶ
1669 1613 1736 1670 εἰς
1766 1601 1926 1662 Ῐοῡεοιν

327 1720 629 1785 metimur
654 1717 963 1775 Μαυρουσία,
987 1713 1067 1761 καὶ
1113 1707 1267 1761 πολλὰ
1309 1712 1429 1775 μερη
1452 1719 1535 1766 τῆς
1559 1709 1704 1764 ἄλλης
1725 1707 1920 1767 meam,

2016 499 2375 554 victissimum
2405 499 2751 568 suppeditant
2779 508 3175 570 argumentum.
3224 516 3242 548 ι
3282 497 3436 563 Nam,
3469 498 3619 568 quid,

2016 607 2224 656 eorum,
2260 592 2335 647 ait
2359 591 2644 656 Minucius,
2675 591 2863 646 forma:
2892 591 3043 662 ipsae,
3074 600 3128 645 et
3155 590 3368 645 habitus
3390 589 3412 644 ?
3433 590 3623 647 Nonne

2016 697 2248 754 arguunt
2296 686 2523 742 ludibria
2570 697 2624 740 et
2671 685 2935 740 dedecora
2965 727 2978 751 ,
3032 681 3190 757 (mss.
3245 684 3472 751 decora,
3526 684 3621 749 sed

2017 782 2179 849 male)
2200 780 2424 835 deorum
2446 788 2746 833 vestrorum
2772 777 2795 832 ?
2827 795 2844 828 ι
2880 777 3032 832 Scire
3062 787 3240 832 autem
3263 778 3306 833 si
3330 791 3624 849 aveasqure

2020 873 2127 959 illae
2157 872 2371 939 fuerint,
2405 871 2528 929 audi
2552 871 2868 941 Gregorium
2910 871 3329 941 Nazianzepum,
3364 887 3455 928 eas
3486 886 3620 945 pau-

2020 967 2098 1021 cis
2136 966 2218 1022 his
2246 964 2489 1020 versibus
2519 973 2858 1025 enarrantem
2888 980 2900 1015 :

2274 1082 2485 1143 Ῐθυφάλους,
2506 1093 2709 1143 ιιρόιντας,
2728 1092 2939 1143 dub-ltus,
2958 1078 3252 1142 ἡμιδρακόντιςξ

2273 1159 2408 1206 Θήρας,
2432 1156 2631 1205 θηρομιτιῖς
2655 1169 2696 1193 τι
2719 1154 2871 1204 γιληΐιον
2893 1149 2989 1200 tida;
3014 1152 3174 1207 ἷχυντας.

2022 1248 2123 1317 Qui
2154 1248 2223 1313 ita
2240 1247 2408 1307 latine
2436 1246 2628 1303 redditi
2659 1256 2781 1302 sunt
2813 1267 2827 1302 :

2154 1423 2165 1434 .
2241 1421 2251 1432 .
2325 1422 2336 1432 .
2409 1423 2420 1433 .
2491 1421 2502 1431 .
2572 1417 2584 1430 .
2655 1419 2666 1431 .
2738 1421 2749 1432 .
2818 1381 3036 1441 Cornuti,
3065 1381 3438 1431 semidracones

2153 1444 2391 1510 Itbyphali
2410 1445 2631 1510 obsceni,
2667 1444 2777 1510 colli
2803 1451 3107 1510 exerte-sque
3135 1443 3379 1504 feraeque,

2155 1506 2313 1573 eque
2340 1510 2454 1558 t‘eris
2477 1509 2613 1557 mixti
2642 1508 2804 1567 variis,
2822 1506 3027 1555 ridenda
3052 1513 3310 1573 gerentes.

2153 1571 2270 1625 Ora.

2302 1653 2740 1719 (Greg.Nazianz..
2770 1655 2931 1705 Carm.
2964 1666 3064 1713 ut,
3088 1668 3140 1717 p.
3164 1652 3277 1715 “2,
3305 1659 3339 1705 ι.
3366 1650 3444 1716 ti.)

332 1810 414 1859 δὶα.
451 1815 539 1862 diu
584 1812 701 1873 πρὸς
734 1810 985 1869 Papulae:
1024 1805 1208 1854 εῦνυιάν
1233 1822 1307 1864 τε,
1346 1801 1428 1852 καὶ
1481 1805 1662 1863 φίλων.
1697 1814 1716 1845 t
1773 1793 1922 1848 Nunc

2032 1807 2228 1861 Verum
2261 1814 2447 1860 auctor
2487 1813 2671 1863 noster
2718 1805 2818 1862 hoc
2860 1805 3022 1876 longe
3061 1805 3231 1861 iusius
3257 1804 3625 1877 prosequitur,

338 1899 706 1954 Mauritaniam
736 1895 975 1963 aliasque
1000 1891 1196 1945 multas
1241 1900 1419 1959 partes
1443 1887 1633 1942 Africa:
1666 1885 1800 1941 Juba
1831 1885 1928 1940 ob.

342 1992 498 2053 tinet,
524 1989 595 2043 ob
619 1987 847 2043 studium
880 1986 933 2039 in
958 1983 1249 2045 Romanos,
1281 1993 1333 2037 et
1362 1981 1646 2034 amicitiam
1671 1976 1776 2031 hoc
1802 1991 1932 2030 con-

337 2093 554 2142 secutus
598 2099 616 2133 |
655 2079 879 2152 (Strab.,
910 2077 1003 2132 lib.
1028 2074 1316 2145 “(1'80ng
1342 2073 1461 2127 sub.
1494 2072 1609 2133 fin.,
1636 2065 1929 2139 pag.288).

313 2223 324 2233 .
413 2176 523 2229 Cur
551 2188 697 2242 ergo,
757 2170 984 2239 inquies,
1027 2167 1183 2232 Juba,
1216 2181 1245 2220 a
1300 2166 1483 2229 Dione,
1517 2171 1571 2217 et
1623 2158 1929 2227 Plutarcho,

340 2266 687 2324 Numidarum
717 2280 813 2318 rex
845 2263 1040 2317 dicitur
1064 2261 1088 2312 ?
1119 2258 1452 2313 Difficultatis
1480 2256 1704 2321 huiusce
1733 2252 1933 2307 nodum

343 2360 503 2416 Solvit
529 2357 885 2420 Herodianus,
944 2355 1034 2425 qui
1082 2350 1475 2411 Mauritaniam,
1509 2347 1596 2401 ubi
1638 2343 1939 2414 imperabat

343 2453 498 2517 Juba,
530 2465 758 2522 quaeque
787 2447 1043 2502 Romanis
1080 2452 1196 2498 erat
1221 2442 1481 2511 subjecta,
1521 2439 1589 2493 ab
1620 2436 1808 2491 incolis
1828 2436 1939 2489 suis

344 2545 641 2600 Numidiam
667 2550 912 2597 vocatam
940 2538 1104 2593 fuisse
1137 2537 1454 2591 testificatur
1484 2550 1496 2585 :
1528 2536 1859 2588 Καπελλιανὸς
1886 2532 1942 2591 ἦν

345 2663 414 2697 τις
430 2639 703 2706 ὅνομα,ἀσό
732 2641 816 2692 τοῦ
835 2640 1117 2700 συνκὶήτου.
1146 2633 1301 2699 ἡγεῖτο
1332 2632 1381 2680 δὲ
1408 2634 1722 2695 Μαυρουσίων
1736 2633 1829 2677 τῶν
1851 2628 1943 2674 ὑπὸ

346 2740 604 2800 Ῥωμαίοις,
652 2731 893 2796 Νομάδων
940 2729 989 2777 δὲ
1034 2730 1346 2789 καλουμένων.
1383 2738 1401 2766 ε
1437 2714 1777 2795 Capellianus
1821 2713 1936 2781 qui-

347 2825 490 2888 dam,
520 2819 772 2877 senatorii
792 2815 996 2872 ordinis
1025 2814 1122 2879 vir,
1151 2821 1462 2883 procurator
1483 2792 1812 2862 Mauritaniae
1834 2803 1943 2858 Ro-

348 2917 521 2972 manis
564 2915 840 2983 subjecttn,
888 2924 1005 2977 quae
1033 2909 1102 2960 ab
1130 2907 1258 2976 ipsis
1287 2901 1532 2961 Numidia
1566 2898 1862 2969 appellatur
1917 2916 1936 2946 ι

348 3009 683 3081 (Herodian.,
713 3006 805 3060 lib.
838 3018 911 3058 vn
934 3000 1094 3068 Hist,
1120 3018 1175 3071 ρ.
1206 2996 1357 3068 280).

423 3102 589 3155 Instat
614 3096 879 3153 Cellarius
910 3110 1038 3146 vero
1068 3107 1171 3151 non
1198 3105 1318 3156 esse
1346 3086 1522 3141 simile
1549 3083 1764 3146 Jubam,
1796 3081 1883 3150 qui
1915 3095 1944 3134 a

2035 1909 2195 1970 atque
2225 1908 2281 1954 ut
2313 1900 2446 1954 tales
2480 1899 2610 1953 deos
2641 1899 2820 1955 colere
2849 1899 3109 1954 Etltnicos
3141 1898 3354 1953 tandem
3389 1900 3628 1968 puderet,

2035 2005 2369 2051 monstrosas
2398 1994 2679 2067 plerasque
2716 2008 2907 2048 omnes
2944 1993 3159 2059 illorum
3193 1992 3393 2048 formas
3436 2007 3631 2048 recen-

2035 2095 2148 2150 set,
2176 2085 2413 2157 ipsisque
2458 2085 2607 2154 ponit
2636 2085 2705 2139 ob
2747 2084 2948 2141 oculos.
3008 2085 3261 2157 Quamvis
3304 2092 3482 2145 autem
3517 2084 3633 2140 nul—

2036 2178 2147 2232 lum
2179 2176 2316 2233 fictre
2358 2166 2570 2241 illorum
2599 2179 2793 2240 anatis,
2825 2186 2918 2231 aut
2948 2177 3221 2249 dignitatis
3269 2174 3513 2249 ordinem
3549 2190 3636 2233 se—

2039 2279 2264 2338 quatur;
2296 2269 2416 2337 quia
2447 2277 2626 2323 tamen
2654 2267 2705 2321 id
2730 2283 2940 2339 parum,
2969 2276 3060 2322 aut
3096 2266 3225 2322 nihil
3256 2266 3323 2322 ad
3349 2281 3638 2343 argumen-

2042 2360 2257 2414 tationis
2285 2359 2470 2425 robur,
2499 2367 2555 2414 et
2591 2360 2980 2413 convictionem
3023 2350 3168 2423 facit,
3212 2357 3414 2412 idcirco
3442 2359 3493 2412 in
3522 2357 3640 2429 ejus

2042 2454 2280 2524 vestigiis
2308 2452 2676 2507 inhaerendum
2702 2468 2821 2521 esse
2848 2452 3020 2515 satius
3036 2450 3306 2515 duximus.

2121 2545 2168 2601 A
2195 2543 2437 2599 Vulcano
2470 2552 2649 2603 autem
2683 2544 2761 2597 sic
2786 2542 2993 2599 orditur
3020 2561 3032 2597 :
3064 2561 3080 2591 ι
3120 2540 3386 2596 Vulcanus
3413 2541 3639 2597 claudus

2044 2640 2198 2704 deus,
2228 2649 2281 2703 et
2311 2635 2504 2692 debilis
2529 2646 2630 2691 est.
2673 2656 2691 2687 ι
2730 2635 2932 2701 Eodem
2962 2633 3122 2689 etiam
3159 2644 3472 2703 argumento
3501 2633 3644 2702 apud

2046 2730 2360 2785 Ciceronem
2388 2726 2564 2792 Cotta,
2598 2736 2809 2781 servato
2838 2736 3013 2781 tamen
3062 2724 3232 2801 magis
3267 2722 3491 2779 deorum
3519 2739 3646 2779 suo-

2050 2841 2168 2880 rum
2228 2822 2449 2887 ordine,
2497 2819 2758 2876 Velit-inm
2809 2820 3133 2892 Epicureum
3166 2815 3414 2884 .rel‘ellit,
3461 2816 3647 2881 illique

2047 2915 2343 2971 Vulcanum
2375 2913 2493 2968 hzec
2545 2913 2727 2984 objicit
2754 2911 2806 2967 in
2837 2911 3000 2971 verba
3031 2929 3043 2965 ε
3080 2931 3098 2963 α
3133 2911 3204 2965 Et
3227 2909 3441 2981 quidem
3489 2911 3647 2969 Athe-

2050 3009 2134 3063 nis
2162 3007 2439 3065 laudamus
2466 3006 2785 3069 Vulcanum,
2810 3021 2933 3060 eum
2965 3020 3124 3074 quem
3176 3001 3300 3057 fecit
3323 3002 3644 3056 Alcamenes

2052 3104 2103 3157 in
2138 3119 2242 3181 quo
2272 3111 2448 3158 stante
2470 3110 2627 3171 atque
2656 3100 2871 3165 vestito,
2904 3098 3094 3152 leviter
3120 3105 3343 3169 apparet
3374 3094 3645 3149 claudica-

348 3194 562 3248 Czesare
584 3194 752 3245 victus
797 3188 1061 3242 virlentas
1082 3184 1177 3238 sibi
1211 3198 1395 3237 mautts
1419 3180 1615 3243 intulit,
1648 3178 1697 3230 in
1721 3176 1922 3230 deorun

2054 3194 2127 3248 tio
2152 3176 2256 3247 non
2290 3192 2566 3249 deformis.
2600 3189 2857 3247 Claudum
2905 3188 3064 3261 igitur
3102 3186 3416 3241 habebimus
3461 3185 3642 3252 deum,

352 3305 574 3345 numero
594 3305 622 3342 a
655 3286 848 3342 Mauris
878 3283 1043 3337 fuisse
1072 3280 1382 3346 repositum.
1415 3274 1519 3332 Sed
1542 3272 1793 3327 levissimi
1828 3285 1941 3323 mra

352 3384 515 3439 tuenti
563 3383 679 3437 lucc
733 3383 872 3435 ratio
911 3387 1013 3433 est.
1044 3374 1171 3442 Qnis
1198 3371 1341 3426 enim
1369 3368 1539 3424 nescit
1566 3381 1770 3421 morem
1802 3363 1944 3434 apud

353 3477 623 3531 Romanos
650 3472 973 3542 pervasisse,
1006 3474 1063 3520 ut
1111 3466 1468 3535 Imperatores
1510 3474 1635 3513 suos
1663 3464 1947 3527 quantum-

353 3572 478 3624 libet
519 3566 788 3638 improbos
832 3579 894 3618 ac
946 3559 1205 3615 scelestos
1236 3599 1249 3621 ,
1294 3552 1519 3609 solemni
1565 3551 1707 3614 ritu,
1736 3559 1790 3603 et
1818 3562 1945 3617 apo-

356 3661 549 3724 theosi,
575 3659 797 3713 deorum
828 3654 952 3709 albo
982 3648 1387 3705 adscriberent?
1414 3643 1598 3711 Neque
1628 3640 1821 3711 swpius
1852 3654 1946 3694 eo-

356 3770 475 3808 rum
501 3750 856 3819 expectabant
900 3754 1150 3807 mortctn,
1182 3740 1276 3796 sed
1300 3738 1426 3793 dum
1458 3736 1631 3791 adhuc
1669 3733 1941 3799 vivebant,

358 3844 467 3898 illis
491 3841 654 3895 etiam
685 3839 863 3893 invitis
887 3852 951 3891 ac
980 3831 1368 3891 reluctantibus
1394 3829 1606 3884 divinos
1635 3825 1947 3881 deferebant

359 3935 619 3990 honores.
655 3929 985 3998 Quapropter
1022 3925 1281 3999 Minucius
1336 3929 1458 3991 post
1512 3920 1672 3974 citata
1726 3933 1755 3970 a
1794 3916 1947 3970 nobis

356 4027 541 4105 verba,
567 4024 906 4079 continenter
936 4018 1130 4089 adjecit
1160 4035 1171 4069 :
1201 4036 1223 4069 ε
1258 4014 1443 4069 Invitis
1473 4012 1555 4066 his
1585 4011 1818 4080 denique
1847 4010 1948 4066 hoc

359 4136 555 4177 nomen
598 4115 958 4173 adscribitur:
1002 4119 1187 4181 optant
1240 4111 1292 4163 in
1337 4107 1553 4162 homine
1584 4119 1947 4175 perseverare,

362 4215 472 4269 fieri
496 4228 557 4268 se
585 4210 721 4266 deos
760 4215 1025 4272 metuunt,
1058 4214 1109 4259 et
1131 4205 1176 4257 si
1202 4203 1311 4273 jam
1342 4216 1521 4266 senes,
1550 4199 1759 4252 nolunt.
1792 4216 1810 4249 ι
1844 4195 1951 4252 Sed

360 4310 476 4364 haec
514 4306 693 4361 acrius
735 4314 883 4373 urget
910 4298 1291 4362 Tertullianns,
1323 4295 1395 4349 uti
1425 4295 1476 4349 in
1509 4301 1693 4348 nostra
1721 4290 1789 4345 de
1812 4291 1954 4359 Apo-

360 4400 602 4472 logeticis
655 4399 772 4468 ejus
813 4395 966 4450 libris
1006 4390 1386 4448 dissertatione
1432 4387 1753 4442 videbimus.
1814 4381 1951 4452 Quid

360 4512 488 4567 ergo
532 4496 750 4561 mirum,
783 4492 825 4547 si
871 4487 1040 4545 Mauri
1068 4486 1133 4541 ad
1168 4486 1528 4539 Romanorum
1579 4482 1745 4535 instar
1771 4492 1952 4550 regem

360 4604 512 4646 suum
540 4586 730 4644 Jubam
757 4584 916 4640 deum
933 4595 1052 4638 esse
1078 4578 1388 4634 voluerint?

910 4694 1138 4753 CAPUT
1176 4690 1340 4750 XVII.
1378 4702 1391 4713 “

363 4811 558 4862 QUANTI
594 4807 850 4850 PONDEBIS
889 4806 971 4846 SIT
1010 4803 1170 4844 ALIUD
1210 4800 1416 4841 IIINUCII
1457 4796 1724 4838 ADVERSUS
1764 4795 1954 4837 δεητι-

438 4904 564 4945 LIUM
622 4901 754 4941 ΒΕΟὸ
813 4896 1211 4945 ARGUMENTUM,
1268 4893 1503 4933 PETITUM
1568 4892 1636 4931 EX
1699 4887 1960 4929 RIDICULIS

438 4996 617 5037 EORUM
657 4992 852 5035 FOBMIS
890 4993 956 5031 ET
994 4988 1238 5035 FIGURIS,
1283 4985 1456 5033 ATQUE
1511 4981 1738 5027 INDIGNIS
1777 4981 1962 5020 TURPI-

434 5090 631 5141 BCSQL‘E
669 5086 904 5127 ILLORUM
942 5082 1129 5123 FACTIS
1167 5082 1235 5121 ET
1275 5075 1559 5120 FLAGITIIS.

901 5171 1193 5214 ARTICULUS
1231 5169 1443 5210 PRIMUS.

368 5259 533 5327 Quam
563 5254 785 5311 absurde
809 5253 872 5307 ab
908 5250 1143 5305 Ethnici:
1172 5250 1398 5321 [iugatur
1432 5246 1691 5301 Vulcanus
1722 5242 1958 5310 claudus,

439 5350 628 5421 Apollo
659 5345 918 5409 imberbis,
948 5342 1287 5411 ﬁsculapias
1309 5339 1563 5399 barbatus.
1599 5346 1643 5391 et
1680 5336 1958 5404 aliquando

436 5443 710 5503 imberbis;
741 5437 1016 5509 Neptunus
1046 5434 1242 5504 glaucis
1268 5433 1431 5487 oculis
1451 5473 1465 5497 ,
1504 5429 1668 5483 etesiis
1706 5426 1960 5493 Minerva,

439 5534 578 5588 Juno
607 5531 824 5597 bubulis,
860 5528 1067 5600 pedibus
1116 5527 1266 5580 alatis
1297 5523 1603 5583 Mercurius,
1644 5518 1754 5573 Pan
1782 5518 1964 5589 ungui-

443 5626 598 5687 latus,
622 5621 937 5694 compeditus
967 5620 1247 5685 Saturnus,
1275 5616 1443 5670 Janus
1473 5614 1666 5684 bifrons
1694 5619 1740 5665 et
1770 5610 1965 5682 quatri-

445 5715 642 5785 formis.

445 5773 704 5865 Ilidicola:
745 5806 966 5866 deorum
1011 5806 1201 5864 forma:
1240 5773 1304 5861 ac
1329 5802 1512 5874 figurte
1552 5795 1693 5855 aliud
1736 5793 1968 5853 Minucio

2049 3287 2300 3357 quoniam
2343 3284 2411 3339 de
2460 3283 2698 3337 Vulcano
2729 3283 2808 3336 sic
2847 3280 3153 3355 accepimus
3180 3298 3198 3331 ι
3229 3277 3387 3349 (Cie,
3421 3276 3516 3355 lib.
3551 3277 3649 3332 tde

2051 3377 2244 3432 Natur.
2272 3378 2439 3443 deor.,
2475 3390 2595 3447 pag.
2618 3375 2744 3440 ‘207,
2774 3369 2993 3444 litt.?7).

2120 3469 2311 3524 Narrat
2344 3483 2473 3523 vero
2503 3467 2770 3522 anianus
2786 3481 2906 3521 eum
2933 3463 3285 3529 claudicasse,
3309 3476 3428 3515 cum
3458 3475 3487 3514 a
3516 3458 3648 3516 Jove

2049 3579 2293 3635 prmceps
2335 3561 2492 3625 datus
2541 3570 2686 3617 esset
2715 3575 2744 3615 e
2772 3560 2911 3615 C(Dit)
2944 3575 2958 3612 ἒ
2992 3565 3107 3625 Ely:
3136 3568 3207 3627 μῆ
3263 3565 3462 3622 Λέμνωι
3492 3556 3650 3615 καλῶς

2048 3668 2312 3721 ποιοῦντες,
2344 3664 2415 3710 ἔτι
2442 3657 2681 3727 φερόμενον
2706 3657 2849 3707 αὐτὸν
2880 3656 3179 3718 ὑπεδέξαντο,
3202 3656 3434 3705 ἐτεθνήκει
3462 3650 3518 3700 ἂν
3541 3652 3651 3714 ἡμῖν

2052 3736 2308 3820 ἥρωσι-ος,
2336 3756 2493 3819 ὥσπθρ
2518 3754 2542 3801 ὁ
2564 3752 2810 3811 Aci-uiuat;
2836 3750 2933 3799 ἀπὸ
2957 3749 3131 3814 πύργου
3160 3748 3450 3797 καταπεσών.
3476 3758 3492 3789 t
3516 3736 3652 3809 Quid

2050 3842 2258 3897 Lemnii
2285 3856 2483 3920 prosua
2508 3841 2745 3895 bonitate
2778 3839 2875 3892 nisi
2898 3837 3187 3901 eutn,dutn
3217 3833 3508 3887 ferreturiu
3528 3848 3653 3887 acre

2053 3935 2439 4011 suscepissent,
2458 3933 2692 4003 perierat
2707 3931 2859 3984 nobis
2878 3930 3171 3991 Vulcanus,
3192 3940 3295 3979 non
3324 3926 3479 3979 aliter
3491 3939 3651 3993 quam

2053 4029 2325 4099 Astyanax
2346 4041 2376 4080 e
2394 4022 2808 4092 turridejectus?
2826 4020 3100 4095 i(Lucian.
3124 4017 3187 4069 de
3200 4016 3445 4084 sacri/ia,
3465 4015 3650 4085 p.184;

2055 4120 2297 4183 Homer.,
2318 4116 2477 4171 Iliad.
2502 4132 2537 4180 ι,
2562 4130 2613 4168 v.
2630 4113 2735 4170 590
2756 4122 2810 4167 et
2825 4127 2965 4180 seq.;
2985 4109 3143 4172 idem,
3161 4105 3284 4162 Ilia.
3301 4122 3450 4171 mu,
3470 4122 3520 4159 v.
3547 4104 3651 4160 304

2052 4223 2106 4268 et
2130 4207 2306 4282 seqq.)
2338 4211 2406 4264 At
2429 4209 2498 4262 ibi
2531 4205 2715 4278 procul
2741 4205 2904 4263 dubio
2932 4202 2998 4257 ad
3032 4199 3270 4266 Homeri,
3304 4213 3333 4252 a
3366 4196 3645 4251 Clemente

2056 4306 2216 4363 etiam
2246 4300 2610 4357 Alexandrino
2643 4298 2789 4361 citati
2820 4339 2835 4364 ,
2869 4310 3025 4350 unam
3071 4302 3125 4348 et
3162 4293 3385 4348 alteram
3427 4288 3648 4343 Iliadem

2056 4397 2263 4465 alludit,
2283 4396 2368 4452 ubi
2386 4393 2657 4448 Vulcanus
2682 4408 2712 4445 e
2739 4389 2875 4445 C(Blu
2904 4387 2955 4441 in
2985 4384 3246 4442 Lemnum
3271 4380 3651 4453 praecipitatus,

2056 4503 2217 4565 atque
2249 4490 2373 4547 inde
2398 4488 2619 4544 claudus
2655 4483 2876 4540 effectus
2916 4481 3131 4537 dicitur.
3159 4476 3482 4539 Athanasius
3523 4486 3654 4528 vero

1979 4572 2035 4632 D
2063 4586 2150 4641 ubi
2168 4584 2443 4644 Ethnicos,
2464 4575 2917 4652 quemadmodum
2931 4582 3115 4629 auctor
3133 4579 3334 4636 noster,
3357 4567 3654 4645 impugnat,

2059 4677 2167 4734 illis
2183 4677 2397 4747 objicit:
2422 4662 2657 4746 ιῖφαιστον
2675 4678 2977 4743 ῥιπτόμενιν,
2995 4672 3077 4722 καὶ
3093 4675 3405 4735 χωλαίνοντα.
3434 4679 3451 4711 t
3468 4658 3657 4713 Vulca-

2062 4788 2187 4827 num
2213 4787 2243 4826 e
2268 4768 2630 4839 cmloprojici,
2654 4779 2828 4836 eoque
2855 4776 2981 4816 casu
3008 4759 3257 4813 claudum
3279 4755 3414 4810 ﬁeri.
3431 4773 3449 4806 ι
3484 4754 3657 4807 Caele-

2061 4882 2181 4921 rum
2210 4864 2481 4920 Arnobius
2520 4861 2669 4916 illum
2708 4873 2834 4925 uno,
2867 4854 3157 4925 Gregorius
3206 4862 3384 4905 autem
3430 4857 3657 4918 utroque

2064 4958 2204 5028 pede
2233 4955 2483 5013 claudum
2508 4952 2672 5007 fuisse
2700 4948 3052 5006 tradiderunt.
3089 4944 3197 4998 Nec
3223 4941 3441 5006 desunt,
3471 4939 3559 5008 qui
3586 4938 3656 4991 if-

2064 5053 2175 5107 lum
2206 5053 2286 5107 bis
2309 5066 2341 5107 e
2361 5048 2519 5114 cado,
2544 5057 2600 5103 et
2626 5048 2799 5117 primo
2824 5042 3039 5114 quidem
3071 5054 3099 5092 a
3141 5037 3371 5098 Iunone,
3400 5030 3595 5086 deinde
3625 5045 3655 5085 a

2064 5145 2199 5202 Jove
2229 5145 2494 5213 deiectum
2527 5141 2811 5210 opinentur
2845 5134 3118 5207 (Clemens
3147 5125 3435 5193 Alcxand.,
3464 5123 3656 5177 Admo-

2064 5241 2159 5293 uit.
2188 5237 2256 5291 ad
2281 5244 2444 5310 gent.,
2470 5248 2590 5305 pag.
2621 5230 2710 5296 l8;
2741 5229 3022 5283 Athanas..
3058 5221 3208 5276 Orat.
3242 5228 3404 5273 contr.
3438 5226 3597 5289 gent,
3627 5214 3655 5286 §

2065 5330 2154 5395 Η,
2177 5309 2295 5401 pag.
2333 5329 2422 5392 15,
2454 5335 2586 5380 tom.
2618 5340 2633 5378 ι
2662 5340 2675 5389 ;
2702 5318 2926 5385 Aruob.,
2958 5316 3050 5371 lib.
3089 5330 3140 5369 tv
3169 5312 3286 5366 adv.
3315 5309 3487 5373 Cent.,
3537 5322 3658 5377 pag.

2067 5399 2194 5487 154,
2226 5421 2387 5490 Greg.
2440 5418 2595 5483 Nam,
2625 5414 2774 5470 Orat.
2822 5413 2856 5468 ὅ
2882 5409 2997 5464 adv.
3049 5406 3274 5470 Juliaa.,
3323 5418 3442 5483 pag.
3476 5399 3581 5455 959
3607 5406 3662 5454 et

2066 5522 2197 5568 orat.
2230 5514 2285 5577 .I,
2310 5526 2426 5582 pag.
2461 5509 2612 5579 508).

2139 5603 2421 5661 Secundus
2461 5601 2528 5657 ab
2576 5608 2796 5655 auctore
2837 5604 3024 5652 nostro
3063 5589 3371 5648 inducitur:
3410 5604 3430 5638 ι
3470 5583 3663 5653 Apollo

2069 5706 2148 5753 tot
2173 5697 2418 5753 :etatibus
2450 5693 2618 5760 laevis,
2638 5700 2692 5746 et
2717 5686 3061 5758 IEsculapins
3088 5696 3303 5753 semper
3329 5676 3601 5733 barbatus.
3637 5694 3655 5724 ι

2069 5792 2152 5850 0b
2195 5806 2313 5850 eam
2363 5797 2509 5847 certe
2537 5799 2752 5845 causam
2782 5782 2962 5840 ferunt
3005 5794 3032 5835 a
3066 5772 3322 5846 Dionysio
3351 5768 3546 5827 Siciliae
3581 5776 3664 5837 ty-
