4242 6222
622 281 727 338 575

1935 282 2025 337 DE
2065 279 2325 337 MINUCII
2365 280 2664 339 OCTAVIO

3815 289 3920 343 576

621 414 797 456 ranuo
847 398 1140 455 detractam
1194 399 1506 470 Escttlapio
1555 400 1808 467 barbam,
1845 410 1899 454 ut
1951 410 2074 468 pote
2127 398 2215 468 qui
2243 400 2294 458 Α
2323 395 2548 465 Neptuni
2595 409 2647 454 ct
2685 399 2934 456 Minerva:
2980 402 3197 466 oculos,
3231 403 3430 474 aliquid
3457 419 3486 458 a
3513 402 3808 471 Cicerone,
3860 416 3918 461 et

623 492 890 562 Apollinis
920 495 1136 562 semper
1166 492 1443 555 imberbis,
1466 505 1522 548 ut
1554 495 1628 549 ait
1654 495 1861 558 Cicero,
1890 503 2035 549 esset
2063 494 2220 547 ﬁlius.

629 585 744 654 Qua
776 586 842 641 de
871 602 931 641 re
951 585 1148 640 vitlesis
1184 585 1359 640 adhuc
1393 584 1729 652 Ciceronem,
1762 585 2031 640 Valerium
2063 585 2228 646 Mavi-

627 692 818 743 mum,
867 677 1163 732 Arnobium
1213 679 1656 739 Lactantium,et
1708 677 1842 730 alios
1897 677 2225 746 complures.

627 767 748 838 Ipse
777 777 953 822 autem
979 768 1188 828 Gieero.
1217 769 1412 838 aliique
1465 769 1682 823 barbam
1713 784 1818 823 non
1847 769 2067 822 cuilibet
2099 766 2226 821 Ais-

632 861 866 929 culapio.
919 861 1012 915 sed
1051 860 1344 928 Epidaurio
1401 861 1672 929 demptam
1725 869 1974 914 asserunt
2005 860 2224 933 (Cicer.,

625 950 718 1005 lib.
747 967 765 1005 1
795 952 858 1005 de
890 950 1080 1005 Natur.
1117 953 1282 1019 deor.,
1313 968 1434 1023 pag.
1474 953 1594 1017 107,
1623 953 1717 1007 litt.
1745 952 1816 1006 26
1842 970 1857 1019 ;
1897 952 2037 1006 Idem
2069 951 2224 1017 ibid.,

628 1043 723 1099 lib.
759 1060 977 1114 tu.pag.
1008 1045 1138 1110 252,
1172 1046 1267 1100 lin.
1303 1047 1413 1110 40',
1445 1045 1626 1102 Valer.
1675 1046 1841 1107 Max.,
1871 1046 1964 1102 lib.
2007 1063 2065 1112 ιι,
2107 1061 2227 1114 cap.

629 1139 681 1202 1,
715 1139 778 1191 de
811 1137 1065 1209 Exter.,§
1118 1140 1172 1203 3;
1205 1139 1436 1202 Arnob.,
1471 1139 1564 1194 lib.
1596 1155 1650 1193 γι
1688 1140 1860 1192 adver.
1894 1138 2070 1202 (ient,
2105 1155 2226 1210 pag.

626 1228 753 1296 206;
780 1229 1048 1295 Lactant.,
1084 1230 1177 1284 lib.
1235 1247 1270 1284 ιι
1313 1231 1516 1296 quit,
1546 1246 1666 1299 cap.
1697 1231 1748 1294 4,
1780 1246 1900 1299 pag.
1937 1231 2060 1294 157;
2087 1229 2226 1292 Cic.,

629 1321 723 1376 lib.
759 1338 813 1379 ιιι
842 1323 984 1377 deor.
1021 1323 1169 1389 Nat.,
1201 1339 1318 1394 pag.
1341 1322 1469 1388 252,
1505 1324 1600 1377 lin.
1639 1321 1759 1392 45).
1791 1324 2081 1377 PauSanias
2103 1337 2230 1378 vero

629 1413 718 1467 ubi
769 1413 837 1468 de
866 1414 1137 1478 Phliasiis,
1184 1414 1302 1468 haec
1347 1415 1413 1468 de
1454 1413 1748 1483 IEsculapii
1802 1414 2090 1468 simulacro
2121 1430 2232 1469 me-

628 1515 803 1559 morat
837 1522 850 1559 ε
881 1511 1156 1562 Κατιόντωιι
1185 1512 1231 1562 δὲ
1271 1516 1320 1563 ἐκ
1355 1524 1440 1570 τῆς
1480 1511 1774 1578 ἀκροπόλεως
1819 1515 1945 1562 ἔστιν
1970 1515 2229 1580 Ασκ).ῃτιού

629 1601 735 1657 νάιος
761 1605 804 1652 ἒν
849 1602 1002 1666 δεξιᾷ.
1026 1604 1111 1651 καὶ
1155 1602 1356 1667 ἄγαλμα
1399 1605 1479 1654 οὖκ
1526 1607 1632 1666 εχον
1665 1605 1928 1666 πωγωνεῖσι.
1956 1619 1974 1651 ι
2020 1599 2131 1665 Qua
2163 1614 2231 1653 ex

629 1702 753 1744 arce
781 1689 1145 1757 descenditur,
1180 1691 1474 1759 Esculapii
1499 1691 1643 1746 aedes
1671 1692 1735 1745 ad
1763 1693 2005 1746 dextram
2037 1701 2138 1757 est,
2178 1691 2230 1745 in

2332 488 2565 543 Minucio
2611 501 2794 547 nostro
2836 492 3064 562 positum
3114 494 3278 549 fuisse
3326 495 3644 560 discrimen,
3698 497 3921 553 forsitan

2331 581 2452 650 quia
2482 582 2638 636 unius
2661 585 2846 654 magis,
2887 601 3044 655 quam
3074 585 3298 641 alterius
3324 587 3523 642 virides
3549 599 3732 643 essent
3757 589 3918 644 oculi.

2333 675 2400 726 At
2427 674 2492 726 de
2521 674 2601 727 his
2631 675 2882 731 Minerva:
2925 678 3097 732 oculis
3122 680 3408 747 Arnobius,
3442 681 3509 737 de
3535 697 3640 752 quo
3689 698 3788 738 nos
3825 698 3924 739 suo

2333 765 2450 820 loco
2481 767 2719 834 (Dissert.
2747 770 2798 823 iu
2832 770 3022 825 Arnob.
3053 788 3168 841 cap.
3204 772 3289 839 14,
3315 785 3415 828 art.
3449 775 3524 844 1).

2404 860 2545 914 Juno
2599 872 2777 916 autem
2825 863 2891 917 ab
2940 862 3210 929 ethnicis,
3269 875 3327 918 ut
3376 865 3446 918 ait
3488 864 3685 920 deinde
3738 876 3928 922 auctor

2333 962 2536 1017 noster,
2578 952 2857 1008 dicebatur
2891 974 2909 1004 ι
2944 953 3158 1009 bubulis
3186 956 3357 1010 oculis
3389 976 3408 1009 ι
3445 956 3629 1030 (Ηοιιι.
3653 955 3815 1012 Iliad.
3849 974 3924 1023 ιν,

2332 1044 2516 1116 v.5).
2585 1046 2655 1099 At
2707 1046 2998 1101 Homerum
3058 1048 3198 1102 haud
3245 1049 3405 1104 dubie
3463 1061 3681 1105 secutus
3717 1061 3832 1116 est,
3894 1067 3923 1104 a

2332 1154 2438 1207 quo
2467 1151 2688 1194 vocatur
2715 1158 2727 1194 :
2757 1153 2943 1212 βοῶπις
2973 1145 3144 1199 πότνια.
3175 1133 3299 1213 ιῖρη.
3329 1143 3540 1199 bovinis
3567 1144 3736 1198 oculis
3767 1159 3928 1200 vene-

2334 1232 2499 1285 randa
2554 1231 2694 1287 Juno
2727 1233 2913 1306 (Iliad.
2956 1251 3066 1302 inv,
3111 1251 3160 1290 υ.
3197 1235 3346 1306 159).
3377 1236 3530 1304 Quod
3555 1238 3733 1292 Poeta:
3762 1239 3928 1294 inter-

2334 1342 2458 1396 pres
2509 1327 2673 1382 latine
2723 1329 3010 1396 exprimit:
3068 1348 3084 1380 ι
3134 1329 3378 1384 Pulcliris
3419 1331 3591 1385 oculis
3620 1330 3928 1386 veneranda

2333 1418 2492 1474 .luno.
2534 1439 2550 1470 ι
2589 1419 2869 1474 Rationem
2899 1421 2941 1474 si
2965 1436 3196 1490 quaeras,
3228 1421 3672 1492 respondebimus
3691 1437 3928 1492 gra-cum

2336 1514 2465 1568 illud
2509 1529 2702 1569 nomen
2735 1515 2802 1568 ab
2847 1516 3016 1570 eosic
3058 1515 3359 1580 redditum;
3405 1516 3528 1585 quia
3559 1516 3698 1571 oculi
3749 1517 3930 1571 bubuli

2335 1607 2572 1661 omnium
2633 1606 2977 1675 pulcherrimi
3040 1606 3376 1661 videbantur.
3435 1606 3568 1661 Nam
3619 1624 3648 1660 a
3697 1607 3930 1662 Luciano

2339 1697 2532 1770 (lmag.
2569 1716 2689 1770 pag.
2723 1697 2849 1771 590)
2882 1699 3238 1768 peritissimus
3265 1701 3439 1769 pictor
3464 1699 3714 1767 ltabetur,
3746 1713 3930 1771 βοῶπίν

629 1796 730 1851 qua
765 1785 974 1854 signum
1025 1785 1268 1841 imberbe
1321 1806 1338 1838 ι
1375 1785 1651 1857 (Pansam,
1709 1783 1802 1840 lib.
1861 1801 1917 1850 ιι,
1973 1781 2227 1852 Corinna,

2343 1817 2444 1849 τινα
2465 1808 2668 1857 «etiam;
2696 1799 2880 1859 αὐτῶν,
2913 1793 3004 1864 qui
3043 1792 3306 1848 Junonem
3341 1813 3359 1844 (
3395 1793 3538 1849 illam
3562 1794 3774 1851 boviuis
3797 1809 3927 1849 0011-

630 1892 750 1948 pag.
779 1878 896 1948 56).

702 1975 772 2027 At
815 1975 857 2028 si
887 1989 1005 2043 quae
1041 1974 1276 2029 Luciano
1318 1975 1470 2042 ﬁdes,
1505 1975 1694 2046 Apollo
1718 1976 1786 2031 ab
1829 1975 2079 2030 omnibus
2121 1975 2224 2028 im-

631 2063 835 2132 berbis,
887 2067 1125 2136 exceptis
1155 2068 1526 2122 tantummodo
1575 2069 1828 2140 Assyriis,
1874 2077 2231 2137 reprirsenta-

635 2156 790 2212 batur
816 2177 828 2212 ἒ
853 2168 912 2213 Οἱ
937 2170 1019 2223 μὲν
1044 2168 1137 2230 ’γὰρ
1163 2165 1304 2214 ἄλλοι
1336 2169 1506 2222 πάντες
1522 2165 1784 2215 Απόλλωνα.
1803 2171 1900 2215 νέον
1925 2187 1976 2217 τε
2005 2172 2226 2228 ἥγηνται,

631 2253 713 2302 καὶ
737 2259 982 2320 πρωθήϐην
1023 2261 1230 2308 ποιοῦσι*
1253 2262 1419 2322 μοῦνοι
1451 2259 1499 2307 δὲ
1531 2259 1658 2312 oin-or
1689 2259 1960 2318 Λπόλλωνος
1983 2265 2230 2326 γνῖιητέω

633 2346 793 2407 ξόανον
821 2349 1100 2402 δεικνύουσι.
1133 2365 1151 2396 ι
1186 2344 1402 2412 Caneri,
1443 2347 1584 2402 enim
1618 2363 1829 2412 omnes,
1863 2361 1918 2402 ut
1978 2349 2064 2401 ille
2120 2348 2227 2412 ait,

632 2435 935 2504 Apollinem
965 2449 1018 2494 et
1042 2441 1293 2508 juvenem
1318 2450 1524 2512 putant,
1549 2451 1603 2498 et
1624 2458 1744 2496 cum
1779 2443 1948 2512 prima
1983 2442 2231 2511 lanugine

634 2527 934 2599 efﬁngunt:
967 2534 1067 2588 soli
1113 2545 1291 2590 autem
1339 2537 1423 2590 isti
1455 2537 1717 2605 Apollinis
1761 2537 1966 2591 barbati
2010 2536 2231 2590 simula-

634 2634 783 2675 crum
806 2623 1042 2694 el'ﬁgiant
1079 2645 1097 2678 ι
1130 2627 1396 2696 (Lucium,
1432 2629 1495 2682 de
1524 2627 1634 2682 Dea
1663 2628 1847 2698 Syria,
1881 2645 2002 2698 pag.
2041 2628 2226 2696 1071).

636 2710 934 2769 Macrobius
964 2726 1141 2773 tamen
1179 2719 1306 2774 illud
1340 2735 1444 2774 non
1474 2721 1542 2774 ab
1570 2721 1818 2774 Omnibus
1846 2719 2102 2791 Assyriis.
2134 2718 2230 2773 sed

637 2807 1056 2880 Hiempolitanis
1095 2813 1292 2868 factum
1313 2829 1433 2869 esse
1459 2813 1678 2868 tradidit
1712 2832 1723 2866 :
1762 2834 1780 2865 (
1819 2813 2227 2882 l‘licrnpolitani,

635 2901 727 2968 ait,
764 2919 884 2972 qua:
923 2911 1051 2957 sunt
1099 2917 1287 2974 gentes
1331 2906 1696 2976 Assyriorum,
1725 2919 1912 2958 omnes
1970 2904 2110 2959 Solis
2151 2903 2232 2958 ef-

637 2990 838 3058 fectus,
879 3005 1040 3062 atqne
1091 2997 1312 3051 virtutes
1365 2998 1432 3051 ad
1489 3000 1646 3050 unius
1702 2996 1973 3050 simulacri
2023 2995 2230 3049 barbati

636 3085 873 3152 Speciem
916 3086 1182 3157 redigunt.
1217 3089 1571 3155 eumdemque
1594 3087 1894 3158 Apollinem
1937 3087 2228 3156 appellant.

635 3175 807 3246 Hujus
856 3178 1020 3233 facies
1073 3182 1277 3250 prolixa
1312 3184 1362 3236 in
1393 3191 1606 3236 acutum
1643 3182 1803 3237 barba
1832 3180 2056 3252 ﬁgurata
2083 3191 2164 3237 est
2205 3202 2220 3232 ι
2255 3186 2298 3247 ρ

637 3268 916 3342 (.‘llacrob.,
949 3272 1037 3325 lib.
1065 3289 1080 3326 1
1108 3272 1378 3328 Suturnal.
1412 3292 1530 3344 cap.
1565 3274 1674 3344 17).

713 3363 896 3418 Tertio
936 3362 1239 3419 Minucius:
1276 3386 1294 3418 ι
1329 3365 1604 3435 Neptunus
1634 3367 1836 3438 glaucis
1880 3367 2080 3433 oculis,
2136 3367 2232 3421 Mi-

636 3469 799 3509 nerva
823 3454 996 3508 czesiis
1019 3455 1266 3524 (Minuc.,
1300 3475 1420 3528 pag.
1452 3457 1600 3524 181).
1630 3477 1648 3508 ι
1689 3457 1805 3512 Jam
1827 3473 1956 3513 vero
1981 3461 2176 3513 citatus
2202 3477 2230 3514 a

640 3547 792 3601 nobis
817 3544 1007 3602 Cicero
1038 3564 1049 3599 :
1083 3569 1101 3599 ‹
1147 3549 1352 3615 Dicere,
1399 3551 1596 3618 inquit,
1631 3551 1808 3605 licebit
1835 3553 2023 3606 cmsios
2049 3553 2233 3606 oculos

637 3637 922 3703 Minervze,
971 3641 1232 3695 caeruleos
1261 3657 1382 3696 esse
1409 3642 1640 3711 Neptuni
1674 3663 1691 3694 ι
1725 3641 1946 3714 (Cicer.,
1987 3644 2075 3697 lib.
2117 3659 2130 3696 I
2174 3644 2236 3696 de

640 3730 831 3785 Natur.
865 3733 1005 3786 deor.
1041 3750 1161 3803 pag.
1190 3734 1315 3797 207,
1354 3736 1446 3790 lin.
1479 3735 1548 3790 24
1675 3735 2005 3806 Quamquam
2055 3746 2233 3791 autem

641 3822 907 3877 Diodorus
937 3823 1151 3878 Siculus
1198 3824 1328 3879 illud
1371 3837 1639 3895 tamquam
1671 3825 1934 3880 insulsum
1959 3842 2238 3881 commen-

646 3923 756 3967 tum
815 3914 1055 3983 rejiciat,
1109 3925 1363 3987 putetque
1407 3916 1728 3982 Minervam,
1777 3919 1894 3985 quia
1927 3919 2117 3988 glauco
2147 3933 2238 3973 aer

642 4016 861 4078 aspectu
890 4016 992 4072 est,
1016 4008 1297 4078 glaucopin
1325 4009 1448 4080 tingi
1478 4008 1717 4077 (Diodor.
1766 4009 1852 4063 lib.
1892 4025 1938 4072 1,
1988 4009 2233 4064 Biblioth.

647 4117 765 4171 pag.
801 4099 934 4169 88);
963 4115 1080 4155 eam
1113 4112 1288 4156 tamen
1343 4102 1613 4156 Lucianns
1669 4101 1905 4171 appellat
1931 4105 2235 4172 γλαυκῶπιν,

643 4206 750 4262 quo
775 4191 991 4260 quidem
1013 4193 1252 4260 epitheto
1281 4193 1479 4261 passim
1511 4193 1578 4246 ab
1619 4192 1854 4248 Homero
1881 4195 2077 4264 ubique
2105 4210 2241 4247 unu—

643 4296 889 4355 cupatnr,
953 4285 1194 4356 illudque
1264 4276 1464 4340 latinus
1534 4287 1675 4339 illius
1744 4287 2009 4358 interpres
2081 4287 2240 4341 modo

651 4396 670 4429 ι
699 4378 841 4431 caesii
864 4419 878 4441 ,
918 4395 937 4427 ι
987 4378 1148 4432 modo
1177 4397 1194 4427 ι
1225 4377 1428 4444 glaucis
1453 4377 1622 4430 oculis
1652 4377 1880 4432 reddidit
1916 4399 1935 4432 ι
1965 4379 2239 4451 (Lucium,

647 4469 850 4540 Dialog.
871 4470 1086 4524 Vulcan.
1118 4481 1164 4524 et
1199 4469 1363 4535 lovis,
1401 4487 1518 4539 pag.
1545 4470 1635 4536 74,
1669 4481 1714 4523 ει
1745 4472 1808 4523 de
1837 4474 2084 4539 sacri/ia,
2119 4492 2238 4544 pag,

2334 1884 2400 1939 lis
2435 1885 2698 1955 pingebat.
2740 1905 2758 1937 ι

2405 1977 2584 2048 Pergit
2618 1977 2874 2032 Minucius
2902 1978 3044 2050 (pag.
3081 1979 3209 2050 184)
3240 1997 3252 2030 :
3291 1999 3308 2030 ι
3351 1979 3580 2036 Pedibus
3629 1980 3927 2035 Mercurius

2333 2067 2521 2133 alatis,
2547 2069 2654 2124 Pan
2684 2071 2954 2140 ungulatis
2975 2122 2987 2140 ,
3021 2071 3288 2127 Saturnus
3315 2073 3651 2143 compeditis.
3694 2093 3712 2125 ι
3737 2073 3931 2127 Nullus

2334 2170 2416 2216 est
2446 2177 2608 2226 sane,
2643 2164 2729 2231 qui
2760 2164 2970 2231 ignoret
2997 2164 3320 2219 Mercurium
3352 2166 3474 2232 ﬁngi
3521 2165 3739 2218 deorum
3786 2179 3930 2216 nun-

2335 2254 2488 2320 tium,
2519 2265 2680 2322 atque
2711 2256 2907 2310 idcirco
2937 2257 3048 2310 alas
3086 2257 3137 2310 iu
3178 2259 3354 2326 capite
3386 2268 3436 2311 et
3467 2256 3687 2326 pedibus
3713 2265 3933 2326 gestan-

2337 2354 2464 2398 tem.
2511 2347 2846 2417 Quapmpter
2883 2347 2950 2404 de
2991 2347 3084 2403 illo
3125 2364 3152 2402 a
3193 2349 3326 2405 Jove
3364 2349 3527 2406 misso
3569 2347 3687 2404 haec
3731 2347 3935 2404 cecinit

2334 2437 2598 2494 Homerus
2634 2458 2646 2493 :

2582 2558 2631 2612 11.;
2654 2568 2768 2618 ἰᾳιτκ
2793 2565 2872 2606 οὔδ’
2895 2569 3045 2618 ditibus:
3071 2567 3262 2620 διάκτορῡς
3285 2562 3538 2623 Ᾰατιιφὸντης.

2582 2630 2704 2668 Λῦτυΰ
2723 2630 2847 2676 ἱπιιθ⁹,
2868 2630 2935 2669 ὕπὸ
2956 2635 3088 2670 ποσσὶν
3115 2629 3272 2680 ladano
3289 2636 3384 2672 ωᾶλιι
3409 2631 3556 2679 πέδιλα,

2583 2685 2790 2751 ᾇμϐίιόσια,
2812 2695 2979 2744 χρὺσιια·
3004 2698 3052 2732 τό.
3073 2711 3131 2743 μιν
3154 2699 3257 2746 ei?”
3325 2698 3388 2744 μὶν
3407 2698 3458 2747 ιγ’
3478 2696 3599 2748 ὒτίνὴν,

2585 2750 2653 2791 115'
2679 2757 2733 2793 ἄπ’
2749 2757 2921 2807 ἀπειρονα
2938 2763 3055 2808 γαῖαν,
3070 2760 3147 2808 ἅμα
3168 2764 3292 2809 meq];
3314 2760 3473 2806 ἁνὲμθις.

2912 2859 2915 2861 -
2961 2833 3108 2892 (Ηοιη
3157 2833 3332 2896 Odyss.
3362 2846 3471 2892 v,t'.
3495 2832 3617 2883 45a
3644 2831 3804 2898 seqq.)

2429 2955 2512 3017 Sic
2534 2956 2599 3004 ait
2625 2971 2635 3003 :
2658 2954 2831 3017 Neque
2851 2958 3015 3005 renuit
3040 2958 3383 3005 internuncius
3409 2957 3707 3015 Mercurius,

2429 3016 2601 3082 Statim
2623 3016 2805 3082 deinde
2836 3019 3043 3082 pedibus
3062 3019 3327 3081 subligavit
3357 3018 3558 3081 pulchra
3585 3021 3775 3075 talaria,

2433 3078 2744 3144 humortalia,
2769 3078 2937 3139 aui-ea,
2965 3095 3077 3144 qua:
3098 3078 3252 3143 ipsum
3279 3078 3508 3130 ferebant
3527 3085 3632 3130 sive
3659 3095 3749 3142 per
3772 3092 3929 3140 mare,

2429 3140 2545 3190 Sive
2573 3155 2661 3203 per
2686 3145 2966 3191 immensam
2983 3140 3174 3193 terram
3199 3147 3382 3206 parlter
3405 3157 3513 3192 cum
3542 3140 3741 3193 flamine
3767 3145 3927 3192 venti.

2801 3228 2988 3290 (Hom,
3026 3230 3222 3292 Odyss,
3251 3244 3294 3289 v,
3320 3242 3364 3278 υ.
3389 3229 3680 3294 45etscqq.)

2335 3349 2443 3402 Pan
2495 3365 2620 3404 vero
2675 3353 2955 3421 ungulatos
2998 3353 3110 3407 sive
3161 3353 3393 3408 liircinos
3451 3355 3615 3423 pedes
3668 3354 3928 3410 habuisse

2337 3439 2630 3504 ferebatur,
2664 3443 2736 3496 uti
2767 3444 3008 3512 perhibet
3055 3447 3137 3500 bis
3180 3446 3357 3502 verbis
3398 3445 3698 3502 Eusebius:
3740 3466 3757 3496 ι
3789 3448 3935 3513 Quin

2337 3537 2495 3588 etiam
2550 3551 2768 3591 suorum
2825 3540 2920 3608 ipsi
2974 3555 3264 3609 corporum
3312 3542 3546 3610 speciem
3596 3541 3939 3610 ﬁguramque

2338 3626 2668 3692 describunt,
2703 3631 2846 3685 velut
2873 3633 2986 3700 ipse
3027 3632 3158 3693 Pan,
3191 3634 3280 3702 qui
3306 3634 3604 3703 eujusmodi
3634 3633 3790 3686 fuerit
3811 3672 3828 3697 ,
3861 3648 3941 3687 ex

2339 3720 2454 3788 ejus
2484 3723 2716 3775 oraculis
2742 3723 3035 3778 docemur:
3065 3725 3300 3779 Mortalis
3342 3741 3471 3796 ergo
3508 3741 3628 3780 cum
3656 3726 3779 3789 sim,
3810 3735 3950 3780 vota

2342 3829 2620 3881 nuncupo,
2676 3824 2795 3869 Πανὶ
2852 3823 3072 3889 συμφὺτῳ
3132 3825 3258 3887 Θεῷ,
3306 3827 3642 3889 Θισσοιιέραιτι,
3694 3822 3947 3872 δισσὸποδι

2341 3913 2656 3978 τραγοσκελεῖ.
2687 3909 2816 3963 Pani
2838 3952 2851 3974 ,
2879 3911 3058 3964 nativo
3085 3910 3222 3976 deo,
3247 3925 3415 3964 cornu
3447 3912 3666 3980 gemino
3686 3954 3701 3976 ,
3725 3911 3951 3979 gemino

2343 4001 2498 4069 pede,
2553 4000 2880 4072 hircinisque
2931 4002 3198 4065 cruribus,
3252 4002 3450 4072 insigni
3522 4002 3865 4072 voluptuario
3927 4021 3947 4052 ι

2345 4093 2554 4166 (Euseb.
2587 4093 2675 4146 lib.
2708 4109 2760 4148 ιιι
2806 4093 3048 4163 Ρνιεραι·.
3112 4093 3309 4165 Evang.
3343 4110 3460 4166 cap.
3499 4095 3585 4159 14,
3618 4111 3740 4166 pag.
3776 4093 3957 4165 124).

2345 4187 2566 4241 Fatetur
2623 4187 2838 4256 quidem
2905 4187 3210 4242 Herodotus
3259 4188 3407 4242 illum
3465 4203 3494 4240 a
3554 4187 3848 4257 pictoribus
3898 4197 3966 4241 et.

2345 4280 2616 4334 statuariis
2661 4278 2876 4350 ﬁgurari
2905 4282 3124 4351 caprina
3175 4282 3344 4345 facie,
3393 4281 3721 4350 Itircinisqne
3767 4279 3965 4334 cruri—

2347 4374 2447 4428 bus
2488 4388 2501 4426 :
2542 4389 2699 4443 quam
2760 4384 2935 4428 tamen
2997 4376 3066 4430 ob
3115 4390 3330 4430 causam
3386 4374 3437 4429 id
3490 4373 3688 4429 factum
3749 4373 3966 4438 fuerit,

2348 4467 2612 4535 evplicatu
2647 4467 2746 4519 sibi
2774 4467 3070 4533 jucundmn
3097 4483 3203 4521 non
3235 4483 3356 4522 esse
3384 4469 3613 4537 ingenue
3660 4465 3971 4520 conﬁtetur

650 4560 800 4630 185).
833 4560 902 4614 Et
953 4569 1100 4616 certe
1124 4560 1331 4614 Latinis
1363 4562 1714 4629 scriptoribus
1739 4562 1878 4616 idem
1909 4572 1992 4619 est
2020 4566 2234 4630 c-esius,
2264 4580 2319 4639 Β
2350 4558 2627 4630 (Hcrodot.
2662 4558 2750 4612 lib.
2772 4576 2827 4621 ιι,
2857 4559 2908 4630 §.
2937 4558 3048 4629 46).
3085 4560 3190 4615 Sed
3219 4559 3369 4615 adire
3415 4561 3618 4630 poteris
3667 4557 3848 4614 Servii
3909 4559 3971 4612 in

649 4667 740 4708 seu
787 4655 1082 4720 cmruleus,
1129 4670 1191 4710 ac
1231 4657 1452 4726 glaucus
1495 4657 1664 4724 color,
1697 4657 1915 4728 quales,
1952 4658 2197 4728 inquiunt
2223 4700 2237 4725 ,

648 4754 774 4800 sunt.
810 4745 990 4802 fclium
1023 4749 1182 4803 oculi.

720 4838 858 4907 Quid
913 4856 1079 4906 vero,
1131 4841 1273 4912 quod
1332 4841 1623 4896 Pausanias
1650 4840 1984 4911 Neptunum,
2025 4841 2092 4896 de
2138 4857 2244 4912 quo

649 4929 942 4992 Minucius.
976 4933 1217 5003 glauciis,
1251 4934 1391 4989 sicut
1430 4934 1744 4997 Minervam,
1780 4933 2031 4989 habuisse
2061 4935 2246 4990 oculos

652 5029 1009 5084 testiﬁcatur?
1041 5048 1058 5079 (
1093 5029 1344 5083 Minerva:
1385 5028 1594 5098 signum
1615 5068 1628 5090 ,
1671 5046 1687 5078 ι
1718 5026 1860 5080 illius
1891 5027 2052 5082 verba
2084 5037 2242 5092 sunt,

657 5122 829 5192 «quod
861 5123 1079 5190 glaucos
1096 5121 1512 5187 babealocnlos,
1539 5131 1762 5192 γλαυκοὺς
1795 5130 1898 5190 ἔχειν
1937 5131 2040 5185 τοὺς
2069 5125 2247 5192 ὀφθαλ-

650 5226 784 5284 μοὺς,
817 5216 1069 5288 Lybicam
1101 5215 1166 5269 de
1194 5229 1256 5269 ea
1281 5231 1336 5269 re
1361 5214 1591 5269 fabulam
1615 5215 1888 5281 comperio
1914 5234 1926 5268 :
1959 5216 2248 5270 Minervam

649 5310 914 5379 Neptuni,
972 5317 1026 5363 et
1067 5309 1358 5363 Tritonidis
1404 5308 1614 5378 paludis
1671 5309 1832 5363 ﬁliam
1881 5324 2032 5376 esse,
2090 5318 2249 5378 atque

652 5406 775 5460 ideo
817 5406 1036 5474 glaucos
1084 5403 1159 5458 illi
1209 5403 1390 5459 itidem
1448 5411 1504 5456 ut
1559 5402 1804 5470 Neptuno
1850 5404 2037 5458 oculos
2087 5418 2247 5458 esse:

650 5497 751 5553 Καὶ
805 5501 886 5552 διὰ
940 5503 1079 5552 τοῦτο
1130 5505 1360 5563 ﬁdem);
1413 5498 1534 5549 ἒιντι
1582 5503 1736 5566 ὥσπερ
1773 5499 1855 5548 καὶ
1894 5509 1959 5564 τῷ
2002 5501 2253 5553 “oduacar:

643 5599 972 5664 δίρθαλμοῦςοι
1005 5591 1060 5643 Si
1091 5591 1210 5658 quis
1237 5602 1418 5650 antem
1447 5590 1754 5648 contendat.
1779 5591 2074 5660 probetque
2106 5591 2252 5645 illum

642 5685 720 5741 ibi
752 5685 818 5739 de
859 5685 960 5738 alia
983 5726 996 5747 ,
1028 5696 1188 5751 quam
1213 5686 1371 5749 citati
1403 5699 1432 5736 a
1475 5683 1628 5737 nobis
1658 5682 1954 5753 scriptores
1975 5722 1989 5746 ,
2023 5682 2256 5737 Minerva

632 5777 805 5844 loqui,
837 5792 937 5835 non
965 5785 1274 5856 repugnabj
1289 5791 1428 5833 mus.
1458 5776 1630 5834 Nemo
1660 5781 1840 5835 tamen
1875 5776 2091 5846 negabit
2119 5777 2260 5832 inter

2349 4652 2625 4723 Virgilium
2652 4662 2826 4717 notas,
2857 4663 2911 4707 et
2940 4654 3072 4706 alios
3095 4653 3263 4723 (Serv.
3292 4655 3346 4706 iu
3383 4651 3615 4723 Virgil)

2421 4748 2496 4801 De
2525 4745 2738 4800 Saturni
2785 4745 2977 4799 deinde
3006 4765 3023 4796 (
3065 4747 3315 4815 pedibus,
3357 4767 3374 4798 ι
3407 4747 3479 4800 ιιιί
3526 4754 3713 4799 auctor
3755 4756 3973 4802 noster

2349 4840 2445 4905 ait,
2478 4858 2495 4889 ι
2530 4839 2868 4908 compeditis,
2913 4858 2930 4890 ι
2959 4839 3073 4893 Ιιςιιο
3118 4855 3145 4892 a
3174 4837 3436 4893 Cit-eroue
3482 4838 3673 4892 litteris
3699 4838 3978 4892 mandata

2351 4931 2618 5003 legimus:
2675 4952 2691 4982 ι
2748 4932 2908 4986 Vetus
2956 4931 3070 4984 lnec
3127 4931 3308 4999 opinio
3362 4929 3621 4985 Graeciam
3673 4929 3978 4998 opplevit,

2352 5036 2626 5079 esseetum
2673 5022 2881 5078 C(elum
2925 5039 2952 5075 a
3005 5023 3112 5076 ﬁlio
3158 5022 3426 5086 Saturno,
3482 5021 3717 5075 vinctum
3767 5031 3982 5075 autem

2352 5119 2641 5174 Saturnum
2696 5118 2867 5187 ipsum
2906 5132 2935 5170 τι
2969 5116 3078 5169 ﬁlio
3101 5115 3252 5170 Jove.
3295 5136 3313 5167 ι
3347 5114 3537 5169 Latino
3589 5121 3765 5166 autent
3821 5113 3988 5168 Ora-

2356 5211 2460 5266 teri
2492 5211 2852 5279 suffragantur
2882 5221 3133 5265 auctores
3155 5209 3322 5263 nostri
3352 5208 3741 5276 Athenagoras,
3778 5208 3985 5262 Atha-

2356 5305 2562 5365 nasius,
2595 5319 2657 5358 ac
2689 5315 2886 5374 pra'tet'
2911 5304 3047 5358 alios
3069 5302 3206 5357 bene
3236 5302 3430 5356 multos
3459 5300 3790 5372 Epiphanius
3810 5344 3828 5367 ,
3882 5303 3989 5373 qui

2355 5395 2422 5451 ad
2463 5396 2676 5450 Minucii
2710 5397 2876 5449 nosui
2922 5375 3162 5450 .mentem
3214 5393 3337 5448 inde
3389 5393 3467 5447 sic
3506 5403 3985 5463 argumentatur:

2365 5509 2383 5539 ‹
2422 5488 2489 5543 Αι
2519 5489 2607 5558 qui
2653 5489 2703 5541 iu
2747 5487 2987 5542 custodia
3021 5488 3319 5548 detinetur,
3349 5499 3453 5540 n0u
3481 5484 3642 5540 modo
3665 5487 3993 5552 potentiori

2357 5580 2515 5634 alicui
2543 5581 2848 5649 subjicitur,
2880 5578 2975 5633 sed
3004 5579 3074 5632 ob
3111 5577 3435 5633 maleﬁcium
3463 5575 3676 5645 aliquod
3726 5576 3993 5632 vinculis

2361 5674 2598 5728 coerceri
2627 5673 2760 5728 solet
2787 5693 2803 5722 ι
2827 5671 3034 5743 (Eclog.
3064 5672 3117 5726 2.
3143 5688 3192 5725 υ.
3221 5672 3310 5726 51.
3341 5667 3449 5724 Cic.
3481 5670 3568 5724 lib.
3602 5685 3639 5725 ιι
3667 5669 3730 5723 de
3755 5667 3989 5727 Nalur.

2363 5772 2504 5825 deor.
2538 5786 2658 5841 pag.
2689 5769 2816 5834 225;
2846 5769 3096 5838 Athenag.
3129 5768 3282 5837 legat.
3315 5783 3406 5837 pro
3421 5765 3694 5821 Christian.
3720 5782 3856 5834 pag.
3917 5769 3996 5822 19
