4264 6258
328 318 436 372 577

1727 317 2188 376 DISSERTATIO.

3532 334 3636 390 578

329 431 487 496 e120;
510 431 758 485 Albanas.
799 433 947 486 Orat.
973 441 1139 488 contr.
1173 433 1321 488 Gent.
1356 433 1383 504 ᾗ
1421 437 1500 500 Η,
1533 450 1650 506 pag.
1680 433 1746 490 12
1771 453 1785 501 ;
1814 435 1942 506 Epi-
1968 441 2020 498 Α
2046 439 2211 492 semel
2274 438 2560 495 Pausanias
2614 442 2724 514 (tib.
2760 457 2862 509 vu,
2898 460 3016 516 pag.
3046 445 3154 502 250
3194 447 3397 511 c1254)
3441 451 3641 522 aliique

331 527 491 595 phan.
521 526 795 580 Anc/rorat.
830 525 876 597 §.
908 525 1039 590 106,
1073 545 1192 600 pag.
1226 528 1372 598 107).

407 621 564 690 Apud
620 622 910 675 Lucianum
964 637 1126 692 porro
1179 639 1301 676 cum
1347 623 1600 678 sacerdos
1646 625 1934 694 ipsummet

331 711 626 768 Saturnum
661 714 1064 782 interrogasset,
1100 729 1224 767 num
1250 729 1279 767 a
1308 713 1444 768 Jove
1477 714 1586 769 lilio
1611 731 1709 769 suo
1734 716 1786 769 in
1825 726 1934 770 tar-

333 815 528 872 tarum,
562 807 789 862 vinculis
819 805 1064 875 injectis,
1096 806 1284 861 fuisset
1317 823 1503 863 revera
1550 811 1929 879 prmcipitalus,

331 899 619 970 reSpondet
675 899 807 954 ille:
861 917 879 951 ι
934 900 1113 955 Senex
1161 900 1269 968 jam
1325 910 1380 956 et
1435 901 1763 973 podagrosus
1809 920 1929 960 cum

332 1005 506 1046 essem
534 991 606 1046 ob
626 999 863 1056 aetatem,
894 992 1038 1046 unde
1069 993 1230 1047 etiam
1256 992 1452 1048 factum
1480 1004 1580 1059 est,
1607 1006 1662 1049 ut
1691 997 1932 1066 plerique

331 1086 460 1142 mihi
485 1085 776 1154 compedes
813 1100 933 1141 esse
982 1087 1260 1152 finxerint,
1305 1099 1466 1158 τὸμὲν
1504 1097 1610 1144 am
1653 1100 1794 1162 γέρων
1838 1099 1928 1156 ἤδη

333 1185 414 1235 καὶ
458 1185 692 1251 ποδαγρὸς
721 1185 802 1242 ὢν,
833 1183 906 1232 διὸ
932 1183 1016 1233 καὶ
1045 1185 1346 1240 πεπιδύβθαί
1368 1205 1427 1249 με
1451 1191 1491 1235 οἱ
1525 1185 1688 1238 πολλοὶ
1712 1193 1927 1250 εἴκασαν,

334 1273 511 1342 impar
535 1287 681 1326 eram
705 1271 909 1326 viribus
935 1272 1000 1326 ad
1043 1283 1148 1326 tam
1189 1274 1353 1326 multa
1384 1273 1544 1344 hujus
1589 1276 1762 1330 :rtatis
1804 1277 1931 1332 faci-

335 1379 466 1420 nora
497 1363 883 1436 punienda.....
910 1365 1092 1436 Itaque
1119 1365 1248 1419 mihi
1275 1367 1584 1432 consulens,
1613 1368 1729 1422 Jovi
1755 1369 1929 1424 locum

334 1457 478 1512 dedi.
520 1476 539 1509 ι
575 1457 724 1511 Alias
751 1456 966 1512 tandem
1005 1472 1102 1511 cur
1128 1474 1155 1509 a
1184 1457 1314 1512 Jove
1354 1459 1526 1514 vietus
1558 1460 1717 1516 fuerit
1741 1477 1931 1517 causas

335 1549 524 1605 Cicero
571 1559 625 1603 et
672 1548 978 1604 Macrobius
1025 1549 1255 1605 afferunt
1329 1551 1589 1622 (Lucian.
1655 1554 1928 1610 Saturnal.

335 1660 453 1714 pag.
507 1640 646 1697 1022
694 1651 742 1696 et
794 1657 898 1712 seq.
950 1639 1114 1697 Cicer.
1180 1643 1276 1698 loc.
1348 1645 1434 1698 cit.
1490 1645 1720 1700 Macrob.
1781 1647 1865 1701 lib.
1915 1664 1932 1701 ι

335 1735 604 1792 Saturnal.
638 1751 753 1805 cap.
789 1734 867 1804 8).

2039 530 2352 583 meminere.
2387 531 2514 585 Eam
2546 533 2721 603 itaque
2751 537 2994 590 venando
3020 537 3127 592 alte
3163 543 3487 598 succinctam
3514 545 3643 613 jurc

2039 624 2232 676 merito
2260 624 2383 688 dici,
2417 641 2480 679 ex
2513 625 2594 680 his
2617 627 2806 698 collige
2829 628 2998 683 Ovidii
3035 632 3276 687 versibus
3308 651 3320 687 :

2100 736 2350 807 Peiljuga,
2379 753 2468 800 per
2490 740 2665 802 sylvas,
2683 741 2985 807 dumosaque
3008 756 3126 807 saxa
3152 751 3356 807 vagatur

2100 798 2237 848 Nuda
2270 798 2404 861 genu
2429 798 2621 851 vestem
2655 798 2750 852 ritu
2775 798 3020 854 succincta
3044 798 3234 858 Dianae:

2526 886 2713 950 (Ovid.,
2741 887 2774 937 1.
2798 903 2827 938 x
2863 889 3204 955 Metamorph.,
3224 892 3322 944 fab.
3347 895 3448 957 12.)

2038 993 2104 1047 Et
2132 1009 2316 1048 rursus
2338 995 2483 1060 alibi,

2131 1106 2263 1171 Talia
2291 1109 2560 1171 pinguntur
2585 1111 2845 1160 succinctae
2871 1125 3011 1162 crura
3036 1109 3226 1164 Dianze.

2195 1168 2314 1218 Cum
2341 1168 2567 1234 sequitur
2589 1173 2743 1222 fortes
2761 1173 2931 1223 fortior
2959 1177 3060 1237 ipsa
3081 1176 3228 1226 feras.

2805 1255 2937 1314 (Lib.
2959 1271 2985 1305 v
3007 1262 3172 1308 Amor.
3194 1257 3352 1327 Eleg.,
3377 1260 3482 1325 22.)

2036 1352 2179 1407 Nihil
2235 1369 2455 1410 necesse
2511 1366 2593 1412 est
2633 1358 2736 1412 alia
2793 1359 3031 1427 ejusdem
3089 1360 3297 1426 Ovidii,
3360 1363 3636 1419 l’rudentii

2042 1446 2210 1515 (epist.
2246 1464 2318 1510 iv,
2344 1452 2519 1519 hyum.
2552 1452 2604 1504 in
2629 1451 2776 1504 Rom.
2809 1467 2855 1505 v.
2898 1453 3061 1522 257),
3119 1455 3491 1526 aliorumque,
3533 1472 3629 1511 seu

2037 1540 2313 1604 carmina,
2357 1556 2452 1595 seu
2481 1543 2786 1597 testimonia
2833 1543 2901 1598 de
2942 1560 3000 1600 re
3052 1545 3181 1600 satis
3228 1549 3480 1602 omnibus
3510 1558 3635 1604 nota

2037 1633 2208 1686 citari.

2107 1726 2437 1792 Quibusdam
2488 1743 2618 1783 vero
2667 1737 2914 1800 corrupta
2957 1729 3208 1786 videnlur
3262 1734 3536 1804 sequentia
3581 1733 3636 1790 in

408 1828 542 1882 Tum
591 1837 773 1898 postea
812 1825 1111 1883 Minucius:
1143 1847 1162 1880 ι
1206 1829 1372 1885 Janus
1404 1845 1532 1887 γριιο
1557 1831 1763 1888 frontes
1795 1833 1929 1889 duas
1958 1835 2006 1894 Β
2035 1817 2222 1870 codice
2263 1830 2448 1874 nostro
2477 1822 2842 1890 mauuscripto
2870 1824 3032 1878 verba
3067 1842 3079 1876 :
3114 1844 3131 1875 σ
3173 1825 3402 1895 Ephesia
3422 1867 3435 1888 ,
3470 1842 3641 1881 mam-

336 1931 532 1992 gesmt,
559 1923 709 1992 quasi
768 1930 825 1976 ut
862 1938 1083 1977 aversus
1131 1923 1361 1978 incedat.
1404 1945 1421 1975 ›
1467 1923 1783 1980 Athemeum
1813 1927 1925 1998 (lib.

337 2031 408 2069 xv
435 2013 783 2084 DeipnosOplr.
799 2033 852 2085 p.
884 2013 1015 2084 592)
1037 2015 1179 2069 enim
1206 2016 1451 2085 aliosque
1479 2033 1637 2085 quam
1669 2018 1929 2086 plurimos

337 2115 397 2164 ut
417 2107 907 2177 praetermittamus,
932 2107 1114 2162 Ovidii
1146 2107 1212 2162 de
1236 2109 1326 2162 illo
1350 2107 1465 2164 hare
1493 2118 1619 2164 sunt
1647 2110 1883 2164 carmina
1911 2128 1926 2165 :

460 2243 584 2294 Jane
609 2244 783 2306 biceps
805 2245 916 2292 anni
939 2244 1084 2293 tacite
1111 2243 1325 2292 labentis
1340 2246 1499 2306 origo,

522 2305 740 2356 Solusde
759 2307 954 2368 superis
970 2307 1054 2368 qui
1078 2312 1157 2355 tua
1175 2314 1316 2368 terga
1339 2305 1495 2356 vides.

463 2431 618 2491 Quem
644 2436 811 2479 tamen
841 2444 952 2481 esse
971 2429 1119 2478 deum
1145 2439 1196 2480 te.
1215 2431 1371 2479 dicam
1397 2439 1516 2480 Jane
1542 2431 1763 2482 biformis
1786 2433 1803 2480 Ρ

523 2493 643 2543 Nam
665 2493 754 2542 tibi
780 2507 868 2556 par
884 2493 1070 2542 nullum
1097 2492 1284 2542 Ora-cia
1305 2508 1486 2542 numen
1509 2495 1678 2544 habet.

833 2577 1020 2639 (Ovid.,
1047 2577 1080 2626 1.
1103 2594 1119 2626 ι
1151 2577 1424 2640 Fast.,§l,
1462 2591 1504 2627 v.
1530 2577 1634 2642 es.)

336 2730 444 2787 Cur
488 2740 668 2788 autem
728 2732 1012 2787 bifrontem
1064 2748 1186 2788 eum
1240 2732 1508 2799 dixerint,
1558 2734 1601 2787 si
1653 2734 1924 2804 postules,

337 2826 578 2882 diversas
606 2825 700 2881 tibi
729 2827 963 2882 rationes
988 2826 1214 2880 reddent
1237 2827 1575 2892 Plutarchus,
1608 2826 1926 2893 Macrobius,

335 2917 658 2989 Cyprianus,
689 2929 742 2973 et
775 2919 994 2974 Vossius
1018 2918 1310 2990 (Plutarch.
1337 2930 1515 2990 quiest.
1552 2919 1771 2974 Roman.
1807 2938 1925 2990 pag.

334 3012 465 3075 279;
500 3011 729 3066 Macrob.
774 3012 862 3066 lib.
912 3028 927 3066 ι
970 3012 1243 3066 Saturnal.
1287 3029 1402 3083 cap.
1438 3013 1468 3065 7
1501 3023 1546 3066 et
1591 3013 1646 3076 9;
1681 3011 1928 3082 Cypriau.

335 3105 424 3159 lib.
466 3105 528 3158 de
556 3106 680 3159 idol.
718 3103 888 3158 Vauit.
929 3122 1048 3176 pag.
1085 3105 1172 3170 ης
1219 3103 1365 3160 Voss.
1395 3104 1482 3158 lib.
1517 3121 1531 3158 ι
1583 3105 1646 3158 de
1689 3103 1834 3175 Orig.
1885 3113 1931 3158 et

2036 1909 2136 1963 mis
2165 1911 2347 1964 multis
2387 1922 2442 1967 et
2483 1915 2700 1967 veribus
2729 1924 3022 1971 exstructa.
3068 1937 3086 1967 ι
3124 1915 3181 1970 In
3209 1920 3445 1972 animum
3492 1919 3636 1974 enim

2034 2019 2163 2056 vero
2187 2019 2343 2058 suum
2372 2004 2626 2062 inducere
2672 2007 2888 2076 quidam
2922 2025 3026 2062 non
3060 2019 3354 2078 potuerunt
3380 2011 3630 2078 Dianam,

2035 2106 2092 2151 ut
2119 2110 2242 2166 p0te
2267 2099 2560 2169 virginem,
2597 2099 2779 2169 plures
2809 2101 3062 2157 habuisse
3109 2119 3390 2159 mammas.
3438 2105 3639 2160 Putant

2033 2190 2213 2258 itaque
2243 2191 2546 2247 addendam
2579 2209 2700 2248 esse
2727 2209 2936 2258 vocem,
2972 2215 2990 2246 ‹
3027 2195 3212 2258 Ceres,
3246 2217 3264 2249 ι
3302 2213 3419 2265 quze
3464 2214 3636 2254 mam-

2035 2297 2183 2336 mosa
2206 2283 2520 2338 vocabatur.
2559 2285 2660 2339 Alii
2705 2297 2887 2340 autem
2934 2302 3030 2358 pro
3066 2306 3084 2339 ‹
3120 2289 3360 2355 veribus,
3396 2309 3415 2340 ι
3452 2290 3635 2360 legen-

2034 2375 2159 2428 dum
2189 2385 2467 2430 autumant
2504 2396 2521 2428 ι
2559 2377 2842 2443 uberibus,
2884 2400 2900 2430 ι
2935 2390 3026 2434 aut
3077 2399 3094 2430 ‹
3137 2381 3434 2437 tuberibus.
3478 2402 3497 2435 ι
3531 2384 3636 2440 Sed

2034 2465 2321 2521 levissimae
2369 2468 2452 2523 vel
2495 2469 2671 2537 potius
2697 2469 2843 2524 falsa:
2883 2482 3006 2524 sunt
3039 2473 3119 2525 lue
3147 2473 3506 2543 conjecturae,
3539 2491 3638 2532 nec

2037 2559 2288 2613 mutanda
2334 2569 2418 2614 est
2463 2563 2663 2616 veteris
2713 2562 2912 2617 codicis
2955 2564 3122 2618 nostri
3159 2565 3335 2620 lectio.
3367 2566 3634 2639 Hierony-

2036 2667 2155 2705 mus
2180 2653 2442 2722 siquidem
2466 2654 2517 2708 iu
2547 2669 2645 2709 suo
2673 2656 2721 2708 in
2757 2655 2907 2709 Pauli
2931 2655 2997 2709 ad
3031 2655 3296 2724 Ephesios
3325 2657 3621 2727 Epistolam

2035 2747 2420 2799 commentario
2473 2747 2585 2800 haec
2623 2747 2691 2802 de
2737 2756 2964 2815 utraque
3015 2748 3202 2810 Diana,
3249 2759 3305 2803 et
3361 2752 3468 2805 alte
3515 2767 3638 2807 suc-

2035 2841 2240 2907 cincta,
2273 2851 2326 2896 et
2353 2856 2650 2896 mammosa
2685 2841 2942 2896 tradidit:
2978 2861 2996 2892 ‹
3034 2841 3318 2897 Scribebat
3358 2844 3424 2898 ad
3460 2843 3641 2914 Ephe-

2035 2936 2146 2990 sios
2175 2935 2394 2987 Dianam
2423 2935 2698 2998 eoleutes,
2752 2951 2856 2988 nou
2916 2935 3055 2989 hanc
3099 2937 3460 3000 venatricem,
3516 2951 3639 3005 qum

2036 3044 2216 3083 arcum
2251 3037 2416 3092 tenet,
2452 3037 2505 3082 et
2537 3029 2807 3084 succincua
2840 3036 2957 3093 est,
3010 3028 3103 3082 scd
3139 3029 3280 3082 illam
3312 3029 3640 3083 multimam-

2036 3123 2217 3188 miam,
2251 3138 2408 3192 quam
2438 3122 2609 3177 ϐιηυοί
2655 3126 2961 3190 πολὺμαστον
2994 3132 3228 3188 vocant;
3257 3133 3316 3177 ut
3337 3123 3544 3178 scilicet
3571 3139 3638 3178 ex

335 3214 508 3268 progr.
549 3197 701 3263 idol.,
733 3213 848 3266 cap.
885 3197 971 3265 18,
1004 3215 1125 3268 pag.
1159 3198 1220 3252 71
1257 3208 1302 3251 et
1333 3197 1521 3267 seqq.).
1554 3197 1794 3267 Denique
1849 3197 1930 3251 his

2039 3215 2150 3283 ipsa
2181 3229 2396 3284 quoque
2424 3214 2604 3283 efﬁgie
2648 3217 3003 3270 mentirentur
3050 3215 3292 3270 omnium
3344 3216 3636 3272 bestiarum

335 3289 648 3359 adjiciemus
692 3289 831 3344 hunc
880 3289 1102 3356 .Ianum,
1157 3289 1345 3344 eodem
1409 3289 1712 3355 Maerobio,
1767 3300 1929 3360 atque

332 3383 492 3438 etiam
522 3383 817 3452 Augustino
847 3383 1093 3448 testibus,
1126 3398 1231 3436 non
1263 3381 1439 3435 solum
1483 3381 1794 3448 bifrontem,
1828 3383 1924 3438 sed

336 3475 494 3530 etiam
524 3474 970 3543 quatrifrontem.
1019 3485 1068 3528 et
1122 3475 1530 3544 quatriformem
1585 3476 1652 3528 ab
1699 3475 1929 3530 ethnicis

335 3566 614 3635 praedicari
670 3566 935 3637 (Macrob.
988 3565 1076 3620 lib.
1129 3582 1145 3620 ι
1198 3564 1377 3620 Satur.
1432 3582 1549 3633 cap.
1613 3564 1666 3621 9.
1711 3568 1926 3638 August.

337 3657 424 3712 lib.
454 3673 527 3712 vn
583 3657 645 3711 de
670 3655 818 3712 Civil.
850 3675 964 3726 cap.
1012 3657 1092 3730 4).
1122 3658 1253 3725 Quis
1299 3673 1428 3728 ergo
1475 3673 1580 3712 non
1629 3659 1931 3728 deplorabit

336 3751 660 3807 horrendam
699 3753 842 3806 illam
873 3752 1210 3807 ethnicorum
1235 3753 1555 3817 cmcitatem,
1585 3753 1672 3823 qui
1701 3769 1798 3807 nos
1823 3770 1928 3810 non

338 3855 448 3900 tam
497 3845 745 3900 homines
765 3886 778 3908 ,
830 3861 986 3916 quam
1017 3845 1292 3900 hominum
1341 3853 1581 3900 monstra
1609 3889 1621 3910 ,
1651 3845 1784 3902 deos
1813 3863 1930 3902 esse

338 3937 755 4003 arbitrabantur,
815 3937 999 4008 eisque
1049 3937 1259 3993 divinos
1307 3937 1541 3992 honores
1595 3937 1931 3992 reddebant?

339 4029 454 4085 Non
485 4029 556 4084 ibi
582 4039 758 4084 tamen
809 4030 957 4085 stetit
994 4031 1176 4087 insana
1211 4031 1424 4085 illorum
1456 4031 1785 4100 superstitio.
1824 4030 1928 4085 Sed

342 4121 520 4190 plures
547 4121 723 4177 adhuc
753 4138 859 4176 non
907 4121 1080 4176 minus
1125 4121 1354 4177 infames
1411 4121 1659 4176 colebant
1702 4123 1928 4177 aliorum

338 4213 558 4270 deormn
603 4215 821 4286 ﬁguras,
868 4231 988 4286 qum
1033 4215 1247 4286 quidem
1279 4215 1550 4285 quomodo
1603 4215 1670 4270 ab
1711 4226 1931 4270 auctore

338 4322 523 4365 nostro
553 4310 888 4380 explicentur
934 4317 988 4364 et
1017 4307 1395 4380 explodantur,
1443 4307 1552 4377 jam
1607 4308 1930 4378 investigan-

337 4401 463 4458 dum
493 4410 594 4458 est.

931 4554 1222 4596 ARTICULUS
1263 4554 1318 4593 11.

340 4680 544 4748 Quanta
586 4681 838 4735 dementia
887 4680 950 4733 ab
980 4680 1193 4734 ethnicis
1219 4679 1487 4733 decantata
1511 4681 1575 4734 sit
1610 4677 1779 4733 Diana
1830 4679 1933 4734 alte

409 4775 694 4840 succincta,
749 4775 1007 4839 venatrix,
1063 4775 1297 4828 mammis
1348 4775 1518 4828 multis
1569 4775 1822 4844 Ephesia,
1873 4790 1932 4827 ac

413 4865 583 4920 Trivia
628 4867 772 4920 trinis
813 4865 1085 4937 capitibus,
1128 4867 1395 4936 multisque
1433 4867 1702 4930 manibus;
1730 4865 1933 4933 Jupiter

409 4959 560 5012 modo
611 4957 851 5011 barbatus
872 4999 883 5018 ,
915 4958 1066 5011 modo
1109 4957 1341 5010 imberbis
1368 4973 1386 5009 :
1420 4957 1634 5010 Ammon
1665 4974 1778 5010 cum
1817 4973 1932 5010 cor-

407 5051 594 5117 nibus,
626 5051 946 5121 Capitolinus
990 5051 1207 5120 fulmina
1256 5067 1451 5121 gerens,
1482 5049 1706 5104 Latiaris
1759 5067 1935 5105 cruore

405 5146 663 5215 perfusus,
693 5140 958 5196 Feretrius
986 5159 1084 5196 non
1113 5141 1318 5195 auditus
1342 5182 1356 5207 ,
1389 5158 1536 5212 cujus
1572 5151 1640 5196 tot
1672 5153 1928 5209 monstra,

403 5245 521 5305 quot
540 5235 771 5289 nomina.

406 5375 798 5446 Argumentum
841 5387 996 5426 suum
1028 5371 1371 5442 prosequitur
1400 5371 1696 5435 Minucius,
1747 5386 1808 5425 ac
1839 5369 1932 5424 tri-

332 5467 527 5538 plicem
581 5468 814 5538 exagitat
873 5464 1054 5519 Diana:
1104 5464 1330 5519 formam
1365 5481 1377 5516 :
1411 5482 1426 5513 ι
1465 5464 1662 5528 Diana,
1727 5463 1928 5530 inquit,

331 5562 441 5616 alte
466 5559 762 5627 succincta,
811 5561 1076 5626 venatrix,
1109 5569 1161 5614 et
1187 5559 1422 5629 Ephesia
1457 5558 1701 5612 mammis
1730 5556 1930 5621 multis,

333 5660 390 5706 et
414 5651 668 5708 uberibus
696 5651 904 5724 (codex
943 5671 962 5704 ‹
997 5652 1212 5707 veribus
1249 5671 1265 5702 ι
1301 5653 1648 5720 )θκειι·ιιοιςι,
1683 5657 1737 5702 et
1781 5646 1933 5700 trivia

333 5743 492 5800 trinis
513 5746 778 5816 capitibus
799 5787 814 5809 ,
847 5745 1029 5802 multis
1057 5744 1306 5800 manibus
1334 5740 1607 5797 horrifica.
1652 5760 1669 5790 ι
1709 5739 1931 5793 Dianam

333 5839 664 5898 venatricem
713 5839 878 5898 fuisse
925 5841 1048 5912 quis
1107 5839 1320 5896 nescit?
1371 5836 1518 5894 Illius
1565 5845 1742 5891 autem
1793 5831 1930 5888 haud

2036 3315 2090 3359 et
2129 3305 2424 3360 viventium
2477 3320 2598 3360 esse
2647 3315 2889 3361 naturam
2928 3326 2946 3358 ›
2980 3306 3310 3378 (Hicronym.
3347 3325 3536 3378 praem.
3569 3309 3638 3362 ad

2035 3397 2205 3467 Epist.
2245 3397 2400 3452 Pauli
2426 3401 2494 3452 ad
2522 3398 2753 3471 Epltes.)

2107 3491 2290 3561 Neque
2314 3508 2505 3562 urgeas
2537 3493 2921 3564 Hieronymum
2953 3494 3024 3548 ibi
3053 3493 3204 3564 sequi
3231 3503 3499 3549 errantem
3531 3495 3634 3550 Mi-

2034 3583 2249 3637 nucium
2279 3594 2544 3648 nostrum,
2576 3593 2738 3655 atque
2768 3590 2820 3638 in
2845 3587 3096 3640 eumdem
3127 3587 3413 3658 impegisse
3435 3589 3638 3645 erroris

2035 3678 2334 3744 scepulum.
2395 3679 2613 3733 Certum
2681 3681 2879 3749 quippe
2937 3689 3016 3734 est
3086 3693 3333 3736 neutrum
3379 3697 3635 3749 errasse;

2036 3770 2467 3838 quandoiluidem
2518 3781 2730 3826 constat
2788 3771 3010 3826 Dianam
3054 3773 3343 3842 Ephesiam
3375 3790 3404 3828 a
3453 3777 3637 3830 multis

2037 3863 2350 3926 memorari,
2377 3863 2530 3930 eujus
2557 3863 2972 3918 celeberrimum
3006 3864 3146 3932 apud
3195 3865 3458 3934 Ephesios
3505 3878 3639 3921 tent-

2037 3955 2183 4022 plmn
2216 3955 2380 4008 fuisse
2403 3954 2582 4008 nullus
2610 3955 2840 4024 ignorat.
2874 3956 3034 4025 Atqui
3062 3955 3180 4024 ejus
3220 3958 3426 4028 efﬁgies
3456 3958 3638 4013 multis

2036 4061 2155 4100 cum
2214 4047 2459 4100 mammis
2510 4045 2615 4100 illic
2667 4047 3180 4114 reprresentabatur,
3239 4047 3315 4101 uti
3364 4057 3510 4116 patet
3565 4063 3634 4104 ex

2034 4139 2198 4192 variis
2227 4139 2367 4192 illius
2409 4137 2708 4192 simulacris
2745 4146 2798 4190 et
2846 4136 3164 4206 imaginibus
3199 4179 3212 4200 ,
3263 4152 3384 4208 quae
3434 4155 3462 4192 a
3515 4139 3639 4194 Fri-

2037 4230 2222 4285 dcrico
2253 4229 2519 4286 Ubaldino
2553 4230 2601 4283 in
2633 4244 2733 4284 suo
2763 4229 2829 4284 dc
2858 4228 3153 4300 synibolica
3183 4229 3362 4285 Diame
3390 4230 3637 4298 Ephesia:

2037 4333 2210 4378 statua
2243 4324 2483 4393 exposita
2508 4330 2758 4388 tractatu,
2787 4322 3107 4378 exhibentur
3135 4321 3306 4392 (Tom.
3335 4339 3432 4388 vn,
3465 4322 3631 4379 Graec.

2039 4422 2285 4492 Antiquil.
2320 4438 2436 4490 pag.
2467 4418 2536 4474 56
2549 4417 2618 4490 ί).

2112 4516 2222 4572 Nec
2245 4515 2421 4569 minus
2449 4521 2660 4568 constat
2691 4512 2786 4568 has
2821 4513 2999 4567 Dianae
3021 4553 3034 4580 ,
3078 4512 3214 4567 sicut
3246 4520 3299 4568 et
3335 4512 3469 4569 alias
3507 4513 3638 4569 deo-

1955 4624 2010 4684 ])
2036 4627 2154 4668 rum
2177 4619 2382 4664 statuas
2406 4609 2570 4664 rectis
2617 4622 2679 4662 ac
2725 4606 3048 4662 transversis
3091 4616 3419 4662 sustentatas
3470 4607 3638 4664 fuisse

2038 4706 2305 4767 verubus,
2353 4719 2470 4774 qua:
2514 4699 2910 4765 sustentacula,
2963 4708 3017 4755 et
3059 4699 3264 4767 fulcra,
3320 4715 3414 4754 seu
3469 4700 3635 4772 virga:

2039 4801 2229 4855 ferreae
2281 4807 2452 4853 erant.
2502 4794 2635 4851 Nam
2692 4793 2743 4848 id
2802 4793 3159 4849 disertissime
3215 4793 3409 4863 probat
3462 4793 3637 4849 Lucas

2042 4891 2369 4951 Ilolstenius,
2401 4892 2450 4943 in
2480 4903 2574 4942 sua
2617 4887 2681 4941 ad
2710 4886 3056 4941 Franciscum
3107 4883 3450 4939 Cardinalem
3501 4885 3633 4940 Bar-

2039 4983 2285 5038 berinum
2309 4983 2567 5052 cpistola,
2607 4998 2624 5030 ‹
2660 4979 2728 5033 de
2754 4979 2933 5032 tuleris
2967 4977 3151 5030 Dianae
3183 4975 3426 5044 Ephesia:
3471 4976 3637 5030 simu-

2039 5076 2183 5130 lacro
2205 5077 2465 5144 appositis
2495 5094 2513 5126 ι
2547 5073 2706 5142 (Ibid.
2744 5090 2859 5140 pag.
2892 5068 3044 5139 596).
3073 5068 3149 5123 lbi
3172 5079 3348 5124 autem
3378 5069 3636 5140 quasdam

2037 5169 2279 5238 ejusdem
2313 5170 2492 5222 Diana:
2521 5183 2641 5223 cum
2671 5168 2783 5221 suis
2827 5164 3044 5228 fulcris,
3080 5163 3423 5233 pluribusque
3467 5179 3634 5218 mam-

2038 5266 2139 5315 mis
2190 5261 2481 5330 imagines,
2536 5259 2588 5312 iu
2645 5256 3062 5312 numismatibus
3113 5255 3351 5324 sculptas
3396 5255 3634 5310 exhibet.

2035 5356 2115 5410 Ex
2170 5354 2253 5407 his
2300 5370 2428 5422 ergo
2473 5351 2751 5408 evidenter
2803 5351 3069 5421 colligitur
3145 5357 3347 5404 textum
3397 5349 3635 5402 auctoris

2041 5446 2232 5510 nostri,
2265 5455 2318 5499 et
2343 5445 2652 5514 Hieronymi
2678 5443 3046 5499 testimonium
3073 5457 3102 5496 a
3131 5441 3404 5500 nonnullis
3447 5442 3639 5497 imme-

2037 5539 2144 5594 rito
2169 5538 2370 5591 vexari.

2113 5630 2334 5684 Dianam
2375 5644 2537 5698 porro
2591 5628 2857 5693 Triviam,
2917 5629 3071 5685 trinis
3122 5627 3408 5698 capitibus,
3455 5635 3515 5682 ut
3564 5628 3640 5684 ait

2038 5721 2321 5789 Minucius,
2355 5722 2678 5784 horriﬁcam,
2705 5720 2790 5776 his
2818 5721 3065 5777 versibus
3090 5720 3238 5777 canit
3270 5720 3518 5791 Virgilius
3549 5737 3560 5773 :

2099 5837 2552 5889 Tercentumtonat
2573 5850 2662 5888 ore
2686 5836 2827 5900 deos,
2853 5836 3213 5911 ereabumque,
3236 5834 3512 5901 chaosque,
