4242 6222
682 439 1133 502 Tergeminamquc
1155 438 1411 498 Hecatem,
1438 439 1528 486 tria
1541 438 1742 500 virginis
1758 449 1842 486 ora
1865 436 2054 488 Dianae.

1030 518 1252 582 (Virgil.,
1284 519 1316 567 l.
1343 519 1622 580 iV/Eneid.,
1641 533 1683 568 v.
1707 519 1800 569 518
1826 518 2028 582 ριδιι.)

621 629 767 695 Quos
812 629 866 682 in
911 642 1102 704 versus
1150 627 1403 680 observat
1457 625 1675 680 Servius
1722 640 1841 679 eam
1897 640 2000 678 non
2054 623 2217 678 modo

627 723 877 789 Dianam,
928 720 1021 776 sed
1077 717 1334 774 Lucinam
1391 735 1604 790 quoque
1631 735 1686 774 et
1725 717 1977 773 Hecatem
2008 733 2216 770 nuneu-

626 816 770 883 pari,
823 830 884 867 ac
933 823 1151 883 propter
1192 813 1459 882 triplicem
1502 819 1853 879 potestatem,
1888 807 2010 877 tingi
2046 806 2218 875 tripli-

623 923 738 962 cem
783 922 846 961 ac
891 906 1219 970 triformem,
1273 915 1430 975 atque
1475 903 1676 957 idcirco
1733 901 1927 971 templa
1972 899 2112 954 illius
2166 898 2221 953 in

627 999 797 1054 triviis
828 998 990 1053 fuisse
1021 1007 1347 1052 co..structa.
1394 996 1564 1050 Varro
1603 1004 1780 1049 autem
1812 1009 1879 1048 ex
1908 991 2081 1046 Ennio
2109 991 2222 1045 ani-

628 1093 913 1146 madvertit
970 1091 1116 1145 illatn
1156 1091 1330 1144 vocari
1373 1089 1634 1152 Triviam,
1680 1086 1761 1141 vel
1812 1087 1933 1156 quia
1968 1085 2018 1138 in
2066 1083 2222 1138 trivio

628 1183 842 1251 ponitur
875 1181 989 1236 fere
1019 1183 1067 1234 in
1099 1181 1308 1249 oppidis
1339 1180 1548 1250 graecis,
1591 1177 1675 1232 vel
1698 1178 1821 1248 quia
1852 1177 1975 1229 luna
2003 1175 2220 1242 dicitur,

628 1291 745 1342 quae
777 1276 826 1326 in
859 1273 998 1327 coelo
1030 1272 1204 1325 tribus
1237 1271 1337 1324 viis
1364 1269 1418 1323 in
1445 1269 1818 1334 altitudinem,
1850 1266 2221 1333 latitudinem,

627 1376 680 1421 et
708 1367 1095 1436 longitudinem
1156 1375 1406 1418 movetur»
1446 1362 1628 1436 (ναι-ν.
1664 1363 1750 1416 lib.
1786 1377 1835 1415 v1
1864 1361 1926 1414 de
1951 1359 2103 1431 Ling.
2131 1361 2222 1415 lat.

629 1475 747 1529 pag.
781 1458 893 1529 74).
924 1457 1158 1512 Primam
1193 1457 1333 1510 haud
1362 1456 1523 1511 dubie
1546 1466 1768 1525 propter
1796 1453 2062 1509 rationem
2090 1452 2228 1507 dixit

630 1549 849 1603 Ovidius
876 1566 889 1601 :

753 1661 848 1728 Ora
870 1661 1006 1711 vides
1028 1659 1248 1728 Hecates
1270 1661 1320 1709 in
1344 1665 1451 1708 tres
1475 1658 1733 1728 vergentia
1759 1657 1934 1728 formas
1961 1671 1975 1718 ;

818 1723 1000 1774 Servet
1024 1733 1077 1773 ut
1101 1726 1149 1772 in
1177 1731 1344 1773 ternas
1366 1725 1575 1783 compita
1599 1729 1732 1770 secta
1759 1723 1884 1769 vias.

1875 324 1963 379 DE
2001 313 2254 379 MINUCII
2293 319 2590 376 OCTAVIO

3812 322 3918 377 580

2242 438 2292 497 Λ
2319 436 2426 490 duo
2455 434 2720 503 ejusmodi
2753 433 2901 488 Jovis
2923 433 3208 489 simulacra
3227 435 3378 505 juxta
3403 435 3624 506 PeIOpis
3657 439 3920 508 templum

2321 531 2388 584 ab
2444 529 2588 584 Eleis
2643 529 2813 598 posita
2843 539 3142 595 memorat,
3172 545 3399 599 quorum
3433 546 3620 595 unum,
3662 550 3679 582 ι
3713 531 3922 602 Jupiter

2322 632 2406 677 est
2435 622 2702 692 impuher,
2737 627 2818 677 οὖκ
2845 631 2952 690 ἔχον
2978 629 3157 692 γένεια,
3199 622 3338 679 inter
3366 624 3628 696 Smicythi
3657 624 3919 680 dona.....

2324 716 2604 771 Paululum
2648 716 2771 769 hinc
2803 724 2946 768 recta
2979 717 3281 786 progressis
3309 717 3454 771 aliud
3500 729 3582 772 est
3623 718 3773 774 Jovis
3825 721 3927 774 im-

2326 809 2542 878 puberis
2587 811 2836 878 signum:
2868 808 3186 864 dedicarunt
3235 811 3422 865 Eleita:
3464 809 3722 884 (Pausan.
3775 814 3864 867 lib.
3895 829 3928 868 ν

2326 900 2554 955 Eliucor.
2587 919 2705 972 pag.
2741 903 2886 972 175).
2915 902 3029 956 lluc
3057 903 3267 958 accedit
3295 913 3353 960 et
3380 904 3543 972 Naso,
3601 922 3630 960 a
3675 921 3783 977 quo
3828 907 3928 963 Ju-

2326 993 2693 1064 pitet'juvenis
2722 995 2793 1047 ita
2818 993 3143 1050 describitur
3175 1013 3188 1050 :

2419 1105 2614 1171 Jupiter
2631 1111 2683 1154 et
2707 1106 2922 1171 juvenis,
2937 1107 3186 1171 juveniles
3209 1111 3376 1171 aspice
3410 1109 3608 1171 vultus;

2483 1169 2662 1231 ASpice
2688 1167 2873 1219 deinde
2891 1167 3082 1230 manus,
3109 1167 3314 1221 fulmina
3331 1172 3462 1222 nulla
3484 1167 3644 1225 tenet.

2978 1255 3163 1317 (0vid.,
3188 1256 3222 1306 Ι.
3243 1273 3293 1307 ιιι
3313 1260 3449 1326 Fas,
3477 1259 3502 1324 §
3523 1260 3572 1322 6,
3592 1274 3638 1311 υ.
3664 1261 3797 1326 437.)

2332 1361 2575 1418 Posthaec
2625 1363 2886 1418 Minucius
2929 1363 3064 1418 alias
3107 1377 3352 1421 recenset
3398 1367 3649 1424 ridiculas
3678 1368 3921 1439 ejusdem

2334 1454 2482 1509 Jovis
2534 1455 2769 1526 ﬁguras,
2819 1471 2952 1526 quas
3001 1459 3247 1513 venerari
3304 1459 3549 1515 etbnicos
3601 1478 3708 1516 non
3761 1466 3926 1533 pude-

2332 1548 2468 1601 bat:
2507 1567 2524 1598 ι
2562 1548 2694 1602 Cum
2752 1550 3014 1615 Ammon,
3078 1551 3276 1620 inquit,
3327 1552 3555 1620 dicitur,
3601 1555 3759 1610 habet
3807 1572 3930 1612 cor-

2331 1654 2468 1705 nua,
2526 1649 2580 1693 et
2636 1654 2755 1694 cum
2819 1639 3184 1710 Capitolinus,
3239 1653 3364 1698 tunc
3434 1648 3572 1716 gerit
3621 1647 3863 1704 fulmina.
3903 1667 3922 1701 ι

2333 1733 2403 1785 At
2456 1730 2644 1786 Cicero
2698 1743 2854 1786 antea
2903 1731 3152 1788 dixerat:
3195 1753 3213 1785 ί
3245 1747 3298 1790 et
3341 1737 3558 1807 quidem
3616 1741 3718 1794 alia
3775 1742 3926 1811 (Spe-

704 1831 873 1897 Quam
922 1846 1054 1885 sane
1102 1830 1171 1885 ob
1214 1844 1428 1884 causam
1484 1828 1550 1884 ab
1591 1829 1681 1883 illo
1721 1838 1939 1881 vocatur
1970 1846 1987 1878 ‹
2025 1827 2228 1896 triceps
2257 1851 2303 1909 Β
2333 1824 2464 1895 cies)
2520 1822 2673 1879 nobis
2709 1822 3018 1893 Capitolini,
3077 1827 3176 1881 alia
3218 1829 3364 1883 Afris
3400 1832 3680 1885 Ammonis
3719 1832 3870 1888 Jovis
3904 1852 3923 1885 ι

635 1924 856 1988 llecate,
889 1944 905 1974 ι
945 1925 1096 1979 etab
1142 1924 1395 1990 Horatio,
1434 1933 1489 1978 et
1515 1922 1632 1977 aliis
1660 1941 1677 1972 ί
1719 1922 1846 1975 Diva
1885 1920 2162 1975 triformis.
2201 1939 2220 1972 ι

636 2014 848 2070 Vidusis
889 2014 1192 2085 Orpheum,
1228 2016 1547 2069 Pausaniam
1568 2056 1582 2080 ,
1611 2024 1665 2069 et
1687 2031 1805 2082 quin
1832 2029 1898 2068 ex
1928 2011 2229 2083 Porphyrio

633 2107 897 2161 Eusebius
931 2107 1130 2172 retulit,
1155 2122 1216 2160 ac
1238 2108 1281 2159 si
1308 2106 1440 2160 velis
1469 2106 1629 2161 etiam
1666 2105 2015 2160 Prudentium
2046 2102 2222 2174 (Ovid.

636 2201 722 2256 lib.
752 2200 931 2255 tFasl.
1063 2201 1116 2266 5,
1150 2211 1191 2253 cl
1225 2200 1313 2254 lio.
1346 2217 1415 2254 vtt
1446 2199 1752 2268 Metamorp.
1788 2202 1891 2269 fab.
1944 2199 2010 2261 5;
2040 2196 2227 2252 Horat.

635 2299 798 2360 lib.u,
839 2296 948 2350 Ode
974 2295 1086 2360 ‘22;
1126 2293 1291 2363 Orp/i.
1331 2295 1528 2364 Argon.
1556 2302 1601 2346 et
1632 2304 1742 2347 voto
1787 2292 1854 2344 ad
1889 2291 2054 2347 Musa:
2102 2302 2225 2345 tom.

637 2408 648 2443 l
676 2390 841 2445 (ἐι-ωε.
873 2399 1005 2461 poet.
1037 2406 1154 2460 pag.
1189 2388 1292 2445 494
1329 2397 1373 2441 et
1405 2388 1506 2442 501
1538 2402 1552 2452 ;
1586 2385 1817 2439 Pausan.
1853 2385 1942 2438 lib.
2001 2401 2057 2449 ιι,
2106 2400 2227 2454 pag.

638 2482 705 2535 72
731 2500 745 2546 ;
779 2481 970 2535 Euseb.
1003 2481 1091 2533 lib.
1118 2495 1166 2533 iv
1194 2478 1432 2549 Prwpar.
1470 2477 1665 2547 Evang.
1693 2494 1807 2548 cap.
1841 2476 1932 2543 25,
1959 2493 2078 2547 pag.
2105 2476 2228 2541 174;

638 2575 891 2628 Prndent.
919 2575 1005 2628 lib.
1040 2591 1054 2627 ι
1083 2574 1134 2626 in
1167 2573 1428 2642 Synnnnc.
1489 2573 1518 2642 §
1582 2569 1726 2642 174).

713 2667 826 2721 Νυιι
866 2667 1058 2720 mirum
1099 2666 1274 2734 itaque
1306 2664 1350 2718 si
1384 2663 1642 2717 triformis
1672 2678 1793 2716 cum
1825 2662 2002 2726 luerit,
2052 2660 2232 2729 plures

637 2775 851 2829 quoque
895 2775 1084 2813 manus
1133 2757 1385 2811 habuisse
1440 2755 1802 2825 perhibeatur.
1854 2755 1919 2808 Et
1957 2763 2104 2809 certe
2135 2752 2230 2806 Ri-

637 2853 830 2922 giltins
860 2851 913 2905 in
958 2851 1098 2905 hunc
1129 2849 1344 2904 Minucii
1389 2850 1563 2904 locum
1612 2850 1928 2903 testiﬁcatur
1973 2863 2033 2903 se
2073 2848 2230 2901 talem

640 2946 692 2998 in
723 2927 1044 2999 numismate
1073 2959 1215 2998 aereo
1242 2942 1382 3012 apud
1426 2940 1622 2996 Johan.
1656 2941 1946 3010 Baptistam
1997 2941 2232 2994 “ltinum

639 3037 855 3092 vidisse.
893 3037 993 3090 Adi
1021 3037 1227 3100 adhuc,
1258 3035 1304 3089 si
1335 3035 1500 3100 velis,
1542 3033 1764 3088 Cwlium
1797 3032 2192 3102 Rhodinginum
2212 3075 2226 3098 ,

642 3129 920 3194 Vossium,
955 3128 1295 3189 Verderium,
1327 3127 1636 3190 Giraldum,
1679 3135 1733 3180 et
1756 3124 1889 3178 alios
1929 3125 1996 3178 de
2043 3123 2230 3179 eadem

2333 1917 2516 1983 (Cicer.
2565 1914 2652 1970 lib.
2713 1935 2730 1972 ι
2778 1923 2840 1972 de
2895 1917 3087 1973 Natur.
3133 1921 3276 1978 deor.
3319 1938 3440 1994 pag.
3492 1924 3619 1980 207.
3658 1927 3755 1981 lin.
3809 1925 3923 1996 23).

2331 2007 2438 2063 Cur
2480 2025 2612 2065 vero
2652 2009 2862 2080 Jupiter
2919 2014 3148 2068 Ammon
3200 2029 3400 2070 cornua
3452 2017 3649 2073 habere
3696 2019 3929 2073 aestima-

2335 2101 2518 2166 batur,
2562 2100 2646 2154 his
2716 2101 3016 2159 llerodotus
3059 2104 3308 2160 edisserit
3360 2107 3580 2163 verbis:
3628 2129 3647 2160 ‹
3685 2110 3926 2165 Thebani

2332 2204 2384 2247 et
2438 2194 2760 2264 quicumque
2813 2207 3030 2266 propter
3078 2199 3200 2254 illos
3241 2199 3431 2255 ovibus
3491 2210 3744 2270 parcunt,
3796 2218 3925 2256 cum

2331 2287 2399 2341 ab
2445 2287 2704 2356 Hercule,
2761 2304 2984 2345 cernere
3031 2307 3154 2346 eum
3216 2295 3452 2362 volente,
3507 2297 3654 2351 cerni
3715 2296 3924 2362 nollet,

2334 2382 2546 2436 tandem
2599 2394 2878 2450 exoratus,
2927 2386 3031 2441 hoc
3084 2397 3421 2444 commentus
3476 2391 3574 2455 sit;
3631 2401 3707 2457 ut,
3739 2406 3930 2461 ampu-

2335 2485 2444 2529 tato
2492 2476 2677 2532 arietis
2720 2481 2927 2547 capite,
2987 2482 3231 2552 pelleque
3279 2484 3503 2550 villosa,
3557 2501 3716 2556 quam
3745 2486 3792 2541 ei
3829 2486 3930 2542 dc-

2337 2577 2604 2634 traxerat,
2667 2570 2850 2625 induta
2888 2573 3020 2638 sibi,
3065 2575 3134 2628 ita
3177 2590 3296 2630 sese
3327 2576 3544 2631 Herculi
3595 2578 3926 2644 ostenderet,

2333 2671 2387 2716 et
2429 2662 2497 2717 ob
2557 2662 2606 2716 id
2644 2662 2930 2734 Aﬁgyptios
2972 2666 3267 2722 instituisse
3294 2667 3442 2724 Jovis
3483 2670 3826 2724 simulacrum
3851 2670 3929 2725 la—

2334 2771 2456 2812 cere
2504 2757 2724 2812 arietina
2781 2759 2943 2827 facie,
2982 2763 3078 2815 ἀπὸ
3108 2769 3278 2817 τούτου
3317 2767 3674 2833 aptae-movum»
3700 2767 3931 2833 τῶγαλμα

2333 2854 2416 2902 τοῦ
2445 2858 2554 2908 Διος
2596 2856 2823 2916 ποιοῦσι,
2867 2859 2921 2904 et
2968 2851 3034 2905 ab
3083 2851 3350 2924 Egyptiis
3411 2853 3726 2909 Ammonios
3769 2872 3929 2912 acce-

2335 2941 2510 3009 pisse,
2559 2943 2651 3012 qui
2705 2952 2831 2997 suut
2859 2942 3234 3015 [Egyptiornm
3255 2988 3268 3011 ,
3302 2958 3460 3017 atque
3483 2947 3795 3019 [Ethiopum
3837 2965 3930 3005 co-

2336 3034 2479 3098 loni,
2535 3045 2587 3090 et
2642 3037 2875 3107 linguam
2939 3039 3076 3093 inter
3121 3049 3378 3111 utrosque
3435 3053 3776 3112 usurpantes.
3829 3043 3932 3110 Qui

2335 3125 2498 3181 etiam
2548 3129 2680 3182 mihi
2731 3130 2984 3184 videntur
3026 3131 3146 3186 ideo
3186 3148 3244 3188 se
3292 3135 3608 3188 Ammonius
3652 3138 3932 3206 cognomi-

642 3223 805 3277 Diana
833 3223 1166 3292 disputantes
1221 3219 1473 3294 (Rhedig.
1525 3219 1613 3273 lib.
1650 3235 1724 3273 xx
1754 3219 1929 3287 Antiq.
1962 3219 2076 3272 lect.
2109 3234 2225 3284 cap.
2259 3243 2303 3305 ρ
2338 3233 2526 3286 nasse,
2585 3223 2726 3291 quod
2754 3221 2994 3294 {Egyptii
3023 3222 3210 3279 Jovem
3239 3227 3558 3282 Ammonem
3597 3230 3867 3299 appellent
3911 3249 3930 3281 ι

639 3317 692 3370 ti.
733 3314 940 3369 Vossius
966 3314 1051 3368 lib.
1090 3331 1124 3368 ιι
1151 3316 1212 3368 de
1245 3313 1390 3384 Orig.
1422 3323 1466 3366 et
1499 3329 1672 3381 progr.
1701 3310 1961 3364 idololatr.
1991 3327 2105 3378 cap.
2136 3309 2229 3378 25,

641 3425 759 3479 pag.
791 3408 898 3462 216
938 3419 985 3461 et
1025 3407 1210 3480 seqq)
1237 3407 1392 3463 Tales
1422 3421 1549 3476 ergo
1577 3405 1708 3460 deos
1738 3406 1857 3475 quis
1904 3419 2026 3459 cum
2053 3402 2231 3456 Minu-

638 3503 720 3557 cio
749 3512 936 3558 nostro
959 3518 1062 3557 non
1089 3500 1281 3568 rideat,
1315 3515 1379 3555 ac
1406 3498 1737 3554 detestetur?

710 3596 821 3652 Nec
861 3596 1046 3652 leviori
1087 3604 1191 3649 ictu
1221 3592 1479 3647 Ethnicos
1502 3592 1589 3646 ille
1619 3589 1759 3656 ferit,
1793 3589 1883 3660 qui
1909 3588 2085 3643 varios
2113 3601 2233 3643 esse

639 3692 985 3748 venditabant
1028 3689 1177 3744 Jovis
1219 3687 1416 3754 vultus,
1463 3685 1735 3755 [aciesque
1779 3684 2039 3738 diversas.
2094 3681 2233 3749 Quid

638 3789 781 3842 enim
820 3805 838 3837 ‹
878 3787 1012 3855 ipsc,
1066 3782 1370 3854 inquiebat,
1417 3780 1625 3851 Jupiter
1655 3779 1872 3834 vester?
1923 3778 2080 3832 Modo
2129 3777 2231 3831 im-

640 3879 821 3935 herbis
874 3881 1143 3946 statuitur,
1210 3875 1370 3932 modo
1427 3875 1678 3930 barbatus
1734 3873 1958 3928 locatur.
2008 3891 2026 3922 ι
2077 3869 2233 3925 Prius

638 3988 765 4027 vero
794 3971 946 4027 Cotta
974 3971 1109 4041 apud
1160 3969 1480 4026 Ciceronem
1526 3967 1604 4022 sic
1649 3965 1871 4036 urgebat
1921 3963 2230 4018 Velleium:

644 4085 661 4117 ‹
701 4065 807 4120 lsto
836 4063 998 4120 modo
1025 4063 1205 4118 dicere
1224 4062 1404 4117 licebit
1431 4059 1618 4115 Jovem
1647 4072 1858 4128 semper
1876 4057 2155 4111 barbatum
2208 4074 2226 4106 ι

638 4157 768 4227 (Cic.
798 4159 888 4214 lib.
926 4175 940 4212 ι
980 4160 1042 4212 de
1068 4155 1259 4211 Natur.
1293 4156 1434 4210 deor.
1481 4171 1600 4224 pag.
1645 4152 1772 4217 207,
1825 4153 1918 4205 lin.
1969 4148 2086 4220 26).
2127 4148 2234 4204 Sed

635 4250 903 4306 Lucianus
933 4252 1066 4321 petit
1094 4250 1308 4304 ubinam
1333 4245 1532 4303 ethnici
1565 4248 1703 4298 hunc
1738 4244 2016 4298 barbatum
2045 4241 2233 4296 Jovem

638 4345 868 4400 viderint
897 4343 1139 4414 (Lucina.
1166 4342 1228 4394 de
1247 4341 1485 4408 Sacriﬁc.
1514 4355 1631 4408 pag.
1664 4336 1828 4405 485)?
1859 4336 1914 4391 Si
1949 4346 2000 4388 tu
2024 4349 2234 4405 quoque

637 4437 688 4492 id
721 4437 979 4507 postules,
1008 4433 1355 4504 respondebit
1383 4431 1707 4486 Prudentius
1733 4447 1746 4482 :

823 4550 918 4600 Ars
939 4551 1238 4600 seminandis
1262 4549 1434 4599 eﬁirax
1459 4548 1730 4607 erroribus,

820 4614 1030 4662 Barbam
1049 4614 1294 4675 rigentem
1319 4613 1434 4660 dum
1457 4610 1594 4661 Jovis
1612 4610 1964 4673 circumplicat.

908 4696 1188 4761 (Prudent.,
1214 4697 1276 4748 de
1298 4700 1498 4748 Roman.
1527 4699 1761 4761 Martyr.,
1784 4694 1984 4758 b.2115.)

636 4828 682 4882 Λ
709 4825 933 4897 Virgilio
965 4835 1140 4881 tamen
1171 4826 1359 4881 Anxur
1389 4824 1586 4881 dicitur
1617 4842 1629 4876 :

758 4939 1292 5031 gircaegmquejugum,
1314 4941 1461 5003 queis
1484 4937 1682 5002 Jupiter
1708 4938 1942 4986 Anxurus
1959 4936 2091 4985 arvis

758 5007 760 5009 ’
802 5006 908 5031 ιιωοῖ
950 5011 994 5031 nl

757 5005 1017 5054 l’rzesidet.

1119 5065 1338 5132 (Virgil.,
1363 5066 1399 5114 1.
1429 5080 1491 5116 vn
1519 5063 1728 5124 xEneid.,
1755 5077 1798 5113 υ.
1825 5062 1965 5126 799.)

633 5177 837 5232 Nomen
869 5185 1049 5231 autem
1097 5190 1270 5230 anxur
1322 5174 1462 5229 idem
1516 5188 1578 5227 ac
1625 5171 1884 5227 imberbis
1932 5169 2229 5240 signiﬁcat,

632 5269 1086 5339 quemadmodum
1139 5269 1366 5324 Servius
1402 5265 1456 5320 in
1488 5266 1588 5320 hos
1647 5263 1852 5334 Virgilii
1903 5280 2089 5320 versus
2138 5278 2235 5318 nos

631 5364 908 5419 admonuit
936 5380 948 5415 :
985 5381 1002 5414 ‹
1028 5363 1183 5418 Circa
1229 5363 1395 5428 hunc,
1428 5361 1620 5431 inquit,
1647 5370 1879 5416 tractum
1902 5357 2233 5428 Campanize,

630 5456 909 5512 colebatur
967 5472 1100 5525 puer
1165 5455 1406 5526 Jupiter,
1460 5455 1552 5524 qui
1613 5454 1860 5507 Anxurus
1919 5452 2233 5517 dicebatur,

626 5549 778 5619 quasi
809 5557 918 5604 ἄνευ
948 5559 1112 5622 ευρᾶς,
1144 5549 1196 5604 id
1229 5558 1335 5615 est,
1385 5548 1502 5602 sine
1530 5546 1812 5612 novacula,
1844 5545 1969 5616 quia
2011 5545 2231 5600 barbam

623 5657 913 5711 numquam
971 5640 1225 5720 rasisset,
1277 5662 1297 5694 ›
1341 5650 1562 5711 eratque
1614 5637 1897 5693 imberbis.
1951 5637 2134 5708 Neque
2175 5638 2230 5692 in

613 5733 709 5785 illo
739 5741 934 5790 tantum
959 5737 1288 5811 Garumni“;
1323 5743 1516 5797 tractu,
1567 5732 1660 5785 sed
1704 5733 1828 5788 alibi
1858 5748 2070 5804 quoque
2130 5732 2228 5787 hac

597 5824 819 5896 juvenili
840 5822 1005 5884 forma
1040 5824 1581 5918 Teprwgentabatur.
1623 5823 1922 5890 Pausanias
1952 5823 2228 5877 enimvero

2339 3316 2639 3388 (Herodot.
2688 3317 2777 3370 .76.
2835 3334 2893 3383 ιι,
2945 3317 2971 3390 5
3023 3318 3157 3390 42).
3225 3319 3352 3375 Inde
3403 3320 3643 3390 profecto
3699 3338 3729 3376 a
3783 3321 3934 3378 Grie-

2336 3409 2414 3462 CiS
2465 3414 2793 3481 κςρατοφὸρος,
2838 3418 2893 3465 et
2935 3427 2966 3465 a
3008 3411 3244 3467 Luciano
3295 3417 3685 3485 κριοπρόσωπος,
3740 3431 3770 3469 a
3816 3415 3936 3470 Ma~

2336 3501 2552 3567 crobio,
2599 3511 2652 3556 ct
2709 3503 2974 3570 Arnobio,
3023 3522 3041 3555 ι
3076 3505 3316 3560 arietinis
3368 3507 3640 3573 cornibus,
3675 3527 3694 3559 ι
3765 3519 3934 3579 atque

2336 3607 2365 3645 a
2423 3593 2598 3662 poetis
2653 3592 2842 3649 Ovidio
2885 3593 3179 3652 Claudiano
3232 3600 3457 3669 aliisque
3501 3601 3747 3670 corniger
3796 3600 3932 3656 Am-

2336 3698 2461 3739 mon
2518 3697 2742 3740 vocatur
2795 3687 3033 3759 (Lucian.
3082 3689 3145 3744 de
3173 3691 3412 3761 Sacri/ia.
3448 3707 3566 3764 pag.
3630 3693 3752 3748 186.
3807 3693 3926 3748 Μα-

2337 3779 2476 3832 crob.
2522 3779 2612 3833 lib.
2644 3795 2659 3832 ι
2689 3779 2963 3837 Salurnal.
3012 3797 3130 3853 cap.
3195 3784 3285 3837 21.
3336 3786 3529 3840 Arnob.
3575 3785 3662 3839 lib.
3709 3803 3759 3841 vi
3812 3788 3926 3841 adv.

2339 3873 2487 3928 Geni.
2523 3891 2638 3946 pag.
2673 3873 2826 3946 197).

2410 3968 2486 4022 De
2541 3968 2730 4023 eodem
2760 3984 2922 4039 porro
2952 3971 3212 4026 Ammone
3235 4015 3248 4039 ,
3278 3984 3440 4042 atque
3469 3974 3630 4029 etiam
3659 3973 3726 4030 de
3774 3974 3932 4046 Capi-

2338 4061 2536 4128 tolino,
2593 4062 2708 4116 haec
2756 4063 2980 4132 legimus
3035 4063 3235 4120 Lucani
3283 4067 3558 4123 carmina:

2403 4196 2622 4262 Ventum
2639 4205 2745 4247 erat
2767 4196 2823 4245 ad
2845 4197 3098 4262 templum,
3123 4197 3319 4262 Lybicis
3341 4199 3474 4262 quod
3497 4202 3732 4262 gentibus
3756 4214 3905 4251 unum

2411 4215 2432 4244 ν
2449 4215 2614 4245 υιιιιιιιι
2639 4215 2745 4247 erat
2767 4215 2823 4245 au
2845 4215 3098 4261 lemleIHI,
3126 4215 3319 4262 LyDIClS
3341 4215 3474 4262 quoa
3535 4215 3591 4249 BI]

2400 4260 2572 4323 [neulti
2591 4259 2892 4308 Grammates
2909 4260 3109 4317 habent,
3133 4269 3227 4309 stat
3242 4263 3472 4323 corniger
3497 4215 3591 4311 iilic.

2398 4321 2611 4383 Jupiter,
2625 4331 2690 4384 Aut
2713 4331 3001 4384 rnetnorant,
3021 4323 3106 4370 sed
3135 4337 3224 4371 non
3247 4333 3300 4373 ut
3321 4321 3517 4373 fulmina
3539 4325 3745 4375 vibrant.

2401 4382 2498 4433 Aut
2512 4382 2682 4433 similis
2708 4393 2888 4445 nostro,
2910 4382 2999 4434 sed
3018 4386 3156 4434 tortis
3178 4387 3408 4435 cornibus
3423 4387 3646 4437 Ammon.

3177 4467 3384 4530 (Lucan.
3409 4470 3444 4519 l.
3478 4484 3546 4532 ix,
3574 4483 3621 4519 υ.
3642 4471 3774 4534 517.)

2259 4597 2796 4698 DFrequentissima
2855 4597 3002 4653 Jovis
3070 4598 3353 4669 Capitolini
3432 4601 3571 4671 apud
3636 4603 3816 4656 varios
3877 4611 3939 4657 et

2341 4694 2573 4746 maxime
2640 4692 2897 4747 Romana:
2958 4693 3527 4764 hismriaagscriptores
3577 4696 3797 4750 mentio.
3857 4697 3938 4751 Eo

2341 4798 2517 4841 autem
2573 4789 2789 4842 nomine
2828 4796 3164 4857 nuncupatus
3207 4797 3323 4852 est,
3386 4789 3506 4857 quia
3554 4789 3699 4844 aedes
3741 4790 3859 4859 ejus
3880 4801 3941 4846 et

2341 4881 2518 4950 imago
2561 4879 2613 4933 in
2667 4878 2931 4949 Capitolio
2973 4880 3231 4934 collocata
3279 4879 3395 4935 fuit.
3445 4881 3591 4937 Illius
3637 4883 3941 4939 meminere

2341 4970 2496 5026 Titus
2537 4971 2753 5033 Livius.
2802 4971 3089 5027 Suetonius
3111 5013 3124 5036 ,
3161 4973 3291 5026 Dion
3323 4975 3560 5039 Cassius,
3593 4975 3937 5041 Plutarchus,

2342 5065 2585 5130 Plinius,
2647 5065 2892 5120 Valerius
2957 5065 3242 5119 Maximus.
3297 5066 3536 5136 Denique
3586 5068 3942 5123 simulacrum

2339 5158 2457 5223 ejus
2497 5157 2686 5212 visitur
2728 5159 2781 5212 in
2815 5167 3129 5229 pervetusto
3156 5158 3477 5213 numismate
3524 5160 3758 5213 Aureliae
3807 5159 3943 5226 Qui-

2341 5252 2471 5305 rinre
2523 5252 2780 5318 Vestalis,
2852 5253 2906 5306 in
2955 5267 3061 5321 quo
3111 5252 3262 5307 sedet
3312 5267 3550 5321 superne
3597 5253 3774 5307 nudus
3825 5269 3943 5308 me-

2340 5349 2426 5404 dia
2477 5347 2722 5417 corporis
2764 5356 2936 5416 parte,
2995 5343 3204 5398 inferne
3247 5345 3506 5414 amictus,
3559 5345 3780 5399 dextera
3834 5342 3947 5399 lul-

2341 5461 2493 5511 men,
2534 5443 2750 5497 sinislra
2793 5450 3062 5510 sceptrum
3112 5455 3336 5511 gerens,
3376 5455 3440 5494 ac
3470 5441 3944 5509 circumscriptum

2340 5553 2534 5593 nomen
2579 5537 2738 5590 habet
2771 5552 2782 5587 :
2815 5533 2944 5604 an.
3005 5533 3128 5602 Opt.
3191 5532 3337 5587 Max.
3387 5533 3706 5604 Capitolinus
3771 5531 3940 5601 (Liv.

2338 5630 2427 5687 lib.
2473 5649 2530 5697 ιι,
2565 5630 2593 5701 §
2634 5627 2724 5695 21;
2762 5627 2978 5682 Sueton.
3013 5627 3104 5680 lib.
3136 5643 3204 5693 ιι,
3233 5643 3354 5697 pag.
3385 5627 3511 5692 5H;
3545 5627 3692 5682 Cass.
3729 5628 3818 5681 lib.
3855 5643 3944 5681 Liv

2339 5726 2491 5780 Rom.
2558 5725 2676 5778 hist.
2727 5737 2847 5791 pag.
2909 5721 3014 5774 598
3061 5730 3106 5772 et
3158 5737 3323 5790 seqq.;
3367 5719 3636 5774 Plutarch.
3707 5722 3757 5772 in
3824 5717 3946 5772 Vita

2337 5817 2594 5874 Publicol.
2623 5834 2741 5888 pag.
2793 5815 2914 5881 illa;
2961 5813 3108 5867 Plin.
3158 5815 3244 5869 lib.
3306 5830 3362 5868 ιιι
3423 5812 3563 5868 Hist.
3609 5824 3783 5868 natur.
3814 5827 3939 5881 cap.
