4264 6258
367 423 466 480 581

1793 404 2264 464 DISSERTATIO.

3564 421 3670 477 582

368 540 405 593 2
456 547 510 593 οι
560 536 614 599 8,
667 549 782 604 pag.
835 533 924 593 9|,
980 540 1035 587 et
1086 529 1233 594 125;
1274 528 1447 582 ναῖεν.
1502 529 1590 581 lib.
1641 543 1697 592 ι,
1744 541 1864 595 cap.
1911 528 1966 586 τὶ,
1998 525 2049 582 Α
2079 522 2206 576 tium
2269 524 2437 594 spolia
2489 526 2672 591 Marti,
2728 537 2819 583 aut
2868 529 3120 597 Quirino,
3173 543 3278 585 non
3333 530 3452 585 Jovi
3501 533 3665 590 Fere-

375 632 404 702 §
452 631 489 684 ἓ
515 648 530 696 ;
559 627 826 697 Lesculop.
874 628 926 680 in
975 625 1062 679 lib.
1122 640 1138 679 ι
1183 623 1292 679 Cic.
1326 623 1388 678 de
1419 621 1611 676 Natur.
1641 622 1780 676 deor.
1818 621 1845 692 §
1878 621 1966 676 85.

374 742 496 796 pag.
544 723 689 795 “8).

449 819 650 889 Duplex
693 817 868 871 adhuc
911 815 1118 884 Jupiter
1164 815 1230 870 ab
1270 823 1489 868 auctore
1539 821 1722 868 nostro
1769 825 1970 867 memo-

373 921 565 967 ratur:
621 928 640 959 ι
684 908 934 972 Latiaris,
999 907 1208 976 inquit,
1261 921 1453 960 cruore
1507 905 1879 974 perfunditur;
1943 923 1962 955 ι

372 1005 496 1073 quia
551 1002 803 1055 nimirum
855 1000 1104 1052 [minante
1165 998 1385 1064 hostiae,
1456 998 1533 1050 uti
1585 995 1964 1062 ostendimus,

373 1097 450 1150 illi
505 1093 957 1150 immolabantur:
997 1110 1015 1142 ί
1056 1090 1122 1144 Ει
1177 1089 1448 1145 Feretrius
1505 1103 1610 1142 non
1669 1087 1905 1142 auditur.
1941 1105 1959 1138 ι

374 1189 558 1243 Refert
598 1185 915 1242 Plutarchus
957 1183 1130 1236 varias
1157 1182 1313 1251 hujus
1351 1181 1682 1251 cognominis
1708 1181 1964 1246 rationes,

369 1295 570 1351 easque
629 1278 712 1332 his
765 1276 984 1344 exponit
1036 1275 1216 1328 verbis
1265 1293 1277 1327 :
1320 1282 1560 1344 Φερέτριος
1606 1279 1727 1336 ςεῦς,
1772 1279 1829 1333 ὡς
1881 1279 1967 1338 μὲν

370 1380 484 1426 ἔνιοι
512 1373 671 1440 φασὶν,
696 1374 796 1424 ἀπὸ
823 1379 907 1424 τοῦ
930 1373 1324 1437 φερητρευομὲνου
1350 1377 1599 1435 τροπαίου,
1631 1371 1754 1418 κατά
1779 1376 1864 1424 τὴν
1889 1368 1966 1415 ἑλ-

368 1469 537 1528 λτξνιδα
564 1472 776 1534 γλῶσσαν
804 1470 874 1517 ἔτι
906 1464 1086 1513 πολλὴν
1108 1469 1213 1514 τοτὲ
1240 1465 1632 1525 συμμεμιγμένην
1664 1470 1720 1528 τῇ
1746 1462 1960 1510 λατίνων.

367 1567 433 1619 Ως
464 1560 510 1608 δὲ
530 1561 704 1626 ἕτεραι,
731 1563 838 1614 Δίος
865 1559 963 1608 ἔστι
1006 1569 1033 1612 ἠ
1059 1561 1360 1621 «pecorea/x62.
1403 1556 1859 1620 nspxuvtSoJoUvrog,
1909 1554 1962 1602 τὸ

366 1654 458 1719 γὰρ
478 1653 690 1713 abnuant,
719 1658 896 1718 φτρίρε,
947 1653 990 1698 οἱ
1021 1649 1239 1711 Ρωμαῖοι
1269 1649 1514 1697 καλοῦσιν’
1546 1645 1685 1694 ἄλλοι
1734 1645 1781 1694 δὲ
1830 1644 1964 1710 παρὰ

364 1755 452 1798 τὶν
480 1750 564 1798 ταῦ
587 1748 798 1808 πολέμου
828 1749 1011 1804 πληγὲν
1035 1745 1266 1804 γεγσνέναι
1297 1743 1504 1805 τοῦνομα
1535 1743 1736 1805 λέγωσί
1769 1740 1850 1787 καὶ
1873 1740 1962 1803 γὰρ

365 1842 440 1889 νῦν
471 1841 514 1888 ἓν
539 1839 644 1895 ταῖς
673 1839 858 1900 μάχης
880 1839 992 1886 ὅτάν
1020 1835 1225 1883 διώκωσι
1254 1838 1358 1892 τοὺς
1391 1837 1663 1896 πυλεμίους,
1699 1836 1867 1880 πυκνὸν
1906 1834 1960 1881 τὸ

2079 615 2180 669 trio
2234 615 2450 671 deferri.
2514 619 2717 674 Deinde
2767 637 2893 676 vero
2942 624 3068 691 quid
3117 623 3420 692 significare
3493 633 3669 694 potest

2077 708 2298 763 verbum
2333 728 2350 760 ‹
2393 728 2495 764 non
2526 712 2759 767 auditur.
2799 732 2818 765 ›
2849 713 3114 786 Numquid
3154 716 3452 772 Feretrium
3477 718 3665 774 Jovem

2073 817 2194 857 esse
2243 806 2494 858 mutum?
2540 807 2609 860 At
2666 824 2841 862 nonne
2876 810 3033 863 etiam
3092 820 3269 866 mutus
3317 814 3514 880 pariter
3551 821 3667 869 erat

2071 893 2279 964 Jupiter
2333 897 2606 952 Latiaris?
2657 900 2759 952 Alii
2824 913 2997 956 tanien
3070 905 3324 972 scriptum
3376 906 3428 957 in
3480 904 3666 960 codice

2073 997 2258 1041 nostro
2312 992 2713 1060 manuscripto,
2745 1010 2763 1043 ε
2800 1009 2905 1047 non
2975 994 3210 1061 auditur,
3253 1014 3270 1046 ι
3328 998 3662 1052 retinendum

2071 1092 2294 1134 censent
2319 1123 2333 1147 ,
2367 1093 2526 1152 atque
2556 1084 2867 1138 adverbium
2903 1103 2921 1135 ι
2952 1101 3056 1140 non
3093 1107 3111 1138 ›
3148 1087 3219 1141 ibi
3245 1089 3380 1141 sumi
3411 1103 3508 1158 pro
3533 1104 3665 1144 voce

2077 1191 2094 1224 ‹
2132 1191 2324 1229 nomen
2366 1194 2385 1226 ι
2438 1176 2668 1232 Perinde
2719 1193 2782 1232 ac
2825 1179 2869 1232 si
2918 1178 3178 1235 Minucius
3206 1181 3466 1247 dixisset,
3495 1181 3660 1238 Fere-

2073 1267 2157 1321 trii
2211 1284 2408 1324 nomen
2480 1270 2633 1340 cujus
2697 1271 2904 1328 nullum
2962 1285 3076 1328 erat
3122 1277 3500 1342 simulacrum,
3549 1292 3663 1332 am-

2071 1361 2209 1430 plius
2246 1379 2264 1412 ‹
2294 1376 2402 1416 non
2456 1363 2694 1420 auditur.
2736 1384 2754 1415 ι
2807 1365 3132 1431 Quibusdam
3179 1380 3360 1423 autem
3400 1369 3663 1439 exemplis

2069 1453 2120 1507 id
2172 1455 2400 1523 probare
2456 1459 2733 1524 nituntur,
2811 1461 2902 1512 sed
2957 1476 3075 1530 qua:
3145 1476 3251 1515 non
3306 1462 3483 1532 magni
3537 1474 3663 1518 sunt

2069 1550 2350 1600 momenti.
2386 1547 2520 1613 Quid
2553 1564 2714 1618 ergo,
2747 1551 2791 1603 si
2840 1551 2953 1604 haec
3003 1553 3158 1605 verba
3190 1570 3208 1602 ‹
3247 1567 3352 1606 non
3378 1553 3610 1618 auditur,
3637 1575 3655 1607 ι

2068 1652 2166 1693 suo
2215 1640 2394 1694 nativo
2441 1657 2602 1696 sensu
2663 1643 2926 1711 accipias,
2975 1659 3072 1713 pro
3110 1647 3458 1716 relinquitur,
3510 1662 3661 1716 sper-

2066 1733 2241 1799 nitur,
2288 1734 2689 1788 eontetnnitur?
2735 1733 2927 1789 Nonne
2985 1736 3116 1790 satis
3165 1747 3347 1807 aperta
3405 1739 3661 1810 claraque

2066 1827 2167 1879 erit
2218 1825 2428 1881 Minucni
2482 1831 2778 1895 sententia,
2824 1829 3012 1884 Jovem
3062 1831 3333 1888 Latiarem
3361 1848 3458 1887 suo
3488 1836 3661 1889 adhuc

363 1937 489 2000 φέρι,
520 1937 758 1984 τουτέστιν
805 1936 946 1991 nais,
997 1941 1314 1996 πάρεγγυῶσιν
1362 1930 1608 1983 ἀλλήλοις.
1672 1940 1708 1985 ι,
1745 1921 1956 1990 Jupiter
1984 1923 2021 1982 Ε

2065 1929 2305 1991 tempore
2344 1937 2536 1978 cruore
2593 1925 2879 1993 perfundi,
2937 1925 3031 1981 sed
3094 1945 3196 1982 non
3229 1930 3455 1998 amplius
3489 1914 3659 1985 audiri

368 2024 642 2079 Feretrius
674 2031 888 2076 vocatur
919 2037 948 2073 a
979 2029 1211 2089 tropaeo,
1231 2017 1374 2089 quod
1407 2017 1604 2072 feretro
1623 2015 1950 2085 gestabatur,

367 2116 600 2171 deducto
622 2114 835 2168 nomine
857 2129 885 2166 a
913 2125 1084 2182 graeca
1118 2112 1325 2180 lingua,
1350 2125 1468 2179 qua:
1513 2109 1712 2179 passim
1751 2122 1955 2162 sermo-

363 2209 417 2264 ni
464 2209 627 2262 latino
679 2216 795 2262 erat
843 2206 1003 2260 etiam
1049 2204 1290 2260 confusa.
1341 2202 1447 2257 Alii
1507 2216 1801 2269 c0gnomen
1834 2215 1955 2255 esse

361 2302 695 2358 fulminantis
735 2301 1041 2367 affirmant,
1075 2315 1102 2352 a
1136 2297 1382 2353 feriendo
1409 2297 1631 2351 dictum.
1676 2295 1813 2349 Sunt
1863 2294 1953 2363 qui

361 2396 648 2452 deductum
686 2395 870 2449 volunt
915 2394 980 2448 ab
1023 2393 1249 2453 ictibus.
1301 2390 1390 2461 qui
1444 2391 1494 2443 iti
1543 2389 1686 2443 bello
1714 2387 1954 2444 inferuu-

365 2502 466 2546 tur.
512 2488 645 2545 Nam
698 2503 842 2542 nunc
877 2489 1037 2542 etiam
1092 2487 1145 2539 in
1195 2484 1566 2548 conﬂictibus,
1616 2498 1737 2536 cum
1781 2483 1950 2536 hosti-

361 2584 459 2638 bus
503 2583 704 2637 instant
755 2580 822 2635 ad
871 2576 1424 2644 feriendum,crebro
1498 2577 1849 2630 adhortantur
1893 2589 1954 2629 se

361 2684 544 2730 mutuo
581 2695 599 2727 ι
656 2673 948 2745 (Plutarch.
1009 2674 1062 2725 in
1127 2671 1241 2725 Vita
1300 2670 1550 2737 Marcelli,
1609 2687 1726 2740 pag.
1798 2669 1948 2739 502).

360 2766 521 2821 Addit
555 2764 909 2836 quorumdam
955 2779 1074 2819 esse
1100 2765 1406 2832 opinionem
1451 2762 1673 2816 Numani
1701 2762 1947 2831 jussisse,

361 2873 417 2916 ut
466 2861 635 2930 prima
687 2868 743 2916 et
779 2859 957 2929 Opima
1001 2859 1170 2929 spolia
1219 2857 1338 2913 Jovi
1389 2856 1634 2912 Feretrio
1664 2870 1951 2911 consecra-

359 2965 564 3010 rentur.

435 3045 707 3102 Testatum
751 3055 927 3100 autem
977 3043 1148 3098 Titus
1177 3043 1355 3099 Livius
1402 3044 1527 3099 facit
1578 3047 1677 3098 hoc
1749 3057 1950 3113 cogno-

359 3155 481 3195 men
531 3142 603 3195 illi
655 3140 837 3194 datum
890 3155 918 3192 a
967 3139 1230 3203 Romulo,
1281 3138 1370 3206 qui
1421 3139 1560 3191 victo
1615 3135 1953 3190 ctobtrunc-

357 3245 476 3292 Cato
522 3236 767 3299 Acrone,
823 3234 1180 3288 Caeniensium
1237 3247 1391 3301 rege,
1443 3233 1611 3302 Spolia
1671 3232 1833 3298 ejus:
1873 3228 1951 3283 fa-

2061 2011 2410 2068 Feretrium?
2462 2016 2735 2071 Caeterum
2773 2019 2887 2073 sive
2945 2019 3092 2090 legas
3125 2039 3144 2071 (
3182 2022 3398 2076 auditur
3424 2065 3438 2090 ,
3479 2043 3497 2074 ι
3548 2025 3660 2079 sive

2067 2123 2084 2153 ‹
2139 2105 2317 2159 aditur
2341 2149 2354 2171 ,
2407 2127 2424 2159 ι
2461 2124 2560 2162 nec
2593 2112 2818 2164 multant
2859 2111 3069 2166 diversa
3101 2129 3288 2168 eorum
3319 2117 3656 2185 significatio,

2059 2212 2159 2254 nec
2185 2215 2216 2253 a
2245 2201 2460 2257 Minucii
2495 2213 2676 2258 mente
2701 2205 2857 2259 valde
2901 2206 3072 2261 aliena
3104 2208 3388 2264 videbitur.

2131 2292 2371 2362 Denique
2406 2313 2424 2344 c
2457 2303 2554 2361 tot,
2589 2295 2758 2365 inquit
2783 2296 2957 2351 adhuc
2977 2297 3266 2365 Minucius,
3301 2300 3450 2356 Jovis
3479 2319 3660 2359 mons-

2060 2393 2170 2448 tra,
2222 2397 2349 2454 quot
2390 2386 2628 2440 nomina.
2686 2407 2704 2439 ι
2738 2388 2807 2441 Ει
2863 2388 2983 2443 ideo
3036 2401 3186 2446 certe
3231 2391 3564 2464 Theophilus
3603 2399 3654 2452 in

2059 2492 2155 2530 suo
2192 2477 2258 2530 ad
2309 2479 2630 2549 Autolycum
2686 2480 2856 2534 libro:
2896 2498 2914 2531 ι
2950 2481 3048 2547 Te,
3078 2483 3290 2553 aiebat,
3322 2487 3656 2561 interrogare

2059 2568 2225 2633 lubet,
2269 2585 2302 2623 ο
2334 2570 2516 2634 homo,
2562 2581 2614 2625 et
2639 2582 2769 2642 quot
2823 2574 3037 2629 tandem
3086 2577 3422 2634 inveniantur
3473 2583 3654 2640 Jores.

2057 2669 2167 2723 Ζεὺς
2187 2671 2271 2728 μὲν
2296 2668 2388 2733 γὰρ
2408 2670 2451 2716 ἒν
2468 2673 2674 2733 πρώτοις
2704 2673 3098 2736 πρᾶσς’-χορεύετε(
3123 2659 3392 2737 ὀλύμπιος,
3435 2679 3516 2726 καιὶ
3547 2685 3655 2739 Ζεὺς

2057 2761 2341 2824 Λκντεᾶριος,
2375 2762 2456 2808 καὶ
2482 2765 2591 2818 Ζιὺς
2615 2765 2848 2824 Kac-rios,
2877 2765 2958 2811 καὶ
2981 2768 3090 2819 Ζεὺς
3120 2760 3394 2832 Κεραύνιος,
3426 2771 3507 2819 καὶ
3545 2777 3654 2831 Ζεὺς

2058 2853 2341 2917 Προποὶτωρ,
2361 2860 2445 2901 nui
2464 2856 2574 2910 Ζεὺς
2600 2854 2876 2916 Πάνώχιος,
2901 2859 2980 2904 καὶ
3006 2859 3115 2914 Ζεὺς
3143 2861 3418 2923 Πολιοῦχος,
3443 2863 3523 2911 καὶ
3544 2867 3654 2922 Ζεὺς

2057 2947 2368 3001 Rana-mm;
2409 2961 2418 2996 ;
2457 2942 2665 3012 Jupiter
2720 2945 2946 3011 primum
2994 2946 3303 3016 Olympius,
3334 2949 3527 3006 deinde
3556 2953 3654 3008 La-

2059 3031 2238 3098 tiaris,
2283 3033 2529 3099 Cassius,
2578 3034 2945 3102 Fuhninator,
3004 3037 3304 3108 l’ropater,
3387 3042 3648 3114 Pervigil,

2056 3125 2271 3180 urbium
2323 3127 2621 3194 Defensor,
2665 3127 3022 3197 Capitolinus.
3081 3131 3147 3185 Et
3176 3132 3391 3214 quidem
3423 3135 3649 3207 Jupiter,

2058 3220 2279 3275 Saturni
2334 3222 2512 3288 filius,
2544 3224 2881 3278 Cretensium
2933 3241 3030 3280 rex
3061 3268 3075 3291 ,
3125 3227 3176 3281 in
3205 3228 3364 3284 Creta
3413 3235 3653 3301 sepultus

262 3327 273 3338 '
357 3327 562 3384 bricato
599 3328 663 3382 ad
692 3328 742 3382 id
791 3337 916 3396 apto
965 3325 1191 3392 ferculo,
1231 3344 1249 3375 ι
1299 3325 1434 3379 Livii
1469 3326 1580 3394 ipsa
1609 3332 1733 3379 sunt
1764 3323 1946 3390 verba,
1979 3319 2023 3382 C
2057 3321 2141 3366 εει
2181 3331 2198 3363 ³
2233 3315 2253 3384 (
2287 3311 2554 3384 Tlteopliil.
2610 3315 2700 3370 lib.
2745 3329 2776 3369 u
2818 3316 2886 3369 ad
2913 3317 3188 3389 Autolycli.
3232 3336 3350 3392 pag.
3398 3322 3509 3395 76).
3541 3327 3656 3381 Cac-

365 3440 383 3474 l
416 3437 612 3492 gerens
641 3422 693 3476 in
717 3420 1037 3492 Capitolium
1065 3418 1342 3485 ascendit;
1397 3419 1574 3489 ibique
1621 3435 1682 3473 ea
1737 3435 1854 3473 cuin
1884 3418 1950 3474 ad

356 3531 612 3588 quercum
643 3515 946 3586 pastoribus
978 3528 1186 3569 sacram
1215 3513 1554 3582 deposuisset
1581 3553 1594 3577 ,
1645 3513 1801 3567 simul
1828 3527 1948 3567 cum

357 3609 496 3666 dono
529 3609 830 3679 designavit
883 3608 1084 3677 templo
1136 3607 1282 3661 Jovis
1334 3607 1487 3674 ﬁnes,
1541 3621 1952 3677 cognomenque

356 3703 556 3759 addidit
615 3705 769 3757 Deo:
826 3701 1033 3771 Jupiter
1095 3699 1336 3767 Feretri,
1392 3701 1595 3770 inquit,
1672 3701 1786 3756 hinc
1857 3701 1947 3755 tibi

356 3796 531 3849 victor
585 3794 840 3848 Romulus
868 3810 963 3848 rex
1007 3795 1152 3864 regia
1186 3809 1331 3847 arma
1375 3792 1526 3858 fero,
1580 3794 1949 3864 templumque

356 3889 424 3944 iis
477 3887 816 3957 regionibus,
871 3901 1002 3957 quas
1052 3887 1212 3941 modo
1264 3887 1444 3940 animo
1495 3894 1723 3940 metatus
1776 3900 1894 3939 smn
1930 3927 1947 3950 ,

355 3980 550 4036 dedico
595 3979 778 4035 sedem
812 3979 1005 4048 opimis
1053 3978 1238 4048 spoliis
1260 4021 1272 4041 ,
1305 3993 1424 4048 qua:
1447 3978 1662 4049 regibus
1689 3976 1948 4032 duellius-

353 4091 457 4145 que
514 4072 746 4128 hostium
787 4072 971 4135 caesis,
1031 4086 1117 4125 me
1165 4080 1438 4125 auctorem
1477 4079 1793 4139 sequentes,
1827 4083 1948 4138 pos-

355 4169 452 4222 teri
485 4167 660 4222 fereut
696 4183 715 4216 »
747 4163 877 4235 (Liv.
913 4163 1004 4219 lib.
1041 4179 1077 4228 ι,
1130 4163 1157 4233 §
1201 4161 1332 4233 10).
1366 4161 1623 4216 Eamdeni
1669 4160 1946 4214 historiam

354 4262 624 4316 memoria:
670 4261 1114 4317 commendarunt
1157 4275 1259 4314 non
1312 4261 1483 4314 solum
1520 4258 1805 4328 Dionysius
1847 4257 1948 4310 Ha-

354 4353 754 4418 licarnassmus,
811 4353 946 4408 Dion
1000 4352 1251 4418 Cassius,
1301 4350 1524 4416 Florus,
1562 4348 1784 4403 Messala
1809 4347 1944 4402 Cor-

353 4446 526 4510 vinus,
563 4447 762 4515 aliique
811 4443 1026 4518 (Diony.
1063 4441 1188 4496 Hal.
1224 4443 1310 4496 lib.
1360 4457 1417 4506 ll,
1473 4457 1592 4511 pag.
1639 4440 1776 4505 182;
1809 4438 1947 4493 Dion

353 4539 494 4594 Cass.
540 4539 628 4592 lib.
660 4554 782 4592 xuv
835 4536 974 4591 Hist.
1009 4534 1159 4591 Romi
1201 4552 1319 4607 pag.
1357 4537 1486 4603 9.71;
1534 4533 1743 4599 Florus,
1781 4533 1868 4588 lib.
1904 4549 1942 4600 1,

350 4649 466 4702 cap.
503 4635 556 4699 l;
589 4632 744 4708 Mess.
789 4631 940 4688 Coro.
973 4632 1059 4685 lib.
1094 4633 1156 4685 de
1200 4633 1418 4701 August.
1463 4648 1607 4701 prog.
1640 4645 1759 4700 pag.
1789 4629 1941 4699 551).

352 4725 420 4780 At
442 4727 553 4794 jam
599 4725 845 4780 citatusa
905 4724 1056 4779 nobis
1102 4725 1328 4794 ipsemet
1368 4725 1529 4780 etiam
1583 4723 1938 4786 Plutarchus,
1965 4711 2021 4772 D

352 4827 539 4888 aperte
584 4818 845 4888 signiﬁcat
883 4818 1006 4872 inde
1051 4832 1301 4872 manasse
1353 4833 1595 4882 morem,
1652 4826 1708 4871 ut
1767 4817 1945 4885 opima

351 4915 650 4969 occisorum
699 4915 891 4969 dueum
945 4914 1114 4986 spolia
1177 4915 1348 4970 eidem
1393 4914 1510 4971 Jovi
1559 4915 1799 4970 Feretrio
1841 4913 1947 4970 fer—

350 5014 540 5060 rentur
593 5005 887 5077 (Plutarclt.
942 5008 994 5059 in
1051 5005 1164 5058 Vita
1223 5006 1452 5061 Romuli.
1500 5023 1619 5078 pag.
1661 5006 1778 5078 27).
1811 5006 1948 5062 Hinc

350 5099 512 5153 etiam
551 5098 860 5169 Propertius
887 5099 1113 5154 canebat
1141 5118 1154 5153 :

442 5267 454 5280 .
522 5269 537 5294 .
609 5268 620 5279 .
696 5273 705 5282 .
780 5273 788 5281 .
861 5272 871 5279 .
941 5269 953 5281 .
1025 5269 1035 5278 .
1105 5231 1257 5283 Causa
1293 5231 1532 5294 Feretri,-

506 5293 665 5344 Omne
697 5297 827 5357 quod
853 5296 1127 5344 certodux
1155 5295 1269 5344 ferit
1295 5310 1417 5345 ense
1433 5295 1626 5345 ducem.

439 5355 548 5420 Seu,
563 5360 679 5420 quia
699 5355 823 5408 victa
848 5359 950 5407 suis
972 5357 1192 5408 humeris
1215 5359 1316 5407 haec
1338 5372 1469 5406 arma
1487 5359 1729 5418 ferebant,

509 5419 843 5471 HincFeretri
864 5421 1007 5470 ducta
1031 5427 1108 5470 est
1127 5433 1209 5469 ara
1234 5423 1450 5484 superba
1473 5421 1626 5470 Jovis.

1217 5502 1468 5567 (Propert.
1493 5502 1526 5552 l.
1554 5504 1644 5564 tv.)

348 5630 574 5696 Quidam
617 5647 744 5688 vero
773 5635 826 5688 in
877 5633 979 5689 hoc
1023 5632 1238 5688 Minucii
1269 5641 1436 5697 textu,
1475 5650 1493 5681 ε
1534 5629 1808 5684 Feretrius
1835 5643 1942 5683 non

348 5723 585 5790 auditur,
625 5746 642 5777 ι
691 5737 1002 5798 corruptum
1036 5742 1158 5783 esse
1189 5732 1375 5797 putant
1425 5725 1668 5779 ultimum
1717 5724 1940 5778 verbum

352 5835 372 5867 ι
421 5817 664 5884 auditur,
698 5839 716 5872 ι
773 5837 837 5877 ac
890 5821 1173 5892 legendum
1202 5839 1220 5872 ‹
1257 5821 1454 5875 aditur.
1490 5837 1508 5870 ι
1568 5817 1740 5873 Numa
1796 5817 1940 5872 enim

347 5906 642 5979 Pompilius
691 5922 810 5982 post
867 5913 1082 5968 Romuli
1136 5920 1365 5967 mortem
1404 5910 1563 5980 jussit
1610 5909 1788 5978 opima
1817 5907 1941 5964 hos-

2058 3413 2202 3462 teros
2264 3417 2442 3462 autem
2493 3408 2656 3465 loves
2709 3410 2854 3466 nulla
2905 3412 3179 3483 sepultura
3246 3415 3436 3487 dignos
3490 3419 3653 3475 fuisse

2056 3501 2364 3554 arbitratur.

2130 3593 2300 3649 Porro
2351 3605 2529 3650 autem
2593 3596 2660 3652 de
2710 3597 2912 3654 infinita
2982 3602 3367 3671 propemodum
3414 3603 3649 3673 illorum,

2054 3702 2191 3756 quos
2242 3697 2511 3746 trecentos
2562 3691 2778 3760 quidam
2841 3694 3146 3764 fingebant,
3201 3695 3409 3752 Jovium
3497 3699 3646 3753 turba

2054 3791 2108 3833 et
2155 3780 2532 3847 multitudine,
2579 3792 2670 3837 aut
2719 3793 2775 3837 ut
2819 3795 2964 3840 recte
3038 3796 3224 3841 auctor
3273 3800 3454 3845 noster
3493 3792 3645 3861 dixit,

2053 3875 2310 3927 monstris
2376 3884 2431 3928 et
2503 3876 2764 3943 portentis
2822 3877 3021 3933 videsis
3079 3880 3276 3934 Litium
3338 3883 3644 3953 Giraldum,

2052 3977 2116 4017 ac
2145 3963 2190 4018 si
2218 3965 2364 4018 lubet
2384 3975 2437 4019 et
2473 3975 2624 4020 vacat
2649 4009 2663 4032 ,
2697 3983 2818 4037 quae
2848 3970 2977 4024 alibi
3007 3971 3396 4040 disputavimus
3417 3974 3646 4046 (Girald.

2053 4052 2190 4107 Hist.
2245 4055 2386 4108 deor.
2417 4056 2639 4126 Syntag.
2668 4057 2724 4124 2,
2755 4075 2875 4129 pag.
2910 4061 2979 4114 72
3006 4073 3052 4115 et
3100 4078 3237 4133 seqq.
3283 4062 3472 4119 Tom.t
3542 4068 3649 4139 Ap-

2051 4157 2219 4216 parat.
2254 4146 2343 4201 lib.
2369 4163 2447 4215 ut,
2484 4149 2669 4204 dissert
2717 4151 2769 4217 1,
2814 4166 2932 4220 cap.
2967 4153 3022 4221 9,
3071 4168 3190 4224 pag.
3250 4155 3399 4226 752).

2637 4242 2927 4322 Λητιέυιυε
2966 4285 3043 4324 Ill.

2051 4373 2344 4447 Exponitur
2373 4379 2515 4433 aliud
2545 4382 2771 4451 ejusdem
2812 4387 3054 4441 momenti
3079 4400 3434 4460 argumentum
3461 4434 3476 4460 ,
3508 4396 3644 4466 quod

2124 4473 2432 4544 deprompsit
2493 4473 2750 4530 Minucius
2800 4496 2862 4532 ea;
2917 4481 3174 4554 indignis,
3239 4495 3285 4538 et
3345 4490 3648 4559 turpissimis

2124 4567 2331 4620 deorum
2361 4569 2526 4639 fact-is,
2561 4570 2739 4640 quibus
2765 4575 3022 4642 ferebatur
3065 4575 3286 4648 Erigone
3331 4582 3508 4654 laqueo
3536 4603 3648 4641 sus-

2121 4677 2299 4729 pensa,
2325 4660 2505 4714 Castor
2529 4671 2576 4716 et
2605 4661 2798 4718 Pollux
2818 4667 3025 4722 alternis
3052 4687 3111 4724 ac
3142 4677 3428 4743 morientes,
3463 4677 3651 4734 [Esca-

2121 4751 2289 4821 lapius
2336 4754 2553 4824 fulmine
2586 4773 2877 4828 percussus,
2933 4761 3106 4818 (Eleis
3149 4765 3347 4836 ignibus
3399 4782 3649 4828 crematus

2123 4843 2172 4897 Η
2181 4846 2391 4900 ercules.

2130 4980 2212 5035 Ab
2258 4981 2665 5039 absurdissimis
2709 4987 2975 5058 planeque
3023 4988 3261 5044 ridiculis
3286 4991 3506 5047 deorum
3540 4993 3648 5049 for-

2053 5074 2156 5127 mis
2201 5078 2393 5130 transit
2450 5076 2709 5133 Minucius
2752 5081 2818 5134 ad
2859 5082 3161 5150 turpissima
3209 5085 3541 5155 nelandaque
3586 5087 3648 5141 il—

2055 5165 2227 5218 lorum
2276 5165 2546 5235 facinora,
2601 5170 2794 5238 quibus
2847 5172 2965 5225 illos
3003 5187 3109 5226 non
3169 5175 3330 5229 modo
3376 5175 3602 5232 deorum
3631 5219 3644 5244 ,

2047 5255 2145 5311 sed
2213 5255 2487 5312 hominum
2544 5261 2706 5314 etiam
2775 5262 2980 5316 ratione
3026 5264 3370 5332 prmditorum
3428 5268 3646 5324 nomine

2048 5365 2271 5419 prorsus
2326 5350 2572 5421 indignos
2632 5368 2753 5408 esse
2817 5355 3222 5415 evidentissinte
3291 5359 3643 5419 demonstrat.

2048 5443 2129 5496 Ad
2178 5442 2229 5497 id
2275 5453 2455 5498 autem
2506 5445 2837 5514 probandum
2888 5449 3040 5518 plura
3080 5465 3145 5505 ex
3204 5451 3269 5508 iis
3338 5457 3644 5526 singillatim

2048 5545 2330 5605 recenset,
2379 5552 2609 5607 eumque
2651 5539 2706 5603 in
2750 5539 2882 5606 hac,
2925 5543 3376 5612 quemadmodum
3408 5549 3460 5604 in
3488 5563 3646 5621 supe-

2045 5631 2174 5687 riori
2223 5635 2721 5702 argumentatione,
2759 5643 3067 5706 sequemur.

2120 5723 2199 5778 Ab
2232 5723 2462 5794 Erigone
2502 5735 2680 5780 autem
2747 5727 2959 5784 dicendi
2991 5733 3154 5787 sumit
3178 5733 3385 5790 initium
3417 5755 3430 5792 :
3467 5757 3484 5788 ‹
3515 5737 3645 5805 Quae

2045 5827 2304 5884 suspensa
2359 5856 2373 5880 ,
2421 5816 2562 5872 sicut
2619 5817 2710 5873 ille
2752 5819 2844 5886 ait,
2893 5821 2961 5877 de
3009 5823 3202 5894 laqueo
3239 5835 3349 5892 est;
3405 5837 3461 5881 ut
3493 5828 3644 5898 virgo

2047 5909 2186 5965 inter
2234 5920 2374 5966 astra
2429 5911 2588 5980 ignita
2641 5913 2728 5968 sit.
2771 5933 2787 5964 ι
2848 5915 3050 5988 DUpIex
3084 5936 3213 5976 vero
3261 5930 3344 5978 est
3402 5921 3644 5994 Scripto-
