  <div class='ocr_page' id='page_1' title='image "/cluster/home/n/w/nwhite01/storage/ocr_20150623/3/hvd.32044054086798/341.png"; bbox 0 0 4242 6222; ppageno 0'>
   <div class='ocr_carea' id='block_1_1' title="bbox 610 249 717 303">
    <p class='ocr_par' dir='ltr' id='par_1_1' title="bbox 610 249 717 303">
     <span class='ocr_line' id='line_1_1' title="bbox 610 249 717 303; baseline 0 -1"><span class='ocrx_word' id='word_1_1' title='bbox 610 249 717 303; x_wconf 79' lang='grc'><strong>585</strong></span> 
     </span>
    </p>
   </div>
   <div class='ocr_carea' id='block_1_2' title="bbox 1896 241 3913 303">
    <p class='ocr_par' dir='ltr' id='par_1_2' title="bbox 1896 241 3913 303">
     <span class='ocr_line' id='line_1_2' title="bbox 1896 241 3913 303; baseline -0 -3"><span class='ocrx_word' id='word_1_2' title='bbox 1896 244 1985 301; x_wconf 87' lang='lat' dir='ltr'><strong>DE</strong></span> <span class='ocrx_word' id='word_1_3' title='bbox 2025 242 2287 303; x_wconf 79' lang='lat' dir='ltr'><strong>MINUCII</strong></span> <span class='ocrx_word' id='word_1_4' title='bbox 2326 241 2622 303; x_wconf 76' lang='lat' dir='ltr'><strong>OCTAVIO</strong></span> <span class='ocrx_word' id='word_1_5' title='bbox 3808 244 3913 299; x_wconf 73' lang='grc'><strong>581</strong></span> 
     </span>
    </p>
   </div>
   <div class='ocr_carea' id='block_1_3' title="bbox 609 354 3913 432">
    <p class='ocr_par' dir='ltr' id='par_1_3' title="bbox 609 354 3913 432">
     <span class='ocr_line' id='line_1_3' title="bbox 609 354 3913 432; baseline -0.002 -16"><span class='ocrx_word' id='word_1_6' title='bbox 609 378 728 416; x_wconf 90' lang='lat' dir='ltr'><strong>rum</strong></span> <span class='ocrx_word' id='word_1_7' title='bbox 774 359 1110 416; x_wconf 78' lang='lat' dir='ltr'><strong>ethnicorum</strong></span> <span class='ocrx_word' id='word_1_8' title='bbox 1166 359 1234 415; x_wconf 93' lang='lat' dir='ltr'><strong>de</strong></span> <span class='ocrx_word' id='word_1_9' title='bbox 1285 358 1376 414; x_wconf 89' lang='lat' dir='ltr'><strong>illa</strong></span> <span class='ocrx_word' id='word_1_10' title='bbox 1430 358 1664 430; x_wconf 83' lang='lat' dir='ltr'><strong>Erigone</strong></span> <span class='ocrx_word' id='word_1_11' title='bbox 1716 358 1917 429; x_wconf 78' lang='lat' dir='ltr'><strong>opinio,</strong></span> <span class='ocrx_word' id='word_1_12' title='bbox 1952 377 2045 416; x_wconf 90' lang='lat' dir='ltr'><strong>seu</strong></span> <span class='ocrx_word' id='word_1_13' title='bbox 2090 376 2201 432; x_wconf 85' lang='lat' dir='ltr'><strong>po—</strong></span> <span class='ocrx_word' id='word_1_14' title='bbox 2230 367 2279 426; x_wconf 84' lang='grc' dir='ltr'><strong>Α</strong></span> <span class='ocrx_word' id='word_1_15' title='bbox 2310 363 2477 415; x_wconf 74' lang='lat' dir='ltr'><strong>ternis</strong></span> <span class='ocrx_word' id='word_1_16' title='bbox 2522 363 2699 431; x_wconf 89' lang='lat' dir='ltr'><strong>itaque</strong></span> <span class='ocrx_word' id='word_1_17' title='bbox 2752 357 2943 414; x_wconf 89' lang='lat' dir='ltr'><strong>diebus</strong></span> <span class='ocrx_word' id='word_1_18' title='bbox 2990 358 3175 412; x_wconf 81' lang='lat' dir='ltr'><strong>vivere</strong></span> <span class='ocrx_word' id='word_1_19' title='bbox 3228 354 3355 411; x_wconf 91' lang='lat' dir='ltr'><strong>dicti</strong></span> <span class='ocrx_word' id='word_1_20' title='bbox 3401 362 3557 420; x_wconf 87' lang='lat' dir='ltr'><strong>sunt,</strong></span> <span class='ocrx_word' id='word_1_21' title='bbox 3589 355 3694 421; x_wconf 91' lang='lat' dir='ltr'><strong>vel,</strong></span> <span class='ocrx_word' id='word_1_22' title='bbox 3730 365 3787 411; x_wconf 89' lang='lat' dir='ltr'><strong>ut</strong></span> <span class='ocrx_word' id='word_1_23' title='bbox 3839 359 3913 411; x_wconf 91' lang='lat' dir='ltr'><strong>ait</strong></span> 
     </span>
    </p>
   </div>
   <div class='ocr_carea' id='block_1_4' title="bbox 610 453 2207 523">
    <p class='ocr_par' dir='ltr' id='par_1_4' title="bbox 610 453 2207 523">
     <span class='ocr_line' id='line_1_4' title="bbox 610 453 2207 523; baseline -0.001 -15"><span class='ocrx_word' id='word_1_24' title='bbox 610 454 717 509; x_wconf 91' lang='lat' dir='ltr'><strong>tius</strong></span> <span class='ocrx_word' id='word_1_25' title='bbox 775 454 971 509; x_wconf 76' lang='lat' dir='ltr'><strong>fabula.</strong></span> <span class='ocrx_word' id='word_1_26' title='bbox 1022 456 1069 519; x_wconf 68' lang='grc' dir='ltr'>Α</span> <span class='ocrx_word' id='word_1_27' title='bbox 1114 453 1435 523; x_wconf 72' lang='lat' dir='ltr'><strong>quibu~dam</strong></span> <span class='ocrx_word' id='word_1_28' title='bbox 1477 453 1621 508; x_wconf 87' lang='lat' dir='ltr'><strong>enim</strong></span> <span class='ocrx_word' id='word_1_29' title='bbox 1676 453 1870 508; x_wconf 86' lang='lat' dir='ltr'><strong>dicitur</strong></span> <span class='ocrx_word' id='word_1_30' title='bbox 1912 455 2017 509; x_wconf 92' lang='lat' dir='ltr'><strong>ﬁlia</strong></span> <span class='ocrx_word' id='word_1_31' title='bbox 2076 454 2207 508; x_wconf 83' lang='lat' dir='ltr'><strong>Icari</strong></span> 
     </span>
    </p>
   </div>
   <div class='ocr_carea' id='block_1_5' title="bbox 611 546 2209 616">
    <p class='ocr_par' dir='ltr' id='par_1_5' title="bbox 611 546 2209 616">
     <span class='ocr_line' id='line_1_5' title="bbox 611 546 2209 616; baseline -0.003 -12"><span class='ocrx_word' id='word_1_32' title='bbox 611 548 985 612; x_wconf 81' lang='lat' dir='ltr'><strong>Atheniensis,</strong></span> <span class='ocrx_word' id='word_1_33' title='bbox 1042 562 1200 616; x_wconf 86' lang='lat' dir='ltr'><strong>quem</strong></span> <span class='ocrx_word' id='word_1_34' title='bbox 1246 562 1370 601; x_wconf 88' lang='lat' dir='ltr'><strong>cum</strong></span> <span class='ocrx_word' id='word_1_35' title='bbox 1414 546 1598 600; x_wconf 88' lang='lat' dir='ltr'><strong>rustici</strong></span> <span class='ocrx_word' id='word_1_36' title='bbox 1630 546 1912 600; x_wconf 62' lang='lat' dir='ltr'><strong>temulenti</strong></span> <span class='ocrx_word' id='word_1_37' title='bbox 1981 547 2209 600; x_wconf 89' lang='lat' dir='ltr'><strong>occidis-</strong></span> 
     </span>
    </p>
   </div>
   <div class='ocr_carea' id='block_1_6' title="bbox 610 639 2209 709">
    <p class='ocr_par' dir='ltr' id='par_1_6' title="bbox 610 639 2209 709">
     <span class='ocr_line' id='line_1_6' title="bbox 610 639 2209 709; baseline -0.002 -11"><span class='ocrx_word' id='word_1_38' title='bbox 610 650 753 707; x_wconf 82' lang='lat' dir='ltr'><strong>sent,</strong></span> <span class='ocrx_word' id='word_1_39' title='bbox 801 640 887 693; x_wconf 90' lang='lat' dir='ltr'><strong>illa</strong></span> <span class='ocrx_word' id='word_1_40' title='bbox 942 648 1180 709; x_wconf 66' lang='lat' dir='ltr'><strong>paterna:</strong></span> <span class='ocrx_word' id='word_1_41' title='bbox 1226 640 1371 694; x_wconf 86' lang='lat' dir='ltr'><strong>necis</strong></span> <span class='ocrx_word' id='word_1_42' title='bbox 1417 654 1447 693; x_wconf 89' lang='lat' dir='ltr'><strong>a</strong></span> <span class='ocrx_word' id='word_1_43' title='bbox 1502 654 1634 693; x_wconf 90' lang='lat' dir='ltr'><strong>cane</strong></span> <span class='ocrx_word' id='word_1_44' title='bbox 1664 639 1955 707; x_wconf 87' lang='lat' dir='ltr'><strong>admonita,</strong></span> <span class='ocrx_word' id='word_1_45' title='bbox 1990 642 2209 709; x_wconf 80' lang='lat' dir='ltr'><strong>visOque</strong></span> 
     </span>
    </p>
   </div>
   <div class='ocr_carea' id='block_1_7' title="bbox 608 731 2205 802">
    <p class='ocr_par' dir='ltr' id='par_1_7' title="bbox 608 731 2205 802">
     <span class='ocr_line' id='line_1_7' title="bbox 608 731 2205 802; baseline -0.002 -13"><span class='ocrx_word' id='word_1_46' title='bbox 608 735 753 790; x_wconf 91' lang='lat' dir='ltr'><strong>illius</strong></span> <span class='ocrx_word' id='word_1_47' title='bbox 811 731 1092 799; x_wconf 83' lang='lat' dir='ltr'><strong>cadavere,</strong></span> <span class='ocrx_word' id='word_1_48' title='bbox 1140 733 1333 802; x_wconf 86' lang='lat' dir='ltr'><strong>laqueo</strong></span> <span class='ocrx_word' id='word_1_49' title='bbox 1380 748 1438 787; x_wconf 91' lang='lat' dir='ltr'><strong>se</strong></span> <span class='ocrx_word' id='word_1_50' title='bbox 1481 731 1781 802; x_wconf 85' lang='lat' dir='ltr'><strong>suspendit.</strong></span> <span class='ocrx_word' id='word_1_51' title='bbox 1822 734 1950 788; x_wconf 83' lang='lat' dir='ltr'><strong>Post</strong></span> <span class='ocrx_word' id='word_1_52' title='bbox 1980 743 2205 788; x_wconf 86' lang='lat' dir='ltr'><strong>mortem</strong></span> 
     </span>
    </p>
   </div>
   <div class='ocr_carea' id='block_1_8' title="bbox 612 825 2208 896">
    <p class='ocr_par' dir='ltr' id='par_1_8' title="bbox 612 825 2208 896">
     <span class='ocr_line' id='line_1_8' title="bbox 612 825 2208 896; baseline 0.001 -17"><span class='ocrx_word' id='word_1_53' title='bbox 612 841 742 881; x_wconf 83' lang='lat' dir='ltr'><strong>vero</strong></span> <span class='ocrx_word' id='word_1_54' title='bbox 787 828 899 896; x_wconf 87' lang='lat' dir='ltr'><strong>ipsa</strong></span> <span class='ocrx_word' id='word_1_55' title='bbox 950 825 1119 895; x_wconf 87' lang='lat' dir='ltr'><strong>virgo,</strong></span> <span class='ocrx_word' id='word_1_56' title='bbox 1151 842 1212 879; x_wconf 86' lang='lat' dir='ltr'><strong>ae</strong></span> <span class='ocrx_word' id='word_1_57' title='bbox 1256 826 1407 880; x_wconf 87' lang='lat' dir='ltr'><strong>canis</strong></span> <span class='ocrx_word' id='word_1_58' title='bbox 1445 827 1678 880; x_wconf 86' lang='lat' dir='ltr'><strong>monitor</strong></span> <span class='ocrx_word' id='word_1_59' title='bbox 1731 842 1827 881; x_wconf 90' lang='lat' dir='ltr'><strong>suo</strong></span> <span class='ocrx_word' id='word_1_60' title='bbox 1887 828 2102 881; x_wconf 90' lang='lat' dir='ltr'><strong>nomine</strong></span> <span class='ocrx_word' id='word_1_61' title='bbox 2123 842 2208 881; x_wconf 86' lang='lat' dir='ltr'><strong>se-</strong></span> 
     </span>
    </p>
   </div>
   <div class='ocr_carea' id='block_1_9' title="bbox 610 918 1709 989">
    <p class='ocr_par' dir='ltr' id='par_1_9' title="bbox 610 918 1709 989">
     <span class='ocr_line' id='line_1_9' title="bbox 610 918 1709 989; baseline -0.004 -14"><span class='ocrx_word' id='word_1_62' title='bbox 610 920 732 975; x_wconf 92' lang='lat' dir='ltr'><strong>dem</strong></span> <span class='ocrx_word' id='word_1_63' title='bbox 789 919 929 973; x_wconf 91' lang='lat' dir='ltr'><strong>inter</strong></span> <span class='ocrx_word' id='word_1_64' title='bbox 966 928 1107 972; x_wconf 91' lang='lat' dir='ltr'><strong>astra</strong></span> <span class='ocrx_word' id='word_1_65' title='bbox 1157 918 1355 973; x_wconf 89' lang='lat' dir='ltr'><strong>habere</strong></span> <span class='ocrx_word' id='word_1_66' title='bbox 1422 918 1709 989; x_wconf 91' lang='lat' dir='ltr'><strong>ﬁnguntur.</strong></span> 
     </span>
    </p>
   </div>
   <div class='ocr_carea' id='block_1_10' title="bbox 686 1009 2207 1082">
    <p class='ocr_par' dir='ltr' id='par_1_10' title="bbox 686 1009 2207 1082">
     <span class='ocr_line' id='line_1_10' title="bbox 686 1009 2207 1082; baseline -0.002 -17"><span class='ocrx_word' id='word_1_67' title='bbox 686 1009 1015 1065; x_wconf 87' lang='lat' dir='ltr'><strong>Fabulantur</strong></span> <span class='ocrx_word' id='word_1_68' title='bbox 1058 1011 1145 1064; x_wconf 85' lang='lat' dir='ltr'><strong>alii</strong></span> <span class='ocrx_word' id='word_1_69' title='bbox 1189 1010 1473 1080; x_wconf 84' lang='lat' dir='ltr'><strong>Erigoncm</strong></span> <span class='ocrx_word' id='word_1_70' title='bbox 1520 1010 1681 1065; x_wconf 74' lang='lat' dir='ltr'><strong>fuisse</strong></span> <span class='ocrx_word' id='word_1_71' title='bbox 1714 1009 1944 1081; x_wconf 67' lang='lat' dir='ltr'><strong>Egysti,</strong></span> <span class='ocrx_word' id='word_1_72' title='bbox 1976 1020 2031 1065; x_wconf 90' lang='lat' dir='ltr'><strong>et</strong></span> <span class='ocrx_word' id='word_1_73' title='bbox 2082 1010 2207 1082; x_wconf 81' lang='lat' dir='ltr'><strong>Cly—</strong></span> 
     </span>
    </p>
   </div>
   <div class='ocr_carea' id='block_1_11' title="bbox 614 1101 2209 1171">
    <p class='ocr_par' dir='ltr' id='par_1_11' title="bbox 614 1101 2209 1171">
     <span class='ocr_line' id='line_1_11' title="bbox 614 1101 2209 1171; baseline -0.003 -11"><span class='ocrx_word' id='word_1_74' title='bbox 614 1112 925 1160; x_wconf 77' lang='lat' dir='ltr'><strong>temnestra:</strong></span> <span class='ocrx_word' id='word_1_75' title='bbox 972 1102 1157 1168; x_wconf 92' lang='lat' dir='ltr'><strong>ﬁliam,</strong></span> <span class='ocrx_word' id='word_1_76' title='bbox 1190 1118 1308 1171; x_wconf 75' lang='lat' dir='ltr'><strong>qua:</strong></span> <span class='ocrx_word' id='word_1_77' title='bbox 1338 1111 1395 1155; x_wconf 88' lang='lat' dir='ltr'><strong>ut</strong></span> <span class='ocrx_word' id='word_1_78' title='bbox 1432 1101 1675 1157; x_wconf 84' lang='lat' dir='ltr'><strong>OreStem</strong></span> <span class='ocrx_word' id='word_1_79' title='bbox 1703 1110 1998 1167; x_wconf 66' lang='lat' dir='ltr'><strong>acetisaret,</strong></span> <span class='ocrx_word' id='word_1_80' title='bbox 2042 1102 2209 1156; x_wconf 79' lang='lat' dir='ltr'><strong>Athe-</strong></span> 
     </span>
    </p>
   </div>
   <div class='ocr_carea' id='block_1_12' title="bbox 613 1195 2207 1266">
    <p class='ocr_par' dir='ltr' id='par_1_12' title="bbox 613 1195 2207 1266">
     <span class='ocr_line' id='line_1_12' title="bbox 613 1195 2207 1266; baseline -0.002 -12"><span class='ocrx_word' id='word_1_81' title='bbox 613 1214 709 1254; x_wconf 85' lang='lat' dir='ltr'><strong>nas</strong></span> <span class='ocrx_word' id='word_1_82' title='bbox 760 1212 883 1252; x_wconf 91' lang='lat' dir='ltr'><strong>cum</strong></span> <span class='ocrx_word' id='word_1_83' title='bbox 930 1196 1180 1266; x_wconf 89' lang='lat' dir='ltr'><strong>Tyndaro</strong></span> <span class='ocrx_word' id='word_1_84' title='bbox 1230 1211 1330 1249; x_wconf 92' lang='lat' dir='ltr'><strong>avo</strong></span> <span class='ocrx_word' id='word_1_85' title='bbox 1380 1211 1478 1250; x_wconf 91' lang='lat' dir='ltr'><strong>suo</strong></span> <span class='ocrx_word' id='word_1_86' title='bbox 1532 1195 1770 1265; x_wconf 86' lang='lat' dir='ltr'><strong>profecta</strong></span> <span class='ocrx_word' id='word_1_87' title='bbox 1837 1198 1925 1251; x_wconf 92' lang='lat' dir='ltr'><strong>ubi</strong></span> <span class='ocrx_word' id='word_1_88' title='bbox 1964 1196 2033 1251; x_wconf 93' lang='lat' dir='ltr'><strong>de</strong></span> <span class='ocrx_word' id='word_1_89' title='bbox 2065 1197 2207 1251; x_wconf 93' lang='lat' dir='ltr'><strong>illius</strong></span> 
     </span>
    </p>
   </div>
   <div class='ocr_carea' id='block_1_13' title="bbox 612 1288 2206 1359">
    <p class='ocr_par' dir='ltr' id='par_1_13' title="bbox 612 1288 2206 1359">
     <span class='ocr_line' id='line_1_13' title="bbox 612 1288 2206 1359; baseline -0.003 -13"><span class='ocrx_word' id='word_1_90' title='bbox 612 1289 947 1346; x_wconf 91' lang='lat' dir='ltr'><strong>absolutione</strong></span> <span class='ocrx_word' id='word_1_91' title='bbox 1016 1289 1214 1343; x_wconf 91' lang='lat' dir='ltr'><strong>certior</strong></span> <span class='ocrx_word' id='word_1_92' title='bbox 1282 1288 1417 1344; x_wconf 79' lang='lat' dir='ltr'><strong>facta</strong></span> <span class='ocrx_word' id='word_1_93' title='bbox 1448 1298 1568 1355; x_wconf 88' lang='lat' dir='ltr'><strong>est,</strong></span> <span class='ocrx_word' id='word_1_94' title='bbox 1622 1289 1813 1359; x_wconf 87' lang='lat' dir='ltr'><strong>laqueo</strong></span> <span class='ocrx_word' id='word_1_95' title='bbox 1884 1289 2045 1343; x_wconf 86' lang='lat' dir='ltr'><strong>vitam</strong></span> <span class='ocrx_word' id='word_1_96' title='bbox 2106 1288 2206 1343; x_wconf 92' lang='lat' dir='ltr'><strong>sibi</strong></span> 
     </span>
    </p>
   </div>
   <div class='ocr_carea' id='block_1_14' title="bbox 614 1384 833 1439">
    <p class='ocr_par' dir='ltr' id='par_1_14' title="bbox 614 1384 833 1439">
     <span class='ocr_line' id='line_1_14' title="bbox 614 1384 833 1439; baseline -0.023 0"><span class='ocrx_word' id='word_1_97' title='bbox 614 1384 833 1439; x_wconf 87' lang='lat' dir='ltr'><strong>ademit.</strong></span> 
     </span>
    </p>
   </div>
   <div class='ocr_carea' id='block_1_15' title="bbox 688 1473 2208 1545">
    <p class='ocr_par' dir='ltr' id='par_1_15' title="bbox 688 1473 2208 1545">
     <span class='ocr_line' id='line_1_15' title="bbox 688 1473 2208 1545; baseline -0.002 -15"><span class='ocrx_word' id='word_1_98' title='bbox 688 1474 949 1530; x_wconf 78' lang='lat' dir='ltr'><strong>Minucius</strong></span> <span class='ocrx_word' id='word_1_99' title='bbox 998 1488 1128 1529; x_wconf 90' lang='lat' dir='ltr'><strong>vero</strong></span> <span class='ocrx_word' id='word_1_100' title='bbox 1188 1474 1358 1545; x_wconf 88' lang='lat' dir='ltr'><strong>magis</strong></span> <span class='ocrx_word' id='word_1_101' title='bbox 1408 1483 1680 1544; x_wconf 87' lang='lat' dir='ltr'><strong>spectasse</strong></span> <span class='ocrx_word' id='word_1_102' title='bbox 1720 1473 1932 1529; x_wconf 87' lang='lat' dir='ltr'><strong>videtur</strong></span> <span class='ocrx_word' id='word_1_103' title='bbox 1978 1474 2042 1528; x_wconf 90' lang='lat' dir='ltr'><strong>ad</strong></span> <span class='ocrx_word' id='word_1_104' title='bbox 2098 1473 2208 1542; x_wconf 88' lang='lat' dir='ltr'><strong>pri-</strong></span> 
     </span>
    </p>
   </div>
   <div class='ocr_carea' id='block_1_16' title="bbox 612 1567 2205 1638">
    <p class='ocr_par' dir='ltr' id='par_1_16' title="bbox 612 1567 2205 1638">
     <span class='ocr_line' id='line_1_16' title="bbox 612 1567 2205 1638; baseline -0.005 -11"><span class='ocrx_word' id='word_1_105' title='bbox 612 1585 753 1627; x_wconf 88' lang='lat' dir='ltr'><strong>mam</strong></span> <span class='ocrx_word' id='word_1_106' title='bbox 814 1568 1143 1638; x_wconf 85' lang='lat' dir='ltr'><strong>opinionem,</strong></span> <span class='ocrx_word' id='word_1_107' title='bbox 1182 1584 1284 1637; x_wconf 89' lang='lat' dir='ltr'><strong>qua</strong></span> <span class='ocrx_word' id='word_1_108' title='bbox 1342 1568 1628 1637; x_wconf 87' lang='lat' dir='ltr'><strong>Erigonem</strong></span> <span class='ocrx_word' id='word_1_109' title='bbox 1702 1582 1995 1637; x_wconf 88' lang='lat' dir='ltr'><strong>canemque</strong></span> <span class='ocrx_word' id='word_1_110' title='bbox 2058 1567 2205 1621; x_wconf 93' lang='lat' dir='ltr'><strong>illum</strong></span> 
     </span>
    </p>
   </div>
   <div class='ocr_carea' id='block_1_17' title="bbox 612 1659 2205 1731">
    <p class='ocr_par' dir='ltr' id='par_1_17' title="bbox 612 1659 2205 1731">
     <span class='ocr_line' id='line_1_17' title="bbox 612 1659 2205 1731; baseline -0.003 -13"><span class='ocrx_word' id='word_1_111' title='bbox 612 1665 754 1719; x_wconf 91' lang='lat' dir='ltr'><strong>inter</strong></span> <span class='ocrx_word' id='word_1_112' title='bbox 784 1671 925 1716; x_wconf 89' lang='lat' dir='ltr'><strong>astra</strong></span> <span class='ocrx_word' id='word_1_113' title='bbox 957 1659 1168 1716; x_wconf 89' lang='lat' dir='ltr'><strong>censeri</strong></span> <span class='ocrx_word' id='word_1_114' title='bbox 1212 1660 1518 1731; x_wconf 88' lang='lat' dir='ltr'><strong>garriebant</strong></span> <span class='ocrx_word' id='word_1_115' title='bbox 1540 1701 1555 1727; x_wconf 95' lang='lat'><strong>,</strong></span> <span class='ocrx_word' id='word_1_116' title='bbox 1587 1659 2040 1730; x_wconf 81' lang='lat' dir='ltr'><strong>quemadmodum</strong></span> <span class='ocrx_word' id='word_1_117' title='bbox 2086 1660 2205 1713; x_wconf 90' lang='lat' dir='ltr'><strong>Sta-</strong></span> 
     </span>
    </p>
   </div>
   <div class='ocr_carea' id='block_1_18' title="bbox 613 1758 1109 1813">
    <p class='ocr_par' dir='ltr' id='par_1_18' title="bbox 613 1758 1109 1813">
     <span class='ocr_line' id='line_1_18' title="bbox 613 1758 1109 1813; baseline -0.012 0"><span class='ocrx_word' id='word_1_118' title='bbox 613 1758 718 1813; x_wconf 90' lang='lat' dir='ltr'><strong>tius</strong></span> <span class='ocrx_word' id='word_1_119' title='bbox 763 1764 1070 1812; x_wconf 79' lang='lat' dir='ltr'><strong>cantaverat</strong></span> <span class='ocrx_word' id='word_1_120' title='bbox 1096 1771 1109 1807; x_wconf 89' lang='lat'><strong>:</strong></span> 
     </span>
    </p>
   </div>
   <div class='ocr_carea' id='block_1_19' title="bbox 772 1954 2143 2017">
    <p class='ocr_par' dir='ltr' id='par_1_19' title="bbox 772 1954 2143 2017">
     <span class='ocr_line' id='line_1_19' title="bbox 772 1954 2143 2017; baseline -0.003 -9"><span class='ocrx_word' id='word_1_121' title='bbox 772 1993 786 2007; x_wconf 94' lang='lat'><strong>.</strong></span> <span class='ocrx_word' id='word_1_122' title='bbox 856 1992 871 2008; x_wconf 93' lang='lat'><strong>.</strong></span> <span class='ocrx_word' id='word_1_123' title='bbox 942 1995 952 2005; x_wconf 94' lang='lat'><strong>.</strong></span> <span class='ocrx_word' id='word_1_124' title='bbox 1024 1990 1037 2004; x_wconf 94' lang='lat'><strong>.</strong></span> <span class='ocrx_word' id='word_1_125' title='bbox 1104 1955 1213 2004; x_wconf 75' lang='lat' dir='ltr'><strong>Vim</strong></span> <span class='ocrx_word' id='word_1_126' title='bbox 1237 1956 1411 2017; x_wconf 71' lang='lat' dir='ltr'><strong>coeptis</strong></span> <span class='ocrx_word' id='word_1_127' title='bbox 1440 1954 1697 2016; x_wconf 82' lang='lat' dir='ltr'><strong>indulgent</strong></span> <span class='ocrx_word' id='word_1_128' title='bbox 1737 1960 1885 2014; x_wconf 87' lang='lat' dir='ltr'><strong>astra,</strong></span> <span class='ocrx_word' id='word_1_129' title='bbox 1913 1966 2143 2017; x_wconf 70' lang='lat' dir='ltr'><strong>meaeque</strong></span> 
     </span>
    </p>
   </div>
   <div class='ocr_carea' id='block_1_20' title="bbox 765 2019 1614 2081">
    <p class='ocr_par' dir='ltr' id='par_1_20' title="bbox 765 2019 1614 2081">
     <span class='ocr_line' id='line_1_20' title="bbox 765 2019 1614 2081; baseline -0.005 -12"><span class='ocrx_word' id='word_1_130' title='bbox 765 2019 965 2069; x_wconf 65' lang='lat' dir='ltr'><strong>Aistifer</strong></span> <span class='ocrx_word' id='word_1_131' title='bbox 991 2019 1231 2079; x_wconf 79' lang='lat' dir='ltr'><strong>Erigones</strong></span> <span class='ocrx_word' id='word_1_132' title='bbox 1254 2028 1446 2081; x_wconf 80' lang='lat' dir='ltr'><strong>spumat</strong></span> <span class='ocrx_word' id='word_1_133' title='bbox 1464 2022 1614 2067; x_wconf 88' lang='lat' dir='ltr'><strong>canis.</strong></span> 
     </span>
    </p>
   </div>
   <div class='ocr_carea' id='block_1_21' title="bbox 1191 2098 1993 2165">
    <p class='ocr_par' dir='ltr' id='par_1_21' title="bbox 1191 2098 1993 2165">
     <span class='ocr_line' id='line_1_21' title="bbox 1191 2098 1993 2165; baseline -0.001 -15"><span class='ocrx_word' id='word_1_134' title='bbox 1191 2101 1360 2164; x_wconf 88' lang='lat' dir='ltr'><strong>(Stat.,</strong></span> <span class='ocrx_word' id='word_1_135' title='bbox 1380 2102 1413 2151; x_wconf 95' lang='lat' dir='ltr'><strong>l.</strong></span> <span class='ocrx_word' id='word_1_136' title='bbox 1438 2116 1483 2149; x_wconf 80' lang='lat' dir='ltr'><strong>IV</strong></span> <span class='ocrx_word' id='word_1_137' title='bbox 1515 2098 1770 2163; x_wconf 80' lang='lat' dir='ltr'><strong>Tltebairl.,</strong></span> <span class='ocrx_word' id='word_1_138' title='bbox 1794 2114 1839 2150; x_wconf 83' lang='grc' dir='ltr'><strong>υ.</strong></span> <span class='ocrx_word' id='word_1_139' title='bbox 1859 2102 1993 2165; x_wconf 81' lang='grc'><strong>558.)</strong></span> 
     </span>
    </p>
   </div>
   <div class='ocr_carea' id='block_1_22' title="bbox 615 2289 2211 2360">
    <p class='ocr_par' dir='ltr' id='par_1_22' title="bbox 615 2289 2211 2360">
     <span class='ocr_line' id='line_1_22' title="bbox 615 2289 2211 2360; baseline -0.003 -12"><span class='ocrx_word' id='word_1_140' title='bbox 615 2291 774 2349; x_wconf 92' lang='lat' dir='ltr'><strong>Plura</strong></span> <span class='ocrx_word' id='word_1_141' title='bbox 814 2294 857 2346; x_wconf 88' lang='lat' dir='ltr'><strong>si</strong></span> <span class='ocrx_word' id='word_1_142' title='bbox 898 2289 1193 2355; x_wconf 84' lang='lat' dir='ltr'><strong>desideres,</strong></span> <span class='ocrx_word' id='word_1_143' title='bbox 1275 2289 1576 2353; x_wconf 82' lang='lat' dir='ltr'><strong>Nonnium,</strong></span> <span class='ocrx_word' id='word_1_144' title='bbox 1628 2290 1903 2353; x_wconf 87' lang='lat' dir='ltr'><strong>Servium,</strong></span> <span class='ocrx_word' id='word_1_145' title='bbox 1970 2290 2211 2360; x_wconf 90' lang='lat' dir='ltr'><strong>aliosque</strong></span> 
     </span>
    </p>
   </div>
   <div class='ocr_carea' id='block_1_23' title="bbox 620 2384 2207 2457">
    <p class='ocr_par' dir='ltr' id='par_1_23' title="bbox 620 2384 2207 2457">
     <span class='ocr_line' id='line_1_23' title="bbox 620 2384 2207 2457; baseline -0.005 -13"><span class='ocrx_word' id='word_1_146' title='bbox 620 2388 771 2444; x_wconf 83' lang='lat' dir='ltr'><strong>adire</strong></span> <span class='ocrx_word' id='word_1_147' title='bbox 802 2388 927 2442; x_wconf 89' lang='lat' dir='ltr'><strong>licet</strong></span> <span class='ocrx_word' id='word_1_148' title='bbox 960 2386 1162 2457; x_wconf 89' lang='lat' dir='ltr'><strong>(Nonn.</strong></span> <span class='ocrx_word' id='word_1_149' title='bbox 1195 2385 1284 2440; x_wconf 85' lang='lat' dir='ltr'><strong>lib.</strong></span> <span class='ocrx_word' id='word_1_150' title='bbox 1319 2401 1460 2439; x_wconf 64' lang='lat' dir='ltr'><strong>xcvu</strong></span> <span class='ocrx_word' id='word_1_151' title='bbox 1514 2384 1704 2454; x_wconf 84' lang='lat' dir='ltr'><strong>Diony.</strong></span> <span class='ocrx_word' id='word_1_152' title='bbox 1764 2401 1813 2437; x_wconf 89' lang='grc' dir='ltr'><strong>ν.</strong></span> <span class='ocrx_word' id='word_1_153' title='bbox 1846 2384 1971 2445; x_wconf 83' lang='grc'>600.</span> <span class='ocrx_word' id='word_1_154' title='bbox 2001 2394 2046 2437; x_wconf 89' lang='lat' dir='ltr'><strong>et</strong></span> <span class='ocrx_word' id='word_1_155' title='bbox 2072 2401 2207 2454; x_wconf 81' lang='lat' dir='ltr'><strong>seqq.</strong></span> 
     </span>
    </p>
   </div>
   <div class='ocr_carea' id='block_1_24' title="bbox 617 2475 2208 2548">
    <p class='ocr_par' dir='ltr' id='par_1_24' title="bbox 617 2475 2208 2548">
     <span class='ocr_line' id='line_1_24' title="bbox 617 2475 2208 2548; baseline -0.004 -13"><span class='ocrx_word' id='word_1_156' title='bbox 617 2482 766 2536; x_wconf 87' lang='lat' dir='ltr'><strong>Serv.</strong></span> <span class='ocrx_word' id='word_1_157' title='bbox 794 2482 847 2533; x_wconf 86' lang='lat' dir='ltr'><strong>in</strong></span> <span class='ocrx_word' id='word_1_158' title='bbox 878 2480 963 2532; x_wconf 90' lang='lat' dir='ltr'><strong>lib.</strong></span> <span class='ocrx_word' id='word_1_159' title='bbox 1010 2494 1045 2531; x_wconf 91' lang='grc' dir='ltr'><strong>ιι</strong></span> <span class='ocrx_word' id='word_1_160' title='bbox 1097 2477 1283 2548; x_wconf 77' lang='lat' dir='ltr'><strong>Georg.</strong></span> <span class='ocrx_word' id='word_1_161' title='bbox 1343 2475 1525 2547; x_wconf 79' lang='lat' dir='ltr'><strong>Virgil.</strong></span> <span class='ocrx_word' id='word_1_162' title='bbox 1576 2492 1623 2529; x_wconf 88' lang='grc' dir='ltr'><strong>υ.</strong></span> <span class='ocrx_word' id='word_1_163' title='bbox 1667 2476 1813 2547; x_wconf 81' lang='grc'><strong>588).</strong></span> <span class='ocrx_word' id='word_1_164' title='bbox 1848 2476 2208 2543; x_wconf 82' lang='lat' dir='ltr'><strong>Quamobrem</strong></span> 
     </span>
    </p>
   </div>
   <div class='ocr_carea' id='block_1_25' title="bbox 618 2565 2212 2641">
    <p class='ocr_par' dir='ltr' id='par_1_25' title="bbox 618 2565 2212 2641">
     <span class='ocr_line' id='line_1_25' title="bbox 618 2565 2212 2641; baseline -0.003 -14"><span class='ocrx_word' id='word_1_165' title='bbox 618 2572 871 2627; x_wconf 89' lang='lat' dir='ltr'><strong>Tatiauus</strong></span> <span class='ocrx_word' id='word_1_166' title='bbox 919 2570 1148 2625; x_wconf 90' lang='lat' dir='ltr'><strong>ctlmicis</strong></span> <span class='ocrx_word' id='word_1_167' title='bbox 1189 2569 1500 2637; x_wconf 90' lang='lat' dir='ltr'><strong>objecerat:</strong></span> <span class='ocrx_word' id='word_1_168' title='bbox 1546 2575 1684 2622; x_wconf 75' lang='grc' dir='ltr'><strong>Κύων</strong></span> <span class='ocrx_word' id='word_1_169' title='bbox 1724 2576 1749 2623; x_wconf 87' lang='lat' dir='ltr'><strong>o&#39;</strong></span> <span class='ocrx_word' id='word_1_170' title='bbox 1778 2585 1860 2629; x_wconf 64' lang='grc' dir='ltr'><strong>τῆς</strong></span> <span class='ocrx_word' id='word_1_171' title='bbox 1902 2565 2123 2641; x_wconf 63' lang='grc' dir='ltr'><strong>ιῖριγὸνης</strong></span> <span class='ocrx_word' id='word_1_172' title='bbox 2168 2578 2212 2623; x_wconf 73' lang='grc' dir='ltr'><strong>ἰν</strong></span> 
     </span>
    </p>
   </div>
   <div class='ocr_carea' id='block_1_26' title="bbox 616 2660 2210 2736">
    <p class='ocr_par' dir='ltr' id='par_1_26' title="bbox 616 2660 2210 2736">
     <span class='ocr_line' id='line_1_26' title="bbox 616 2660 2210 2736; baseline -0.003 -16"><span class='ocrx_word' id='word_1_173' title='bbox 616 2671 794 2736; x_wconf 67' lang='grc' dir='ltr'><strong>οὐρανῷ</strong></span> <span class='ocrx_word' id='word_1_174' title='bbox 824 2669 1081 2727; x_wconf 73' lang='grc' dir='ltr'><strong>δείκνυται,</strong></span> <span class='ocrx_word' id='word_1_175' title='bbox 1119 2680 1137 2712; x_wconf 74' lang='grc' dir='ltr'><strong>ι</strong></span> <span class='ocrx_word' id='word_1_176' title='bbox 1195 2660 1357 2715; x_wconf 90' lang='lat' dir='ltr'><strong>Canis</strong></span> <span class='ocrx_word' id='word_1_177' title='bbox 1414 2660 1669 2731; x_wconf 79' lang='lat' dir='ltr'><strong>Erigones</strong></span> <span class='ocrx_word' id='word_1_178' title='bbox 1732 2662 1782 2714; x_wconf 91' lang='lat' dir='ltr'><strong>in</strong></span> <span class='ocrx_word' id='word_1_179' title='bbox 1842 2662 1981 2716; x_wconf 71' lang='lat' dir='ltr'><strong>coelo</strong></span> <span class='ocrx_word' id='word_1_180' title='bbox 2031 2670 2210 2716; x_wconf 87' lang='lat' dir='ltr'><strong>osten—</strong></span> 
     </span>
    </p>
   </div>
   <div class='ocr_carea' id='block_1_27' title="bbox 616 2753 2029 2827">
    <p class='ocr_par' dir='ltr' id='par_1_27' title="bbox 616 2753 2029 2827">
     <span class='ocr_line' id='line_1_27' title="bbox 616 2753 2029 2827; baseline -0.006 -13"><span class='ocrx_word' id='word_1_181' title='bbox 616 2759 761 2815; x_wconf 90' lang='lat' dir='ltr'><strong>ditur</strong></span> <span class='ocrx_word' id='word_1_182' title='bbox 799 2776 816 2808; x_wconf 72' lang='grc' dir='ltr'><strong>ι</strong></span> <span class='ocrx_word' id='word_1_183' title='bbox 855 2755 1087 2827; x_wconf 87' lang='lat' dir='ltr'><strong>(Tatiat.</strong></span> <span class='ocrx_word' id='word_1_184' title='bbox 1125 2753 1271 2807; x_wconf 82' lang='lat' dir='ltr'><strong>Orat.</strong></span> <span class='ocrx_word' id='word_1_185' title='bbox 1324 2762 1459 2807; x_wconf 86' lang='lat' dir='ltr'><strong>cont.</strong></span> <span class='ocrx_word' id='word_1_186' title='bbox 1510 2753 1676 2809; x_wconf 58' lang='lat' dir='ltr'><strong>Grato.</strong></span> <span class='ocrx_word' id='word_1_187' title='bbox 1724 2769 1843 2823; x_wconf 91' lang='lat' dir='ltr'><strong>pag.</strong></span> <span class='ocrx_word' id='word_1_188' title='bbox 1883 2754 2029 2822; x_wconf 77' lang='grc'><strong>149).</strong></span> 
     </span>
    </p>
   </div>
   <div class='ocr_carea' id='block_1_28' title="bbox 688 2849 2211 2919">
    <p class='ocr_par' dir='ltr' id='par_1_28' title="bbox 688 2849 2211 2919">
     <span class='ocr_line' id='line_1_28' title="bbox 688 2849 2211 2919; baseline -0.003 -12"><span class='ocrx_word' id='word_1_189' title='bbox 688 2852 988 2907; x_wconf 83' lang='lat' dir='ltr'><strong>Observare</strong></span> <span class='ocrx_word' id='word_1_190' title='bbox 1026 2864 1187 2919; x_wconf 74' lang='lat' dir='ltr'><strong>porro</strong></span> <span class='ocrx_word' id='word_1_191' title='bbox 1237 2849 1321 2903; x_wconf 90' lang='lat' dir='ltr'><strong>hic</strong></span> <span class='ocrx_word' id='word_1_192' title='bbox 1361 2850 1513 2918; x_wconf 87' lang='lat' dir='ltr'><strong>juvat</strong></span> <span class='ocrx_word' id='word_1_193' title='bbox 1559 2849 1610 2901; x_wconf 93' lang='lat' dir='ltr'><strong>in</strong></span> <span class='ocrx_word' id='word_1_194' title='bbox 1658 2858 1844 2903; x_wconf 91' lang='lat' dir='ltr'><strong>nostro</strong></span> <span class='ocrx_word' id='word_1_195' title='bbox 1888 2863 1989 2902; x_wconf 91' lang='lat' dir='ltr'><strong>ms.</strong></span> <span class='ocrx_word' id='word_1_196' title='bbox 2023 2849 2211 2903; x_wconf 88' lang='lat' dir='ltr'><strong>codice</strong></span> 
     </span>
    </p>
   </div>
   <div class='ocr_carea' id='block_1_29' title="bbox 618 2940 2213 3015">
    <p class='ocr_par' dir='ltr' id='par_1_29' title="bbox 618 2940 2213 3015">
     <span class='ocr_line' id='line_1_29' title="bbox 618 2940 2213 3015; baseline -0.004 -14"><span class='ocrx_word' id='word_1_197' title='bbox 618 2946 777 3015; x_wconf 82' lang='lat' dir='ltr'><strong>legit,</strong></span> <span class='ocrx_word' id='word_1_198' title='bbox 814 2962 832 2995; x_wconf 77' lang='grc' dir='ltr'><strong>ι</strong></span> <span class='ocrx_word' id='word_1_199' title='bbox 887 2954 942 2997; x_wconf 85' lang='grc' dir='ltr'><strong>ιιι</strong></span> <span class='ocrx_word' id='word_1_200' title='bbox 972 2945 1024 2996; x_wconf 94' lang='lat' dir='ltr'><strong>in</strong></span> <span class='ocrx_word' id='word_1_201' title='bbox 1079 2951 1222 2995; x_wconf 84' lang='lat' dir='ltr'><strong>astra</strong></span> <span class='ocrx_word' id='word_1_202' title='bbox 1279 2942 1453 3011; x_wconf 87' lang='lat' dir='ltr'><strong>ignata</strong></span> <span class='ocrx_word' id='word_1_203' title='bbox 1484 2942 1550 2995; x_wconf 91' lang='lat' dir='ltr'><strong>sit</strong></span> <span class='ocrx_word' id='word_1_204' title='bbox 1587 2960 1605 2992; x_wconf 76' lang='grc' dir='ltr'><strong>ι</strong></span> <span class='ocrx_word' id='word_1_205' title='bbox 1664 2940 2013 3011; x_wconf 84' lang='lat' dir='ltr'><strong>proculdubio</strong></span> <span class='ocrx_word' id='word_1_206' title='bbox 2051 2942 2213 2995; x_wconf 90' lang='lat' dir='ltr'><strong>libra-</strong></span> 
     </span>
    </p>
   </div>
   <div class='ocr_carea' id='block_1_30' title="bbox 619 3034 2211 3107">
    <p class='ocr_par' dir='ltr' id='par_1_30' title="bbox 619 3034 2211 3107">
     <span class='ocr_line' id='line_1_30' title="bbox 619 3034 2211 3107; baseline -0.004 -13"><span class='ocrx_word' id='word_1_207' title='bbox 619 3040 686 3094; x_wconf 89' lang='lat' dir='ltr'><strong>rii</strong></span> <span class='ocrx_word' id='word_1_208' title='bbox 714 3039 888 3107; x_wconf 87' lang='lat' dir='ltr'><strong>lapsu.</strong></span> <span class='ocrx_word' id='word_1_209' title='bbox 913 3036 1254 3106; x_wconf 84' lang='lat' dir='ltr'><strong>QuaprOpter</strong></span> <span class='ocrx_word' id='word_1_210' title='bbox 1287 3038 1338 3089; x_wconf 91' lang='lat' dir='ltr'><strong>in</strong></span> <span class='ocrx_word' id='word_1_211' title='bbox 1363 3034 1522 3089; x_wconf 86' lang='lat' dir='ltr'><strong>editis</strong></span> <span class='ocrx_word' id='word_1_212' title='bbox 1556 3034 1813 3103; x_wconf 89' lang='lat' dir='ltr'><strong>scriptum</strong></span> <span class='ocrx_word' id='word_1_213' title='bbox 1860 3042 1941 3088; x_wconf 90' lang='lat' dir='ltr'><strong>est</strong></span> <span class='ocrx_word' id='word_1_214' title='bbox 1996 3054 2013 3084; x_wconf 79' lang='grc' dir='ltr'>ί</span> <span class='ocrx_word' id='word_1_215' title='bbox 2049 3036 2211 3105; x_wconf 88' lang='lat' dir='ltr'><strong>ignita</strong></span> 
     </span>
    </p>
   </div>
   <div class='ocr_carea' id='block_1_31' title="bbox 2237 1767 2285 1825">
    <p class='ocr_par' dir='ltr' id='par_1_31' title="bbox 2237 1767 2285 1825">
     <span class='ocr_line' id='line_1_31' title="bbox 2237 1767 2285 1825; baseline -0.063 0"><span class='ocrx_word' id='word_1_216' title='bbox 2237 1767 2285 1825; x_wconf 82' lang='grc' dir='ltr'><strong>Β</strong></span> 
     </span>
    </p>
   </div>
   <div class='ocr_carea' id='block_1_32' title="bbox 2315 448 3908 518">
    <p class='ocr_par' dir='ltr' id='par_1_32' title="bbox 2315 448 3908 518">
     <span class='ocr_line' id='line_1_32' title="bbox 2315 448 3908 518; baseline -0.004 -11"><span class='ocrx_word' id='word_1_217' title='bbox 2315 453 2547 517; x_wconf 84' lang='lat' dir='ltr'><strong>Plinius,</strong></span> <span class='ocrx_word' id='word_1_218' title='bbox 2588 471 2606 502; x_wconf 72' lang='grc' dir='ltr'><strong>ι</strong></span> <span class='ocrx_word' id='word_1_219' title='bbox 2646 453 2870 506; x_wconf 83' lang='lat' dir='ltr'><strong>alternis</strong></span> <span class='ocrx_word' id='word_1_220' title='bbox 2917 450 3105 504; x_wconf 88' lang='lat' dir='ltr'><strong>diebus</strong></span> <span class='ocrx_word' id='word_1_221' title='bbox 3154 448 3395 504; x_wconf 87' lang='lat' dir='ltr'><strong>viventes</strong></span> <span class='ocrx_word' id='word_1_222' title='bbox 3452 450 3854 518; x_wconf 61' lang='lat' dir='ltr'><strong>morientesijuc</strong></span> <span class='ocrx_word' id='word_1_223' title='bbox 3890 469 3908 500; x_wconf 70' lang='grc' dir='ltr'><strong>ι</strong></span> 
     </span>
    </p>
   </div>
   <div class='ocr_carea' id='block_1_33' title="bbox 2314 543 3913 619">
    <p class='ocr_par' dir='ltr' id='par_1_33' title="bbox 2314 543 3913 619">
     <span class='ocr_line' id='line_1_33' title="bbox 2314 543 3913 619; baseline -0.001 -20"><span class='ocrx_word' id='word_1_224' title='bbox 2314 547 2332 619; x_wconf 90' lang='grc'>(</span> <span class='ocrx_word' id='word_1_225' title='bbox 2372 546 2510 600; x_wconf 84' lang='lat' dir='ltr'><strong>Plin.</strong></span> <span class='ocrx_word' id='word_1_226' title='bbox 2547 547 2633 600; x_wconf 87' lang='lat' dir='ltr'><strong>lib.</strong></span> <span class='ocrx_word' id='word_1_227' title='bbox 2680 562 2715 600; x_wconf 89' lang='grc' dir='ltr'><strong>ιι</strong></span> <span class='ocrx_word' id='word_1_228' title='bbox 2766 545 2956 599; x_wconf 86' lang='lat' dir='ltr'><strong>Natur.</strong></span> <span class='ocrx_word' id='word_1_229' title='bbox 2992 543 3129 597; x_wconf 82' lang='lat' dir='ltr'><strong>llist.</strong></span> <span class='ocrx_word' id='word_1_230' title='bbox 3160 558 3277 613; x_wconf 92' lang='lat' dir='ltr'><strong>cap.</strong></span> <span class='ocrx_word' id='word_1_231' title='bbox 3316 544 3369 609; x_wconf 90' lang='lat'><strong>7,</strong></span> <span class='ocrx_word' id='word_1_232' title='bbox 3405 558 3521 614; x_wconf 88' lang='lat' dir='ltr'><strong>pag.</strong></span> <span class='ocrx_word' id='word_1_233' title='bbox 3559 543 3665 597; x_wconf 75' lang='grc'><strong>145</strong></span> <span class='ocrx_word' id='word_1_234' title='bbox 3692 544 3732 615; x_wconf 90' lang='grc'><strong>).</strong></span> <span class='ocrx_word' id='word_1_235' title='bbox 3783 544 3913 598; x_wconf 87' lang='lat' dir='ltr'><strong>Eam</strong></span> 
     </span>
    </p>
   </div>
   <div class='ocr_carea' id='block_1_34' title="bbox 2312 638 3915 709">
    <p class='ocr_par' dir='ltr' id='par_1_34' title="bbox 2312 638 3915 709">
     <span class='ocr_line' id='line_1_34' title="bbox 2312 638 3915 709; baseline -0.001 -15"><span class='ocrx_word' id='word_1_236' title='bbox 2312 650 2491 695; x_wconf 90' lang='lat' dir='ltr'><strong>autem</strong></span> <span class='ocrx_word' id='word_1_237' title='bbox 2545 642 2596 695; x_wconf 94' lang='lat' dir='ltr'><strong>in</strong></span> <span class='ocrx_word' id='word_1_238' title='bbox 2660 656 2774 695; x_wconf 88' lang='lat' dir='ltr'><strong>rem</strong></span> <span class='ocrx_word' id='word_1_239' title='bbox 2826 640 3085 695; x_wconf 85' lang='lat' dir='ltr'><strong>habemus</strong></span> <span class='ocrx_word' id='word_1_240' title='bbox 3135 639 3327 693; x_wconf 90' lang='lat' dir='ltr'><strong>citatos</strong></span> <span class='ocrx_word' id='word_1_241' title='bbox 3391 638 3460 693; x_wconf 86' lang='lat' dir='ltr'><strong>ab</strong></span> <span class='ocrx_word' id='word_1_242' title='bbox 3519 638 3752 709; x_wconf 79' lang='lat' dir='ltr'><strong>Origene</strong></span> <span class='ocrx_word' id='word_1_243' title='bbox 3816 638 3915 693; x_wconf 87' lang='lat' dir='ltr'><strong>hos</strong></span> 
     </span>
    </p>
   </div>
   <div class='ocr_carea' id='block_1_35' title="bbox 2314 734 2808 791">
    <p class='ocr_par' dir='ltr' id='par_1_35' title="bbox 2314 734 2808 791">
     <span class='ocr_line' id='line_1_35' title="bbox 2314 734 2808 791; baseline -0.004 -2"><span class='ocrx_word' id='word_1_244' title='bbox 2314 734 2529 791; x_wconf 88' lang='lat' dir='ltr'><strong>llomeri</strong></span> <span class='ocrx_word' id='word_1_245' title='bbox 2583 750 2770 790; x_wconf 89' lang='lat' dir='ltr'><strong>versus</strong></span> <span class='ocrx_word' id='word_1_246' title='bbox 2794 752 2808 786; x_wconf 91' lang='lat'><strong>:</strong></span> 
     </span>
    </p>
   </div>
   <div class='ocr_carea' id='block_1_36' title="bbox 2564 918 3540 978">
    <p class='ocr_par' dir='ltr' id='par_1_36' title="bbox 2564 918 3540 978">
     <span class='ocr_line' id='line_1_36' title="bbox 2564 918 3540 978; baseline -0.001 -11"><span class='ocrx_word' id='word_1_247' title='bbox 2564 918 2703 967; x_wconf 68' lang='grc' dir='ltr'><strong>Ᾰλλοτι</strong></span> <span class='ocrx_word' id='word_1_248' title='bbox 2727 930 2789 978; x_wconf 73' lang='grc' dir='ltr'><strong>μὶν</strong></span> <span class='ocrx_word' id='word_1_249' title='bbox 2815 927 2962 974; x_wconf 65' lang='grc' dir='ltr'><strong>ζώους’,</strong></span> <span class='ocrx_word' id='word_1_250' title='bbox 2987 928 3208 978; x_wconf 64' lang='grc' dir='ltr'><strong>ἱτιρήμιροι,</strong></span> <span class='ocrx_word' id='word_1_251' title='bbox 3232 926 3366 965; x_wconf 57' lang='lat' dir='ltr'><strong>duo&quot;</strong></span> <span class='ocrx_word' id='word_1_252' title='bbox 3391 922 3426 965; x_wconf 76' lang='grc' dir='ltr'><strong>δ’</strong></span> <span class='ocrx_word' id='word_1_253' title='bbox 3450 920 3540 966; x_wconf 65' lang='grc' dir='ltr'><strong>αῧτι</strong></span> 
     </span>
    </p>
   </div>
   <div class='ocr_carea' id='block_1_37' title="bbox 2563 986 3421 1041">
    <p class='ocr_par' dir='ltr' id='par_1_37' title="bbox 2563 986 3421 1041">
     <span class='ocr_line' id='line_1_37' title="bbox 2563 986 3421 1041; baseline -0.002 -12"><span class='ocrx_word' id='word_1_254' title='bbox 2563 996 2751 1037; x_wconf 78' lang='grc' dir='ltr'><strong>Τιτνᾶσιν,</strong></span> <span class='ocrx_word' id='word_1_255' title='bbox 2772 994 2877 1041; x_wconf 70' lang='grc' dir='ltr'><strong>τιμήν</strong></span> <span class='ocrx_word' id='word_1_256' title='bbox 2901 988 2943 1029; x_wconf 76' lang='grc' dir='ltr'><strong>δί</strong></span> <span class='ocrx_word' id='word_1_257' title='bbox 2964 992 3182 1041; x_wconf 61' lang='lat' dir='ltr'><strong>ldo-fluctv</strong></span> <span class='ocrx_word' id='word_1_258' title='bbox 3200 986 3269 1029; x_wconf 69' lang='grc' dir='ltr'><strong>ἶσα.</strong></span> <span class='ocrx_word' id='word_1_259' title='bbox 3295 992 3421 1029; x_wconf 74' lang='grc' dir='ltr'><strong>θιοῖσι.</strong></span> 
     </span>
    </p>
   </div>
   <div class='ocr_carea' id='block_1_38' title="bbox 2320 1148 3918 1220">
    <p class='ocr_par' dir='ltr' id='par_1_38' title="bbox 2320 1148 3918 1220">
     <span class='ocr_line' id='line_1_38' title="bbox 2320 1148 3918 1220; baseline 0.004 -19"><span class='ocrx_word' id='word_1_260' title='bbox 2320 1169 2339 1201; x_wconf 88' lang='grc'><em>‹</em></span> <span class='ocrx_word' id='word_1_261' title='bbox 2372 1150 2649 1206; x_wconf 88' lang='lat' dir='ltr'><strong>Interdum</strong></span> <span class='ocrx_word' id='word_1_262' title='bbox 2673 1150 2888 1220; x_wconf 82' lang='lat' dir='ltr'><strong>quidem</strong></span> <span class='ocrx_word' id='word_1_263' title='bbox 2918 1150 3103 1204; x_wconf 91' lang='lat' dir='ltr'><strong>vivunt</strong></span> <span class='ocrx_word' id='word_1_264' title='bbox 3129 1149 3350 1205; x_wconf 91' lang='lat' dir='ltr'><strong>alternis</strong></span> <span class='ocrx_word' id='word_1_265' title='bbox 3381 1148 3593 1214; x_wconf 88' lang='lat' dir='ltr'><strong>diebus,</strong></span> <span class='ocrx_word' id='word_1_266' title='bbox 3620 1150 3918 1207; x_wconf 85' lang='lat' dir='ltr'><strong>interdum-</strong></span> 
     </span>
    </p>
   </div>
   <div class='ocr_carea' id='block_1_39' title="bbox 2313 1241 3917 1313">
    <p class='ocr_par' dir='ltr' id='par_1_39' title="bbox 2313 1241 3917 1313">
     <span class='ocr_line' id='line_1_39' title="bbox 2313 1241 3917 1313; baseline 0.002 -19"><span class='ocrx_word' id='word_1_267' title='bbox 2313 1257 2418 1310; x_wconf 92' lang='lat' dir='ltr'><strong>que</strong></span> <span class='ocrx_word' id='word_1_268' title='bbox 2448 1258 2633 1295; x_wconf 79' lang='lat' dir='ltr'><strong>rursus</strong></span> <span class='ocrx_word' id='word_1_269' title='bbox 2657 1244 2992 1307; x_wconf 89' lang='lat' dir='ltr'><strong>moriuntur,</strong></span> <span class='ocrx_word' id='word_1_270' title='bbox 3030 1241 3291 1296; x_wconf 88' lang='lat' dir='ltr'><strong>honorem</strong></span> <span class='ocrx_word' id='word_1_271' title='bbox 3319 1250 3497 1296; x_wconf 82' lang='lat' dir='ltr'><strong>autent</strong></span> <span class='ocrx_word' id='word_1_272' title='bbox 3529 1244 3709 1298; x_wconf 88' lang='lat' dir='ltr'><strong>sortiti</strong></span> <span class='ocrx_word' id='word_1_273' title='bbox 3736 1259 3917 1313; x_wconf 60' lang='lat' dir='ltr'><strong>aequa-</strong></span> 
     </span>
    </p>
   </div>
   <div class='ocr_carea' id='block_1_40' title="bbox 2315 1333 3914 1406">
    <p class='ocr_par' dir='ltr' id='par_1_40' title="bbox 2315 1333 3914 1406">
     <span class='ocr_line' id='line_1_40' title="bbox 2315 1333 3914 1406; baseline 0.003 -19"><span class='ocrx_word' id='word_1_274' title='bbox 2315 1335 2419 1387; x_wconf 82' lang='lat' dir='ltr'><strong>lem</strong></span> <span class='ocrx_word' id='word_1_275' title='bbox 2477 1333 2579 1388; x_wconf 89' lang='lat' dir='ltr'><strong>diis</strong></span> <span class='ocrx_word' id='word_1_276' title='bbox 2618 1354 2635 1385; x_wconf 80' lang='grc' dir='ltr'><strong>ι</strong></span> <span class='ocrx_word' id='word_1_277' title='bbox 2675 1335 2692 1399; x_wconf 90' lang='grc'>(</span> <span class='ocrx_word' id='word_1_278' title='bbox 2727 1334 2961 1406; x_wconf 87' lang='lat' dir='ltr'><strong>0rigen.,</strong></span> <span class='ocrx_word' id='word_1_279' title='bbox 3013 1336 3050 1387; x_wconf 86' lang='grc' dir='ltr'><strong>ι.</strong></span> <span class='ocrx_word' id='word_1_280' title='bbox 3108 1350 3166 1387; x_wconf 87' lang='grc' dir='ltr'><strong>ιιι</strong></span> <span class='ocrx_word' id='word_1_281' title='bbox 3214 1345 3375 1387; x_wconf 82' lang='lat' dir='ltr'><strong>contr.</strong></span> <span class='ocrx_word' id='word_1_282' title='bbox 3427 1333 3603 1401; x_wconf 79' lang='lat' dir='ltr'><strong>Cels.,</strong></span> <span class='ocrx_word' id='word_1_283' title='bbox 3660 1354 3709 1404; x_wconf 87' lang='lat' dir='ltr'><strong>p.</strong></span> <span class='ocrx_word' id='word_1_284' title='bbox 3772 1336 3914 1402; x_wconf 69' lang='lat' dir='ltr'><strong>I23;</strong></span> 
     </span>
    </p>
   </div>
   <div class='ocr_carea' id='block_1_41' title="bbox 2313 1424 3918 1500">
    <p class='ocr_par' dir='ltr' id='par_1_41' title="bbox 2313 1424 3918 1500">
     <span class='ocr_line' id='line_1_41' title="bbox 2313 1424 3918 1500; baseline 0.002 -19"><span class='ocrx_word' id='word_1_285' title='bbox 2313 1426 2553 1493; x_wconf 78' lang='lat' dir='ltr'><strong>llomer.,</strong></span> <span class='ocrx_word' id='word_1_286' title='bbox 2578 1424 2791 1497; x_wconf 78' lang='lat' dir='ltr'><strong>0dyss.,</strong></span> <span class='ocrx_word' id='word_1_287' title='bbox 2826 1437 2864 1481; x_wconf 91' lang='lat' dir='ltr'><strong>t.</strong></span> <span class='ocrx_word' id='word_1_288' title='bbox 2895 1443 2972 1485; x_wconf 71' lang='grc' dir='ltr'><strong>χι.</strong></span> <span class='ocrx_word' id='word_1_289' title='bbox 3002 1442 3048 1479; x_wconf 85' lang='grc' dir='ltr'><strong>υ.</strong></span> <span class='ocrx_word' id='word_1_290' title='bbox 3079 1428 3178 1481; x_wconf 81' lang='grc'><strong>551</strong></span> <span class='ocrx_word' id='word_1_291' title='bbox 3218 1437 3261 1480; x_wconf 90' lang='lat' dir='ltr'><strong>et</strong></span> <span class='ocrx_word' id='word_1_292' title='bbox 3288 1427 3454 1500; x_wconf 74' lang='lat' dir='ltr'><strong>seqq).</strong></span> <span class='ocrx_word' id='word_1_293' title='bbox 3486 1428 3615 1483; x_wconf 91' lang='lat' dir='ltr'><strong>Inde</strong></span> <span class='ocrx_word' id='word_1_294' title='bbox 3636 1446 3663 1483; x_wconf 91' lang='lat' dir='ltr'><strong>a</strong></span> <span class='ocrx_word' id='word_1_295' title='bbox 3693 1429 3918 1484; x_wconf 84' lang='lat' dir='ltr'><strong>Tatiano</strong></span> 
     </span>
    </p>
   </div>
   <div class='ocr_carea' id='block_1_42' title="bbox 2312 1519 3918 1593">
    <p class='ocr_par' dir='ltr' id='par_1_42' title="bbox 2312 1519 3918 1593">
     <span class='ocr_line' id='line_1_42' title="bbox 2312 1519 3918 1593; baseline 0.001 -19"><span class='ocrx_word' id='word_1_296' title='bbox 2312 1530 2433 1591; x_wconf 87' lang='lat' dir='ltr'><strong>post</strong></span> <span class='ocrx_word' id='word_1_297' title='bbox 2482 1520 2729 1575; x_wconf 90' lang='lat' dir='ltr'><strong>eumdem</strong></span> <span class='ocrx_word' id='word_1_298' title='bbox 2790 1519 3083 1575; x_wconf 82' lang='lat' dir='ltr'><strong>Homerum</strong></span> <span class='ocrx_word' id='word_1_299' title='bbox 3136 1530 3396 1575; x_wconf 88' lang='lat' dir='ltr'><strong>vocantur</strong></span> <span class='ocrx_word' id='word_1_300' title='bbox 3430 1526 3736 1593; x_wconf 70' lang='grc' dir='ltr'><strong>ἓτερὸμμερθι</strong></span> <span class='ocrx_word' id='word_1_301' title='bbox 3778 1527 3918 1576; x_wconf 72' lang='grc' dir='ltr'><strong>Διόσ-</strong></span> 
     </span>
    </p>
   </div>
   <div class='ocr_carea' id='block_1_43' title="bbox 2313 1612 3915 1686">
    <p class='ocr_par' dir='ltr' id='par_1_43' title="bbox 2313 1612 3915 1686">
     <span class='ocr_line' id='line_1_43' title="bbox 2313 1612 3915 1686; baseline 0.001 -17"><span class='ocrx_word' id='word_1_302' title='bbox 2313 1640 2475 1684; x_wconf 82' lang='grc' dir='ltr'><strong>κουροι</strong></span> <span class='ocrx_word' id='word_1_303' title='bbox 2506 1614 2663 1686; x_wconf 89' lang='lat' dir='ltr'><strong>(Tati.</strong></span> <span class='ocrx_word' id='word_1_304' title='bbox 2717 1613 2862 1667; x_wconf 87' lang='lat' dir='ltr'><strong>Orat.</strong></span> <span class='ocrx_word' id='word_1_305' title='bbox 2899 1624 3032 1667; x_wconf 89' lang='lat' dir='ltr'><strong>cont.</strong></span> <span class='ocrx_word' id='word_1_306' title='bbox 3083 1612 3248 1667; x_wconf 64' lang='lat' dir='ltr'><strong>Graec.</strong></span> <span class='ocrx_word' id='word_1_307' title='bbox 3301 1629 3419 1685; x_wconf 91' lang='lat' dir='ltr'><strong>pag.</strong></span> <span class='ocrx_word' id='word_1_308' title='bbox 3454 1616 3560 1670; x_wconf 80' lang='grc'><strong>150</strong></span> <span class='ocrx_word' id='word_1_309' title='bbox 3587 1617 3623 1685; x_wconf 88' lang='grc'><strong>).</strong></span> <span class='ocrx_word' id='word_1_310' title='bbox 3657 1616 3915 1685; x_wconf 80' lang='lat' dir='ltr'><strong>Denique,</strong></span> 
     </span>
    </p>
   </div>
   <div class='ocr_carea' id='block_1_44' title="bbox 2313 1705 3913 1778">
    <p class='ocr_par' dir='ltr' id='par_1_44' title="bbox 2313 1705 3913 1778">
     <span class='ocr_line' id='line_1_44' title="bbox 2313 1705 3913 1778; baseline 0.001 -17"><span class='ocrx_word' id='word_1_311' title='bbox 2313 1716 2371 1761; x_wconf 90' lang='lat' dir='ltr'><strong>ut</strong></span> <span class='ocrx_word' id='word_1_312' title='bbox 2396 1708 2529 1761; x_wconf 85' lang='lat' dir='ltr'><strong>alios</strong></span> <span class='ocrx_word' id='word_1_313' title='bbox 2553 1706 2859 1776; x_wconf 90' lang='lat' dir='ltr'><strong>complures</strong></span> <span class='ocrx_word' id='word_1_314' title='bbox 2888 1706 3199 1761; x_wconf 88' lang='lat' dir='ltr'><strong>omittamus</strong></span> <span class='ocrx_word' id='word_1_315' title='bbox 3220 1748 3235 1773; x_wconf 92' lang='lat'><strong>,</strong></span> <span class='ocrx_word' id='word_1_316' title='bbox 3266 1705 3337 1761; x_wconf 93' lang='lat' dir='ltr'><strong>de</strong></span> <span class='ocrx_word' id='word_1_317' title='bbox 3358 1706 3424 1762; x_wconf 93' lang='lat' dir='ltr'><strong>iis</strong></span> <span class='ocrx_word' id='word_1_318' title='bbox 3444 1709 3589 1762; x_wconf 89' lang='lat' dir='ltr'><strong>canit</strong></span> <span class='ocrx_word' id='word_1_319' title='bbox 3618 1707 3873 1778; x_wconf 76' lang='lat' dir='ltr'><strong>Virgilius</strong></span> <span class='ocrx_word' id='word_1_320' title='bbox 3900 1724 3913 1763; x_wconf 93' lang='lat'><strong>:</strong></span> 
     </span>
    </p>
   </div>
   <div class='ocr_carea' id='block_1_45' title="bbox 2500 1880 3643 1946">
    <p class='ocr_par' dir='ltr' id='par_1_45' title="bbox 2500 1880 3643 1946">
     <span class='ocr_line' id='line_1_45' title="bbox 2500 1880 3643 1946; baseline 0.005 -17"><span class='ocrx_word' id='word_1_321' title='bbox 2500 1881 2552 1946; x_wconf 77' lang='lat' dir='ltr'><strong>Si</strong></span> <span class='ocrx_word' id='word_1_322' title='bbox 2576 1881 2778 1931; x_wconf 84' lang='lat' dir='ltr'><strong>fratrem</strong></span> <span class='ocrx_word' id='word_1_323' title='bbox 2804 1880 2979 1931; x_wconf 83' lang='lat' dir='ltr'><strong>Pollux</strong></span> <span class='ocrx_word' id='word_1_324' title='bbox 3004 1882 3198 1933; x_wconf 86' lang='lat' dir='ltr'><strong>alterna</strong></span> <span class='ocrx_word' id='word_1_325' title='bbox 3222 1888 3381 1933; x_wconf 90' lang='lat' dir='ltr'><strong>morte</strong></span> <span class='ocrx_word' id='word_1_326' title='bbox 3406 1884 3643 1946; x_wconf 87' lang='lat' dir='ltr'><strong>redemit,</strong></span> 
     </span>
    </p>
   </div>
   <div class='ocr_carea' id='block_1_46' title="bbox 2500 1944 3261 2007">
    <p class='ocr_par' dir='ltr' id='par_1_46' title="bbox 2500 1944 3261 2007">
     <span class='ocr_line' id='line_1_46' title="bbox 2500 1944 3261 2007; baseline 0.004 -15"><span class='ocrx_word' id='word_1_327' title='bbox 2500 1944 2661 2007; x_wconf 88' lang='lat' dir='ltr'><strong>Itque,</strong></span> <span class='ocrx_word' id='word_1_328' title='bbox 2688 1946 2915 2007; x_wconf 86' lang='lat' dir='ltr'><strong>reditque</strong></span> <span class='ocrx_word' id='word_1_329' title='bbox 2942 1947 3069 1994; x_wconf 88' lang='lat' dir='ltr'><strong>viam</strong></span> <span class='ocrx_word' id='word_1_330' title='bbox 3092 1949 3261 1996; x_wconf 88' lang='lat' dir='ltr'><strong>toties.</strong></span> 
     </span>
    </p>
   </div>
   <div class='ocr_carea' id='block_1_47' title="bbox 2904 2028 3711 2095">
    <p class='ocr_par' dir='ltr' id='par_1_47' title="bbox 2904 2028 3711 2095">
     <span class='ocr_line' id='line_1_47' title="bbox 2904 2028 3711 2095; baseline 0.01 -20"><span class='ocrx_word' id='word_1_331' title='bbox 2904 2028 3122 2093; x_wconf 84' lang='lat' dir='ltr'><strong>(Virgil.,</strong></span> <span class='ocrx_word' id='word_1_332' title='bbox 3149 2030 3182 2079; x_wconf 96' lang='grc' dir='ltr'><strong>Ι.</strong></span> <span class='ocrx_word' id='word_1_333' title='bbox 3210 2045 3252 2080; x_wconf 66' lang='grc' dir='ltr'><strong>τι</strong></span> <span class='ocrx_word' id='word_1_334' title='bbox 3278 2031 3485 2093; x_wconf 58' lang='grc' dir='ltr'><strong>[Εηείάη</strong></span> <span class='ocrx_word' id='word_1_335' title='bbox 3506 2045 3550 2081; x_wconf 71' lang='grc' dir='ltr'><strong>ιι.</strong></span> <span class='ocrx_word' id='word_1_336' title='bbox 3578 2032 3711 2095; x_wconf 76' lang='grc'>121.)</span> 
     </span>
    </p>
   </div>
   <div class='ocr_carea' id='block_1_48' title="bbox 2315 2203 3919 2274">
    <p class='ocr_par' dir='ltr' id='par_1_48' title="bbox 2315 2203 3919 2274">
     <span class='ocr_line' id='line_1_48' title="bbox 2315 2203 3919 2274; baseline 0.004 -14"><span class='ocrx_word' id='word_1_337' title='bbox 2315 2204 2421 2260; x_wconf 90' lang='lat' dir='ltr'><strong>Sed</strong></span> <span class='ocrx_word' id='word_1_338' title='bbox 2476 2204 2527 2259; x_wconf 94' lang='lat' dir='ltr'><strong>id</strong></span> <span class='ocrx_word' id='word_1_339' title='bbox 2571 2203 2821 2259; x_wconf 88' lang='lat' dir='ltr'><strong>ontnibus</strong></span> <span class='ocrx_word' id='word_1_340' title='bbox 2876 2218 3189 2274; x_wconf 90' lang='lat' dir='ltr'><strong>persuasum</strong></span> <span class='ocrx_word' id='word_1_341' title='bbox 3232 2220 3341 2261; x_wconf 90' lang='lat' dir='ltr'><strong>non</strong></span> <span class='ocrx_word' id='word_1_342' title='bbox 3387 2206 3550 2263; x_wconf 86' lang='lat' dir='ltr'><strong>luisse</strong></span> <span class='ocrx_word' id='word_1_343' title='bbox 3602 2207 3730 2263; x_wconf 90' lang='lat' dir='ltr'><strong>alibi</strong></span> <span class='ocrx_word' id='word_1_344' title='bbox 3762 2208 3919 2266; x_wconf 87' lang='lat' dir='ltr'><strong>vidc-</strong></span> 
     </span>
    </p>
   </div>
   <div class='ocr_carea' id='block_1_49' title="bbox 2316 2297 2509 2351">
    <p class='ocr_par' dir='ltr' id='par_1_49' title="bbox 2316 2297 2509 2351">
     <span class='ocr_line' id='line_1_49' title="bbox 2316 2297 2509 2351; baseline 0 0"><span class='ocrx_word' id='word_1_345' title='bbox 2316 2297 2509 2351; x_wconf 87' lang='lat' dir='ltr'><strong>bimus.</strong></span> 
     </span>
    </p>
   </div>
   <div class='ocr_carea' id='block_1_50' title="bbox 2390 2388 3920 2461">
    <p class='ocr_par' dir='ltr' id='par_1_50' title="bbox 2390 2388 3920 2461">
     <span class='ocr_line' id='line_1_50' title="bbox 2390 2388 3920 2461; baseline 0.005 -19"><span class='ocrx_word' id='word_1_346' title='bbox 2390 2389 2591 2444; x_wconf 91' lang='lat' dir='ltr'><strong>Dehinc</strong></span> <span class='ocrx_word' id='word_1_347' title='bbox 2640 2404 2771 2444; x_wconf 92' lang='lat' dir='ltr'><strong>vero</strong></span> <span class='ocrx_word' id='word_1_348' title='bbox 2816 2388 3102 2456; x_wconf 83' lang='lat' dir='ltr'><strong>Minucius,</strong></span> <span class='ocrx_word' id='word_1_349' title='bbox 3158 2401 3321 2461; x_wconf 90' lang='lat' dir='ltr'><strong>atque</strong></span> <span class='ocrx_word' id='word_1_350' title='bbox 3357 2393 3517 2447; x_wconf 87' lang='lat' dir='ltr'><strong>etiam</strong></span> <span class='ocrx_word' id='word_1_351' title='bbox 3546 2395 3769 2449; x_wconf 88' lang='lat' dir='ltr'><strong>totidem</strong></span> <span class='ocrx_word' id='word_1_352' title='bbox 3799 2410 3920 2451; x_wconf 87' lang='lat' dir='ltr'><strong>ver-</strong></span> 
     </span>
    </p>
   </div>
   <div class='ocr_carea' id='block_1_51' title="bbox 2316 2480 3916 2555">
    <p class='ocr_par' dir='ltr' id='par_1_51' title="bbox 2316 2480 3916 2555">
     <span class='ocr_line' id='line_1_51' title="bbox 2316 2480 3916 2555; baseline 0.003 -18"><span class='ocrx_word' id='word_1_353' title='bbox 2316 2482 2398 2537; x_wconf 89' lang='lat' dir='ltr'><strong>bis</strong></span> <span class='ocrx_word' id='word_1_354' title='bbox 2444 2482 2776 2552; x_wconf 84' lang='lat' dir='ltr'><strong>Cyprianus:</strong></span> <span class='ocrx_word' id='word_1_355' title='bbox 2810 2500 2827 2533; x_wconf 84' lang='grc'>‹</span> <span class='ocrx_word' id='word_1_356' title='bbox 2888 2480 3234 2552; x_wconf 66' lang='grc' dir='ltr'><strong>Ᾱεὶεειιὶειρίιις</strong></span> <span class='ocrx_word' id='word_1_357' title='bbox 3288 2493 3347 2537; x_wconf 81' lang='grc' dir='ltr'><strong>ιιι</strong></span> <span class='ocrx_word' id='word_1_358' title='bbox 3382 2485 3433 2538; x_wconf 93' lang='lat' dir='ltr'><strong>in</strong></span> <span class='ocrx_word' id='word_1_359' title='bbox 3484 2486 3648 2541; x_wconf 90' lang='lat' dir='ltr'><strong>Deum</strong></span> <span class='ocrx_word' id='word_1_360' title='bbox 3702 2498 3916 2555; x_wconf 81' lang='lat' dir='ltr'><strong>surgat,</strong></span> 
     </span>
    </p>
   </div>
   <div class='ocr_carea' id='block_1_52' title="bbox 2317 2574 3919 2649">
    <p class='ocr_par' dir='ltr' id='par_1_52' title="bbox 2317 2574 3919 2649">
     <span class='ocr_line' id='line_1_52' title="bbox 2317 2574 3919 2649; baseline 0.004 -22"><span class='ocrx_word' id='word_1_361' title='bbox 2317 2574 2631 2629; x_wconf 68' lang='lat' dir='ltr'><strong>fulminantur</strong></span> <span class='ocrx_word' id='word_1_362' title='bbox 2662 2594 2681 2627; x_wconf 76' lang='grc' dir='ltr'><strong>ι</strong></span> <span class='ocrx_word' id='word_1_363' title='bbox 2719 2574 2737 2645; x_wconf 96' lang='grc'>(</span> <span class='ocrx_word' id='word_1_364' title='bbox 2772 2575 3019 2645; x_wconf 83' lang='lat' dir='ltr'><strong>Cypriun.</strong></span> <span class='ocrx_word' id='word_1_365' title='bbox 3048 2576 3135 2629; x_wconf 88' lang='lat' dir='ltr'><strong>lib.</strong></span> <span class='ocrx_word' id='word_1_366' title='bbox 3169 2577 3232 2630; x_wconf 85' lang='lat' dir='ltr'><strong>de</strong></span> <span class='ocrx_word' id='word_1_367' title='bbox 3262 2575 3402 2631; x_wconf 83' lang='lat' dir='ltr'><strong>Idol.</strong></span> <span class='ocrx_word' id='word_1_368' title='bbox 3444 2576 3615 2633; x_wconf 84' lang='lat' dir='ltr'><strong>Vanit.</strong></span> <span class='ocrx_word' id='word_1_369' title='bbox 3648 2594 3766 2649; x_wconf 88' lang='lat' dir='ltr'><strong>pag.</strong></span> <span class='ocrx_word' id='word_1_370' title='bbox 3803 2580 3919 2649; x_wconf 86' lang='grc'>11).</span> 
     </span>
    </p>
   </div>
   <div class='ocr_carea' id='block_1_53' title="bbox 2317 2668 3917 2741">
    <p class='ocr_par' dir='ltr' id='par_1_53' title="bbox 2317 2668 3917 2741">
     <span class='ocr_line' id='line_1_53' title="bbox 2317 2668 3917 2741; baseline 0.003 -18"><span class='ocrx_word' id='word_1_371' title='bbox 2317 2669 2448 2737; x_wconf 84' lang='lat' dir='ltr'><strong>Quis</strong></span> <span class='ocrx_word' id='word_1_372' title='bbox 2516 2669 2616 2723; x_wconf 91' lang='lat' dir='ltr'><strong>iste</strong></span> <span class='ocrx_word' id='word_1_373' title='bbox 2663 2668 2753 2732; x_wconf 90' lang='lat' dir='ltr'><strong>sit,</strong></span> <span class='ocrx_word' id='word_1_374' title='bbox 2788 2672 2831 2722; x_wconf 91' lang='lat' dir='ltr'><strong>si</strong></span> <span class='ocrx_word' id='word_1_375' title='bbox 2872 2684 2902 2721; x_wconf 92' lang='lat' dir='ltr'><strong>a</strong></span> <span class='ocrx_word' id='word_1_376' title='bbox 2933 2670 3192 2724; x_wconf 85' lang='lat' dir='ltr'><strong>Cicerone</strong></span> <span class='ocrx_word' id='word_1_377' title='bbox 3223 2671 3548 2740; x_wconf 86' lang='lat' dir='ltr'><strong>postulabis,</strong></span> <span class='ocrx_word' id='word_1_378' title='bbox 3602 2688 3917 2741; x_wconf 82' lang='lat' dir='ltr'><strong>reSponsum</strong></span> 
     </span>
    </p>
   </div>
   <div class='ocr_carea' id='block_1_54' title="bbox 2316 2760 3919 2831">
    <p class='ocr_par' dir='ltr' id='par_1_54' title="bbox 2316 2760 3919 2831">
     <span class='ocr_line' id='line_1_54' title="bbox 2316 2760 3919 2831; baseline 0.004 -17"><span class='ocrx_word' id='word_1_379' title='bbox 2316 2762 2384 2815; x_wconf 91' lang='lat' dir='ltr'><strong>ab</strong></span> <span class='ocrx_word' id='word_1_380' title='bbox 2433 2776 2498 2815; x_wconf 90' lang='lat' dir='ltr'><strong>eo</strong></span> <span class='ocrx_word' id='word_1_381' title='bbox 2537 2762 2806 2829; x_wconf 89' lang='lat' dir='ltr'><strong>accipies:</strong></span> <span class='ocrx_word' id='word_1_382' title='bbox 2847 2779 2864 2811; x_wconf 76' lang='grc' dir='ltr'><strong>ι</strong></span> <span class='ocrx_word' id='word_1_383' title='bbox 2916 2760 3262 2831; x_wconf 65' lang='grc' dir='ltr'><strong>ᾸΕεουιιιρὶιιε</strong></span> <span class='ocrx_word' id='word_1_384' title='bbox 3322 2764 3627 2830; x_wconf 87' lang='lat' dir='ltr'><strong>secundus,</strong></span> <span class='ocrx_word' id='word_1_385' title='bbox 3699 2765 3919 2820; x_wconf 88' lang='lat' dir='ltr'><strong>secundi</strong></span> 
     </span>
    </p>
   </div>
   <div class='ocr_carea' id='block_1_55' title="bbox 2318 2852 3921 2924">
    <p class='ocr_par' dir='ltr' id='par_1_55' title="bbox 2318 2852 3921 2924">
     <span class='ocr_line' id='line_1_55' title="bbox 2318 2852 3921 2924; baseline 0.002 -17"><span class='ocrx_word' id='word_1_386' title='bbox 2318 2852 2567 2907; x_wconf 84' lang='lat' dir='ltr'><strong>Mercurii</strong></span> <span class='ocrx_word' id='word_1_387' title='bbox 2601 2853 2807 2908; x_wconf 82' lang='lat' dir='ltr'><strong>frater:</strong></span> <span class='ocrx_word' id='word_1_388' title='bbox 2843 2855 2887 2907; x_wconf 93' lang='lat' dir='ltr'><strong>is</strong></span> <span class='ocrx_word' id='word_1_389' title='bbox 2929 2854 3150 2909; x_wconf 82' lang='lat' dir='ltr'><strong>fulmine</strong></span> <span class='ocrx_word' id='word_1_390' title='bbox 3202 2870 3489 2924; x_wconf 89' lang='lat' dir='ltr'><strong>percussus</strong></span> <span class='ocrx_word' id='word_1_391' title='bbox 3514 2899 3527 2921; x_wconf 87' lang='lat'><strong>,</strong></span> <span class='ocrx_word' id='word_1_392' title='bbox 3576 2857 3773 2912; x_wconf 88' lang='lat' dir='ltr'><strong>dicitur</strong></span> <span class='ocrx_word' id='word_1_393' title='bbox 3823 2858 3921 2911; x_wconf 84' lang='lat' dir='ltr'><strong>hu-</strong></span> 
     </span>
    </p>
   </div>
   <div class='ocr_carea' id='block_1_56' title="bbox 2320 2944 3918 3020">
    <p class='ocr_par' dir='ltr' id='par_1_56' title="bbox 2320 2944 3918 3020">
     <span class='ocr_line' id='line_1_56' title="bbox 2320 2944 3918 3020; baseline 0.003 -21"><span class='ocrx_word' id='word_1_394' title='bbox 2320 2956 2494 2999; x_wconf 87' lang='lat' dir='ltr'><strong>matus</strong></span> <span class='ocrx_word' id='word_1_395' title='bbox 2533 2960 2654 3001; x_wconf 90' lang='lat' dir='ltr'><strong>esse</strong></span> <span class='ocrx_word' id='word_1_396' title='bbox 2675 2944 2972 3017; x_wconf 88' lang='lat' dir='ltr'><strong>Cynosuris</strong></span> <span class='ocrx_word' id='word_1_397' title='bbox 3003 2967 3021 3000; x_wconf 78' lang='grc' dir='ltr'><strong>ι</strong></span> <span class='ocrx_word' id='word_1_398' title='bbox 3044 2946 3229 3020; x_wconf 84' lang='lat' dir='ltr'><strong>(Cicer.</strong></span> <span class='ocrx_word' id='word_1_399' title='bbox 3261 2948 3347 3001; x_wconf 87' lang='lat' dir='ltr'><strong>lib.</strong></span> <span class='ocrx_word' id='word_1_400' title='bbox 3382 2964 3440 3003; x_wconf 89' lang='grc' dir='ltr'><strong>ιιι</strong></span> <span class='ocrx_word' id='word_1_401' title='bbox 3469 2949 3531 3002; x_wconf 87' lang='lat' dir='ltr'><strong>de</strong></span> <span class='ocrx_word' id='word_1_402' title='bbox 3559 2948 3749 3003; x_wconf 80' lang='lat' dir='ltr'><strong>Natur.</strong></span> <span class='ocrx_word' id='word_1_403' title='bbox 3776 2951 3918 3005; x_wconf 81' lang='lat' dir='ltr'><strong>deor.</strong></span> 
     </span>
    </p>
   </div>
   <div class='ocr_carea' id='block_1_57' title="bbox 2319 3036 2619 3107">
    <p class='ocr_par' dir='ltr' id='par_1_57' title="bbox 2319 3036 2619 3107">
     <span class='ocr_line' id='line_1_57' title="bbox 2319 3036 2619 3107; baseline 0.003 -18"><span class='ocrx_word' id='word_1_404' title='bbox 2319 3052 2439 3107; x_wconf 87' lang='lat' dir='ltr'><strong>pag.</strong></span> <span class='ocrx_word' id='word_1_405' title='bbox 2472 3036 2619 3107; x_wconf 65' lang='lat'><strong>248).</strong></span> 
     </span>
    </p>
   </div>
   <div class='ocr_carea' id='block_1_58' title="bbox 619 3128 3919 3221">
    <p class='ocr_par' dir='ltr' id='par_1_58' title="bbox 619 3128 3919 3221">
     <span class='ocr_line' id='line_1_58' title="bbox 619 3128 3919 3221; baseline -0 -32"><span class='ocrx_word' id='word_1_406' title='bbox 619 3133 709 3199; x_wconf 85' lang='lat' dir='ltr'><strong>sit,</strong></span> <span class='ocrx_word' id='word_1_407' title='bbox 759 3151 777 3183; x_wconf 75' lang='grc' dir='ltr'><strong>ι</strong></span> <span class='ocrx_word' id='word_1_408' title='bbox 825 3131 876 3186; x_wconf 89' lang='lat' dir='ltr'><strong>id</strong></span> <span class='ocrx_word' id='word_1_409' title='bbox 939 3139 1058 3195; x_wconf 85' lang='lat' dir='ltr'><strong>est,</strong></span> <span class='ocrx_word' id='word_1_410' title='bbox 1115 3140 1173 3183; x_wconf 92' lang='lat' dir='ltr'><strong>ut</strong></span> <span class='ocrx_word' id='word_1_411' title='bbox 1214 3130 1445 3199; x_wconf 84' lang='lat' dir='ltr'><strong>Erigone</strong></span> <span class='ocrx_word' id='word_1_412' title='bbox 1499 3128 1637 3181; x_wconf 81' lang='lat' dir='ltr'><strong>inter</strong></span> <span class='ocrx_word' id='word_1_413' title='bbox 1687 3137 1832 3181; x_wconf 91' lang='lat' dir='ltr'><strong>astra</strong></span> <span class='ocrx_word' id='word_1_414' title='bbox 1892 3128 2045 3197; x_wconf 89' lang='lat' dir='ltr'><strong>ignea</strong></span> <span class='ocrx_word' id='word_1_415' title='bbox 2099 3129 2286 3221; x_wconf 77' lang='lat' dir='ltr'><strong>col—C</strong></span> <span class='ocrx_word' id='word_1_416' title='bbox 2391 3129 2500 3183; x_wconf 91' lang='lat' dir='ltr'><strong>Cur</strong></span> <span class='ocrx_word' id='word_1_417' title='bbox 2550 3139 2729 3183; x_wconf 90' lang='lat' dir='ltr'><strong>autem</strong></span> <span class='ocrx_word' id='word_1_418' title='bbox 2776 3130 3000 3186; x_wconf 77' lang='lat' dir='ltr'><strong>fulmine</strong></span> <span class='ocrx_word' id='word_1_419' title='bbox 3042 3145 3330 3201; x_wconf 87' lang='lat' dir='ltr'><strong>percussus</strong></span> <span class='ocrx_word' id='word_1_420' title='bbox 3372 3132 3559 3197; x_wconf 78' lang='lat' dir='ltr'><strong>fuerit,</strong></span> <span class='ocrx_word' id='word_1_421' title='bbox 3620 3135 3666 3188; x_wconf 91' lang='lat' dir='ltr'><strong>si</strong></span> <span class='ocrx_word' id='word_1_422' title='bbox 3709 3150 3919 3189; x_wconf 86' lang='lat' dir='ltr'><strong>rursum</strong></span> 
     </span>
    </p>
   </div>
   <div class='ocr_carea' id='block_1_59' title="bbox 619 3219 2212 3291">
    <p class='ocr_par' dir='ltr' id='par_1_59' title="bbox 619 3219 2212 3291">
     <span class='ocr_line' id='line_1_59' title="bbox 619 3219 2212 3291; baseline -0.004 -9"><span class='ocrx_word' id='word_1_423' title='bbox 619 3228 909 3282; x_wconf 90' lang='lat' dir='ltr'><strong>locaretur.</strong></span> <span class='ocrx_word' id='word_1_424' title='bbox 961 3222 1070 3277; x_wconf 85' lang='lat' dir='ltr'><strong>Nec</strong></span> <span class='ocrx_word' id='word_1_425' title='bbox 1118 3221 1275 3291; x_wconf 89' lang='lat' dir='ltr'><strong>plane</strong></span> <span class='ocrx_word' id='word_1_426' title='bbox 1332 3220 1623 3288; x_wconf 86' lang='lat' dir='ltr'><strong>rejicieuda</strong></span> <span class='ocrx_word' id='word_1_427' title='bbox 1678 3219 1793 3273; x_wconf 75' lang='lat' dir='ltr'><strong>lucc</strong></span> <span class='ocrx_word' id='word_1_428' title='bbox 1866 3220 2212 3286; x_wconf 90' lang='lat' dir='ltr'><strong>emendatio,</strong></span> 
     </span>
    </p>
   </div>
   <div class='ocr_carea' id='block_1_60' title="bbox 619 3311 2218 3389">
    <p class='ocr_par' dir='ltr' id='par_1_60' title="bbox 619 3311 2218 3389">
     <span class='ocr_line' id='line_1_60' title="bbox 619 3311 2218 3389; baseline -0.004 -16"><span class='ocrx_word' id='word_1_429' title='bbox 619 3334 740 3389; x_wconf 69' lang='lat' dir='ltr'><strong>qum</strong></span> <span class='ocrx_word' id='word_1_430' title='bbox 789 3315 967 3371; x_wconf 89' lang='lat' dir='ltr'><strong>citatis</strong></span> <span class='ocrx_word' id='word_1_431' title='bbox 1019 3314 1174 3369; x_wconf 87' lang='lat' dir='ltr'><strong>Statii</strong></span> <span class='ocrx_word' id='word_1_432' title='bbox 1233 3323 1287 3367; x_wconf 90' lang='lat' dir='ltr'><strong>et</strong></span> <span class='ocrx_word' id='word_1_433' title='bbox 1340 3312 1547 3365; x_wconf 90' lang='lat' dir='ltr'><strong>Tatiani</strong></span> <span class='ocrx_word' id='word_1_434' title='bbox 1617 3312 1795 3365; x_wconf 91' lang='lat' dir='ltr'><strong>verbis</strong></span> <span class='ocrx_word' id='word_1_435' title='bbox 1848 3311 1990 3365; x_wconf 89' lang='lat' dir='ltr'><strong>haud</strong></span> <span class='ocrx_word' id='word_1_436' title='bbox 2037 3312 2218 3381; x_wconf 87' lang='lat' dir='ltr'><strong>inepte</strong></span> 
     </span>
    </p>
   </div>
   <div class='ocr_carea' id='block_1_61' title="bbox 621 3406 2216 3478">
    <p class='ocr_par' dir='ltr' id='par_1_61' title="bbox 621 3406 2216 3478">
     <span class='ocr_line' id='line_1_61' title="bbox 621 3406 2216 3478; baseline -0.004 -12"><span class='ocrx_word' id='word_1_437' title='bbox 621 3410 847 3466; x_wconf 76' lang='lat' dir='ltr'><strong>stabiliri</strong></span> <span class='ocrx_word' id='word_1_438' title='bbox 900 3417 1093 3478; x_wconf 88' lang='lat' dir='ltr'><strong>potest.</strong></span> <span class='ocrx_word' id='word_1_439' title='bbox 1142 3406 1416 3462; x_wconf 81' lang='lat' dir='ltr'><strong>Gronovio</strong></span> <span class='ocrx_word' id='word_1_440' title='bbox 1461 3415 1636 3459; x_wconf 89' lang='lat' dir='ltr'><strong>tamen</strong></span> <span class='ocrx_word' id='word_1_441' title='bbox 1680 3420 1785 3458; x_wconf 91' lang='lat' dir='ltr'><strong>non</strong></span> <span class='ocrx_word' id='word_1_442' title='bbox 1831 3407 2064 3475; x_wconf 79' lang='lat' dir='ltr'><strong>placuit,</strong></span> <span class='ocrx_word' id='word_1_443' title='bbox 2096 3422 2216 3461; x_wconf 91' lang='lat' dir='ltr'><strong>cor—</strong></span> 
     </span>
    </p>
   </div>
   <div class='ocr_carea' id='block_1_62' title="bbox 622 3499 2218 3576">
    <p class='ocr_par' dir='ltr' id='par_1_62' title="bbox 622 3499 2218 3576">
     <span class='ocr_line' id='line_1_62' title="bbox 622 3499 2218 3576; baseline -0.004 -16"><span class='ocrx_word' id='word_1_444' title='bbox 622 3505 828 3576; x_wconf 85' lang='lat' dir='ltr'><strong>rigique</strong></span> <span class='ocrx_word' id='word_1_445' title='bbox 856 3503 1043 3557; x_wconf 91' lang='lat' dir='ltr'><strong>maluit</strong></span> <span class='ocrx_word' id='word_1_446' title='bbox 1080 3520 1097 3553; x_wconf 82' lang='grc'><em>‹</em></span> <span class='ocrx_word' id='word_1_447' title='bbox 1129 3500 1332 3572; x_wconf 83' lang='lat' dir='ltr'><strong>signata</strong></span> <span class='ocrx_word' id='word_1_448' title='bbox 1358 3500 1447 3568; x_wconf 59' lang='lat' dir='ltr'><strong>sit,</strong></span> <span class='ocrx_word' id='word_1_449' title='bbox 1472 3519 1489 3551; x_wconf 72' lang='grc' dir='ltr'><strong>ι</strong></span> <span class='ocrx_word' id='word_1_450' title='bbox 1525 3500 1573 3553; x_wconf 93' lang='lat' dir='ltr'><strong>id</strong></span> <span class='ocrx_word' id='word_1_451' title='bbox 1602 3510 1685 3554; x_wconf 87' lang='lat' dir='ltr'><strong>est</strong></span> <span class='ocrx_word' id='word_1_452' title='bbox 1716 3499 1906 3554; x_wconf 88' lang='lat' dir='ltr'><strong>locata.</strong></span> <span class='ocrx_word' id='word_1_453' title='bbox 1936 3500 2038 3553; x_wconf 75' lang='lat' dir='ltr'><strong>Sed</strong></span> <span class='ocrx_word' id='word_1_454' title='bbox 2074 3502 2218 3567; x_wconf 90' lang='lat' dir='ltr'><strong>prius</strong></span> 
     </span>
    </p>
   </div>
   <div class='ocr_carea' id='block_1_63' title="bbox 624 3590 2219 3660">
    <p class='ocr_par' dir='ltr' id='par_1_63' title="bbox 624 3590 2219 3660">
     <span class='ocr_line' id='line_1_63' title="bbox 624 3590 2219 3660; baseline -0.004 -7"><span class='ocrx_word' id='word_1_455' title='bbox 624 3596 908 3653; x_wconf 84' lang='lat' dir='ltr'><strong>ostendere</strong></span> <span class='ocrx_word' id='word_1_456' title='bbox 955 3592 1185 3647; x_wconf 84' lang='lat' dir='ltr'><strong>debebat</strong></span> <span class='ocrx_word' id='word_1_457' title='bbox 1238 3591 1454 3645; x_wconf 80' lang='lat' dir='ltr'><strong>ubinam</strong></span> <span class='ocrx_word' id='word_1_458' title='bbox 1502 3591 1763 3644; x_wconf 86' lang='lat' dir='ltr'><strong>Minucius</strong></span> <span class='ocrx_word' id='word_1_459' title='bbox 1818 3595 1918 3645; x_wconf 90' lang='lat' dir='ltr'><strong>hoc</strong></span> <span class='ocrx_word' id='word_1_460' title='bbox 1966 3590 2219 3660; x_wconf 84' lang='lat' dir='ltr'><strong>loquendi</strong></span> 
     </span>
    </p>
   </div>
   <div class='ocr_carea' id='block_1_64' title="bbox 623 3684 2216 3754">
    <p class='ocr_par' dir='ltr' id='par_1_64' title="bbox 623 3684 2216 3754">
     <span class='ocr_line' id='line_1_64' title="bbox 623 3684 2216 3754; baseline -0.006 -8"><span class='ocrx_word' id='word_1_461' title='bbox 623 3690 786 3747; x_wconf 89' lang='lat' dir='ltr'><strong>modo</strong></span> <span class='ocrx_word' id='word_1_462' title='bbox 832 3696 1029 3742; x_wconf 89' lang='lat' dir='ltr'><strong>utatur.</strong></span> <span class='ocrx_word' id='word_1_463' title='bbox 1084 3686 1345 3741; x_wconf 68' lang='lat' dir='ltr'><strong>Cancrum</strong></span> <span class='ocrx_word' id='word_1_464' title='bbox 1419 3698 1771 3754; x_wconf 68' lang='lat' dir='ltr'><strong>qumcumque</strong></span> <span class='ocrx_word' id='word_1_465' title='bbox 1837 3684 1905 3737; x_wconf 92' lang='lat' dir='ltr'><strong>sit</strong></span> <span class='ocrx_word' id='word_1_466' title='bbox 1986 3686 2216 3753; x_wconf 86' lang='lat' dir='ltr'><strong>genuina</strong></span> 
     </span>
    </p>
   </div>
   <div class='ocr_carea' id='block_1_65' title="bbox 623 3778 2220 3850">
    <p class='ocr_par' dir='ltr' id='par_1_65' title="bbox 623 3778 2220 3850">
     <span class='ocr_line' id='line_1_65' title="bbox 623 3778 2220 3850; baseline -0.004 -9"><span class='ocrx_word' id='word_1_467' title='bbox 623 3784 769 3841; x_wconf 90' lang='lat' dir='ltr'><strong>illius</strong></span> <span class='ocrx_word' id='word_1_468' title='bbox 798 3783 975 3843; x_wconf 88' lang='lat' dir='ltr'><strong>lectio.</strong></span> <span class='ocrx_word' id='word_1_469' title='bbox 1007 3780 1345 3850; x_wconf 66' lang='lat' dir='ltr'><strong>apertissime</strong></span> <span class='ocrx_word' id='word_1_470' title='bbox 1392 3778 1655 3848; x_wconf 88' lang='lat' dir='ltr'><strong>signiﬁcat</strong></span> <span class='ocrx_word' id='word_1_471' title='bbox 1683 3778 1971 3831; x_wconf 82' lang='lat' dir='ltr'><strong>absurdam</strong></span> <span class='ocrx_word' id='word_1_472' title='bbox 1998 3781 2220 3834; x_wconf 91' lang='lat' dir='ltr'><strong>omnino</strong></span> 
     </span>
    </p>
   </div>
   <div class='ocr_carea' id='block_1_66' title="bbox 624 3870 2221 3947">
    <p class='ocr_par' dir='ltr' id='par_1_66' title="bbox 624 3870 2221 3947">
     <span class='ocr_line' id='line_1_66' title="bbox 624 3870 2221 3947; baseline -0.005 -14"><span class='ocrx_word' id='word_1_473' title='bbox 624 3892 746 3934; x_wconf 89' lang='lat' dir='ltr'><strong>esse</strong></span> <span class='ocrx_word' id='word_1_474' title='bbox 792 3875 1071 3947; x_wconf 88' lang='lat' dir='ltr'><strong>gentilium</strong></span> <span class='ocrx_word' id='word_1_475' title='bbox 1120 3872 1186 3927; x_wconf 89' lang='lat' dir='ltr'><strong>de</strong></span> <span class='ocrx_word' id='word_1_476' title='bbox 1229 3872 1333 3927; x_wconf 91' lang='lat' dir='ltr'><strong>diis</strong></span> <span class='ocrx_word' id='word_1_477' title='bbox 1388 3874 1497 3925; x_wconf 91' lang='lat' dir='ltr'><strong>suis</strong></span> <span class='ocrx_word' id='word_1_478' title='bbox 1556 3870 1895 3939; x_wconf 89' lang='lat' dir='ltr'><strong>opinionem,</strong></span> <span class='ocrx_word' id='word_1_479' title='bbox 1961 3871 2048 3940; x_wconf 90' lang='lat' dir='ltr'><strong>qui</strong></span> <span class='ocrx_word' id='word_1_480' title='bbox 2103 3872 2221 3925; x_wconf 85' lang='lat' dir='ltr'><strong>Eri-</strong></span> 
     </span>
    </p>
   </div>
   <div class='ocr_carea' id='block_1_67' title="bbox 624 3965 2217 4044">
    <p class='ocr_par' dir='ltr' id='par_1_67' title="bbox 624 3965 2217 4044">
     <span class='ocr_line' id='line_1_67' title="bbox 624 3965 2217 4044; baseline -0.004 -17"><span class='ocrx_word' id='word_1_481' title='bbox 624 3986 818 4044; x_wconf 90' lang='lat' dir='ltr'><strong>gonem</strong></span> <span class='ocrx_word' id='word_1_482' title='bbox 868 3978 1212 4039; x_wconf 87' lang='lat' dir='ltr'><strong>posteaquam</strong></span> <span class='ocrx_word' id='word_1_483' title='bbox 1256 3968 1447 4037; x_wconf 89' lang='lat' dir='ltr'><strong>laqueo</strong></span> <span class='ocrx_word' id='word_1_484' title='bbox 1484 3965 1646 4019; x_wconf 84' lang='lat' dir='ltr'><strong>vitam</strong></span> <span class='ocrx_word' id='word_1_485' title='bbox 1694 3965 1905 4029; x_wconf 89' lang='lat' dir='ltr'><strong>Iinivit,</strong></span> <span class='ocrx_word' id='word_1_486' title='bbox 1956 3975 2012 4020; x_wconf 91' lang='lat' dir='ltr'><strong>et</strong></span> <span class='ocrx_word' id='word_1_487' title='bbox 2040 3965 2217 4033; x_wconf 89' lang='lat' dir='ltr'><strong>deam,</strong></span> 
     </span>
    </p>
   </div>
   <div class='ocr_carea' id='block_1_68' title="bbox 624 4059 1957 4131">
    <p class='ocr_par' dir='ltr' id='par_1_68' title="bbox 624 4059 1957 4131">
     <span class='ocr_line' id='line_1_68' title="bbox 624 4059 1957 4131; baseline -0.008 -7"><span class='ocrx_word' id='word_1_488' title='bbox 624 4078 681 4124; x_wconf 90' lang='lat' dir='ltr'><strong>et</strong></span> <span class='ocrx_word' id='word_1_489' title='bbox 726 4067 865 4122; x_wconf 87' lang='lat' dir='ltr'><strong>inter</strong></span> <span class='ocrx_word' id='word_1_490' title='bbox 903 4072 1045 4118; x_wconf 90' lang='lat' dir='ltr'><strong>astra</strong></span> <span class='ocrx_word' id='word_1_491' title='bbox 1106 4062 1331 4131; x_wconf 89' lang='lat' dir='ltr'><strong>positam</strong></span> <span class='ocrx_word' id='word_1_492' title='bbox 1374 4061 1517 4115; x_wconf 92' lang='lat' dir='ltr'><strong>serio</strong></span> <span class='ocrx_word' id='word_1_493' title='bbox 1575 4059 1957 4129; x_wconf 71' lang='lat' dir='ltr'><strong>przedicabant.</strong></span> 
     </span>
    </p>
   </div>
   <div class='ocr_carea' id='block_1_69' title="bbox 691 4151 2220 4223">
    <p class='ocr_par' dir='ltr' id='par_1_69' title="bbox 691 4151 2220 4223">
     <span class='ocr_line' id='line_1_69' title="bbox 691 4151 2220 4223; baseline -0.007 -7"><span class='ocrx_word' id='word_1_494' title='bbox 691 4161 821 4217; x_wconf 88' lang='lat' dir='ltr'><strong>Post</strong></span> <span class='ocrx_word' id='word_1_495' title='bbox 848 4159 963 4213; x_wconf 66' lang='lat' dir='ltr'><strong>haec</strong></span> <span class='ocrx_word' id='word_1_496' title='bbox 998 4156 1290 4217; x_wconf 80' lang='lat' dir='ltr'><strong>Minucius,</strong></span> <span class='ocrx_word' id='word_1_497' title='bbox 1327 4164 1380 4208; x_wconf 90' lang='lat' dir='ltr'><strong>et</strong></span> <span class='ocrx_word' id='word_1_498' title='bbox 1407 4163 1685 4222; x_wconf 88' lang='lat' dir='ltr'><strong>sequester</strong></span> <span class='ocrx_word' id='word_1_499' title='bbox 1735 4152 1850 4221; x_wconf 88' lang='lat' dir='ltr'><strong>ejus</strong></span> <span class='ocrx_word' id='word_1_500' title='bbox 1884 4151 2220 4223; x_wconf 83' lang='lat' dir='ltr'><strong>Cyprianus:</strong></span> 
     </span>
    </p>
   </div>
   <div class='ocr_carea' id='block_1_70' title="bbox 633 4247 2224 4318">
    <p class='ocr_par' dir='ltr' id='par_1_70' title="bbox 633 4247 2224 4318">
     <span class='ocr_line' id='line_1_70' title="bbox 633 4247 2224 4318; baseline -0.003 -12"><span class='ocrx_word' id='word_1_501' title='bbox 633 4274 653 4306; x_wconf 76' lang='grc' dir='ltr'><strong>ι</strong></span> <span class='ocrx_word' id='word_1_502' title='bbox 699 4254 953 4310; x_wconf 82' lang='lat' dir='ltr'><strong>Casmres</strong></span> <span class='ocrx_word' id='word_1_503' title='bbox 979 4296 991 4318; x_wconf 91' lang='lat'><strong>,</strong></span> <span class='ocrx_word' id='word_1_504' title='bbox 1033 4272 1051 4303; x_wconf 86' lang='grc'><strong>›</strong></span> <span class='ocrx_word' id='word_1_505' title='bbox 1082 4251 1187 4307; x_wconf 92' lang='lat' dir='ltr'><strong>hoc</strong></span> <span class='ocrx_word' id='word_1_506' title='bbox 1234 4258 1316 4304; x_wconf 88' lang='lat' dir='ltr'><strong>est</strong></span> <span class='ocrx_word' id='word_1_507' title='bbox 1339 4291 1351 4312; x_wconf 89' lang='lat'><strong>,</strong></span> <span class='ocrx_word' id='word_1_508' title='bbox 1382 4248 1571 4302; x_wconf 90' lang='lat' dir='ltr'><strong>Castor</strong></span> <span class='ocrx_word' id='word_1_509' title='bbox 1597 4256 1651 4301; x_wconf 92' lang='lat' dir='ltr'><strong>et</strong></span> <span class='ocrx_word' id='word_1_510' title='bbox 1703 4247 1884 4299; x_wconf 81' lang='lat' dir='ltr'><strong>Pollux</strong></span> <span class='ocrx_word' id='word_1_511' title='bbox 1908 4289 1920 4309; x_wconf 91' lang='lat'><strong>,</strong></span> <span class='ocrx_word' id='word_1_512' title='bbox 1953 4267 1970 4297; x_wconf 85' lang='grc'><em>‹</em></span> <span class='ocrx_word' id='word_1_513' title='bbox 2006 4248 2224 4302; x_wconf 90' lang='lat' dir='ltr'><strong>alternis</strong></span> 
     </span>
    </p>
   </div>
   <div class='ocr_carea' id='block_1_71' title="bbox 627 4337 2220 4409">
    <p class='ocr_par' dir='ltr' id='par_1_71' title="bbox 627 4337 2220 4409">
     <span class='ocr_line' id='line_1_71' title="bbox 627 4337 2220 4409; baseline -0.006 -8"><span class='ocrx_word' id='word_1_514' title='bbox 627 4346 953 4409; x_wconf 86' lang='lat' dir='ltr'><strong>moriuntur,</strong></span> <span class='ocrx_word' id='word_1_515' title='bbox 988 4351 1046 4395; x_wconf 89' lang='lat' dir='ltr'><strong>ut</strong></span> <span class='ocrx_word' id='word_1_516' title='bbox 1071 4343 1252 4395; x_wconf 91' lang='lat' dir='ltr'><strong>vivant</strong></span> <span class='ocrx_word' id='word_1_517' title='bbox 1283 4359 1300 4391; x_wconf 73' lang='grc' dir='ltr'><strong>ι</strong></span> <span class='ocrx_word' id='word_1_518' title='bbox 1326 4339 1592 4409; x_wconf 82' lang='lat' dir='ltr'><strong>(Cyprian.</strong></span> <span class='ocrx_word' id='word_1_519' title='bbox 1626 4338 1713 4391; x_wconf 88' lang='lat' dir='ltr'><strong>lib.</strong></span> <span class='ocrx_word' id='word_1_520' title='bbox 1758 4338 1820 4391; x_wconf 88' lang='lat' dir='ltr'><strong>de</strong></span> <span class='ocrx_word' id='word_1_521' title='bbox 1845 4337 1983 4393; x_wconf 89' lang='lat' dir='ltr'><strong>Idol.</strong></span> <span class='ocrx_word' id='word_1_522' title='bbox 2047 4338 2220 4392; x_wconf 82' lang='lat' dir='ltr'><strong>Vanit.</strong></span> 
     </span>
    </p>
   </div>
   <div class='ocr_carea' id='block_1_72' title="bbox 628 4429 2226 4509">
    <p class='ocr_par' dir='ltr' id='par_1_72' title="bbox 628 4429 2226 4509">
     <span class='ocr_line' id='line_1_72' title="bbox 628 4429 2226 4509; baseline -0.005 -16"><span class='ocrx_word' id='word_1_523' title='bbox 628 4454 751 4509; x_wconf 84' lang='lat' dir='ltr'><strong>pag.</strong></span> <span class='ocrx_word' id='word_1_524' title='bbox 805 4434 942 4503; x_wconf 87' lang='grc'>11).</span> <span class='ocrx_word' id='word_1_525' title='bbox 998 4433 1129 4499; x_wconf 73' lang='lat' dir='ltr'><strong>Quae</strong></span> <span class='ocrx_word' id='word_1_526' title='bbox 1178 4430 1392 4500; x_wconf 89' lang='lat' dir='ltr'><strong>quidem</strong></span> <span class='ocrx_word' id='word_1_527' title='bbox 1447 4430 1602 4499; x_wconf 88' lang='lat' dir='ltr'><strong>paulo</strong></span> <span class='ocrx_word' id='word_1_528' title='bbox 1652 4429 1869 4485; x_wconf 90' lang='lat' dir='ltr'><strong>uberius</strong></span> <span class='ocrx_word' id='word_1_529' title='bbox 1915 4447 1945 4485; x_wconf 90' lang='lat' dir='ltr'><strong>a</strong></span> <span class='ocrx_word' id='word_1_530' title='bbox 1998 4432 2226 4486; x_wconf 87' lang='lat' dir='ltr'><strong>Lactan-</strong></span> 
     </span>
    </p>
   </div>
   <div class='ocr_carea' id='block_1_73' title="bbox 2322 3220 3925 3292">
    <p class='ocr_par' dir='ltr' id='par_1_73' title="bbox 2322 3220 3925 3292">
     <span class='ocr_line' id='line_1_73' title="bbox 2322 3220 3925 3292; baseline 0.004 -17"><span class='ocrx_word' id='word_1_531' title='bbox 2322 3220 2647 3287; x_wconf 83' lang='lat' dir='ltr'><strong>scisciteris,</strong></span> <span class='ocrx_word' id='word_1_532' title='bbox 2707 3223 2997 3292; x_wconf 81' lang='lat' dir='ltr'><strong>respondet</strong></span> <span class='ocrx_word' id='word_1_533' title='bbox 3047 3225 3311 3279; x_wconf 89' lang='lat' dir='ltr'><strong>Diodorus</strong></span> <span class='ocrx_word' id='word_1_534' title='bbox 3380 3225 3645 3281; x_wconf 90' lang='lat' dir='ltr'><strong>Siculus:</strong></span> <span class='ocrx_word' id='word_1_535' title='bbox 3709 3246 3726 3276; x_wconf 76' lang='grc' dir='ltr'><strong>ι</strong></span> <span class='ocrx_word' id='word_1_536' title='bbox 3766 3227 3925 3283; x_wconf 91' lang='lat' dir='ltr'><strong>Pluto</strong></span> 
     </span>
    </p>
   </div>
   <div class='ocr_carea' id='block_1_74' title="bbox 2324 3314 3921 3386">
    <p class='ocr_par' dir='ltr' id='par_1_74' title="bbox 2324 3314 3921 3386">
     <span class='ocr_line' id='line_1_74' title="bbox 2324 3314 3921 3386; baseline 0.007 -21"><span class='ocrx_word' id='word_1_537' title='bbox 2324 3314 2600 3381; x_wconf 90' lang='lat' dir='ltr'><strong>querelam</strong></span> <span class='ocrx_word' id='word_1_538' title='bbox 2635 3314 2703 3369; x_wconf 91' lang='lat' dir='ltr'><strong>de</strong></span> <span class='ocrx_word' id='word_1_539' title='bbox 2735 3314 3047 3385; x_wconf 62' lang='lat' dir='ltr'><strong>Esculapio</strong></span> <span class='ocrx_word' id='word_1_540' title='bbox 3070 3358 3085 3383; x_wconf 95' lang='lat'><strong>,</strong></span> <span class='ocrx_word' id='word_1_541' title='bbox 3115 3317 3256 3386; x_wconf 90' lang='lat' dir='ltr'><strong>quod</strong></span> <span class='ocrx_word' id='word_1_542' title='bbox 3287 3317 3537 3372; x_wconf 87' lang='lat' dir='ltr'><strong>videlicet</strong></span> <span class='ocrx_word' id='word_1_543' title='bbox 3560 3320 3921 3376; x_wconf 89' lang='lat' dir='ltr'><strong>medicatione</strong></span> 
     </span>
    </p>
   </div>
   <div class='ocr_carea' id='block_1_75' title="bbox 2323 3406 3921 3481">
    <p class='ocr_par' dir='ltr' id='par_1_75' title="bbox 2323 3406 3921 3481">
     <span class='ocr_line' id='line_1_75' title="bbox 2323 3406 3921 3481; baseline 0.006 -23"><span class='ocrx_word' id='word_1_544' title='bbox 2323 3406 2440 3475; x_wconf 90' lang='lat' dir='ltr'><strong>ejus</strong></span> <span class='ocrx_word' id='word_1_545' title='bbox 2473 3415 2806 3461; x_wconf 89' lang='lat' dir='ltr'><strong>mortuorum</strong></span> <span class='ocrx_word' id='word_1_546' title='bbox 2835 3423 3091 3462; x_wconf 85' lang='lat' dir='ltr'><strong>numerus</strong></span> <span class='ocrx_word' id='word_1_547' title='bbox 3113 3410 3343 3463; x_wconf 88' lang='lat' dir='ltr'><strong>subinde</strong></span> <span class='ocrx_word' id='word_1_548' title='bbox 3368 3410 3724 3476; x_wconf 80' lang='lat' dir='ltr'><strong>decresceret,</strong></span> <span class='ocrx_word' id='word_1_549' title='bbox 3778 3412 3921 3481; x_wconf 91' lang='lat' dir='ltr'><strong>apud</strong></span> 
     </span>
    </p>
   </div>
   <div class='ocr_carea' id='block_1_76' title="bbox 2323 3497 3919 3572">
    <p class='ocr_par' dir='ltr' id='par_1_76' title="bbox 2323 3497 3919 3572">
     <span class='ocr_line' id='line_1_76' title="bbox 2323 3497 3919 3572; baseline 0.003 -19"><span class='ocrx_word' id='word_1_550' title='bbox 2323 3497 2509 3553; x_wconf 83' lang='lat' dir='ltr'><strong>Jovem</strong></span> <span class='ocrx_word' id='word_1_551' title='bbox 2566 3499 2793 3553; x_wconf 88' lang='lat' dir='ltr'><strong>instituit</strong></span> <span class='ocrx_word' id='word_1_552' title='bbox 2820 3542 2835 3567; x_wconf 97' lang='lat'><strong>,</strong></span> <span class='ocrx_word' id='word_1_553' title='bbox 2885 3516 3119 3571; x_wconf 90' lang='lat' dir='ltr'><strong>eumque</strong></span> <span class='ocrx_word' id='word_1_554' title='bbox 3157 3500 3226 3555; x_wconf 92' lang='lat' dir='ltr'><strong>de</strong></span> <span class='ocrx_word' id='word_1_555' title='bbox 3256 3501 3511 3556; x_wconf 90' lang='lat' dir='ltr'><strong>diminuta</strong></span> <span class='ocrx_word' id='word_1_556' title='bbox 3541 3503 3687 3572; x_wconf 83' lang='lat' dir='ltr'><strong>regni</strong></span> <span class='ocrx_word' id='word_1_557' title='bbox 3718 3503 3919 3558; x_wconf 78' lang='lat' dir='ltr'><strong>inferni</strong></span> 
     </span>
    </p>
   </div>
   <div class='ocr_carea' id='block_1_77' title="bbox 2323 3592 3918 3664">
    <p class='ocr_par' dir='ltr' id='par_1_77' title="bbox 2323 3592 3918 3664">
     <span class='ocr_line' id='line_1_77' title="bbox 2323 3592 3918 3664; baseline 0.006 -22"><span class='ocrx_word' id='word_1_558' title='bbox 2323 3592 2557 3661; x_wconf 86' lang='lat' dir='ltr'><strong>potentia</strong></span> <span class='ocrx_word' id='word_1_559' title='bbox 2585 3593 2870 3647; x_wconf 89' lang='lat' dir='ltr'><strong>accusavit.</strong></span> <span class='ocrx_word' id='word_1_560' title='bbox 2926 3592 3039 3647; x_wconf 92' lang='lat' dir='ltr'><strong>lloc</strong></span> <span class='ocrx_word' id='word_1_561' title='bbox 3071 3595 3236 3648; x_wconf 91' lang='lat' dir='ltr'><strong>iratus</strong></span> <span class='ocrx_word' id='word_1_562' title='bbox 3286 3594 3494 3664; x_wconf 84' lang='lat' dir='ltr'><strong>Jupiter</strong></span> <span class='ocrx_word' id='word_1_563' title='bbox 3526 3594 3763 3649; x_wconf 77' lang='lat' dir='ltr'><strong>fulminis</strong></span> <span class='ocrx_word' id='word_1_564' title='bbox 3807 3596 3918 3651; x_wconf 90' lang='lat' dir='ltr'><strong>ictu</strong></span> 
     </span>
    </p>
   </div>
   <div class='ocr_carea' id='block_1_78' title="bbox 2323 3688 3922 3761">
    <p class='ocr_par' dir='ltr' id='par_1_78' title="bbox 2323 3688 3922 3761">
     <span class='ocr_line' id='line_1_78' title="bbox 2323 3688 3922 3761; baseline 0 -18"><span class='ocrx_word' id='word_1_565' title='bbox 2323 3688 2689 3757; x_wconf 74' lang='lat' dir='ltr'><strong>[Esculapium</strong></span> <span class='ocrx_word' id='word_1_566' title='bbox 2745 3688 2971 3743; x_wconf 89' lang='lat' dir='ltr'><strong>necavit.</strong></span> <span class='ocrx_word' id='word_1_567' title='bbox 3014 3694 3398 3759; x_wconf 66' lang='grc' dir='ltr'><strong>Πειραιευνθέντα,</strong></span> <span class='ocrx_word' id='word_1_568' title='bbox 3439 3696 3521 3743; x_wconf 71' lang='grc' dir='ltr'><em>καὶ</em></span> <span class='ocrx_word' id='word_1_569' title='bbox 3564 3699 3922 3761; x_wconf 70' lang='grc' dir='ltr'><strong>κεριυνὼσοιντα</strong></span> 
     </span>
    </p>
   </div>
   <div class='ocr_carea' id='block_1_79' title="bbox 2323 3771 3919 3854">
    <p class='ocr_par' dir='ltr' id='par_1_79' title="bbox 2323 3771 3919 3854">
     <span class='ocr_line' id='line_1_79' title="bbox 2323 3771 3919 3854; baseline 0.004 -21"><span class='ocrx_word' id='word_1_570' title='bbox 2323 3771 2591 3843; x_wconf 75' lang='grc' dir='ltr'><strong>Ᾰσιιληπιὸν</strong></span> <span class='ocrx_word' id='word_1_571' title='bbox 2638 3788 2906 3854; x_wconf 69' lang='grc' dir='ltr'><strong>θιαφθεῖραι</strong></span> <span class='ocrx_word' id='word_1_572' title='bbox 2944 3802 2961 3833; x_wconf 72' lang='grc' dir='ltr'><strong>ι</strong></span> <span class='ocrx_word' id='word_1_573' title='bbox 2998 3783 3238 3851; x_wconf 84' lang='lat' dir='ltr'><strong>(Diodor.</strong></span> <span class='ocrx_word' id='word_1_574' title='bbox 3269 3783 3436 3839; x_wconf 88' lang='lat' dir='ltr'><strong>Sicul.</strong></span> <span class='ocrx_word' id='word_1_575' title='bbox 3468 3786 3557 3839; x_wconf 87' lang='lat' dir='ltr'><strong>lib.</strong></span> <span class='ocrx_word' id='word_1_576' title='bbox 3594 3801 3645 3839; x_wconf 82' lang='lat' dir='ltr'><strong>tv</strong></span> <span class='ocrx_word' id='word_1_577' title='bbox 3680 3784 3919 3839; x_wconf 82' lang='lat' dir='ltr'><strong>Biblioth.</strong></span> 
     </span>
    </p>
   </div>
   <div class='ocr_carea' id='block_1_80' title="bbox 2324 3877 3923 3949">
    <p class='ocr_par' dir='ltr' id='par_1_80' title="bbox 2324 3877 3923 3949">
     <span class='ocr_line' id='line_1_80' title="bbox 2324 3877 3923 3949; baseline 0.001 -18"><span class='ocrx_word' id='word_1_578' title='bbox 2324 3893 2445 3949; x_wconf 87' lang='lat' dir='ltr'><strong>pag.</strong></span> <span class='ocrx_word' id='word_1_579' title='bbox 2476 3877 2638 3947; x_wconf 86' lang='lat' dir='ltr'><strong>I90).</strong></span> <span class='ocrx_word' id='word_1_580' title='bbox 2683 3880 2752 3931; x_wconf 87' lang='lat' dir='ltr'><strong>At</strong></span> <span class='ocrx_word' id='word_1_581' title='bbox 2787 3878 2939 3932; x_wconf 84' lang='lat' dir='ltr'><strong>Plato</strong></span> <span class='ocrx_word' id='word_1_582' title='bbox 2966 3877 3147 3932; x_wconf 90' lang='lat' dir='ltr'><strong>scribit</strong></span> <span class='ocrx_word' id='word_1_583' title='bbox 3167 3878 3317 3932; x_wconf 93' lang='lat' dir='ltr'><strong>illum</strong></span> <span class='ocrx_word' id='word_1_584' title='bbox 3345 3880 3467 3935; x_wconf 89' lang='lat' dir='ltr'><strong>ideo</strong></span> <span class='ocrx_word' id='word_1_585' title='bbox 3495 3879 3717 3934; x_wconf 84' lang='lat' dir='ltr'><strong>fulmine</strong></span> <span class='ocrx_word' id='word_1_586' title='bbox 3743 3882 3923 3946; x_wconf 80' lang='lat' dir='ltr'><strong>ictum,</strong></span> 
     </span>
    </p>
   </div>
   <div class='ocr_carea' id='block_1_81' title="bbox 2325 3970 3924 4042">
    <p class='ocr_par' dir='ltr' id='par_1_81' title="bbox 2325 3970 3924 4042">
     <span class='ocr_line' id='line_1_81' title="bbox 2325 3970 3924 4042; baseline 0 -17"><span class='ocrx_word' id='word_1_587' title='bbox 2325 3973 2448 4042; x_wconf 89' lang='lat' dir='ltr'><strong>quia</strong></span> <span class='ocrx_word' id='word_1_588' title='bbox 2474 3970 2695 4025; x_wconf 71' lang='lat' dir='ltr'><strong>avaritia</strong></span> <span class='ocrx_word' id='word_1_589' title='bbox 2725 3986 2966 4041; x_wconf 88' lang='lat' dir='ltr'><strong>auroque</strong></span> <span class='ocrx_word' id='word_1_590' title='bbox 2996 3982 3285 4041; x_wconf 90' lang='lat' dir='ltr'><strong>corruptus</strong></span> <span class='ocrx_word' id='word_1_591' title='bbox 3304 4013 3317 4037; x_wconf 92' lang='lat'><strong>,</strong></span> <span class='ocrx_word' id='word_1_592' title='bbox 3350 3989 3367 4022; x_wconf 78' lang='grc' dir='ltr'><strong>ι</strong></span> <span class='ocrx_word' id='word_1_593' title='bbox 3399 3972 3711 4042; x_wconf 87' lang='lat' dir='ltr'><strong>opulentum</strong></span> <span class='ocrx_word' id='word_1_594' title='bbox 3736 3987 3924 4041; x_wconf 85' lang='lat' dir='ltr'><strong>quem-</strong></span> 
     </span>
    </p>
   </div>
   <div class='ocr_carea' id='block_1_82' title="bbox 2327 4062 3930 4131">
    <p class='ocr_par' dir='ltr' id='par_1_82' title="bbox 2327 4062 3930 4131">
     <span class='ocr_line' id='line_1_82' title="bbox 2327 4062 3930 4131; baseline 0.001 -14"><span class='ocrx_word' id='word_1_595' title='bbox 2327 4062 2449 4117; x_wconf 87' lang='lat' dir='ltr'><strong>dam</strong></span> <span class='ocrx_word' id='word_1_596' title='bbox 2501 4063 2672 4117; x_wconf 91' lang='lat' dir='ltr'><strong>virum</strong></span> <span class='ocrx_word' id='word_1_597' title='bbox 2720 4063 2903 4117; x_wconf 88' lang='lat' dir='ltr'><strong>Ietltali</strong></span> <span class='ocrx_word' id='word_1_598' title='bbox 2946 4062 3137 4118; x_wconf 84' lang='lat' dir='ltr'><strong>morbo</strong></span> <span class='ocrx_word' id='word_1_599' title='bbox 3176 4064 3506 4118; x_wconf 87' lang='lat' dir='ltr'><strong>laborantem</strong></span> <span class='ocrx_word' id='word_1_600' title='bbox 3532 4106 3547 4131; x_wconf 92' lang='lat'><strong>,</strong></span> <span class='ocrx_word' id='word_1_601' title='bbox 3603 4075 3656 4120; x_wconf 90' lang='lat' dir='ltr'><strong>et</strong></span> <span class='ocrx_word' id='word_1_602' title='bbox 3693 4066 3930 4119; x_wconf 83' lang='lat' dir='ltr'><strong>animam</strong></span> 
     </span>
    </p>
   </div>
   <div class='ocr_carea' id='block_1_83' title="bbox 2333 4154 3925 4228">
    <p class='ocr_par' dir='ltr' id='par_1_83' title="bbox 2333 4154 3925 4228">
     <span class='ocr_line' id='line_1_83' title="bbox 2333 4154 3925 4228; baseline 0.001 -19"><span class='ocrx_word' id='word_1_603' title='bbox 2333 4167 2578 4227; x_wconf 89' lang='lat' dir='ltr'><strong>agentem</strong></span> <span class='ocrx_word' id='word_1_604' title='bbox 2608 4157 2878 4210; x_wconf 87' lang='lat' dir='ltr'><strong>curaverit</strong></span> <span class='ocrx_word' id='word_1_605' title='bbox 2906 4174 2924 4207; x_wconf 74' lang='grc' dir='ltr'><strong>ι</strong></span> <span class='ocrx_word' id='word_1_606' title='bbox 2954 4154 3151 4228; x_wconf 84' lang='lat' dir='ltr'><strong>(Plato.</strong></span> <span class='ocrx_word' id='word_1_607' title='bbox 3186 4157 3273 4211; x_wconf 91' lang='lat' dir='ltr'><strong>lib.</strong></span> <span class='ocrx_word' id='word_1_608' title='bbox 3304 4173 3362 4212; x_wconf 86' lang='lat' dir='ltr'><strong>tu</strong></span> <span class='ocrx_word' id='word_1_609' title='bbox 3388 4158 3451 4211; x_wconf 85' lang='lat' dir='ltr'><strong>de</strong></span> <span class='ocrx_word' id='word_1_610' title='bbox 3478 4158 3676 4227; x_wconf 80' lang='lat' dir='ltr'><strong>Repub.</strong></span> <span class='ocrx_word' id='word_1_611' title='bbox 3714 4170 3835 4213; x_wconf 87' lang='lat' dir='ltr'><strong>tam.</strong></span> <span class='ocrx_word' id='word_1_612' title='bbox 3870 4174 3925 4213; x_wconf 88' lang='grc' dir='ltr'><strong>ιι.</strong></span> 
     </span>
    </p>
   </div>
   <div class='ocr_carea' id='block_1_84' title="bbox 2330 4245 3931 4321">
    <p class='ocr_par' dir='ltr' id='par_1_84' title="bbox 2330 4245 3931 4321">
     <span class='ocr_line' id='line_1_84' title="bbox 2330 4245 3931 4321; baseline 0.003 -22"><span class='ocrx_word' id='word_1_613' title='bbox 2330 4263 2448 4317; x_wconf 85' lang='lat' dir='ltr'><strong>pag.</strong></span> <span class='ocrx_word' id='word_1_614' title='bbox 2481 4245 2631 4317; x_wconf 72' lang='grc'><strong>408).</strong></span> <span class='ocrx_word' id='word_1_615' title='bbox 2703 4248 2809 4301; x_wconf 84' lang='grc' dir='ltr'><strong>Αιιι</strong></span> <span class='ocrx_word' id='word_1_616' title='bbox 2836 4246 2992 4303; x_wconf 85' lang='lat' dir='ltr'><strong>sicuti</strong></span> <span class='ocrx_word' id='word_1_617' title='bbox 3018 4247 3268 4318; x_wconf 82' lang='lat' dir='ltr'><strong>Virgilius</strong></span> <span class='ocrx_word' id='word_1_618' title='bbox 3300 4250 3533 4303; x_wconf 86' lang='lat' dir='ltr'><strong>cecinit:</strong></span> <span class='ocrx_word' id='word_1_619' title='bbox 3563 4250 3699 4317; x_wconf 83' lang='lat' dir='ltr'><strong>Quia</strong></span> <span class='ocrx_word' id='word_1_620' title='bbox 3729 4250 3931 4321; x_wconf 86' lang='lat' dir='ltr'><strong>Hippo-</strong></span> 
     </span>
    </p>
   </div>
   <div class='ocr_carea' id='block_1_85' title="bbox 2330 4342 3930 4412">
    <p class='ocr_par' dir='ltr' id='par_1_85' title="bbox 2330 4342 3930 4412">
     <span class='ocr_line' id='line_1_85' title="bbox 2330 4342 3930 4412; baseline 0.001 -17"><span class='ocrx_word' id='word_1_621' title='bbox 2330 4342 2497 4412; x_wconf 84' lang='lat' dir='ltr'><strong>lytum</strong></span> <span class='ocrx_word' id='word_1_622' title='bbox 2518 4383 2532 4407; x_wconf 93' lang='lat'><strong>,</strong></span> <span class='ocrx_word' id='word_1_623' title='bbox 2576 4355 2818 4395; x_wconf 73' lang='lat' dir='ltr'><strong>noverca:</strong></span> <span class='ocrx_word' id='word_1_624' title='bbox 2848 4356 2960 4395; x_wconf 71' lang='lat' dir='ltr'><strong>sua:</strong></span> <span class='ocrx_word' id='word_1_625' title='bbox 3002 4351 3116 4395; x_wconf 92' lang='lat' dir='ltr'><strong>arte</strong></span> <span class='ocrx_word' id='word_1_626' title='bbox 3146 4343 3384 4397; x_wconf 90' lang='lat' dir='ltr'><strong>occisum</strong></span> <span class='ocrx_word' id='word_1_627' title='bbox 3412 4385 3427 4409; x_wconf 94' lang='lat'><strong>,</strong></span> <span class='ocrx_word' id='word_1_628' title='bbox 3470 4342 3539 4397; x_wconf 91' lang='lat' dir='ltr'><strong>ad</strong></span> <span class='ocrx_word' id='word_1_629' title='bbox 3576 4350 3738 4398; x_wconf 83' lang='lat' dir='ltr'><strong>vitam</strong></span> <span class='ocrx_word' id='word_1_630' title='bbox 3770 4359 3930 4401; x_wconf 85' lang='lat' dir='ltr'><strong>revo-</strong></span> 
     </span>
    </p>
   </div>
   <div class='ocr_carea' id='block_1_86' title="bbox 2334 4432 3933 4505">
    <p class='ocr_par' dir='ltr' id='par_1_86' title="bbox 2334 4432 3933 4505">
     <span class='ocr_line' id='line_1_86' title="bbox 2334 4432 3933 4505; baseline 0.001 -16"><span class='ocrx_word' id='word_1_631' title='bbox 2334 4434 2539 4489; x_wconf 88' lang='lat' dir='ltr'><strong>caverit</strong></span> <span class='ocrx_word' id='word_1_632' title='bbox 2580 4432 2797 4503; x_wconf 78' lang='lat' dir='ltr'><strong>(Virgil.</strong></span> <span class='ocrx_word' id='word_1_633' title='bbox 2860 4434 2945 4487; x_wconf 88' lang='lat' dir='ltr'><strong>lib.</strong></span> <span class='ocrx_word' id='word_1_634' title='bbox 3002 4449 3077 4487; x_wconf 85' lang='lat' dir='ltr'><strong>vtt</strong></span> <span class='ocrx_word' id='word_1_635' title='bbox 3130 4432 3347 4495; x_wconf 69' lang='lat' dir='ltr'><strong>Ai‘neid.</strong></span> <span class='ocrx_word' id='word_1_636' title='bbox 3415 4451 3459 4488; x_wconf 72' lang='grc' dir='ltr'><strong>ιν.</strong></span> <span class='ocrx_word' id='word_1_637' title='bbox 3516 4436 3621 4490; x_wconf 89' lang='lat'><strong>765</strong></span> <span class='ocrx_word' id='word_1_638' title='bbox 3673 4447 3723 4488; x_wconf 84' lang='lat' dir='ltr'><strong>et</strong></span> <span class='ocrx_word' id='word_1_639' title='bbox 3769 4435 3933 4505; x_wconf 72' lang='lat' dir='ltr'><strong>seqq).</strong></span> 
     </span>
    </p>
   </div>
   <div class='ocr_carea' id='block_1_87' title="bbox 631 4525 3934 4611">
    <p class='ocr_par' dir='ltr' id='par_1_87' title="bbox 631 4525 3934 4611">
     <span class='ocr_line' id='line_1_87' title="bbox 631 4525 3934 4611; baseline -0 -25"><span class='ocrx_word' id='word_1_640' title='bbox 631 4533 706 4586; x_wconf 87' lang='lat' dir='ltr'><strong>tio</strong></span> <span class='ocrx_word' id='word_1_641' title='bbox 754 4530 832 4584; x_wconf 90' lang='lat' dir='ltr'><strong>sic</strong></span> <span class='ocrx_word' id='word_1_642' title='bbox 881 4535 1261 4596; x_wconf 78' lang='lat' dir='ltr'><strong>exponuntur:</strong></span> <span class='ocrx_word' id='word_1_643' title='bbox 1309 4544 1326 4575; x_wconf 75' lang='grc' dir='ltr'><strong>ι</strong></span> <span class='ocrx_word' id='word_1_644' title='bbox 1363 4525 1555 4580; x_wconf 89' lang='lat' dir='ltr'><strong>Castor</strong></span> <span class='ocrx_word' id='word_1_645' title='bbox 1597 4535 1650 4581; x_wconf 92' lang='lat' dir='ltr'><strong>et</strong></span> <span class='ocrx_word' id='word_1_646' title='bbox 1677 4526 1863 4580; x_wconf 80' lang='lat' dir='ltr'><strong>Pollux</strong></span> <span class='ocrx_word' id='word_1_647' title='bbox 1914 4526 2041 4581; x_wconf 90' lang='lat' dir='ltr'><strong>dum</strong></span> <span class='ocrx_word' id='word_1_648' title='bbox 2095 4528 2225 4582; x_wconf 88' lang='lat' dir='ltr'><strong>alie-</strong></span> <span class='ocrx_word' id='word_1_649' title='bbox 2255 4552 2308 4611; x_wconf 77' lang='grc' dir='ltr'><strong>Ι)</strong></span> <span class='ocrx_word' id='word_1_650' title='bbox 2339 4526 2539 4583; x_wconf 87' lang='lat' dir='ltr'><strong>Eadem</strong></span> <span class='ocrx_word' id='word_1_651' title='bbox 2569 4528 2702 4581; x_wconf 83' lang='lat' dir='ltr'><strong>dixit</strong></span> <span class='ocrx_word' id='word_1_652' title='bbox 2732 4527 2998 4581; x_wconf 89' lang='lat' dir='ltr'><strong>Pindarus</strong></span> <span class='ocrx_word' id='word_1_653' title='bbox 3033 4527 3281 4583; x_wconf 88' lang='lat' dir='ltr'><strong>laudatus</strong></span> <span class='ocrx_word' id='word_1_654' title='bbox 3309 4544 3336 4581; x_wconf 90' lang='lat' dir='ltr'><strong>a</strong></span> <span class='ocrx_word' id='word_1_655' title='bbox 3362 4528 3725 4597; x_wconf 88' lang='lat' dir='ltr'><strong>Tertulliano,</strong></span> <span class='ocrx_word' id='word_1_656' title='bbox 3753 4533 3934 4585; x_wconf 81' lang='lat' dir='ltr'><strong>Arno-</strong></span> 
     </span>
    </p>
   </div>
   <div class='ocr_carea' id='block_1_88' title="bbox 630 4618 2226 4692">
    <p class='ocr_par' dir='ltr' id='par_1_88' title="bbox 630 4618 2226 4692">
     <span class='ocr_line' id='line_1_88' title="bbox 630 4618 2226 4692; baseline -0.002 -15"><span class='ocrx_word' id='word_1_657' title='bbox 630 4638 731 4681; x_wconf 89' lang='lat' dir='ltr'><strong>nas</strong></span> <span class='ocrx_word' id='word_1_658' title='bbox 784 4635 1010 4692; x_wconf 79' lang='lat' dir='ltr'><strong>Sponsas</strong></span> <span class='ocrx_word' id='word_1_659' title='bbox 1058 4621 1296 4690; x_wconf 88' lang='lat' dir='ltr'><strong>rapiunt,</strong></span> <span class='ocrx_word' id='word_1_660' title='bbox 1348 4635 1467 4674; x_wconf 89' lang='lat' dir='ltr'><strong>esse</strong></span> <span class='ocrx_word' id='word_1_661' title='bbox 1517 4620 1712 4689; x_wconf 87' lang='lat' dir='ltr'><strong>gemini</strong></span> <span class='ocrx_word' id='word_1_662' title='bbox 1765 4618 2062 4675; x_wconf 88' lang='lat' dir='ltr'><strong>desierunt.</strong></span> <span class='ocrx_word' id='word_1_663' title='bbox 2094 4620 2226 4675; x_wconf 85' lang='lat' dir='ltr'><strong>Nam</strong></span> 
     </span>
    </p>
   </div>
   <div class='ocr_carea' id='block_1_89' title="bbox 634 4713 2231 4785">
    <p class='ocr_par' dir='ltr' id='par_1_89' title="bbox 634 4713 2231 4785">
     <span class='ocr_line' id='line_1_89' title="bbox 634 4713 2231 4785; baseline -0.002 -13"><span class='ocrx_word' id='word_1_664' title='bbox 634 4717 825 4773; x_wconf 90' lang='lat' dir='ltr'><strong>dolore</strong></span> <span class='ocrx_word' id='word_1_665' title='bbox 866 4716 1077 4785; x_wconf 77' lang='lat' dir='ltr'><strong>injuria:</strong></span> <span class='ocrx_word' id='word_1_666' title='bbox 1102 4714 1401 4769; x_wconf 88' lang='lat' dir='ltr'><strong>concitatus</strong></span> <span class='ocrx_word' id='word_1_667' title='bbox 1449 4713 1565 4767; x_wconf 84' lang='lat' dir='ltr'><strong>Idas</strong></span> <span class='ocrx_word' id='word_1_668' title='bbox 1595 4714 1821 4768; x_wconf 89' lang='lat' dir='ltr'><strong>alterum</strong></span> <span class='ocrx_word' id='word_1_669' title='bbox 1853 4714 2029 4781; x_wconf 80' lang='lat' dir='ltr'><strong>gladio</strong></span> <span class='ocrx_word' id='word_1_670' title='bbox 2055 4724 2231 4769; x_wconf 92' lang='lat' dir='ltr'><strong>trans-</strong></span> 
     </span>
    </p>
   </div>
   <div class='ocr_carea' id='block_1_90' title="bbox 631 4806 2229 4876">
    <p class='ocr_par' dir='ltr' id='par_1_90' title="bbox 631 4806 2229 4876">
     <span class='ocr_line' id='line_1_90' title="bbox 631 4806 2229 4876; baseline -0.004 -11"><span class='ocrx_word' id='word_1_671' title='bbox 631 4810 969 4873; x_wconf 87' lang='lat' dir='ltr'><strong>verberavit,</strong></span> <span class='ocrx_word' id='word_1_672' title='bbox 998 4808 1281 4864; x_wconf 88' lang='lat' dir='ltr'><strong>eteosdem</strong></span> <span class='ocrx_word' id='word_1_673' title='bbox 1307 4815 1477 4876; x_wconf 65' lang='lat' dir='ltr'><strong>poetae</strong></span> <span class='ocrx_word' id='word_1_674' title='bbox 1504 4806 1729 4860; x_wconf 90' lang='lat' dir='ltr'><strong>alternis</strong></span> <span class='ocrx_word' id='word_1_675' title='bbox 1773 4807 1984 4871; x_wconf 80' lang='lat' dir='ltr'><strong>vivere,</strong></span> <span class='ocrx_word' id='word_1_676' title='bbox 2007 4806 2229 4860; x_wconf 88' lang='lat' dir='ltr'><strong>alternis</strong></span> 
     </span>
    </p>
   </div>
   <div class='ocr_carea' id='block_1_91' title="bbox 629 4898 2223 4971">
    <p class='ocr_par' dir='ltr' id='par_1_91' title="bbox 629 4898 2223 4971">
     <span class='ocr_line' id='line_1_91' title="bbox 629 4898 2223 4971; baseline -0.006 -11"><span class='ocrx_word' id='word_1_677' title='bbox 629 4905 767 4961; x_wconf 92' lang='lat' dir='ltr'><strong>mori</strong></span> <span class='ocrx_word' id='word_1_678' title='bbox 801 4911 1021 4958; x_wconf 90' lang='lat' dir='ltr'><strong>narrant</strong></span> <span class='ocrx_word' id='word_1_679' title='bbox 1051 4920 1069 4954; x_wconf 77' lang='grc' dir='ltr'><strong>ι</strong></span> <span class='ocrx_word' id='word_1_680' title='bbox 1105 4902 1122 4971; x_wconf 94' lang='grc'>(</span> <span class='ocrx_word' id='word_1_681' title='bbox 1155 4900 1392 4954; x_wconf 84' lang='lat' dir='ltr'><strong>Lactant.</strong></span> <span class='ocrx_word' id='word_1_682' title='bbox 1432 4900 1517 4953; x_wconf 87' lang='lat' dir='ltr'><strong>lib.</strong></span> <span class='ocrx_word' id='word_1_683' title='bbox 1560 4916 1595 4952; x_wconf 88' lang='grc' dir='ltr'><strong>ι.</strong></span> <span class='ocrx_word' id='word_1_684' title='bbox 1628 4913 1749 4967; x_wconf 89' lang='lat' dir='ltr'><strong>cap.</strong></span> <span class='ocrx_word' id='word_1_685' title='bbox 1802 4898 1890 4962; x_wconf 89' lang='grc'><strong>10,</strong></span> <span class='ocrx_word' id='word_1_686' title='bbox 1925 4914 2039 4967; x_wconf 89' lang='lat' dir='ltr'><strong>pag.</strong></span> <span class='ocrx_word' id='word_1_687' title='bbox 2079 4898 2223 4967; x_wconf 82' lang='grc'><strong>150).</strong></span> 
     </span>
    </p>
   </div>
   <div class='ocr_carea' id='block_1_92' title="bbox 629 4990 2229 5066">
    <p class='ocr_par' dir='ltr' id='par_1_92' title="bbox 629 4990 2229 5066">
     <span class='ocr_line' id='line_1_92' title="bbox 629 4990 2229 5066; baseline -0.004 -14"><span class='ocrx_word' id='word_1_688' title='bbox 629 4996 930 5066; x_wconf 86' lang='lat' dir='ltr'><strong>Fingebant</strong></span> <span class='ocrx_word' id='word_1_689' title='bbox 977 4994 1121 5049; x_wconf 92' lang='lat' dir='ltr'><strong>enim</strong></span> <span class='ocrx_word' id='word_1_690' title='bbox 1160 4992 1438 5047; x_wconf 89' lang='lat' dir='ltr'><strong>Castorem</strong></span> <span class='ocrx_word' id='word_1_691' title='bbox 1474 5000 1530 5046; x_wconf 90' lang='lat' dir='ltr'><strong>et</strong></span> <span class='ocrx_word' id='word_1_692' title='bbox 1562 4991 1865 5051; x_wconf 88' lang='lat' dir='ltr'><strong>Pollucem,</strong></span> <span class='ocrx_word' id='word_1_693' title='bbox 1926 4990 2149 5046; x_wconf 70' lang='lat' dir='ltr'><strong>Pbazbcs</strong></span> <span class='ocrx_word' id='word_1_694' title='bbox 2173 5000 2229 5046; x_wconf 90' lang='lat' dir='ltr'><strong>et</strong></span> 
     </span>
    </p>
   </div>
   <div class='ocr_carea' id='block_1_93' title="bbox 630 5082 2226 5155">
    <p class='ocr_par' dir='ltr' id='par_1_93' title="bbox 630 5082 2226 5155">
     <span class='ocr_line' id='line_1_93' title="bbox 630 5082 2226 5155; baseline -0.003 -11"><span class='ocrx_word' id='word_1_695' title='bbox 630 5088 850 5145; x_wconf 66' lang='lat' dir='ltr'><strong>Talaita:</strong></span> <span class='ocrx_word' id='word_1_696' title='bbox 879 5085 1107 5141; x_wconf 89' lang='lat' dir='ltr'><strong>liliarum</strong></span> <span class='ocrx_word' id='word_1_697' title='bbox 1133 5086 1535 5155; x_wconf 76' lang='lat' dir='ltr'><strong>Leucippi,qnm</strong></span> <span class='ocrx_word' id='word_1_698' title='bbox 1552 5084 1770 5155; x_wconf 88' lang='lat' dir='ltr'><strong>Lynceo</strong></span> <span class='ocrx_word' id='word_1_699' title='bbox 1791 5092 1844 5137; x_wconf 92' lang='lat' dir='ltr'><strong>et</strong></span> <span class='ocrx_word' id='word_1_700' title='bbox 1870 5082 1970 5137; x_wconf 71' lang='lat' dir='ltr'><strong>Idm</strong></span> <span class='ocrx_word' id='word_1_701' title='bbox 1997 5084 2226 5153; x_wconf 82' lang='lat' dir='ltr'><strong>despon-</strong></span> 
     </span>
    </p>
   </div>
   <div class='ocr_carea' id='block_1_94' title="bbox 630 5175 2227 5246">
    <p class='ocr_par' dir='ltr' id='par_1_94' title="bbox 630 5175 2227 5246">
     <span class='ocr_line' id='line_1_94' title="bbox 630 5175 2227 5246; baseline -0.003 -9"><span class='ocrx_word' id='word_1_702' title='bbox 630 5190 763 5237; x_wconf 80' lang='lat' dir='ltr'><strong>sata:</strong></span> <span class='ocrx_word' id='word_1_703' title='bbox 812 5180 1054 5246; x_wconf 81' lang='lat' dir='ltr'><strong>fuerant,</strong></span> <span class='ocrx_word' id='word_1_704' title='bbox 1111 5193 1295 5233; x_wconf 89' lang='lat' dir='ltr'><strong>amore</strong></span> <span class='ocrx_word' id='word_1_705' title='bbox 1338 5185 1541 5246; x_wconf 85' lang='lat' dir='ltr'><strong>Captos.</strong></span> <span class='ocrx_word' id='word_1_706' title='bbox 1599 5175 1958 5243; x_wconf 83' lang='lat' dir='ltr'><strong>Quamobrem</strong></span> <span class='ocrx_word' id='word_1_707' title='bbox 1982 5176 2227 5233; x_wconf 90' lang='lat' dir='ltr'><strong>Castora</strong></span> 
     </span>
    </p>
   </div>
   <div class='ocr_carea' id='block_1_95' title="bbox 631 5270 2227 5347">
    <p class='ocr_par' dir='ltr' id='par_1_95' title="bbox 631 5270 2227 5347">
     <span class='ocr_line' id='line_1_95' title="bbox 631 5270 2227 5347; baseline -0.003 -18"><span class='ocrx_word' id='word_1_708' title='bbox 631 5273 880 5347; x_wconf 86' lang='lat' dir='ltr'><strong>Lynceo,</strong></span> <span class='ocrx_word' id='word_1_709' title='bbox 930 5281 988 5325; x_wconf 89' lang='lat' dir='ltr'><strong>ut</strong></span> <span class='ocrx_word' id='word_1_710' title='bbox 1036 5271 1252 5343; x_wconf 87' lang='lat' dir='ltr'><strong>quidam</strong></span> <span class='ocrx_word' id='word_1_711' title='bbox 1290 5278 1588 5335; x_wconf 90' lang='lat' dir='ltr'><strong>autumant,</strong></span> <span class='ocrx_word' id='word_1_712' title='bbox 1638 5271 1722 5325; x_wconf 91' lang='lat' dir='ltr'><strong>vel</strong></span> <span class='ocrx_word' id='word_1_713' title='bbox 1774 5270 1841 5323; x_wconf 91' lang='lat' dir='ltr'><strong>ab</strong></span> <span class='ocrx_word' id='word_1_714' title='bbox 1888 5272 2014 5336; x_wconf 92' lang='lat' dir='ltr'><strong>Ida,</strong></span> <span class='ocrx_word' id='word_1_715' title='bbox 2065 5272 2149 5326; x_wconf 88' lang='lat' dir='ltr'><strong>vel</strong></span> <span class='ocrx_word' id='word_1_716' title='bbox 2200 5286 2227 5325; x_wconf 88' lang='lat' dir='ltr'><strong>a</strong></span> 
     </span>
    </p>
   </div>
   <div class='ocr_carea' id='block_1_96' title="bbox 630 5362 2229 5436">
    <p class='ocr_par' dir='ltr' id='par_1_96' title="bbox 630 5362 2229 5436">
     <span class='ocr_line' id='line_1_96' title="bbox 630 5362 2229 5436; baseline -0.003 -14"><span class='ocrx_word' id='word_1_717' title='bbox 630 5366 935 5436; x_wconf 82' lang='lat' dir='ltr'><strong>Meleagro,</strong></span> <span class='ocrx_word' id='word_1_718' title='bbox 987 5364 1072 5419; x_wconf 90' lang='lat' dir='ltr'><strong>vel</strong></span> <span class='ocrx_word' id='word_1_719' title='bbox 1122 5379 1151 5417; x_wconf 92' lang='lat' dir='ltr'><strong>a</strong></span> <span class='ocrx_word' id='word_1_720' title='bbox 1196 5362 1465 5427; x_wconf 90' lang='lat' dir='ltr'><strong>Policiue,</strong></span> <span class='ocrx_word' id='word_1_721' title='bbox 1524 5370 1583 5416; x_wconf 92' lang='lat' dir='ltr'><strong>ut</strong></span> <span class='ocrx_word' id='word_1_722' title='bbox 1634 5363 1723 5416; x_wconf 90' lang='lat' dir='ltr'><strong>alii</strong></span> <span class='ocrx_word' id='word_1_723' title='bbox 1774 5363 2096 5430; x_wconf 80' lang='lat' dir='ltr'><strong>cpinantur,</strong></span> <span class='ocrx_word' id='word_1_724' title='bbox 2149 5366 2229 5417; x_wconf 92' lang='lat' dir='ltr'><strong>in-</strong></span> 
     </span>
    </p>
   </div>
   <div class='ocr_carea' id='block_1_97' title="bbox 630 5456 2230 5528">
    <p class='ocr_par' dir='ltr' id='par_1_97' title="bbox 630 5456 2230 5528">
     <span class='ocr_line' id='line_1_97' title="bbox 630 5456 2230 5528; baseline -0.002 -12"><span class='ocrx_word' id='word_1_725' title='bbox 630 5460 889 5516; x_wconf 80' lang='lat' dir='ltr'><strong>terfectus</strong></span> <span class='ocrx_word' id='word_1_726' title='bbox 920 5467 1021 5513; x_wconf 92' lang='lat' dir='ltr'><strong>est.</strong></span> <span class='ocrx_word' id='word_1_727' title='bbox 1072 5458 1261 5513; x_wconf 86' lang='lat' dir='ltr'><strong>Pollux</strong></span> <span class='ocrx_word' id='word_1_728' title='bbox 1314 5472 1441 5513; x_wconf 87' lang='lat' dir='ltr'><strong>vero</strong></span> <span class='ocrx_word' id='word_1_729' title='bbox 1480 5473 1509 5512; x_wconf 90' lang='lat' dir='ltr'><strong>a</strong></span> <span class='ocrx_word' id='word_1_730' title='bbox 1550 5456 1682 5512; x_wconf 81' lang='lat' dir='ltr'><strong>Jove</strong></span> <span class='ocrx_word' id='word_1_731' title='bbox 1729 5468 1879 5528; x_wconf 89' lang='lat' dir='ltr'><strong>patre</strong></span> <span class='ocrx_word' id='word_1_732' title='bbox 1907 5474 2003 5513; x_wconf 89' lang='lat' dir='ltr'><strong>suo</strong></span> <span class='ocrx_word' id='word_1_733' title='bbox 2054 5460 2230 5528; x_wconf 89' lang='lat' dir='ltr'><strong>petiit,</strong></span> 
     </span>
    </p>
   </div>
   <div class='ocr_carea' id='block_1_98' title="bbox 631 5548 2233 5619">
    <p class='ocr_par' dir='ltr' id='par_1_98' title="bbox 631 5548 2233 5619">
     <span class='ocr_line' id='line_1_98' title="bbox 631 5548 2233 5619; baseline -0.001 -12"><span class='ocrx_word' id='word_1_734' title='bbox 631 5560 693 5607; x_wconf 88' lang='lat' dir='ltr'><strong>ut</strong></span> <span class='ocrx_word' id='word_1_735' title='bbox 734 5551 1010 5606; x_wconf 87' lang='lat' dir='ltr'><strong>Castorem</strong></span> <span class='ocrx_word' id='word_1_736' title='bbox 1068 5550 1471 5608; x_wconf 87' lang='lat' dir='ltr'><strong>immortalitate</strong></span> <span class='ocrx_word' id='word_1_737' title='bbox 1528 5548 1772 5604; x_wconf 89' lang='lat' dir='ltr'><strong>donaret.</strong></span> <span class='ocrx_word' id='word_1_738' title='bbox 1830 5550 1933 5605; x_wconf 91' lang='lat' dir='ltr'><strong>Sed</strong></span> <span class='ocrx_word' id='word_1_739' title='bbox 1978 5550 2028 5605; x_wconf 92' lang='lat' dir='ltr'><strong>id</strong></span> <span class='ocrx_word' id='word_1_740' title='bbox 2064 5551 2233 5619; x_wconf 89' lang='lat' dir='ltr'><strong>impe-</strong></span> 
     </span>
    </p>
   </div>
   <div class='ocr_carea' id='block_1_99' title="bbox 630 5640 2235 5710">
    <p class='ocr_par' dir='ltr' id='par_1_99' title="bbox 630 5640 2235 5710">
     <span class='ocr_line' id='line_1_99' title="bbox 630 5640 2235 5710; baseline 0.001 -14"><span class='ocrx_word' id='word_1_741' title='bbox 630 5652 772 5696; x_wconf 81' lang='lat' dir='ltr'><strong>trare</strong></span> <span class='ocrx_word' id='word_1_742' title='bbox 821 5657 939 5697; x_wconf 93' lang='lat' dir='ltr'><strong>cum</strong></span> <span class='ocrx_word' id='word_1_743' title='bbox 970 5654 1076 5693; x_wconf 90' lang='lat' dir='ltr'><strong>non</strong></span> <span class='ocrx_word' id='word_1_744' title='bbox 1107 5641 1409 5710; x_wconf 79' lang='lat' dir='ltr'><strong>Pctuisset,</strong></span> <span class='ocrx_word' id='word_1_745' title='bbox 1440 5640 1672 5698; x_wconf 91' lang='lat' dir='ltr'><strong>obtinuit</strong></span> <span class='ocrx_word' id='word_1_746' title='bbox 1718 5650 1776 5696; x_wconf 90' lang='lat' dir='ltr'><strong>ut</strong></span> <span class='ocrx_word' id='word_1_747' title='bbox 1816 5643 2235 5698; x_wconf 90' lang='lat' dir='ltr'><strong>immortalitatis</strong></span> 
     </span>
    </p>
   </div>
   <div class='ocr_carea' id='block_1_100' title="bbox 624 5728 2235 5809">
    <p class='ocr_par' dir='ltr' id='par_1_100' title="bbox 624 5728 2235 5809">
     <span class='ocr_line' id='line_1_100' title="bbox 624 5728 2235 5809; baseline 0.001 -20"><span class='ocrx_word' id='word_1_748' title='bbox 624 5730 893 5792; x_wconf 85' lang='lat' dir='ltr'><strong>dimidium</strong></span> <span class='ocrx_word' id='word_1_749' title='bbox 950 5728 1070 5793; x_wconf 83' lang='lat' dir='ltr'><strong>uni,</strong></span> <span class='ocrx_word' id='word_1_750' title='bbox 1097 5748 1153 5800; x_wconf 68' lang='lat' dir='ltr'><strong>et</strong></span> <span class='ocrx_word' id='word_1_751' title='bbox 1206 5733 1375 5799; x_wconf 69' lang='lat' dir='ltr'><strong>alteri</strong></span> <span class='ocrx_word' id='word_1_752' title='bbox 1415 5731 1696 5794; x_wconf 88' lang='lat' dir='ltr'><strong>dimidium</strong></span> <span class='ocrx_word' id='word_1_753' title='bbox 1726 5733 2112 5809; x_wconf 89' lang='lat' dir='ltr'><strong>impertiretur.</strong></span> <span class='ocrx_word' id='word_1_754' title='bbox 2143 5735 2235 5793; x_wconf 87' lang='lat' dir='ltr'><strong>Al-</strong></span> 
     </span>
    </p>
   </div>
   <div class='ocr_carea' id='block_1_101' title="bbox 2337 4620 3936 4691">
    <p class='ocr_par' dir='ltr' id='par_1_101' title="bbox 2337 4620 3936 4691">
     <span class='ocr_line' id='line_1_101' title="bbox 2337 4620 3936 4691; baseline 0 -14"><span class='ocrx_word' id='word_1_755' title='bbox 2337 4623 2461 4687; x_wconf 88' lang='lat' dir='ltr'><strong>bio,</strong></span> <span class='ocrx_word' id='word_1_756' title='bbox 2516 4622 2877 4691; x_wconf 85' lang='lat' dir='ltr'><strong>Athenagora,</strong></span> <span class='ocrx_word' id='word_1_757' title='bbox 2934 4620 3023 4690; x_wconf 92' lang='lat' dir='ltr'><strong>qui</strong></span> <span class='ocrx_word' id='word_1_758' title='bbox 3086 4622 3378 4676; x_wconf 87' lang='lat' dir='ltr'><strong>secundum</strong></span> <span class='ocrx_word' id='word_1_759' title='bbox 3420 4631 3609 4677; x_wconf 89' lang='lat' dir='ltr'><strong>testem</strong></span> <span class='ocrx_word' id='word_1_760' title='bbox 3640 4622 3936 4677; x_wconf 75' lang='lat' dir='ltr'><strong>Hesiodum</strong></span> 
     </span>
    </p>
   </div>
   <div class='ocr_carea' id='block_1_102' title="bbox 2337 4713 3937 4783">
    <p class='ocr_par' dir='ltr' id='par_1_102' title="bbox 2337 4713 3937 4783">
     <span class='ocr_line' id='line_1_102' title="bbox 2337 4713 3937 4783; baseline 0 -14"><span class='ocrx_word' id='word_1_761' title='bbox 2337 4715 2547 4777; x_wconf 89' lang='lat' dir='ltr'><strong>accivit,</strong></span> <span class='ocrx_word' id='word_1_762' title='bbox 2608 4729 2639 4767; x_wconf 93' lang='lat' dir='ltr'><strong>a</strong></span> <span class='ocrx_word' id='word_1_763' title='bbox 2686 4728 2793 4783; x_wconf 89' lang='lat' dir='ltr'><strong>quo</strong></span> <span class='ocrx_word' id='word_1_764' title='bbox 2840 4723 3015 4766; x_wconf 91' lang='lat' dir='ltr'><strong>tamen</strong></span> <span class='ocrx_word' id='word_1_765' title='bbox 3072 4713 3361 4767; x_wconf 87' lang='lat' dir='ltr'><strong>hominisa</strong></span> <span class='ocrx_word' id='word_1_766' title='bbox 3392 4714 3621 4769; x_wconf 82' lang='lat' dir='ltr'><strong>mortuis</strong></span> <span class='ocrx_word' id='word_1_767' title='bbox 3686 4715 3937 4770; x_wconf 82' lang='lat' dir='ltr'><strong>excitatis</strong></span> 
     </span>
    </p>
   </div>
   <div class='ocr_carea' id='block_1_103' title="bbox 2336 4805 3930 4878">
    <p class='ocr_par' dir='ltr' id='par_1_103' title="bbox 2336 4805 3930 4878">
     <span class='ocr_line' id='line_1_103' title="bbox 2336 4805 3930 4878; baseline 0.001 -16"><span class='ocrx_word' id='word_1_768' title='bbox 2336 4824 2534 4863; x_wconf 85' lang='lat' dir='ltr'><strong>nomen</strong></span> <span class='ocrx_word' id='word_1_769' title='bbox 2566 4808 2819 4862; x_wconf 87' lang='lat' dir='ltr'><strong>recitatur</strong></span> <span class='ocrx_word' id='word_1_770' title='bbox 2845 4805 3177 4876; x_wconf 87' lang='lat' dir='ltr'><strong>(Tertullian.</strong></span> <span class='ocrx_word' id='word_1_771' title='bbox 3201 4807 3468 4878; x_wconf 81' lang='lat' dir='ltr'><strong>Apologet.</strong></span> <span class='ocrx_word' id='word_1_772' title='bbox 3500 4823 3619 4877; x_wconf 93' lang='lat' dir='ltr'><strong>cap.</strong></span> <span class='ocrx_word' id='word_1_773' title='bbox 3654 4809 3743 4867; x_wconf 63' lang='grc'><strong>15.</strong></span> <span class='ocrx_word' id='word_1_774' title='bbox 3774 4819 3821 4862; x_wconf 79' lang='lat' dir='ltr'><strong>et</strong></span> <span class='ocrx_word' id='word_1_775' title='bbox 3842 4810 3930 4863; x_wconf 89' lang='lat' dir='ltr'><strong>lib.</strong></span> 
     </span>
    </p>
   </div>
   <div class='ocr_carea' id='block_1_104' title="bbox 2338 4897 3941 4970">
    <p class='ocr_par' dir='ltr' id='par_1_104' title="bbox 2338 4897 3941 4970">
     <span class='ocr_line' id='line_1_104' title="bbox 2338 4897 3941 4970; baseline 0 -15"><span class='ocrx_word' id='word_1_776' title='bbox 2338 4918 2372 4955; x_wconf 91' lang='grc' dir='ltr'><strong>ιι</strong></span> <span class='ocrx_word' id='word_1_777' title='bbox 2404 4897 2716 4954; x_wconf 81' lang='lat' dir='ltr'><strong>ud~Nation.</strong></span> <span class='ocrx_word' id='word_1_778' title='bbox 2743 4914 2863 4967; x_wconf 88' lang='lat' dir='ltr'><strong>cap.</strong></span> <span class='ocrx_word' id='word_1_779' title='bbox 2899 4900 2963 4953; x_wconf 70' lang='grc'><strong>11</strong></span> <span class='ocrx_word' id='word_1_780' title='bbox 2991 4914 3004 4961; x_wconf 90' lang='lat'><strong>;</strong></span> <span class='ocrx_word' id='word_1_781' title='bbox 3039 4898 3226 4952; x_wconf 80' lang='lat' dir='ltr'><strong>Arnob.</strong></span> <span class='ocrx_word' id='word_1_782' title='bbox 3260 4900 3347 4953; x_wconf 89' lang='lat' dir='ltr'><strong>lib.</strong></span> <span class='ocrx_word' id='word_1_783' title='bbox 3382 4916 3453 4964; x_wconf 88' lang='lat' dir='ltr'><strong>tv,</strong></span> <span class='ocrx_word' id='word_1_784' title='bbox 3479 4916 3600 4970; x_wconf 82' lang='lat' dir='ltr'><strong>pag.</strong></span> <span class='ocrx_word' id='word_1_785' title='bbox 3627 4901 3754 4966; x_wconf 68' lang='lat'><strong>143;</strong></span> <span class='ocrx_word' id='word_1_786' title='bbox 3782 4902 3941 4955; x_wconf 79' lang='lat' dir='ltr'><strong>Athe-</strong></span> 
     </span>
    </p>
   </div>
   <div class='ocr_carea' id='block_1_105' title="bbox 2337 4991 3934 5065">
    <p class='ocr_par' dir='ltr' id='par_1_105' title="bbox 2337 4991 3934 5065">
     <span class='ocr_line' id='line_1_105' title="bbox 2337 4991 3934 5065; baseline 0.001 -17"><span class='ocrx_word' id='word_1_787' title='bbox 2337 5012 2454 5065; x_wconf 89' lang='lat' dir='ltr'><strong>nag.</strong></span> <span class='ocrx_word' id='word_1_788' title='bbox 2490 4993 2667 5064; x_wconf 75' lang='lat' dir='ltr'><strong>Legat.</strong></span> <span class='ocrx_word' id='word_1_789' title='bbox 2715 5009 2806 5062; x_wconf 85' lang='lat' dir='ltr'><strong>pro</strong></span> <span class='ocrx_word' id='word_1_790' title='bbox 2832 4991 3109 5047; x_wconf 78' lang='lat' dir='ltr'><strong>Christian.</strong></span> <span class='ocrx_word' id='word_1_791' title='bbox 3166 5009 3284 5064; x_wconf 81' lang='lat' dir='ltr'><strong>pag.</strong></span> <span class='ocrx_word' id='word_1_792' title='bbox 3315 4995 3414 5059; x_wconf 79' lang='lat'><strong>&#39;55;</strong></span> <span class='ocrx_word' id='word_1_793' title='bbox 3449 4993 3665 5048; x_wconf 83' lang='lat' dir='ltr'><strong>Pindar.</strong></span> <span class='ocrx_word' id='word_1_794' title='bbox 3714 4996 3825 5048; x_wconf 82' lang='lat' dir='ltr'><strong>Ode</strong></span> <span class='ocrx_word' id='word_1_795' title='bbox 3854 4996 3934 5061; x_wconf 81' lang='lat'><strong>&#39;5).</strong></span> 
     </span>
    </p>
   </div>
   <div class='ocr_carea' id='block_1_106' title="bbox 2337 5086 3942 5157">
    <p class='ocr_par' dir='ltr' id='par_1_106' title="bbox 2337 5086 3942 5157">
     <span class='ocr_line' id='line_1_106' title="bbox 2337 5086 3942 5157; baseline 0 -14"><span class='ocrx_word' id='word_1_796' title='bbox 2337 5088 2557 5157; x_wconf 85' lang='lat' dir='ltr'><strong>Legesis</strong></span> <span class='ocrx_word' id='word_1_797' title='bbox 2640 5095 2897 5155; x_wconf 63' lang='lat' dir='ltr'><strong>praeterea</strong></span> <span class='ocrx_word' id='word_1_798' title='bbox 2964 5086 3286 5152; x_wconf 88' lang='lat' dir='ltr'><strong>Lucianum,</strong></span> <span class='ocrx_word' id='word_1_799' title='bbox 3358 5088 3675 5157; x_wconf 84' lang='lat' dir='ltr'><strong>Origenem,</strong></span> <span class='ocrx_word' id='word_1_800' title='bbox 3755 5091 3942 5143; x_wconf 63' lang='lat' dir='ltr'><strong>Arno-</strong></span> 
     </span>
    </p>
   </div>
   <div class='ocr_carea' id='block_1_107' title="bbox 2339 5176 3943 5250">
    <p class='ocr_par' dir='ltr' id='par_1_107' title="bbox 2339 5176 3943 5250">
     <span class='ocr_line' id='line_1_107' title="bbox 2339 5176 3943 5250; baseline 0.002 -18"><span class='ocrx_word' id='word_1_801' title='bbox 2339 5179 2507 5241; x_wconf 86' lang='lat' dir='ltr'><strong>bium,</strong></span> <span class='ocrx_word' id='word_1_802' title='bbox 2534 5177 2894 5241; x_wconf 85' lang='lat' dir='ltr'><strong>Lactantiutn,</strong></span> <span class='ocrx_word' id='word_1_803' title='bbox 2928 5176 3351 5244; x_wconf 87' lang='lat' dir='ltr'><strong>Tlteudoretunt,</strong></span> <span class='ocrx_word' id='word_1_804' title='bbox 3373 5195 3435 5233; x_wconf 92' lang='lat' dir='ltr'><strong>ac</strong></span> <span class='ocrx_word' id='word_1_805' title='bbox 3458 5180 3499 5233; x_wconf 90' lang='lat' dir='ltr'><strong>si</strong></span> <span class='ocrx_word' id='word_1_806' title='bbox 3526 5196 3688 5250; x_wconf 88' lang='lat' dir='ltr'><strong>grave</strong></span> <span class='ocrx_word' id='word_1_807' title='bbox 3713 5196 3816 5234; x_wconf 89' lang='lat' dir='ltr'><strong>non</strong></span> <span class='ocrx_word' id='word_1_808' title='bbox 3842 5182 3943 5247; x_wconf 84' lang='lat' dir='ltr'><strong>sit,</strong></span> 
     </span>
    </p>
   </div>
   <div class='ocr_carea' id='block_1_108' title="bbox 2339 5270 3941 5344">
    <p class='ocr_par' dir='ltr' id='par_1_108' title="bbox 2339 5270 3941 5344">
     <span class='ocr_line' id='line_1_108' title="bbox 2339 5270 3941 5344; baseline 0.002 -20"><span class='ocrx_word' id='word_1_809' title='bbox 2339 5288 2458 5341; x_wconf 70' lang='lat' dir='ltr'><strong>qua:</strong></span> <span class='ocrx_word' id='word_1_810' title='bbox 2489 5286 2517 5323; x_wconf 89' lang='lat' dir='ltr'><strong>a</strong></span> <span class='ocrx_word' id='word_1_811' title='bbox 2544 5271 2699 5325; x_wconf 88' lang='lat' dir='ltr'><strong>nobis</strong></span> <span class='ocrx_word' id='word_1_812' title='bbox 2728 5272 2777 5324; x_wconf 92' lang='lat' dir='ltr'><strong>in</strong></span> <span class='ocrx_word' id='word_1_813' title='bbox 2809 5270 3078 5339; x_wconf 89' lang='lat' dir='ltr'><strong>superiori</strong></span> <span class='ocrx_word' id='word_1_814' title='bbox 3100 5282 3243 5325; x_wconf 87' lang='lat' dir='ltr'><strong>tumo</strong></span> <span class='ocrx_word' id='word_1_815' title='bbox 3260 5282 3510 5326; x_wconf 83' lang='lat' dir='ltr'><strong>annotata</strong></span> <span class='ocrx_word' id='word_1_816' title='bbox 3544 5284 3667 5327; x_wconf 89' lang='lat' dir='ltr'><strong>sttut</strong></span> <span class='ocrx_word' id='word_1_817' title='bbox 3692 5272 3941 5344; x_wconf 83' lang='lat' dir='ltr'><strong>(anian.</strong></span> 
     </span>
    </p>
   </div>
   <div class='ocr_carea' id='block_1_109' title="bbox 2336 5362 3947 5437">
    <p class='ocr_par' dir='ltr' id='par_1_109' title="bbox 2336 5362 3947 5437">
     <span class='ocr_line' id='line_1_109' title="bbox 2336 5362 3947 5437; baseline 0.002 -20"><span class='ocrx_word' id='word_1_818' title='bbox 2336 5362 2478 5424; x_wconf 82' lang='lat' dir='ltr'><strong>Dial.</strong></span> <span class='ocrx_word' id='word_1_819' title='bbox 2508 5362 2649 5416; x_wconf 87' lang='lat' dir='ltr'><strong>deor.</strong></span> <span class='ocrx_word' id='word_1_820' title='bbox 2680 5378 2799 5432; x_wconf 84' lang='lat' dir='ltr'><strong>pag.</strong></span> <span class='ocrx_word' id='word_1_821' title='bbox 2825 5363 2915 5417; x_wconf 90' lang='lat'><strong>78.</strong></span> <span class='ocrx_word' id='word_1_822' title='bbox 2951 5362 3097 5434; x_wconf 86' lang='lat' dir='ltr'><strong>Orig.</strong></span> <span class='ocrx_word' id='word_1_823' title='bbox 3122 5365 3207 5418; x_wconf 88' lang='lat' dir='ltr'><strong>lib.</strong></span> <span class='ocrx_word' id='word_1_824' title='bbox 3235 5380 3290 5418; x_wconf 87' lang='grc' dir='ltr'><strong>ιιι</strong></span> <span class='ocrx_word' id='word_1_825' title='bbox 3316 5376 3449 5419; x_wconf 89' lang='lat' dir='ltr'><strong>cont.</strong></span> <span class='ocrx_word' id='word_1_826' title='bbox 3499 5366 3632 5421; x_wconf 80' lang='lat' dir='ltr'><strong>Cels.</strong></span> <span class='ocrx_word' id='word_1_827' title='bbox 3662 5382 3783 5437; x_wconf 88' lang='lat' dir='ltr'><strong>pag.</strong></span> <span class='ocrx_word' id='word_1_828' title='bbox 3812 5366 3947 5433; x_wconf 70' lang='lat' dir='ltr'><strong>I25;</strong></span> 
     </span>
    </p>
   </div>
   <div class='ocr_carea' id='block_1_110' title="bbox 2336 5456 3944 5527">
    <p class='ocr_par' dir='ltr' id='par_1_110' title="bbox 2336 5456 3944 5527">
     <span class='ocr_line' id='line_1_110' title="bbox 2336 5456 3944 5527; baseline 0.002 -16"><span class='ocrx_word' id='word_1_829' title='bbox 2336 5457 2525 5511; x_wconf 83' lang='lat' dir='ltr'><strong>Arnob.</strong></span> <span class='ocrx_word' id='word_1_830' title='bbox 2559 5456 2645 5509; x_wconf 87' lang='lat' dir='ltr'><strong>lib.</strong></span> <span class='ocrx_word' id='word_1_831' title='bbox 2676 5471 2752 5522; x_wconf 83' lang='lat' dir='ltr'><strong>tv,</strong></span> <span class='ocrx_word' id='word_1_832' title='bbox 2784 5471 2901 5526; x_wconf 89' lang='lat' dir='ltr'><strong>pag.</strong></span> <span class='ocrx_word' id='word_1_833' title='bbox 2946 5456 3082 5521; x_wconf 71' lang='lat' dir='ltr'><strong>M5;</strong></span> <span class='ocrx_word' id='word_1_834' title='bbox 3118 5457 3347 5511; x_wconf 84' lang='lat' dir='ltr'><strong>Lactant.</strong></span> <span class='ocrx_word' id='word_1_835' title='bbox 3402 5460 3488 5512; x_wconf 85' lang='lat' dir='ltr'><strong>lib.</strong></span> <span class='ocrx_word' id='word_1_836' title='bbox 3522 5476 3536 5512; x_wconf 88' lang='grc' dir='ltr'><strong>ι</strong></span> <span class='ocrx_word' id='word_1_837' title='bbox 3582 5459 3756 5512; x_wconf 79' lang='lat' dir='ltr'><strong>lnstit.</strong></span> <span class='ocrx_word' id='word_1_838' title='bbox 3812 5474 3944 5527; x_wconf 86' lang='lat' dir='ltr'><strong>cap.</strong></span> 
     </span>
    </p>
   </div>
   <div class='ocr_carea' id='block_1_111' title="bbox 2338 5550 3949 5623">
    <p class='ocr_par' dir='ltr' id='par_1_111' title="bbox 2338 5550 3949 5623">
     <span class='ocr_line' id='line_1_111' title="bbox 2338 5550 3949 5623; baseline 0 -16"><span class='ocrx_word' id='word_1_839' title='bbox 2338 5554 2427 5619; x_wconf 88' lang='grc'><strong>17,</strong></span> <span class='ocrx_word' id='word_1_840' title='bbox 2463 5552 2689 5623; x_wconf 63' lang='grc' dir='ltr'><strong>ρεις.8ι1;</strong></span> <span class='ocrx_word' id='word_1_841' title='bbox 2717 5550 3019 5605; x_wconf 84' lang='lat' dir='ltr'><strong>Tlteodoret.</strong></span> <span class='ocrx_word' id='word_1_842' title='bbox 3045 5553 3209 5607; x_wconf 86' lang='lat' dir='ltr'><strong>Serm.</strong></span> <span class='ocrx_word' id='word_1_843' title='bbox 3247 5553 3300 5616; x_wconf 89' lang='lat'><strong>8,</strong></span> <span class='ocrx_word' id='word_1_844' title='bbox 3322 5553 3383 5606; x_wconf 85' lang='lat' dir='ltr'><strong>de</strong></span> <span class='ocrx_word' id='word_1_845' title='bbox 3412 5552 3633 5623; x_wconf 81' lang='lat' dir='ltr'><strong>Mortyr.</strong></span> <span class='ocrx_word' id='word_1_846' title='bbox 3663 5569 3777 5621; x_wconf 85' lang='lat' dir='ltr'><strong>pag.</strong></span> <span class='ocrx_word' id='word_1_847' title='bbox 3805 5551 3949 5618; x_wconf 74' lang='lat'><strong>595,</strong></span> 
     </span>
    </p>
   </div>
   <div class='ocr_carea' id='block_1_112' title="bbox 2342 5642 3949 5713">
    <p class='ocr_par' dir='ltr' id='par_1_112' title="bbox 2342 5642 3949 5713">
     <span class='ocr_line' id='line_1_112' title="bbox 2342 5642 3949 5713; baseline -0.001 -16"><span class='ocrx_word' id='word_1_848' title='bbox 2342 5643 2486 5697; x_wconf 87' lang='lat' dir='ltr'><strong>Tom.</strong></span> <span class='ocrx_word' id='word_1_849' title='bbox 2526 5661 2541 5697; x_wconf 91' lang='grc' dir='ltr'><strong>ι</strong></span> <span class='ocrx_word' id='word_1_850' title='bbox 2570 5644 2765 5713; x_wconf 79' lang='lat' dir='ltr'><strong>Appar.</strong></span> <span class='ocrx_word' id='word_1_851' title='bbox 2804 5643 2889 5697; x_wconf 87' lang='lat' dir='ltr'><strong>lib.</strong></span> <span class='ocrx_word' id='word_1_852' title='bbox 2923 5658 3003 5707; x_wconf 87' lang='grc' dir='ltr'><strong>ιιι,</strong></span> <span class='ocrx_word' id='word_1_853' title='bbox 3038 5642 3305 5698; x_wconf 79' lang='lat' dir='ltr'><strong>Disseruit.</strong></span> <span class='ocrx_word' id='word_1_854' title='bbox 3334 5661 3371 5708; x_wconf 83' lang='grc' dir='ltr'><strong>ι,</strong></span> <span class='ocrx_word' id='word_1_855' title='bbox 3405 5660 3523 5712; x_wconf 85' lang='lat' dir='ltr'><strong>cap.</strong></span> <span class='ocrx_word' id='word_1_856' title='bbox 3549 5643 3705 5709; x_wconf 87' lang='lat' dir='ltr'><strong>9,art.</strong></span> <span class='ocrx_word' id='word_1_857' title='bbox 3737 5646 3785 5697; x_wconf 93' lang='grc'>1.</span> <span class='ocrx_word' id='word_1_858' title='bbox 3815 5657 3949 5713; x_wconf 82' lang='lat' dir='ltr'><strong>pag.</strong></span> 
     </span>
    </p>
   </div>
   <div class='ocr_carea' id='block_1_113' title="bbox 2340 5734 3960 5808">
    <p class='ocr_par' dir='ltr' id='par_1_113' title="bbox 2340 5734 3960 5808">
     <span class='ocr_line' id='line_1_113' title="bbox 2340 5734 3960 5808; baseline -0.003 -16"><span class='ocrx_word' id='word_1_859' title='bbox 2340 5736 2489 5807; x_wconf 74' lang='grc'><strong>751).</strong></span> <span class='ocrx_word' id='word_1_860' title='bbox 2525 5735 2691 5793; x_wconf 77' lang='lat' dir='ltr'><strong>Recte</strong></span> <span class='ocrx_word' id='word_1_861' title='bbox 2719 5736 2897 5808; x_wconf 88' lang='lat' dir='ltr'><strong>igitur,</strong></span> <span class='ocrx_word' id='word_1_862' title='bbox 2932 5736 3497 5804; x_wconf 76' lang='lat' dir='ltr'><strong>Plato,Tertulliauus,</strong></span> <span class='ocrx_word' id='word_1_863' title='bbox 3520 5744 3576 5791; x_wconf 88' lang='lat' dir='ltr'><strong>et</strong></span> <span class='ocrx_word' id='word_1_864' title='bbox 3604 5734 3960 5806; x_wconf 77' lang='lat' dir='ltr'><strong>Lactantius,</strong></span> 
     </span>
    </p>
   </div>
  </div>
