4264 6258
358 300 467 356 583

1772 294 2238 356 DlSSERTATIO.

3553 313 3662 376 586

359 417 432 469 nti
462 428 561 469 suo
616 412 736 469 loco
780 410 1103 475 videbimus,
1146 410 1273 467 inde
1314 424 1434 467 cum
1490 416 1710 468 auctore
1773 420 2178 475 llOSlt'oAl‘um
2210 413 2356 484 paria
2409 416 2729 487 composuit,
2781 420 3037 477 sauciat-it
3089 420 3378 491 Venerem,
3432 426 3655 487 Martem

361 507 690 564 concludunt
735 504 1112 575 Esculapium
1163 503 1269 559 dici
1317 519 1421 559 non
1450 518 1607 574 posse
1637 503 1734 559 Dei
1762 504 1950 559 lilium.

429 600 567 668 Quid
602 599 796 670 plura?
835 616 853 649 ι
888 597 1168 661 Hercules,
1205 616 1224 649 ι
1269 598 1501 652 auctoris
1531 596 1706 651 adhuc
1764 597 1955 664 nostri,

356 694 687 765 totidemque
709 691 961 765 Cypriani
990 690 1151 747 verba
1170 700 1314 757 sunt,
1346 710 1363 743 ι
1396 700 1454 745 ιιι
1475 691 1745 747 hominem
1772 700 1951 759 exuat,

355 786 539 843 Oeteis
559 786 682 858 (ms.
712 784 841 855 Reg.
873 782 1137 851 Henneis,
1174 783 1271 839 sed
1301 785 1464 853 male)
1494 784 1707 856 ignibus
1730 800 1954 841 concre-

353 888 549 935 matur.
593 898 613 932 ›
663 879 770 934 Res
817 887 960 943 tota,
1013 893 1109 934 seu
1150 879 1265 934 haec
1301 877 1477 934 fabula
1526 894 1556 932 a
1611 878 1842 934 Diodoro
1871 879 1955 935 Si-

353 977 513 1042 culo,
570 990 730 1046 quem
787 974 1010 1030 Servius
1054 973 1327 1043 sequitur,
1387 973 1528 1029 hunc
1599 983 1845 1027 narratur
1898 974 1951 1028 in

351 1070 594 1126 modum.
645 1068 935 1138 Postquam
983 1066 1241 1122 Hercules
1293 1067 1609 1130 interulam,
1650 1065 1952 1136 aDejanira

351 1162 556 1236 pbiltro
582 1161 861 1227 Centauri,
885 1159 953 1215 ad
972 1158 1264 1230 perniciem
1289 1169 1620 1230 comparato,
1639 1172 1952 1229 peruoctam

355 1257 643 1322 induisset,
705 1256 759 1310 in
790 1254 1085 1319 exitialem,
1134 1253 1218 1308 vel
1269 1261 1326 1308 ut
1355 1262 1537 1308 narrat
1566 1253 1862 1321 Arnobius,
1898 1254 1950 1309 in

354 1351 676 1408 comitialem
717 1350 964 1405 morbum
1012 1349 1192 1404 statim
1243 1347 1449 1402 incidit.
1511 1348 1713 1403 Dehinc
1765 1348 1955 1403 morbo

354 1447 758 1518 ingravescente
777 1482 793 1509 ,
826 1451 882 1497 et
918 1441 1067 1497 omni
1114 1441 1499 1512 recuperandae
1524 1441 1710 1495 salutis
1738 1455 1833 1511 spe
1859 1441 1953 1497 ab-

348 1539 514 1610 jecta,
568 1551 790 1608 pyram,
840 1545 901 1591 ut
945 1534 1204 1605 Delphico
1246 1536 1469 1589 oraculo
1527 1533 1947 1604 obtemperaret,

352 1629 684 1686 conscendit.
714 1628 848 1685 Huic
874 1628 1051 1698 ignem
1079 1627 1308 1697 subjecit
1335 1626 1685 1691 Philoctetes,
1719 1642 1951 1698 moxque

351 1723 664 1780 fulminibus
711 1732 848 1779 taeta
903 1724 956 1777 in
1002 1721 1214 1777 cineres
1253 1735 1374 1775 cum
1405 1719 1654 1776 Herculis
1720 1736 1948 1790 corpore

2062 506 2251 567 vinxit.
2292 508 2607 572 vulneravit,
2642 510 2855 582 fugavit.
2908 513 3096 570 Jovem
3142 528 3322 572 narrat
3359 534 3388 573 a
3438 521 3659 578 Briareo

2064 596 2367 664 liberatum,
2396 615 2464 655 ne
2486 616 2516 655 a
2539 601 2640 676 diis
2669 604 2879 659 cmteris
2910 605 3181 676 ligaretur,
3216 620 3267 663 et
3288 608 3658 682 Sarpedonem

2062 685 2249 755 lilium,
2273 692 2522 761 quoniam
2550 695 2711 749 morti
2757 712 2863 751 non
2903 709 3112 768 poterat
3156 702 3389 771 eripere,
3421 710 3661 765 cruentis

2060 779 2320 839 imbribus
2358 785 2593 852 ﬂevisse,
2638 798 2692 844 et
2724 788 2841 844 loro
2864 789 3090 848 Veneris
3126 795 3384 864 illectum,
3428 798 3661 871 ﬂagran-

2060 874 2164 929 tius
2196 892 2355 947 quam
2383 880 2436 934 in
2487 881 2759 937 adulteras
2808 884 3002 949 soleat,
3056 902 3177 943 cum
3226 889 3436 948 Junth
3492 911 3659 951 uxore

2057 970 2435 1027 concumbere.
2463 992 2482 1023 ι
2517 974 2716 1030 Eadem
2748 978 2924 1047 plane,
2946 978 3039 1035 sed
3073 981 3191 1037 aliis
3218 985 3396 1040 verbis
3426 989 3661 1057 scripse—

2057 1069 2141 1116 rat
2169 1061 2533 1120 Tertullianus
2562 1082 2576 1119 :
2606 1086 2624 1117 ι
2660 1068 2765 1123 Sed
2793 1084 3087 1127 conversus
3110 1073 3177 1128 ad
3200 1076 3403 1132 litteras
3430 1090 3656 1148 vestras,

2058 1154 2251 1224 quibus
2297 1156 2661 1215 informamini
2691 1162 2758 1216 ad
2796 1164 3158 1235 prudentiam,
3189 1178 3244 1224 et
3269 1169 3511 1227 liberalia
3541 1175 3662 1228 offi-

2057 1245 2162 1337 cia,
2193 1259 2391 1316 quanta
2429 1250 2644 1307 invenio
2687 1253 2958 1312 ludibria?
3002 1259 3140 1315 Deos
3167 1262 3305 1318 inter
3333 1281 3393 1320 se
3444 1276 3650 1337 proptet

2058 1336 2322 1431 Trojanos
2350 1351 2406 1395 et
2429 1343 2681 1410 Achivos,
2714 1359 2771 1402 ut
2798 1350 3155 1419 gladiatorum
3196 1358 3361 1425 paria,
3404 1336 3661 1431 congres—

2057 1442 2147 1484 sos
2173 1430 2539 1503 depugnasse:
2569 1436 2829 1494 Venerem
2852 1441 3082 1500 humana
3110 1448 3299 1516 sagitta
3330 1430 3618 1508 sauciatam
3645 1472 3660 1519 ;

2056 1520 2280 1579 Martem
2300 1526 2558 1582 tredecim
2582 1532 2857 1588 mensibus
2885 1534 2937 1588 in
2964 1536 3189 1591 vinculis
3208 1556 3345 1607 pene
3370 1556 3663 1616 consump-

2058 1625 2200 1683 tum;
2232 1620 2421 1674 Jovem
2448 1637 2517 1677 ne
2541 1623 2788 1680 eamdem
2818 1628 2922 1681 vim
2945 1643 2975 1681 a
3020 1632 3230 1686 caneris
3268 1633 3537 1689 ccelitibus
3571 1653 3666 1692 ex-

2055 1708 2347 1778 periretur,
2405 1729 2567 1783 opera
2635 1717 2913 1788 cujusdam
2957 1722 3182 1776 monstri
3237 1724 3557 1794 liberatum;
3612 1741 3669 1785 et

353 1816 571 1872 redacta
614 1824 717 1870 est.
751 1814 942 1868 Postea
971 1827 1102 1869 vero
1122 1827 1244 1867 curn
1273 1826 1395 1868 ossa
1443 1812 1583 1867 illius
1616 1811 1816 1868 frustra
1865 1813 1951 1869 lo-
1983 1823 2031 1882 B
2062 1817 2205 1857 nunc
2230 1804 2444 1860 ﬂentem
2474 1806 2799 1879 Sarpedonis
2821 1826 3025 1876 casum,
3057 1831 3196 1872 nunc
3214 1816 3357 1874 finde
3385 1820 3667 1879 subantem

356 1910 474 1966 laus
509 1908 919 1979 conquisivisset
944 1948 960 1973 ,
1016 1906 1155 1961 fama
1204 1905 1511 1977 percrebuit
1549 1906 1699 1961 illum
1728 1905 1794 1961 ad
1823 1907 1955 1963 deos

2060 1896 2113 1950 in
2142 1912 2406 1965 sororem,
2438 1902 2539 1957 sub
2563 1908 3081 1965 commemoratione
3108 1927 3215 1965 non
3243 1913 3314 1967 ita
3343 1914 3663 1972 dilectarum

358 2002 697 2058 convolasse.
729 2000 1056 2072 Augustinus
1085 2013 1213 2054 vero
1243 1999 1443 2054 indicat
1469 1998 1578 2064 ubi,
1604 2006 1658 2054 et
1685 2014 1792 2070 quo
1820 2010 1955 2056 tem-
2052 1986 2377 2082 iampridem
2434 1995 2726 2051 amicarum
2782 2018 2801 2050 ι
2837 1999 3068 2070 (Τθΐιω-
3102 2002 3345 2077 Αροίοθη
3394 2022 3512 2079 οδρ.
3550 2010 3665 2082 “)-

361 2110 493 2167 pore
536 2094 588 2151 id
642 2094 858 2160 factum,
906 2104 959 2148 et
996 2093 1115 2164 quis
1159 2092 1251 2148 ille
1298 2092 1554 2148 Hercules
1604 2092 1783 2148 fuerit.
1817 2093 1954 2149 Tum

361 2188 488 2244 inde
536 2195 592 2243 et
640 2187 705 2242 ad
755 2188 992 2243 auctoris
1038 2185 1207 2241 nostri
1254 2195 1488 2241 mentem
1540 2186 1822 2256 apposite,
1882 2187 1952 2243 ita

357 2290 808 2353 argumentatur:
853 2300 872 2333 ι
905 2281 1186 2348 Quomodo
1217 2297 1359 2336 nunc
1413 2280 1628 2352 quidem
1681 2290 1793 2346 cst,
1846 2295 1952 2336 non

357 2376 516 2431 video
536 2390 645 2446 quo
676 2386 834 2446 pacto
861 2375 948 2429 ille
991 2374 1283 2439 Hercules,
1334 2373 1419 2428 cui
1450 2374 1501 2427 in
1554 2383 1734 2429 monte
1773 2373 1956 2429 Oetaeo

359 2471 533 2525 allata:
571 2467 846 2539 lampades
876 2467 1119 2536 fuerunt,
1175 2477 1231 2522 ut
1275 2468 1350 2523 ait
1418 2468 1686 2534 Acius,'in
1736 2467 1955 2522 domum

359 2573 613 2618 mlernam
668 2560 865 2631 patris,
896 2558 1077 2621 lovis.
1121 2576 1187 2615 ex
1218 2560 1309 2615 illo
1347 2559 1545 2614 ardore
1571 2558 1891 2627 pervenerit.
1929 2577 1948 2610 ι

356 2657 538 2712 Adisis
564 2654 838 2721 Ovidium,
867 2653 960 2709 lib.
995 2670 1048 2709 ix
1076 2652 1431 2724 Metamorph.
1465 2651 1640 2707 fabula
1667 2654 1721 2716 ὃς
1746 2650 1957 2721 Βορὴο-

358 2752 496 2808 clem
523 2752 575 2805 in
609 2747 932 2814 Trachiniis,
961 2756 1094 2802 tom.
1128 2762 1167 2803 ιι
1220 2747 1370 2803 Poet.
1395 2746 1596 2813 Graec.;
1639 2745 1955 2801 Ciceronem

358 2847 455 2903 lib.
520 2862 556 2901 ιι
615 2844 903 2900 Tusculan.
966 2858 1081 2913 pag.
1131 2843 1268 2907 138;
1327 2841 1588 2897 Senecam
1627 2839 1680 2893 in
1723 2838 1957 2894 Hercule

359 2940 575 3005 Oetaeo;
634 2939 902 2995 Iustinum
947 2936 1252 3008 Martyrem,
1301 2933 1530 3005 Apolog.
1574 2948 1628 2998 ι,
1677 2946 1794 3002 pag.
1854 2930 1954 2996 76;

359 3034 780 3105 Athenagoram,
801 3031 985 3102 Legat.
1013 3044 1108 3099 pro
1134 3027 1420 3083 Christian.
1450 3041 1567 3097 pag.
1600 3025 1690 3092 53;
1709 3020 1959 3079 Theodo-

359 3139 555 3196 retum,
580 3128 754 3184 Serm.
772 3128 826 3190 5,
840 3125 908 3181 de
924 3124 1136 3195 Angel.,
1150 3137 1269 3193 pag.
1296 3122 1357 3176 5i
1370 3120 1424 3183 0,
1442 3130 1499 3176 et
1522 3120 1688 3174 fusius
1706 3118 1952 3175 Sermon.

357 3224 393 3278 8
445 3222 513 3279 de
566 3221 812 3293 Martyr.,
841 3234 961 3290 pag.
994 3217 1121 3281 59$,
1152 3225 1209 3271 et
1227 3230 1404 3286 seqq;
1436 3212 1770 3269 Lactantinm
1802 3210 1892 3265 lib.
1938 3225 1956 3263 ι
1984 3217 2028 3281 C

258 3334 265 3339 '
358 3317 588 3374 lnstitut.
612 3314 994 3386 divin.,cap.9;
1017 3320 1175 3381 atque
1192 3308 1455 3380 Hyginum
1476 3303 1950 3375 etApollodorum,

354 3410 450 3483 qui
493 3408 561 3465 de
580 3409 665 3464 his
690 3409 918 3477 aliisque
964 3402 1275 3459 memoratis
1304 3398 1584 3472 gentilium
1612 3394 1954 3467 opinionibus

359 3506 511 3578 plura
545 3504 746 3575 scripto
800 3500 1157 3558 tradiderunt.

956 3626 1249 3669 Λιιτιοῦιυε
1273 3627 1345 3667 ιν.

357 3736 460 3795 Cur
489 3753 549 3792 ac
574 3734 821 3806 quomodo
842 3731 1098 3787 Minucius
1118 3731 1349 3785 ostendat
1369 3729 1531 3801 falsos
1550 3742 1655 3782 esse
1676 3723 1954 3780 Gentilium

433 3834 573 3895 deos,
605 3827 837 3885 lectitatis
860 3827 922 3880 ab
951 3822 1181 3879 omnibus
1209 3826 1278 3878 ad
1300 3824 1413 3878 vitm
1434 3835 1729 3883 morumque
1753 3816 1953 3871 institu-

433 3928 619 3983 tionem
674 3922 814 3978 libris
869 3917 1091 3987 Homeri,
1149 3918 1329 3988 quibus
1385 3916 1724 3970 decantantur
1784 3908 1953 3963 Venus

362 4013 365 4016 ⁴
427 4021 677 4085 sauciata,
734 4016 878 4071 Mars
931 4015 1127 4069 cinctus
1172 4022 1218 4067 et
1266 4011 1589 4072 vulneratus;
1635 4003 1844 4071 Jupiter
1919 4017 1953 4054 a

426 4115 640 4172 Briareo
680 4112 943 4175 liberatus,
995 4105 1345 4180 Sarpedonem
1390 4101 1603 4171 deﬂens,
1658 4096 1955 4184 illectusque

436 4209 639 4265 Veneris
666 4209 798 4272 loro,
831 4202 1080 4259 Hercules
1107 4210 1327 4255 stercora
1367 4208 1595 4266 egerem,
1636 4189 1833 4246 Admeti
1864 4203 1952 4259 pe-

425 4323 516 4362 cus
545 4319 757 4376 pascens
793 4298 1000 4370 Apollo,
1035 4295 1306 4365 Neptunus
1331 4305 1504 4345 muros
1533 4285 1764 4355 reﬁciens
1812 4280 1950 4376 Lao-

424 4373 693 4461 medontis,
745 4394 941 4466 fulmen
980 4389 1123 4443 Iovis
1160 4404 1277 4442 cum
1314 4381 1503 4438 {Eneaz
1540 4377 1694 4432 armis
1730 4373 1952 4446 fabrica-

425 4506 553 4560 tum,
581 4490 766 4546 Martis
829 4483 1135 4552 Venerisque
1181 4476 1509 4539 adulterium,
1549 4468 1870 4560 Gaqqmedes
1920 4480 1952 4518 a

422 4555 549 4639 Jove
589 4587 787 4649 raptus,
816 4589 877 4627 ac
901 4586 1053 4643 quam
1079 4566 1256 4622 merito
1289 4561 1542 4617 Homerus
1567 4574 1601 4612 ιι
1632 4555 1852 4610 Platone
1889 4567 1952 4606 ea:

425 4676 623 4731 civitate
650 4687 744 4726 sua
763 4670 950 4741 ejectus
977 4664 1061 4720 sit.

430 4809 687 4881 Deplorat
725 4802 986 4861 Minucius
1034 4798 1287 4854 miseram
1331 4803 1549 4864 prorsus
1576 4795 1632 4842 et
1684 4783 1952 4881 infelicem

354 4876 693 4966 ethnicorum
737 4899 1124 4962 conditionem,
1165 4892 1257 4963 qui
1292 4888 1462 4944 aniles
1491 4885 1558 4940 de
1584 4882 1686 4938 diis
1728 4880 1840 4935 suis
1876 4876 1955 4931 fa-

352 5003 507 5061 bulas
533 5015 564 5055 a
595 4995 902 5069 panntibus
924 4990 1121 5055 edocti,
1158 5001 1298 5059 pene
1327 4998 1449 5040 cum
1495 4981 1631 5035 lacte
1674 4980 1950 5080 suxerant.

352 5097 495 5166 Quin
517 5092 676 5150 etiam
701 5087 1021 5162 grandiores
1048 5082 1194 5147 facti,
1246 5099 1265 5132 ι
1305 5076 1436 5147 ipsis
1466 5073 1659 5175 stud-iis
1705 5069 1953 5175 etdi‘sci-

350 5161 535 5264 plinis,
571 5207 590 5240 ι
621 5161 722 5242 eas
746 5189 1021 5254 poetarum
1066 5190 1129 5231 ae
1172 5172 1507 5245 potissimum
1556 5161 1955 5266 Homeri-didi-

352 5256 541 5342 cerant
566 5275 920 5335 carminibus.
962 5270 1021 5325 In
1050 5269 1117 5325 iis
1142 5267 1287 5324 enim
1326 5278 1445 5335 quae
1466 5258 1702 5332 jucunda
1734 5256 1836 5312 sibi
1869 5256 1955 5308 vi-

351 5376 636 5439 debantur,
667 5382 873 5425 venena
918 5363 1181 5427 bibentes,
1231 5356 1428 5414 auditis
1466 5352 1689 5409 deorum
1735 5360 1957 5403 suorum

351 5466 588 5540 ﬂagitiis,
640 5476 824 5518 mores
870 5471 998 5512 suos
1048 5456 1423 5522 corruperunt.
1472 5443 1610 5544 Quid
1845 5452 1955 5541 oon

352 5534 627 5620 fecissent,
647 5554 926 5609 audientes
950 5549 1240 5604 llomerum
1268 5542 1444 5603 illum,
1474 5545 1535 5593 ut
1563 5537 1638 5591 ait
1666 5534 1954 5594 Minucius,

359 5674 381 5710 ι
416 5653 698 5724 inclytum,
762 5646 1057 5710 laudatum,
1122 5646 1457 5701 coronatum,
1495 5652 1513 5684 ι
1572 5630 1640 5684 ab
1704 5625 1958 5735 tironibus

354 5747 594 5824 populis,
622 5744 711 5816 qui
743 5763 762 5796 ι
790 5743 930 5800 bello
956 5739 1152 5796 Troico
1174 5736 1327 5798 deos,
1361 5730 1463 5785 etsi
1498 5726 1651 5828 ludos
1675 5723 1847 5828 “facit,
1882 5729 1961 5775 ta-

357 5812 481 5905 men
524 5812 587 5898 in,
612 5812 884 5896 hominum
911 5834 1076 5891 rebus
1111 5839 1169 5886 et
1213 5826 1423 5884 actibus
1441 5816 1699 5879 miscuit?
1742 5812 1841 5871 Hic
1868 5826 1963 5868 eo-

840 5931 1124 5995 Pnsou.
1169 5921 1283 5989 lll.

2056 2080 2266 2154 Integra
2295 2086 2505 2143 Minucii
2527 2091 2694 2144 nostri
2727 2105 2789 2145 ac
2817 2092 3131 2149 Tertulliani
3158 2096 3275 2152 loca
3323 2100 3484 2155 simul
3518 2080 3665 2158 retu-

2063 2172 2260 2242 limus;
2286 2187 2395 2232 tum
2419 2182 2543 2249 quia
2580 2182 2684 2237 sibi
2726 2184 2955 2241 invicem
2986 2189 3367 2245 mutuolttcem
3394 2192 3661 2263 afferunt;

2062 2272 2174 2319 tum
2205 2269 2328 2337 quia
2358 2269 2494 2326 adeo
2533 2273 2732 2329 similia
2763 2286 2909 2343 sunt,
2940 2286 2998 2333 ut
3026 2294 3122 2335 sua
3168 2280 3432 2339 Minucius
3457 2300 3488 2340 a
3536 2286 3667 2342 Ter-

2060 2357 2282 2414 tulliano
2303 2372 2576 2419 mutuatus
2606 2366 2864 2423 videatur.

2130 2449 2259 2518 Qua:
2280 2464 2459 2509 autem
2488 2454 2853 2515 Tertullianus
2882 2476 2949 2516 ex
2967 2463 3305 2520 ethnicorum
3334 2467 3530 2526 litteris
3567 2487 3665 2542 ge-

2060 2544 2315 2600 neraliter
2345 2556 2571 2616 tantum,
2631 2553 2745 2607 haec
2794 2553 3054 2611 Minucius
3098 2569 3281 2615 noster
3318 2578 3386 2617 ex
3431 2564 3665 2622 Homero

2060 2638 2378 2709 deprompta
2406 2655 2527 2696 esse
2551 2641 2809 2699 declarat.
2842 2649 3015 2718 Atque
3037 2647 3163 2705 hinc
3189 2651 3537 2723 intelligimus
3569 2673 3665 2713 cur

2062 2730 2161 2798 illi,
2190 2731 2385 2803 aliique
2406 2734 2716 2791 Christianae
2744 2739 3021 2809 religionis
3044 2742 3356 2802 defensores
3379 2746 3542 2804 hasce
3571 2750 3666 2805 ab-

2060 2822 2425 2891 surdissimas,
2452 2825 2646 2898 vixque
2690 2831 2781 2885 ulli
2819 2846 2965 2887 sanie
2987 2839 3183 2891 mentis
3211 2837 3414 2894 homini
3434 2841 3670 2897 credibi-

2061 2912 2141 2968 les
2168 2914 2397 2983 fabulas,
2425 2917 2656 2974 ethnicis
2695 2923 2943 2977 omnibus
2971 2924 3038 2980 ad
3093 2926 3253 2984 falsas
3294 2929 3503 2986 illorum
3541 2934 3667 2989 reli-

2061 3008 2247 3078 giones
2275 3010 2629 3066 destruendas
2651 3013 2969 3083 objecerint.
2998 3018 3168 3073 Tanto
3195 3023 3337 3076 enim
3370 3024 3423 3078 in
3462 3024 3668 3083 honore

2062 3099 2201 3169 apud
2226 3100 2345 3156 illos
2370 3112 2487 3157 erat
2527 3103 2812 3172 Homerus,
2842 3117 2898 3162 ut
2920 3125 3117 3179 pueros
3157 3111 3433 3169 decantata
3475 3116 3543 3171 ab
3573 3118 3668 3173 illo

2063 3192 2286 3249 deorum
2316 3193 2544 3249 ludibria
2595 3196 2874 3267 docerent,
2909 3202 3105 3271 aliique
3150 3204 3292 3259 illius
3336 3208 3670 3266 carminibus

2067 3303 2085 3336 ι
2122 3287 2188 3341 ad
2213 3286 2575 3358 prudentiam,
2613 3310 2632 3341 ι
2689 3302 2743 3346 ut
2770 3292 2843 3346 ait
2869 3293 3250 3364 Tertullianus,
3290 3317 3308 3349 ι
3337 3309 3388 3355 et
3425 3300 3668 3358 liberalia

2057 3381 2233 3438 officia
2276 3401 2295 3435 ι
2359 3383 2799 3441 informarentur.
2854 3387 3040 3459 Itaque
3088 3389 3172 3445 his
3210 3407 3238 3445 a
3292 3394 3463 3462 prima
3506 3406 3668 3453 artato

2056 3473 2266 3543 imbuti,
2298 3484 2574 3550 tantoque,
2604 3479 2679 3534 uti
2711 3479 2988 3550 putabant,
3039 3482 3156 3538 viro
3201 3484 3360 3561 [idem
3404 3487 3667 3560 derogare

2057 3568 2207 3623 nefas
2228 3570 2506 3639 ducentes,
2532 3571 2687 3628 facile
2712 3574 3060 3630 crediderunt
3078 3576 3212 3633 tales
3229 3594 3351 3634 esse
3375 3580 3507 3637 deos
3524 3599 3663 3640 suos

2054 3662 2240 3732 quales
2280 3663 2349 3719 ab
2385 3680 2451 3720 eo
2494 3675 2548 3721 et
2582 3667 2702 3721 aliis
2751 3669 2924 3739 poetis
2968 3670 3098 3737 ficti,
3143 3670 3198 3726 in
3246 3673 3468 3730 theatris
3512 3687 3663 3746 post-

2056 3755 2309 3823 modum,
2353 3771 2418 3811 ac
2443 3759 2737 3829 mysteriis,
2781 3769 2840 3814 ut
2870 3759 3005 3814 infra
3045 3764 3410 3831 ostendemus,
3453 3770 3666 3837 publice.

2056 3849 2601 3918 repraasentabautur.
2632 3850 2992 3919 Quamobrem
3034 3873 3051 3906 ι
3108 3855 3211 3922 his,
3255 3858 3333 3912 ait
3373 3859 3662 3922 Minucius.

2054 3951 2215 4013 atque
2241 3942 2549 4012 hujusmodi
2576 3945 2870 4014 figmentis,
2898 3956 2953 4001 et
2989 3949 3284 4006 mendaciis
3328 3952 3662 4015 dulcioribus

2055 4045 2469 4103 corrumpuntur
2516 4036 2728 4106 ingenia
2772 4052 3080 4107 puerorum,
3128 4050 3181 4095 et
3235 4043 3423 4099 iisdem
3465 4047 3660 4107 fabulis

2057 4125 2465 4195 inhwrentibus,
2496 4128 2563 4182 ad
2596 4144 2763 4199 usque
2789 4146 3015 4186 summae
3043 4135 3218 4188 artatis
3259 4136 3421 4191 robur
3459 4154 3659 4198 consc-

2056 4230 2303 4287 nescunt,
2333 4234 2456 4274 cum
2484 4220 2556 4274 sit
2590 4220 2787 4277 veritas
2826 4220 3003 4288 obvia,
3037 4224 3131 4279 sed
3170 4227 3588 4296 requirentibus.
3630 4253 3650 4287 ι

2056 4312 2138 4368 Ad
2178 4314 2294 4369 haec
2320 4328 2450 4368 vero
2494 4313 2705 4368 tametsi
2739 4313 3022 4379 Homerus,
3068 4316 3263 4387 aliique
3316 4331 3488 4389 poetae
3546 4335 3655 4381 tam

2057 4405 2285 4463 nefanda
2311 4408 2592 4477 turpiaque
2630 4405 2697 4461 de
2743 4406 2845 4462 diis
2875 4407 3111 4464 carmina
3147 4408 3389 4479 fecerint,
3437 4415 3536 4487 ipsi
3569 4426 3655 4473 ta-

2055 4516 2203 4568 men,
2227 4499 2369 4554 sicut
2398 4499 2472 4554 ait
2493 4500 2844 4571 Attgustinus,
2868 4500 3204 4558 ethnicorum
3237 4504 3472 4577 theologi
3503 4509 3654 4567 dice-

1973 4619 2029 4680 D
2055 4581 2249 4651 bantur
2279 4580 2607 4666 (Augustin.,
2642 4593 2733 4648 lib.
2768 4610 2916 4661 xvnt,
2947 4595 3012 4649 de
3036 4593 3211 4660 Civit.,
3255 4612 3375 4669 cap.
3407 4600 3496 4667 14,
3529 4619 3652 4677 pag.

2054 4686 2209 4759 498).
2243 4686 2357 4742 Non
2382 4687 2575 4741 mirum
2616 4687 2797 4758 igitur,
2832 4688 2877 4767 si
2905 4687 3166 4745 Minucius
3202 4702 3407 4761 noster,
3449 4695 3650 4769 aliique

2055 4781 2402 4837 vetustissimi
2437 4781 2694 4837 Ecclesiae
2736 4781 2922 4837 Patres
2971 4783 3110 4839 hanc
3159 4784 3372 4841 Homeri
3418 4802 3650 4848 cancro-

2056 4890 2285 4943 rumque
2314 4881 2593 4943 poetarum
2627 4875 3023 4940 auctoritatem,
3062 4873 3190 4929 licet
3230 4876 3470 4933 ridiculis
3516 4881 3654 4938 adeo

2056 4964 2251 5021 fabulis
2282 4965 2574 5032 fundatam,
2604 4965 2746 5020 serio
2768 4964 3071 5035 saepiusque
3101 4966 3496 5038 proﬂigaverint
3525 5013 3538 5027 .

2128 5058 2261 5125 Quia
2302 5073 2431 5113 vero
2477 5057 2737 5112 Minucius
2760 5066 2814 5111 et
2867 5055 3227 5111 Tertullianus
3273 5058 3493 5116 Homeri
3552 5079 3652 5121 nec

2057 5152 2245 5211 libros.
2269 5167 2369 5207 nec
2396 5153 2531 5217 loca,
2571 5150 2660 5203 ubi
2688 5150 2804 5204 haec
2829 5164 2950 5219 quae
2992 5160 3229 5213 narrant,
3278 5152 3474 5223 scripta
3510 5156 3651 5224 sint,

2057 5248 2378 5311 citaverunt,
2421 5243 2592 5298 nostri
2644 5241 2848 5296 idcirco
2897 5240 3059 5294 ollicii
3109 5256 3230 5296 esse
3272 5242 3540 5309 duximus,
3588 5265 3654 5305 ea

2058 5335 2369 5406 singillatim
2401 5334 2660 5409 indicare,
2693 5333 2937 5403 aliosque
2989 5332 3288 5401 appellare,
3319 5336 3536 5405 quibus,
3585 5355 3655 5396 au

2059 5427 2307 5485 similiter
2334 5424 2641 5486 laudantur,
2671 5423 3190 5479 autconlirmantnr.
3224 5426 3299 5481 De
3331 5426 3540 5485 Venere
3561 5448 3657 5487 an.

2060 5534 2166 5581 tem
2224 5522 2481 5587 sauciata,
2526 5519 2779 5574 nimirum
2818 5534 2847 5573 a
2901 5519 3175 5583 Diomede,
3224 5521 3365 5593 quod
3423 5524 3655 5594 primum

2062 5616 2323 5671 Minucius
2352 5620 2636 5672 memorat.
2668 5611 2801 5667 illud
2848 5612 3072 5682 legimus
3112 5612 3163 5667 in
3212 5616 3394 5684 quinta
3441 5616 3659 5674 Homeri

2060 5709 2212 5765 Iliad.
2243 5724 2296 5764 v.
2325 5707 2452 5769 555.
2475 5717 2528 5762 et
2551 5721 2704 5776 seqq.
2750 5705 3080 5776 citatumque
3118 5704 3213 5760 fuit
3241 5721 3269 5759 a
3299 5706 3541 5776 Platone,
3565 5710 3662 5766 lib.

2060 5823 2116 5866 ιιι
2171 5805 2425 5880 Sympos.
2477 5802 2679 5872 Quaest.
2706 5799 2762 5869 4,
2811 5815 2931 5874 pag.
2981 5799 3126 5865 759;
3168 5797 3423 5871 Virgilio,
3476 5801 3573 5860 lib.
3630 5821 3670 5867 tt
