4264 6258
579 303 688 360 587

1839 307 1927 364 DE
1950 302 2208 363 MINUCH
2248 306 2548 368 OCTAVIO

3786 317 3894 376 588

579 420 791 477 ίΕιιρΜ,
822 436 876 475 v.
910 421 1046 490 277;
1079 421 1290 478 Justino
1327 421 1581 493 Martyre,
1613 420 1832 477 Cohort.
1885 427 1949 480 ad
2007 425 2181 480 Graec.
2212 428 2259 487 Λ
2291 443 2351 482 ex
2377 429 2485 499 jam
2523 431 2706 493 citato,
2741 440 2794 485 et
2828 430 2930 484 alio
2962 431 3241 503 Augustini
3270 431 3389 487 loco
3416 430 3509 487 lux
3539 432 3714 504 aliqua
3749 449 3888 501 prte-

580 532 700 586 pag.
732 518 789 581 5;
821 515 1180 585 Athenagora,
1215 516 1399 584 Legat.
1448 530 1545 584 pro
1580 514 1896 583 Christian.,
1937 534 2056 587 pag.
2089 517 2180 581 2|;

576 607 853 660 Clemente
907 606 1582 671 Alexandrino,Admonit.
1615 605 1679 659 ad
1724 604 1922 667 Gr;ec.,
1955 609 2181 677 pag.‘25;

576 702 891 767 Athanasio,
925 700 1074 755 Orat.
1110 714 1285 754 contr.
1316 698 1514 766 (ἔκηα,
1613 700 1694 764 12,
1731 716 1848 770 pag.
1897 701 2018 755 112.

649 795 722 845 De
752 791 919 847 Marte
946 793 1106 847 etiam
1139 794 1318 847 vincto
1345 801 1399 847 et
1431 793 1710 847 vulnerato
1740 793 1879 863 quod
1924 793 2184 847 Minucius

575 887 833 952 narravit,
867 886 1208 942 decantatum
1244 887 1488 942 invenies
1524 887 1711 941 eadem
1758 887 1975 942 Homeri
2020 885 2184 941 Iliade

569 998 622 1034 ν.
660 981 788 1048 585,
824 990 878 1036 et
907 997 1059 1051 seqq.
1102 982 1170 1036 de
1199 998 1303 1052 quo
1354 983 1515 1037 etiam
1573 979 1829 1037 Clemens
1877 981 2179 1036 Alexandr.

569 1085 624 1131 et
647 1076 979 1131 Athanasius
1007 1077 1185 1131 citatis
1213 1077 1365 1143 locis,
1397 1092 1460 1132 ac
1486 1075 1775 1146 Gregorius
1811 1075 2181 1131 Nazianzenus

569 1169 721 1224 Orat.
775 1170 828 1234 '5,
871 1179 1044 1224 contr.
1077 1169 1369 1235 Juliauum,
1404 1185 1521 1240 pag.
1549 1169 1677 1236 9.58,
1706 1177 1760 1224 et
1797 1169 1946 1223 Orat.
1973 1170 2026 1234 lt,
2059 1184 2177 1238 pag.

568 1263 694 1318 508.

639 1356 850 1412 Cecinit
884 1356 1059 1412 adhuc
1097 1356 1384 1423 Homerus,
1439 1372 1595 1427 quem
1639 1356 1901 1410 Minucius
1954 1355 2181 1410 subinde

567 1460 736 1513 notat,
768 1451 956 1507 Jovem
987 1469 1014 1506 a
1049 1453 1270 1506 Briareo
1299 1453 1602 1517 liberatum,
1629 1451 1792 1505 Iliade
1826 1467 1863 1514 ι,
1894 1465 1943 1502 v.
1975 1449 2100 1512 599,
2129 1458 2184 1504 et

563 1560 742 1614 seqq.;
794 1544 863 1599 de
932 1560 1037 1615 quo
1075 1555 1256 1614 postezi
1307 1545 1549 1599 Justinus
1603 1544 1803 1614 lilartyr
1847 1542 2067 1598 Cohort.
2114 1541 2180 1595 ad

562 1635 763 1702 Gr:rc.,
789 1653 908 1706 pag.
944 1639 998 1703 3;
1035 1639 1325 1693 etServius
1352 1640 1401 1690 in
1432 1639 1524 1692 lib.
1555 1653 1607 1690 v1
1648 1635 1866 1690 {EneitL
1896 1651 2019 1706 pag.
2049 1635 2176 1690 415.

634 1730 838 1784 Dehinc
873 1747 1000 1786 vero
1032 1731 1171 1801 apud
1206 1731 1453 1786 eumdem
1500 1730 1790 1784 Homerum
1843 1729 2005 1783 Iliade
2065 1745 2174 1793 xw,

2290 519 2413 573 ferri
2447 531 2618 589 poteSt
2653 521 2757 586 his,
2788 538 2907 591 quae
2936 523 3000 577 de
3029 524 3213 578 eadem
3263 525 3527 594 Apollinis
3575 526 3835 581 servitute
3860 542 3891 581 a

2288 613 2564 668 Clemente
2596 615 2965 668 Alexandrino
2995 618 3212 685 scriptis
3259 617 3449 671 tradita
3502 617 3624 671 alibi
3672 628 3894 672 annota-

2287 705 2459 757 vimus
2489 703 2669 773 (Tom.
2707 723 2718 758 ι
2749 707 3024 775 Apparat.,
3089 708 3182 762 lib.
3231 725 3307 772 ιιι,
3337 707 3552 764 dissert.
3578 709 3634 775 2,
3659 725 3777 781 cap.
3803 711 3891 776 M,

2287 805 2388 848 art.
2425 797 2476 857 -I,
2509 813 2627 866 pag.
2666 798 2848 869 1090).

2359 887 2538 957 Pergit
2589 889 2866 955 Minucius,
2927 890 3264 963 ethnicisque
3310 895 3651 964 exprobrat:
3701 896 3895 954 «Jovis

2285 979 2488 1035 fulmen
2536 998 2656 1037 eum
2710 983 2899 1039 Eneti:
2948 989 3114 1041 armis
3163 989 3213 1041 in
3264 988 3456 1044 incude
3497 989 3832 1046 fabricatum.
3870 1012 3889 1044 ι

2287 1074 2510 1130 Vulcani
2562 1075 2630 1131 de
2677 1077 2869 1134 incude
2906 1082 3094 1150 procul
3154 1081 3316 1135 dubio
3361 1083 3614 1151 loquitur.
3677 1085 3747 1139 At
3786 1085 3895 1141 Ilo-

2287 1182 2468 1221 merus
2499 1177 2678 1223 narrat
2709 1171 2980 1239 quomodo
3016 1173 3067 1226 in
3099 1173 3187 1227 illa
3241 1173 3384 1228 idem
3435 1173 3728 1242 Vulcanus,
3785 1193 3894 1232 non

2287 1257 2478 1313 {Eneae
2504 1259 2745 1328 quidem,
2771 1261 2865 1316 sed
2897 1264 3124 1317 Achillis
3154 1279 3303 1318 arma
3338 1264 3682 1322 fabricaverit
3708 1266 3892 1338 (Hom.

2286 1347 2446 1402 Iliad.
2496 1367 2643 1418 xvm,
2683 1369 2734 1404 ν.
2770 1353 2876 1407 454
2918 1364 2972 1409 et
3023 1355 3221 1427 seqq.).
3285 1356 3540 1428 Expende
3570 1359 3730 1428 igitur
3767 1377 3893 1416 num

2285 1456 2472 1498 auctor
2499 1455 2686 1500 noster
2706 1446 2774 1500 ibi
2809 1463 2914 1502 non
2939 1449 3112 1504 solum
3146 1451 3210 1504 ad
3242 1450 3533 1507 Homerum
3565 1456 3889 1525 respexerit,

2284 1536 2376 1590 sed
2418 1538 2580 1592 etiam
2611 1538 2675 1593 ad
2707 1539 3013 1610 Virgilium,
3067 1543 3154 1613 qui
3191 1544 3402 1612 quidem
3450 1547 3646 1600 cecinit
3694 1546 3894 1602 Vulca-

2285 1643 2409 1682 num
2442 1628 2773 1700 Cyclopibus
2832 1631 3052 1688 fulmina
3091 1635 3209 1690 Jovi
3240 1635 3647 1702 fabricantibus,
3691 1654 3896 1708 praece-

2287 1723 2448 1790 pisse,
2510 1735 2568 1780 ut
2626 1725 2689 1778 iis
2743 1726 2946 1781 relictis
2997 1743 3143 1782 arma
3191 1745 3309 1799 quze
3371 1730 3549 1785 Venus
3618 1732 3892 1802 poscebat,

559 1838 614 1875 v.
663 1821 788 1886 667,
831 1833 886 1877 et
940 1839 1090 1893 seqq.
1137 1823 1185 1877 id
1230 1823 1488 1892 reperies,
1530 1822 1670 1890 quod
1717 1821 1783 1875 de
1825 1822 2013 1875 eodem
2045 1821 2178 1875 Jove
2211 1829 2256 1886 Β
2286 1815 2474 1871 ίΕιιρίιι
2501 1817 3093 1891 conficerent(Virgil.,
3121 1821 3212 1876 lib.
3247 1838 3357 1876 vin.
3391 1820 3634 1890 zEneid.,
3680 1841 3733 1882 v.
3767 1823 3896 1894 422,

560 1928 614 1972 et
657 1916 973 1986 SarpedOue
1022 1927 1203 1970 narrat
1265 1932 1368 1970 non
1428 1917 1601 1970 solum
1655 1915 1936 1980 Minucius,
1992 1931 2175 1968 verum

517 2023 524 2028 ‘
560 2011 717 2065 etiam
749 2012 1140 2080 Athenagoras,
1169 2010 1354 2079 Legat.
1389 2023 1483 2079 pro
1530 2007 1821 2062 Christian.
1850 2022 1966 2076 pag.
1999 2008 2089 2071 21,
2125 2015 2180 2061 et

563 2103 814 2158 Clemens
842 2102 1255 2166 Alexandrinus,
1308 2099 1526 2154 Cohort.
1560 2099 1625 2152 ad
1675 2098 1875 2165 Graec;
1907 2115 1937 2152 a
1985 2099 2179 2168 quibus

559 2198 666 2252 duo
700 2197 916 2252 Homeri
945 2198 1180 2250 carmina
1216 2195 1532 2263 transcripta
1567 2203 1709 2247 sunt.

645 2290 879 2358 Denique
910 2289 975 2343 tle
1001 2290 1116 2341 loro
1152 2305 1246 2343 seu
1276 2287 1511 2357 cingulo,
1545 2302 1650 2356 quo
1682 2285 1884 2350 Venus,
1935 2285 2073 2339 sicut
2101 2286 2177 2338 ait

568 2392 756 2437 auctor
784 2391 987 2446 noster,
1023 2380 1209 2434 Jovem
1251 2380 1446 2442 illexit,
1480 2389 1786 2432 cantantem
1828 2377 2013 2431 audies
2061 2376 2172 2431 Ho-

558 2493 766 2532 merum
798 2476 946 2530 Iliad.
977 2490 1098 2540 xtv,
1133 2490 1184 2528 v.
1231 2473 1336 2529 20’t
1366 2483 1418 2526 ct
1462 2487 1611 2542 seqq.
1653 2473 1946 2541 Gregorius
1995 2483 2173 2525 autem

558 2571 925 2625 Nazianzenus
955 2569 1082 2623 illud
1116 2569 1168 2622 in
1200 2567 1469 2633 etlmicos,
1526 2567 1680 2620 sicuti
1715 2566 2000 2632 Minucius,
2053 2581 2173 2620 ver-

560 2668 623 2719 tit
650 2665 797 2722 Orat.
831 2665 884 2728 5,
918 2664 1178 2718 adversus
1204 2662 1505 2727 lulianum,
1543 2674 1661 2730 pag.
1702 2659 1826 2714 9.58.
1863 2658 2074 2713 Vitlesis
2105 2658 2175 2711 ibi

565 2767 718 2812 notas
749 2756 908 2819 Billii,
951 2755 1039 2825 qui
1073 2753 1227 2824 hujus
1267 2765 1438 2823 poetae
1463 2753 1724 2818 carmina,
1767 2753 1833 2806 de
1868 2752 1959 2806 illo
1993 2751 2171 2806 Vene-

560 2852 635 2905 ris
658 2851 793 2916 loro,
825 2849 1004 2903 latinis
1031 2847 1280 2901 versibus
1308 2844 1561 2900 reddidit.

631 2945 744 3014 Age
771 2958 918 3009 vero,
952 2951 1110 3009 atque
1136 2940 1236 2992 alia
1261 2939 1537 2994 videamus
1571 2953 1674 2991 non
1707 2937 1883 2992 minus
1910 2937 2162 3003 absurda,

560 3037 678 3091 aliis
719 3036 918 3104 pariter
947 3033 1164 3086 Ilomeri
1221 3032 1466 3085 versibus
1501 3030 1641 3084 haud
1673 3030 1835 3085 dubie
1875 3031 2164 3100 descripta,

557 3142 673 3196 quze
719 3125 979 3179 Minucius
1013 3140 1115 3178 non
1142 3122 1442 3191 designavit
1477 3143 1488 3177 ;
1543 3141 1562 3172 (
1605 3122 1881 3187 Hercules,
1921 3141 1938 3174 ι
1976 3123 2167 3192 inquit,

2284 1920 2337 1964 et
2363 1911 2572 1982 seqq.).

2357 2003 2427 2058 At
2453 2003 2874 2072 deprehensmn,
2903 2007 3059 2061 sicuti
3094 2007 3269 2063 adhuc
3294 2007 3556 2066 Minucius
3589 2018 3773 2065 noster
3814 2011 3896 2064 lo-

2284 2095 2496 2162 quitur,_
2533 2097 2599 2150 ab
2630 2097 2891 2165 Vulcano,
2949 2100 3131 2153 lllartis
3183 2111 3237 2153 et
3291 2099 3513 2156 Veneris
3571 2103 3897 2156 adulterium

2286 2188 2550 2244 Ilomerns
2576 2200 2628 2244 et
2658 2191 2880 2246 Ovidius
2903 2203 3254 2249 cantaverant
3293 2194 3534 2267 (Homer.
3574 2195 3798 2268 Odysse.
3834 2197 3891 2261 8,

2285 2297 2332 2331 v.
2369 2282 2506 2348 9.67;
2534 2283 2711 2349 Ovitl.,
2751 2285 2842 2339 lib.
2873 2303 2910 2338 ιι
2965 2286 3032 2340 de
3066 2288 3181 2340 Art.
3236 2289 3448 2343 amand.
3484 2298 3606 2343 ante
3661 2288 3800 2359 Iin.).
3835 2289 3895 2343 Si

2282 2373 2520 2427 Iauciano
2574 2384 2751 2428 autetn
2795 2376 3087 2443 credimus,
3141 2379 3366 2433 saltator
3404 2380 3619 2450 quidam
3685 2395 3784 2449 per
3836 2396 3897 2434 se

2282 2466 2400 2520 sine
2429 2468 2740 2536 strepitibus
2767 2478 2821 2522 et
2852 2469 3015 2535 tibiis,
3061 2473 3154 2526 sed
3197 2472 3339 2526 saltu
3391 2482 3592 2527 tantum
3639 2489 3701 2527 ac
3745 2483 3897 2542 gestu

2283 2558 2419 2612 illtttl
2457 2561 2717 2614 nefarium
2745 2562 2970 2617 deorum
2999 2565 3322 2620 adulterium
3354 2568 3620 2636 expressit
3650 2567 3893 2636 (Lucian.

2282 2650 2349 2705 de
2379 2652 2568 2716 Saltat,
2605 2669 2724 2723 pag.
2759 2656 2907 2726 515).
2941 2656 3069 2712 Inde
3097 2658 3263 2712 Porro
3291 2658 3544 2715 Clemens
3575 2659 3896 2714 Alexandri-

2280 2760 2379 2796 nus
2424 2744 2630 2799 dicebat
2667 2766 2680 2799 :
2711 2743 2946 2818 Ᾱρρςιδίτη
2999 2751 3072 2803 ἐπ’
3095 2737 3209 2819 ᾔρει
3238 2759 3634 2822 κατῃσχυμμξνη,
3674 2751 3897 2808 «Venus

2280 2848 2498 2908 protiter
2549 2841 2768 2896 Martem
2828 2853 2908 2897 est
2961 2845 3160 2912 probro
3201 2854 3256 2898 et
3308 2844 3576 2901 dedecore
3624 2846 3832 2902 affecta.
3870 2866 3888 2897 ›

2280 2936 2355 2989 De
2373 2951 2438 2990 eo
2461 2937 2726 2991 Arnobius
2752 2947 2805 2992 et
2826 2940 3157 3005 Lactantius,
3183 2942 3257 2994 uti
3291 2956 3390 2995 nos
3419 2941 3553 2994 infra
3583 2941 3893 2996 notabimus

2277 3027 2473 3100 (Clem.
2501 3031 2654 3084 Alex.
2676 3032 2950 3086 Admonit.
2976 3034 3040 3087 ad
3073 3044 3218 3103 gent.
3248 3049 3369 3104 pag.
3395 3034 3487 3088 '21.
3525 3034 3806 3089 Dissertat.
3840 3036 3892 3088 in

2278 3124 2505 3187 Arnob.,
2524 3139 2642 3193 cap.
2661 3123 2748 3192 10,
2779 3135 2882 3180 art.
2915 3127 2967 3192 1,
2993 3136 3048 3181 et
3068 3128 3118 3180 in
3138 3127 3406 3193 Lactant.,
3425 3141 3545 3197 cap.
3571 3128 3660 3190 51,
3682 3135 3784 3180 art.
3815 3127 3890 3197 1).

566 3238 586 3270 ‹
629 3228 865 3273 stercora
921 3217 1109 3287 egerit,
1158 3227 1210 3269 et
1241 3217 1432 3285 Apollo
1483 3215 1712 3268 Admeto
1759 3229 1920 3283 perus
1976 3216 2177 3285 pascit,
2209 3219 2251 3281 ί]
2356 3216 2637 3270 Postremo
2669 3218 2807 3287 apud
2844 3219 3134 3275 llon'terum
3177 3221 3390 3289 legitur,
3419 3219 3561 3289 quod
3605 3220 3679 3273 ait
3725 3218 3896 3274 Minu-

560 3311 910 3367 Laometlnnti
967 3325 1148 3364 muros
1199 3308 1476 3377 Neptunus
1506 3309 1753 3361 instituit.
1792 3326 1809 3358 ι
1844 3312 1912 3361 At
1948 3309 2164 3377 quintus

560 3424 589 3462 a
618 3405 853 3461 Diodoro
880 3404 1062 3459 Siculo
1086 3401 1398 3472 perhibetur
1429 3400 1675 3455 Herculis
1699 3399 1872 3465 labor,
1907 3416 2014 3470 qtto
2053 3405 2086 3453 Α
2100 3416 2163 3453 ιι-

559 3501 659 3570 gim
701 3498 842 3568 regis
899 3495 1168 3550 stabulum
1219 3494 1546 3548 stercoribus
1595 3493 1856 3562 purgavit.
1910 3493 2164 3547 Pluribus

561 3591 676 3645 Ιιίιεε
704 3591 793 3645 ille
822 3589 1073 3658 explicat,
1127 3603 1229 3640 non
1275 3602 1432 3641 secus
1477 3603 1539 3641 ac
1590 3586 1900 3650 Pausanias,
1960 3587 2168 3640 Natalis

561 3686 756 3740 Comes
805 3695 859 3739 et
904 3685 994 3737 alii
1043 3684 1180 3737 bene
1221 3683 1374 3736 multi
1421 3683 1685 3753 (Diodor.
1742 3683 1937 3750 Sicul.,
1990 3684 2081 3738 lib.
2118 3701 2169 3739 IV

561 3777 831 3840 Biblioth.,
881 3792 1000 3846 pag.
1052 3776 1177 3838 151,
1222 3785 1274 3828 et
1303 3791 1478 3845 seqq.;
1530 3775 1784 3839 Pausan.,
1819 3775 1909 3829 lib.
1943 3793 1997 3842 v,
2047 3793 2166 3848 pag.

561 3874 714 3942 148).
771 3871 904 3925 Vide
932 3880 1110 3924 autem
1145 3877 1320 3923 utrum
1360 3879 1548 3923 auctor
1598 3879 1780 3923 noster
1832 3870 1899 3923 ad
1952 3871 2168 3925 Ilomeri

561 3965 712 4021 Iliad.
745 3983 796 4030 ιι,
826 3980 880 4018 v.
913 3964 1038 4028 693,
1068 3975 1119 4018 et
1152 3979 1302 4034 seqq.
1328 3962 1617 4017 collineare
1644 3962 1893 4016 voluerit.

635 4061 817 4130 Longe
866 4070 1043 4113 autem
1089 4058 1286 4112 clarius
1325 4056 1414 4110 ille
1461 4057 1657 4111 cecinit
1723 4067 2049 4111 memoratos
2105 4060 2172 4112 ab

562 4170 783 4212 auCtore
829 4162 1014 4208 nostro
1060 4152 1387 4222 Apollinem,
1420 4149 1511 4218 qui
1559 4164 1720 4219 pecus
1753 4151 1894 4218 pavit
1926 4150 2169 4214 Admeti;

563 4259 618 4305 ct
663 4250 988 4320 Neptunum,
1040 4246 1130 4315 qui
1177 4245 1410 4313 Trojano
1439 4243 1787 4296 Laomedonti
1837 4259 2016 4299 muros
2042 4260 2173 4298 cou-

563 4345 777 4398 struxit.
813 4341 1054 4394 Primum
1107 4339 1385 4391 enimvero
1431 4336 1664 4390 occurrit
1724 4335 1889 4391 Iliade
1942 4338 2174 4392 secunda

566 4451 620 4488 v.
660 4434 766 4488 780
798 4442 852 4486 et
880 4447 1035 4499 seqq.
1059 4445 1074 4493 ;
1101 4427 1395 4482 secundum
1419 4444 1546 4480 vero
1595 4428 1757 4483 Iliath
1785 4447 1893 4495 xxi,
1944 4447 1996 4485 ν.
2045 4432 2173 4498 415,

564 4540 698 4595 quas
733 4521 1022 4578 Pausanias
1050 4520 1248 4574 citasse
1276 4519 1470 4588 legitur
1503 4519 1778 4590 (Pansam,
1808 4521 1899 4576 lih.
1932 4540 2024 4588 vn,
2057 4539 2172 4591 pag.

2269 3313 2382 3368 cius
2412 3332 2424 3365 :
2460 3330 2478 3363 ‹
2517 3312 2571 3365 In
2604 3312 2980 3381 Ganimedem,
3029 3314 3175 3369 Jovis
3211 3325 3480 3384 stuprum,
3509 3313 3649 3370 ccelo
3700 3327 3891 3368 conse-

2269 3416 2494 3461 cratum.
2534 3426 2552 3459 ι
2595 3407 2660 3461 Et
2707 3418 2852 3463 certe
2907 3409 3196 3464 Pausanias

2274 3509 2541 3568 πῦιημένδῐ,
2581 3509 2640 3560 ὡς
2666 3505 2930 3572 ἁρπασθείη
2945 3527 2994 3556 τε
3017 3510 3108 3557 ὑπὸ
3131 3514 3238 3558 θεῶν
3257 3507 3539 3570 Γανυμγ,δης
3563 3507 3891 3571 οἱνοχσεῖνΔιί.

2277 3613 2294 3644 ‹
2335 3594 2596 3649 Homerus
2637 3597 2967 3650 carminibus
3014 3597 3284 3650 mandavit
3319 3597 3432 3650 suis
3473 3603 3681 3664 raptum
3713 3611 3742 3646 a
3785 3595 3890 3649 diis

2273 3685 2659 3757 Ganymedem,
2695 3686 2811 3740 Jovi
2842 3696 2897 3741 ut
2923 3688 3108 3754 pocula
3153 3687 3504 3752 ministraret,
3541 3700 3638 3756 pro
3665 3702 3729 3738 eo
3756 3701 3889 3741 vero

2274 3794 2441 3846 equos
2480 3779 2628 3844 Troi,
2661 3799 2678 3830 ι
2724 3779 2840 3849 ejus
2869 3781 3074 3835 scilicet
3111 3780 3272 3849 patri,
3309 3798 3327 3829 ι
3361 3779 3516 3834 datos
3551 3799 3568 3831 ι
3614 3781 3634 3849 (
3663 3779 3889 3847 Minue,

2275 3885 2396 3942 pag.
2425 3871 2550 3926 ‘208.
2581 3871 2738 3927 Hom.
2774 3871 2947 3925 Illiad.
2976 3871 3067 3938 20,
3110 3886 3159 3924 v.
3190 3869 3289 3924 251
3325 3881 3378 3924 et
3421 3884 3576 3941 seqq.
3607 3881 3661 3925 et
3689 3869 3888 3942 Hymn.

2277 3968 2327 4021 in
2354 3969 2616 4023 Venerem
2654 3983 2666 4031 ;
2697 3966 3061 4031 Pausan.,lib.
3093 3981 3145 4027 v,
3178 3980 3297 4034 pag.
3329 3965 3476 4034 I73).
3503 3963 3610 4018 Sed
3641 3963 3891 4019 Grzecum

2278 4062 2565 4130 ipsummet
2604 4059 2744 4128 apud
2775 4068 3004 4128 poetam,
3037 4059 3080 4111 si
3128 4057 3297 4122 lubet,
3336 4056 3546 4126 poteris
3575 4056 3696 4111 loco
3725 4072 3754 4109 a
3786 4073 3892 4111 no-

2280 4155 2359 4208 bis
2386 4154 2550 4221 citato
2573 4153 2721 4208 adire
2754 4193 2766 4215 ,
2809 4150 3149 4215 etOvidium,
3200 4150 3292 4205 lib.
3327 4165 3360 4203 x
3391 4148 3606 4203 Metam.
3633 4190 3646 4212 ,
3683 4147 3795 4202 fab.
3827 4149 3884 4212 ὃς

2280 4246 2647 4308 Theocritum,
2667 4243 2799 4315 ltlyl.
2828 4242 2912 4310 I2,
2941 4259 2990 4294 v.
3012 4242 3102 4306 55,
3127 4252 3370 4312 etseqq.;
3396 4239 3757 4310 Apollonium,
3776 4239 3888 4294 Ar-

2279 4348 2496 4408 gonaut.
2529 4339 2620 4392 lib.
2644 4354 2720 4402 ιιι,
2758 4354 2808 4392 v.
2857 4336 2960 4391 114
2987 4344 3042 4391 et
3066 4351 3220 4406 seqq.
3265 4349 3328 4388 ac
3356 4333 3599 4388 Nonnum
3631 4331 3884 4403 Dionys.,

2286 4433 2373 4486 lib.
2408 4450 2447 4494 ι,
2488 4448 2539 4484 ν.
2583 4430 2708 4484 516.

2355 4525 2429 4578 Ex
2457 4534 2562 4579 tota
2593 4540 2753 4594 porro
2795 4524 2880 4578 illa
2909 4523 3144 4579 auctoris
3172 4521 3343 4576 nostri
3393 4521 3882 4591 argumentatione,

3249 3426 3262 3462 τ
3313 3391 3438 3463 ἐστι
3470 3414 3518 3462 δὲ
3567 3401 3746 3478 ὀμῆρῳ
3804 3431 3890 3463 πε-

561 4615 714 4686 296).
748 4615 823 4667 De
854 4620 1084 4680 utroque
1115 4618 1292 4665 autem
1326 4611 1592 4679 Apolline,
1631 4623 1680 4668 et
1708 4611 1957 4682 Neptuno
1986 4615 2172 4670 ania—
2199 4617 2252 4675 D
2279 4620 2428 4674 vides
2453 4634 2583 4673 Sane
2612 4635 2770 4689 quam
2805 4619 2998 4673 merito
3041 4619 3140 4687 ipsi
3184 4618 3434 4688 probetur
3470 4616 3733 4670 sententia
3763 4615 3885 4669 Pla-

562 4724 690 4774 nus,
716 4707 784 4761 (le
813 4703 1100 4760 SacriIittiis
1127 4719 1242 4772 pag.
1291 4703 1414 4757 188.
1449 4705 1719 4759 Arnobius
1747 4705 1840 4759 lib.
1880 4722 1932 4758 ιν
1962 4710 2174 4761 advers.

563 4802 746 4863 Gent.,
778 4813 894 4868 pag.
939 4797 1061 4862 HJ;
1101 4795 1406 4850 Lactantius
1435 4797 1523 4851 lib.
1563 4815 1601 4862 ι,
1649 4813 1765 4865 cap.
1821 4798 1929 4862 10;
1967 4798 2176 4854 Tertul-

561 4893 735 4948 lianus
762 4889 1014 4960 Apolog.,
1059 4903 1178 4958 cap.
1221 4889 1309 4952 14,
1333 4886 1653 4959 Cyprianus,
1689 4889 1779 4942 lib.
1809 4889 1876 4942 de
1906 4890 2169 4944 idolorum

563 4987 813 5043 Vanitate
842 4999 956 5053 pag.
995 4984 1084 5048 II;
1114 4983 1462 5053 Augustinus,
1492 4983 1581 5035 lib.
1609 4999 1669 5036 ιιι
1722 4982 1787 5036 de
1814 4982 2000 5049 Civit.,
2051 5000 2168 5054 cap.

561 5082 629 5147 2,
662 5088 715 5133 et
747 5079 837 5133 lib.
869 5092 1015 5142 xun,
1068 5091 1188 5146 cap.
1238 5077 1342 5138 15;
1377 5075 1599 5129 Servius
1633 5075 1682 5127 in
1727 5074 1817 5128 lib.
1857 5093 1931 5130 ιιι.
1973 5077 2168 5149 Georg.

563 5174 767 5244 Virgilii
805 5188 859 5225 v.
883 5171 917 5223 ’Ξ
938 5211 950 5235 ,
986 5180 1146 5228 atiuc
1177 5170 1226 5222 in
1258 5169 1352 5222 lih.
1378 5185 1414 5221 ι.
1442 5167 1680 5233 λλΕιιρίιι.,
1712 5183 1762 5220 v.
1791 5169 1914 5237 55.5;
1948 5169 2171 5227 VoSsius

563 5267 655 5322 lib.
690 5284 707 5321 ι
738 5266 804 5319 de
855 5263 1001 5333 Orig.
1041 5272 1094 5317 et
1134 5277 1314 5331 progr.
1351 5260 1509 5327 ldol.,
1544 5275 1660 5326 cap.
1692 5261 1778 5324 I5,
1809 5277 1930 5332 pag.
1980 5265 2046 5319 16
2073 5308 2086 5328 ,
2117 5275 2172 5321 et

559 5360 654 5415 lib.
686 5377 742 5426 ιι,
803 5373 923 5426 cap.
970 5355 1056 5414 12,
1090 5369 1210 5423 pag.
1245 5354 1366 5408 187.
1412 5355 1485 5407 De
1519 5354 1765 5423 Apolline
1798 5355 2008 5410 tandem
2039 5358 2167 5413 Cal-

564 5453 829 5506 limachus
885 5447 998 5501 Otle
1042 5446 1097 5512 ‘2,
1134 5446 1185 5500 in
1232 5447 1572 5514 Apollinem;
1633 5447 1914 5516 Euripides
1956 5453 2176 5522 prologo

560 5547 613 5601 in
647 5543 937 5600 Alcestim:
973 5537 1213 5592 Nonnius
1245 5538 1337 5591 lib.
1369 5556 1405 5593 ι.
1440 5539 1659 5610 Dionys.
1686 5557 1737 5593 v.
1767 5541 1894 5607 523;
1926 5541 2166 5608 Ovidius,

558 5639 651 5693 lib.
682 5635 805 5690 nde
829 5635 960 5687 Arte
991 5629 1224 5693 amandi,
1254 5645 1372 5698 pag.
1399 5630 1530 5694 M7;
1559 5630 1952 5702 Athenagoras,
1973 5633 2163 5706 Legat.

557 5745 655 5798 pro
671 5728 983 5782 Christian.,
1013 5738 1133 5790 pag.
1167 5722 1258 5786 “2'2;
1294 5721 1550 5776 Tatiauus
1572 5723 1719 5778 Orat.
1749 5737 1923 5780 contr.
1957 5728 2161 5795 Graec,

561 5835 680 5887 pag.
714 5818 835 5880 liii);
874 5813 1136 5869 Eusebius
1165 5813 1216 5866 in
1244 5812 1444 5867 Chron.
1478 5813 1572 5868 lib.
1625 5827 1663 5882 ι’,
1709 5831 1828 5886 pag.
1866 5820 1952 5873 19.
1988 5823 2162 5889 Atque

2280 4714 2438 4776 tonis,
2469 4713 2556 4782 qui
2591 4713 2901 4779 Homerum,
2941 4711 3223 4782 inclytum,
3255 4720 3312 4765 ut
3341 4710 3598 4774 diximus,
3637 4727 3656 4759 ‹
3703 4707 3886 4763 lauda-

2279 4815 2389 4859 tum
2427 4816 2479 4859 et
2511 4815 2849 4866 coronatum,
2890 4822 2908 4854 ι
2960 4819 3066 4873 quo
3106 4802 3268 4858 etiam
3314 4802 3480 4855 verbo
3526 4799 3886 4855 Tertullianus

2276 4917 2403 4954 usus
2426 4909 2525 4964 est,
2559 4909 2778 4969 propter
2801 4897 2885 4970 illa
2906 4896 3236 4951 exsecranda
3258 4893 3636 4963 detestabiliaq
3649 4909 3715 4947 ue
3742 4907 3888 4947 com-

2277 5003 2455 5047 menta
2513 5010 2543 5048 e
2576 4994 2793 5047 civitate
2839 5007 2932 5045 sua
3000 4990 3180 5060 ejecit,
3248 4998 3518 5055 tamquam
3570 4985 3802 5041 licentia:
3836 4993 3890 5039 et

2276 5089 2565 5157 impietatis
2605 5086 2938 5156 magistrum,
2986 5092 3042 5137 ut
3082 5083 3156 5136 ait
3198 5080 3599 5145 Thcodoretus,
3631 5078 3714 5133 vel
3749 5087 3888 5130 tant-

2276 5197 2430 5250 quam
2459 5181 2753 5249 juventutis
2783 5188 3011 5248 pestem,
3049 5177 3185 5230 sicut
3215 5174 3477 5244 Origenes
3517 5181 3664 5226 recte
3691 5172 3884 5241 arguit.

2273 5275 2376 5330 Sed
2411 5277 2521 5344 ipse
2560 5275 2716 5328 Plato
2752 5285 3046 5340 omnesque
3093 5269 3320 5322 omnino
3347 5266 3546 5321 ethnici
3580 5265 3745 5318 hosce
3789 5263 3885 5318 tle-

2275 5376 2517 5421 cantatos
2567 5367 2632 5421 ab
2692 5365 2925 5419 Homero
2967 5363 3248 5422 scelestos,
3305 5360 3548 5427 aliosque
3594 5355 3886 5411 Gentilium

2277 5461 2408 5516 deos
2455 5476 2560 5515 non
2611 5474 2738 5520 una,
2772 5456 2864 5511 sed
2898 5456 3042 5510 omni
3069 5455 3284 5510 civitate
3313 5468 3376 5508 ac
3407 5463 3560 5522 parte
3588 5450 3770 5506 mundi
3793 5449 3887 5518 eji-

2271 5572 2394 5611 cere
2449 5556 2715 5610 debebant
2766 5550 3037 5624 (Tertull.,
3099 5548 3190 5602 lib.
3249 5564 3321 5613 ιι,
3368 5546 3432 5601 ad
3477 5545 3600 5599 Nat.
3652 5560 3773 5615 cap.
3832 5543 3886 5607 7;

2275 5650 2574 5716 Theodor.,
2621 5663 2786 5703 serm.
2819 5645 2854 5699 9..
2879 5644 2946 5700 de
2991 5642 3286 5710 Principio,
3323 5655 3444 5712 pag.
3493 5639 3620 5705 486;
3655 5638 3878 5710 Origeu.

2270 5743 2361 5800 lib.
2398 5759 2449 5796 tv
2497 5753 2670 5798 contr.
2707 5738 2877 5808 Cels.,
2906 5752 3026 5810 pag.
3065 5734 3213 5805 186).
