4264 6258
387 269 495 329 589

961 382 1190 443 CAPUT
1218 383 1407 440 XVIII.

391 537 733 581 ΕΧΑΜΙΝΛἹἹΪΙῙ
760 536 970 576 ϐρΕϐΙΙιΠ
1034 537 1389 577 ARGUMENTUM
1414 535 1519 586 QUO
1551 536 1841 577 GENTILIUM
1868 535 1998 576 DEOS

466 631 755 672 EXSISTERE
784 631 852 671 ΕΟ
881 622 1120 671 PROBARE
1152 631 1389 683 NITITUR,
1422 631 1545 680 QUIA
1567 630 1763 670 ROMANI
1794 630 1876 672 PIO
1902 631 1999 671 ΕΟ·

465 725 575 766 RUM
602 724 775 767 CULTU
817 724 1074 765 IMPERIUM
1102 723 1294 763 TOTIUS
1332 724 1493 763 MUNDI
1528 724 1852 763 MERUEBINT.

940 862 1234 904 ARTICULUS
1254 863 1465 904 Ριιιιωε.

655 985 945 1057 Exponitur
985 987 1118 1042 illud
1147 986 1343 1043 chilii
1365 997 1737 1057 argumentum.

469 1123 758 1179 Contendit
807 1122 1057 1179 Cmcilius
1108 1124 1471 1179 Romanorum
1536 1123 1818 1193 imperium
1886 1122 2009 1179 ideo

406 1235 425 1268 ι
462 1217 601 1271 ultra
649 1217 779 1271 solis
822 1217 955 1282 vias,
985 1223 1041 1271 et
1070 1216 1237 1287 ipsius
1262 1216 1462 1282 Oceani
1510 1217 1706 1272 limites
1742 1236 1761 1269 ι
1816 1231 2012 1287 propa-

399 1320 578 1381 gatum
603 1354 619 1377 ,
654 1311 777 1381 quia
834 1325 943 1366 non
973 1310 1183 1381 aliquos
1210 1296 1437 1379 tantum,
1494 1309 1590 1364 sed
1620 1324 1812 1364 omnes
1854 1304 2008 1376 deos,

403 1405 765 1473 universaque
797 1403 1015 1457 numina
1046 1404 1132 1472 pio
1181 1416 1399 1470 semper
1427 1402 1575 1456 cul’tu
1621 1416 1684 1457 ac
1725 1416 1851 1457 vera
1882 1402 2011 1456 reli-

402 1497 562 1567 gione
582 1496 884 1551 eoluerunt.
914 1493 1099 1564 Neque
1132 1493 1183 1549 id
1206 1494 1355 1548 solus
1383 1493 1470 1548 ille
1495 1493 1742 1548 Caecilius
1781 1493 2014 1548 asseruit

404 1587 826 1654 venditavitque,
856 1585 949 1639 sed
979 1585 1065 1638 alii
1095 1585 1259 1640 etiam
1285 1584 1530 1654 plerique
1556 1598 1745 1640 omnes
1785 1584 2009 1653 ethnici,

404 1680 874 1751 atque‘imprimis
928 1677 1172 1733 Valerius
1221 1674 1504 1734 Maximus.
1548 1674 1673 1733 Hmc
1719 1678 1861 1733 enim
1902 1677 2014 1746 ipsa

1769 268 2246 329 DlSSERTATlO.

2025 388 2076 446 Α
2105 399 2292 440 verum
2324 383 2507 451 etiam,
2539 403 2558 438 t
2582 387 2741 443 castis
2762 385 3073 458 virginibus,
3094 388 3345 443 nimirum
3366 388 3695 459 Vestalibus,

3590 275 3695 334 590

2103 477 2391 547 multisque
2436 478 2730 535 honoribus
2768 497 2829 535 ac
2866 481 3171 535 nominibus
3202 483 3538 538 sacerdotum
3572 505 3618 550 ι,
3646 488 3701 542 id

2104 580 2206 633 est,
2223 570 2524 641 stipendiis,
2547 571 2825 639 reditibus,
2849 573 3291 641 immunitatibUs,
3310 592 3372 630 ac
3390 578 3701 648 privilegiis.

2106 658 2330 717 Ethunc
2359 664 2572 733 quidem
2602 679 2721 720 esse
2764 666 2998 720 auctoris
3043 668 3211 722 nostri
3243 682 3457 724 sensum
3477 711 3492 735 ,
3526 687 3554 724 a
3584 673 3706 741 qui—

2108 755 2330 810 busdam
2365 758 2581 811 minime
2610 766 2917 829 perceptum
2941 801 2955 826 ,
2988 760 3293 816 confirmari
3328 772 3500 833 potest
3546 763 3704 835 Sym-

2109 847 2283 902 machi
2317 848 2495 903 itidem
2516 850 2745 917 gentilis,
2774 861 2935 922 atque
2962 854 3227 908 Ambrosii
3251 856 3297 908 ei
3327 856 3707 925 I‘CSpOIldcnllS

2109 937 2446 995 auctoritate.
2480 939 2531 994 in
2574 956 2665 995 sua
2690 942 2964 997 enimvero
2997 943 3349 1015 Symmachus
3371 946 3437 1001 ad
3470 947 3709 1003 Valenti—

2112 1033 2327 1087 nianum
2372 1033 2750 1104 Imperatorem
2804 1036 3081 1091 Rclatione
3134 1036 3216 1091 itis
3260 1054 3380 1093 eum
3422 1040 3713 1110 compellat

2112 1126 2336 1181 verbis:
2377 1146 2395 1178 ‹
2421 1127 2788 1182 Honoraverat
2815 1129 2901 1183 lex
2943 1137 3221 1199 parentum
3266 1129 3507 1187 Vestales
3549 1132 3713 1202 virgi-

2116 1234 2232 1283 nes,
2289 1233 2352 1273 ac
2390 1218 2666 1275 ministros
2706 1220 2927 1275 deorum
2968 1223 3105 1277 victu
3157 1222 3389 1289 modico,
3444 1224 3714 1294 justisque

2116 1311 2411 1383 privilegiis
2442 1334 2460 1365 ι
2501 1313 2841 1386 (Symmacb.
2875 1315 3017 1387 apud
3048 1317 3235 1372 Ambr.
3294 1317 3467 1372 Relat.
3518 1318 3545 1389 §
3604 1319 3667 1372 l4
3694 1361 3713 1386 ,

2118 1419 2238 1474 pag.
2271 1403 2371 1460 831
2403 1400 2445 1475 ).
2467 1401 2563 1459 Cui
2598 1405 2884 1476 respondet
2907 1406 3257 1462 Ambrosius:
3288 1426 3306 1459 ‹
3336 1410 3718 1465 Sacerdotibus

2118 1500 2231 1554 suis
2280 1509 2335 1554 et
2382 1500 2639 1553 ministris
2691 1511 2991 1571 queruntur
3042 1502 3296 1556 alimenta
3352 1503 3559 1572 publica
3609 1519 3721 1559 non

2120 1591 2424 1647 deberi.....
2454 1593 2622 1649 Nemo
2670 1599 2848 1647 tamen
2887 1593 3109 1648 donaria
3154 1594 3392 1649 delubris
3419 1636 3432 1659 ,
3464 1606 3516 1650 et
3546 1596 3720 1667 legata

2120 1689 2455 1758 aruspicibus
2505 1688 2788 1759 denegavit
2830 1706 2843 1741 :
2891 1688 3001 1743 sola
3047 1688 3257 1743 sublata
3303 1699 3428 1744 sunt
3478 1690 3675 1759 prtrdia
3703 1734 3722 1758 ,

405 1783 531 1830 sum
559 1774 707 1829 illius
736 1772 897 1827 verba
929 1790 940 1825 ε
975 1789 993 1823 ε
1030 1770 1148 1825 Νοη
1199 1772 1415 1839 Mirm".
1449 1772 1493 1826 Si
1534 1780 1641 1843 pro
1678 1785 1744 1827 co
1790 1770 2013 1841 imperio
2044 1785 2091 1844 B
2120 1786 2244 1856 quia
2276 1801 2380 1838 non
2409 1784 2657 1853 religiose
2698 1783 2985 1839 utebantur
3012 1783 3100 1847 iis,
3146 1800 3264 1855 quae
3305 1785 3580 1854 religionis
3603 1786 3726 1857 jure

410 1868 652 1940 augendo
679 1858 1136 1934 custodien'doque
1164 1865 1411 1935 pertinax
1461 1865 1683 1919 deorum
1736 1862 2017 1933 indulgeo.

414 1962 484 2016 tia
509 1976 721 2029 semper
748 1957 1021 2023 excubuit,
1053 1958 1195 2026 quod
1224 1966 1328 2011 tam
1359 1957 1674 2026 scrupulosa
1708 1971 1856 2020 cura,
1891 1972 2017 2026 par-

416 2055 541 2111 vula
568 2067 780 2123 quoque
806 2058 1077 2105 momenta
1109 2049 1388 2121 religionis
1425 2050 1735 2105 examinare
1772 2048 2019 2118 videtur;

417 2151 539 2221 quia
569 2163 858 2220 numquam
906 2155 1147 2203 remotos
1191 2147 1259 2202 ab
1294 2147 1637 2201 exactissimo
1668 2146 1812 2201 cultu
1854 2161 2024 2200 caere-

416 2244 719 2298 moniarum
743 2242 928 2296 oculos
949 2239 1202 2293 habuisse
1231 2250 1413 2294 nostra
1445 2240 1633 2295 civitas
1655 2238 2022 2295 existimanda

416 2345 500 2390 est
533 2353 553 2387 ι
586 2333 796 2406 (Valer.
837 2330 979 2387 Max.
1008 2329 1246 2403 Exempl.
1281 2331 1583 2397 memorab.,
1612 2347 1729 2403 cap.
1786 2334 1837 2397 ι,
1897 2329 1925 2402 §
1966 2332 2021 2397 8,

418 2427 599 2499 pag.8
628 2427 674 2499 ).
725 2428 951 2481 Tantam
996 2435 1171 2482 autem
1227 2426 1452 2481 liomani
1481 2442 1577 2481 sua
1632 2427 1685 2481 in
1735 2417 1864 2481 deos
1916 2426 2026 2496 pic-

422 2531 529 2579 tate
554 2522 860 2577 mercedem
888 2523 1133 2592 accipere
1161 2537 1266 2576 non
1313 2531 1625 2591 potuerunt,
1676 2522 1805 2593 quin
1840 2522 1892 2576 hi
1950 2520 2024 2576 dii

420 2631 608 2672 revera
637 2615 961 2679 exstiterint,
987 2631 1305 2685 summaque
1331 2616 1493 2672 fuerit
1532 2631 1722 2671 eorum
1765 2623 2024 2686 potestas.

494 2712 601 2768 Sed
630 2709 759 2780 quid
780 2710 900 2775 sibi,
932 2710 1161 2779 inquies,
1182 2709 1353 2766 voluit
1374 2706 1642 2774 Caecilius,
1664 2709 1910 2780 quidam
1939 2726 2032 2765 va-

423 2804 502 2860 ria
534 2803 790 2859 Romanae
836 2802 978 2857 illius
1012 2802 1225 2873 pietatis
1280 2802 1456 2858 ofﬁcia
1487 2802 1808 2858 insolentius
1838 2804 2032 2873 praedi-

425 2908 533 2964 cat,
564 2896 703 2952 haud
726 2896 1039 2952 dubitanter
1060 2905 1337 2952 asseverat
1367 2880 1584 2953 eosdem
1618 2896 1891 2955 Romanos
1925 2914 2030 2954 non

431 2990 544 3045 sola
573 3005 667 3045 sua
690 2989 920 3059 pietate,
952 2988 1048 3043 sed
1086 2989 1282 3043 virtute
1326 2988 1486 3043 etiam
1516 2990 1705 3046 bellica
1738 2992 2030 3045 maximum

433 3083 566 3138 illud
586 3084 654 3138 ab
676 3082 778 3138 diis
800 3082 913 3136 suis
934 3082 1259 3152 impetrasse
1294 3077 1655 3138 beneﬁcium?
1687 3084 1759 3138 At
1798 3092 2032 3138 mentem

2124 1876 2476 1933 defenderent
2505 1895 2523 1927 ι
2556 1875 2833 1951 (Ambros.
2857 1876 3030 1946 Epist.
3066 1877 3153 1933 l8.
3183 1875 3210 1947 §
3242 1876 3461 1948 15-16).

2196 1969 2465 2024 Audacter
2511 1969 2687 2024 adhuc
2720 1966 2969 2024 Cmcilius
3011 1978 3346 2024 contestatur
3374 1969 3504 2024 deos
3538 1969 3726 2027 tulisse

2124 2063 2481 2117 certissimum
2514 2060 2766 2117 Romanis
2790 2062 3069 2130 auxilium,
3106 2080 3124 2114 ‹
3154 2062 3278 2117 dum
3309 2061 3539 2128 obsessi,
3571 2072 3625 2118 et
3650 2065 3728 2119 ci-

2129 2163 2207 2209 tra
2249 2154 2572 2225 Capitolium
2619 2156 2781 2225 capti,
2820 2155 3004 2209 colunt
3050 2156 3201 2223 deos,
3248 2171 3385 2225 quos
3434 2157 3570 2212 alius
3614 2158 3727 2228 jam

2126 2248 2417 2318 sprevisset
2449 2250 2632 2315 iratos,
2663 2257 2716 2304 et
2753 2264 2846 2319 per
2879 2249 3151 2304 Gallorum
3199 2250 3343 2305 acies
3365 2292 3378 2315 ,
3412 2252 3727 2307 mirantium

2128 2341 2524 2410 superstitionis
2569 2342 2866 2407 audaciam,
2912 2350 3140 2411 pergunt
3169 2342 3289 2396 telis
3321 2343 3557 2399 inermes
3584 2385 3596 2409 ,
3629 2345 3729 2399 sed

2128 2432 2272 2484 cultu
2291 2431 2563 2501 religionis
2576 2434 2788 2497 armati,
2805 2431 2931 2486 dum
2955 2432 3126 2502 captis
3142 2432 3422 2489 hostilibus
3440 2436 3735 2503 nitentibus,

2130 2522 2305 2578 adlmc
2327 2523 2619 2578 ferociente
2649 2524 2893 2588 victoria,
2927 2525 3145 2579 numina
3169 2526 3305 2581 victa
3328 2540 3673 2584 venerantur.
3699 2549 3721 2582 ι

2132 2617 2210 2672 De
2255 2617 2559 2673 Senonibus
2590 2616 2770 2686 procul
2808 2615 2971 2670 dubio
3000 2617 3253 2684 loquitur,
3297 2621 3384 2689 qui
3423 2632 3576 2689 capta
3609 2622 3743 2678 urbe

2133 2707 2327 2775 Roma,
2359 2708 2675 2778 Capitolium
2707 2706 3044 2761 obsidebant.
3066 2706 3172 2762 Nec
3192 2708 3449 2765 dubitavit
3481 2712 3735 2782 Symma-

2133 2800 2267 2857 chus
2299 2801 2461 2856 hebes
2482 2800 2839 2870 obtusumque
2867 2799 2997 2853 illud
3030 2798 3191 2853 telum
3217 2800 3267 2854 in
3292 2801 3629 2858 Christianos
3652 2803 3739 2862 his

2136 2893 2478 2965 paucioribus
2506 2892 2686 2947 verbis
2709 2890 2885 2945 adhuc
2924 2901 3173 2960 torquere
3205 2911 3218 2946 :
3247 2911 3266 2942 ‹
3295 2893 3417 2949 Haec
3439 2909 3589 2950 sacra
3622 2898 3738 2949 An-

2136 2988 2369 3043 nibalem
2399 3003 2426 3040 a
2446 2986 2736 3051 mmnibus,
2757 3000 2786 3039 a
2814 2982 3077 3053 Capitolio
3106 2984 3349 3041 Senonas
3374 2989 3685 3059 repulerunt
3712 3009 3732 3043 ι

2137 3079 2470 3153 (Symmach.
2496 3079 2666 3134 Retat.
2700 3076 2728 3149 §
2762 3076 2817 3145 9,
2853 3089 2973 3147 pag.
3004 3073 3130 3143 850,
3171 3088 3226 3133 et
3258 3081 3508 3136 Ambros.
3559 3081 3735 3153 Epist.

430 3190 763 3245 sensumque
792 3174 935 3229 illius
958 3173 1102 3228 haud
1131 3188 1320 3244 magna
1345 3172 1696 3243 procuidubio
1722 3168 2038 3232 difﬁcultate
2064 3180 2111 3243 (ζ
2144 3174 2234 3242 18,
2259 3173 2286 3245 §
2312 3174 2369 3240 4,
2400 3188 2520 3244 pag.
2550 3171 2702 3245 854).

430 3269 723 3340 intelliges,
751 3268 796 3324 si
826 3267 974 3338 prius
1000 3268 1293 3323 observare
1338 3268 1477 3324 velis
1502 3286 1518 3323 :
1555 3288 1574 3321 t
1594 3270 1650 3324 in
1681 3275 2040 3342 oppugnatio-

436 3362 593 3418 nibus
621 3383 642 3415 ι
675 3363 888 3416 urbium
909 3404 925 3427 ,
969 3359 1422 3431 quemadmodum
1458 3371 1579 3430 post
1614 3361 1862 3418 Verrium
1892 3363 2046 3420 Flac-

442 3470 565 3511 cum
587 3456 777 3510 scribit
797 3448 1024 3516 Plinius,
1064 3470 1084 3504 c
1110 3453 1326 3507 solitum
1343 3468 1373 3507 a
1392 3451 1653 3509 Romanis
1676 3454 2045 3511 sacerdotibus

441 3548 663 3603 evocari
687 3546 871 3611 deum,
897 3544 1054 3616 cujus
1082 3546 1132 3598 in
1167 3544 1332 3599 tutela
1348 3544 1603 3617 oppidum
1627 3556 1792 3613 esset,
1820 3549 2047 3617 promit-

436 3639 584 3711 tique
624 3639 703 3694 illi
742 3636 1015 3703 eumdem,
1068 3647 1161 3693 aut
1210 3638 1528 3708 ampliorem
1570 3638 1710 3709 apud
1770 3638 2047 3696 Romanos

439 3736 666 3791 cultum.
685 3735 753 3788 Et
776 3734 985 3801 durat,»
1011 3734 1338 3804 pergitille,t
1358 3734 1412 3788 in
1430 3732 1740 3805 pontificum
1764 3734 2046 3804 disciplina

445 3827 499 3881 id
528 3841 739 3881 sacrum
763 3867 777 3886 .
805 3836 1122 3897 constatque
1150 3827 1273 3882 ideo
1299 3827 1623 3882 occultatum
1645 3868 1661 3894 ,
1694 3826 1747 3881 in
1786 3828 1940 3896 cujus
1967 3838 2046 3883 tu-

447 3920 551 3977 tela
580 3904 750 3975 Roma
780 3929 944 3986 esset,
970 3920 1145 3990 nequi
1175 3918 1409 3975 hostium
1432 3914 2041 3989 similimodoagereuti

449 4012 615 4085 (Plin.
658 4010 752 4067 lib.
807 4026 982 4067 xxvm
1022 4011 1216 4066 Natur.
1258 4009 1397 4066 Hist.
1442 4027 1562 4081 cap.
1612 4012 1668 4077 2,
1706 4027 1826 4082 pag.
1872 4011 1976 4068 559
2005 4012 2045 4084 ).

450 4104 656 4161 Eadem
684 4112 867 4160 narrat
894 4103 1217 4170 Macrobius,
1250 4102 1643 4173 formulamque
1674 4105 1913 4173 exhibet,
1947 4120 2049 4176 qua

444 4197 674 4254 Romani
704 4198 756 4252 in
783 4196 996 4252 urbium
1028 4195 1397 4253 obsidionibus
1423 4197 1679 4253 tutelares
1708 4213 1893 4253 carum
1918 4196 2050 4254 deos

445 4306 696 4354 evocare,
729 4291 964 4360 ipsisque
994 4288 1192 4359 templa
1233 4305 1296 4345 ac
1337 4288 1493 4345 ludos
1524 4306 1720 4346 vovere
1757 4305 2051 4346 consueve-

446 4396 567 4442 rant
607 4385 865 4458 (Μίδα-οι).
917 4384 1012 4439 lib.
1043 4400 1099 4438 tu
1131 4382 1399 4439 Saturnal.
1435 4400 1555 4455 cap.
1582 4385 1658 4455 9).
1688 4376 1871 4456 Itaque
1911 4386 2053 4440 hunc

447 4478 819 4551 proculdubio
842 4477 911 4530 ob
934 4476 1187 4531 bellicum
1213 4490 1416 4531 morem
1446 4477 1640 4531 asserit
1668 4476 1913 4532 Caecilius
1944 4476 2053 4531 Ro-

2223 3269 2294 3324 At
2320 3268 2626 3324 Gronovius
2665 3277 2784 3338 post
2817 3270 3028 3341 aliquos
3054 3271 3187 3327 alios
3229 3270 3281 3324 in
3308 3269 3544 3325 auctoris
3576 3271 3752 3328 nostri

2152 3371 2319 3424 textu.
2350 3375 2415 3416 ac
2437 3370 2622 3416 contra
2653 3365 3000 3436 manuscripti
3032 3365 3199 3420 nostri
3239 3364 3441 3420 codicis
3463 3364 3620 3420 iidem
3645 3379 3748 3434 pro

2156 3474 2174 3507 ο
2197 3455 2365 3510 iratos
2390 3474 2437 3521 ι,
2468 3455 2750 3525 legendum
2790 3458 3080 3524 ominatur,
3125 3476 3143 3509 ι
3168 3458 3351 3513 iratus.
3385 3478 3405 3510 ι
3440 3457 3554 3512 Non
3603 3459 3752 3516 enim

2152 3545 2400 3614 Romani,
2416 3567 2435 3599 ι
2451 3548 2672 3619 inquit,t
2694 3550 3276 3619 contempseruntdeos
3304 3551 3489 3618 iratos,
3511 3566 3538 3605 a
3555 3552 3753 3622 quibus

2151 3655 2212 3697 se
2237 3641 2487 3712 castigari
2513 3642 2835 3697 sentiebant.
2866 3642 3083 3699 Minucii
3122 3645 3300 3714 itaque
3330 3643 3472 3699 hunc
3497 3646 3755 3715 opinatur

2152 3750 2273 3791 esse
2302 3750 2518 3791 sensum
2554 3753 2567 3787 :
2622 3735 2846 3791 Romani
2876 3739 3062 3792 colunt
3092 3738 3223 3793 deos
3260 3753 3407 3805 suos,
3452 3755 3588 3809 quos
3612 3740 3751 3795 alius

2151 3826 2218 3881 iis
2245 3840 2404 3896 opem
2449 3841 2598 3880 suam
2631 3828 2949 3896 negantibus
2972 3847 2991 3881 t
3016 3830 3200 3893 iratus,
3230 3848 3248 3880 ›
3296 3830 3407 3898 jam
3436 3831 3757 3901 sprevisset.

2153 3916 2351 3973 Verum
2368 3916 2558 3972 melior
2581 3918 2929 3987 proculdubio
2946 3920 3047 3974 erit
3069 3934 3281 3985 sensus,
3303 3921 3345 3975 si
3365 3921 3544 3990 legas:
3575 3923 3759 3990 «Quos

2154 4010 2290 4064 alius
2312 4008 2423 4079 jam
2451 4010 2743 4079 Sprevissct
2773 4010 2938 4065 iratos
2966 4028 3013 4078 ι,
3037 4011 3246 4080 sibique
3271 4011 3471 4067 idcirco
3491 4014 3756 4071 auxilium

2154 4117 2263 4156 non
2311 4100 2565 4156 ferentes.
2615 4100 2751 4167 Quid
2803 4116 3054 4172 namque,
3087 4101 3133 4156 si
3163 4102 3232 4155 ibi
3261 4116 3455 4157 nomen
3490 4120 3508 4154 ι
3536 4104 3701 4159 iratos
3727 4124 3751 4157 ι

2155 4200 2456 4265 Opponatur
2506 4192 2647 4247 «diis
2691 4192 2955 4263 prepitiis,
2993 4212 3013 4246 ι
3046 4194 3114 4249 de
3163 4193 3359 4263 quibus
3408 4195 3557 4265 plura
3610 4197 3757 4267 apud

2156 4286 2486 4341 Brissonium
2530 4285 2632 4356 legi
2662 4286 2964 4356 possunt?»
3001 4286 3263 4357 (Brisson.
3300 4287 3435 4343 lib.t
3470 4289 3538 4345 de
3567 4288 3754 4345 Form.

2157 4397 2277 4451 pag.
2313 4380 2416 4436 1ἳο
2443 4390 2497 4436 et
2527 4378 2705 4452 seqq.)
2745 4380 2873 4449 Quae
2926 4397 3089 4452 porro
3142 4379 3388 4438 Caecilius
3434 4383 3501 4439 de
3532 4384 3752 4455 Capito-

2158 4473 2230 4527 lio
2258 4490 2287 4528 a
2315 4463 2622 4529 Senonibus
2651 4474 2902 4539 obsesso,
2951 4484 3111 4546 atque
3138 4474 3501 4533 Romanorum
3534 4479 3586 4534 in
3626 4478 3760 4536 deos

450 4584 647 4626 manes
686 4586 716 4625 a
748 4570 855 4624 diis
907 4568 1238 4625 obstinuisse
1266 4570 1452 4633 ,totius
1507 4569 1690 4625 mundi
1744 4570 2050 4641 imperium.
2080 4581 2134 4640 1)
2162 4568 2420 4639 religione
2449 4576 2685 4634 enarrat,
2711 4567 2826 4622 haec
2848 4583 2877 4622 a
2902 4567 3022 4623 Tito
3054 4568 3226 4636 Livio,
3258 4568 3474 4626 Valerio
3503 4571 3758 4641 Maximo,

452 4662 736 4731 Quomodo
761 4671 942 4717 autem
972 4661 1027 4716 id
1051 4662 1278 4732 probare
1304 4669 1531 4717 conatus
1560 4662 1659 4727 sit,
1687 4663 2053 4729 attendamus,

457 4755 500 4809 si
529 4753 724 4824 placet.
756 4754 1020 4820 Primum,
1044 4772 1063 4805 ο
1089 4753 1215 4808 dum
1232 4764 1541 4818 exercent,»
1568 4753 1792 4823 inquit”
1816 4756 1864 4808 in
1894 4756 2060 4809 armis

458 4848 712 4903 virtutem
733 4846 1040 4917 religiosam
1065 4865 1111 4909 ν,
1154 4848 1376 4902 deorum
1406 4847 1613 4901 scilicet
1652 4848 1757 4916 pia,
1803 4846 1875 4900 uti
1918 4846 2061 4901 dixi-

460 4957 600 5008 mus,
630 4942 959 5004 evocatione,
993 4939 1254 5011 factisque
1300 4939 1631 4995 solemnibus
1676 4941 1814 4995 votis
1835 4982 1849 5005 ,
1882 4940 2057 5010 preci-

460 5033 581 5102 bus,
609 5042 665 5089 et
692 5034 993 5089 sacriﬁciis.
1028 5031 1279 5088 Sectmdo
1304 5076 1317 5097 ,
1357 5051 1379 5084 ι
1406 5033 1532 5088 dum
1566 5032 1775 5099 urbem,
1810 5033 2059 5100 Romam,

464 5128 714 5183 muniunt
761 5141 1037 5183 sacrorum
1082 5126 1451 5199 religionibus,
1479 5147 1498 5179 ι
1558 5139 1663 5182 tam
1711 5129 1851 5194 suis,
1902 5141 2063 5196 quam

461 5221 689 5276 aliarum
718 5237 746 5274 a
774 5236 835 5276 se
856 5218 1191 5276 devictarum
1220 5223 1481 5292 gentium.
1512 5220 1645 5275 Nam
1672 5221 1735 5275 iis
1757 5220 2059 5286 debellatis,

463 5314 679 5370 illarum
717 5330 845 5370 cum
874 5314 1025 5379 deos,
1072 5323 1180 5370 tum
1216 5330 1469 5382 sacrum,
1502 5329 1596 5370 seu
1629 5314 1804 5384 potius
1834 5313 2067 5383 propba-

463 5425 592 5465 num
617 5410 1021 5481 nefandumque
1058 5410 1258 5465 cultum
1300 5406 1525 5464 Romam
1568 5406 1936 5479 aSportabant.
1967 5408 2066 5460 At-

464 5518 571 5573 que
616 5503 863 5560 eamdem
908 5504 978 5559 οὖ
1012 5518 1229 5559 causam
1272 5502 1500 5572 subjecit
1554 5498 1805 5555 Cmcilius
1836 5514 1849 5550 :
1886 5516 1904 5549 ‹
1934 5498 2069 5552 Dum

469 5595 708 5667 undique
726 5597 968 5668 hospites
997 5596 1130 5653 deos
1157 5603 1424 5667 quaerunt,
1457 5602 1512 5649 et
1539 5606 1664 5647 suos
1692 5592 1910 5646 faciunt.
1938 5610 1957 5644 ι

545 5678 895 5761 Prosequitur
925 5691 1046 5760 ille,
1089 5692 1271 5762 aitque
1294 5687 1566 5742 Romanos
1591 5700 1697 5740 non
1722 5684 1807 5740 bis
1836 5692 2070 5741 tantum-

474 5782 637 5840 modo
668 5784 769 5853 piis
797 5785 1071 5855 sacrisque
1094 5783 1283 5840 ritibus
1324 5781 1512 5838 urbem
1552 5794 1705 5836 suam
1734 5779 2028 5837 munivisse
2056 5820 2070 5847 ,

2164 4660 2348 4724 Floro,
2383 4660 2611 4730 aliisque
2642 4660 2907 4730 explicata
2938 4661 3178 4717 invenies
3215 4660 3357 4733 (Liv.
3387 4663 3481 4720 lib.
3512 4680 3565 4730 v,
3598 4665 3625 4735 §
3663 4664 3757 4731 46,

2163 4762 2381 4825 ctseqq.
2413 4752 2588 4809 Valer.
2615 4753 2753 4808 Max.
2784 4754 2873 4809 lib.
2904 4769 2943 4820 ι,
2966 4768 3084 4824 Cap.
3126 4770 3163 4818 ι,
3197 4754 3225 4825 §
3259 4753 3348 4823 10,
3381 4766 3435 4811 et
3475 4757 3565 4822 ll;
3612 4756 3762 4812 Flor.

2160 4845 2257 4904 lib.
2287 4862 2326 4914 ι,
2356 4861 2477 4917 cap.
2505 4846 2606 4912 15;
2636 4844 2767 4900 ibid.
2798 4862 2917 4916 pag.
2949 4845 3064 4916 5i).

2237 4940 2316 4993 Ad
2341 4942 2455 4994 haec
2480 4954 2606 4994 vero
2630 4936 2876 4993 Czecilius
2900 4937 3048 4992 aliud
3081 4937 3353 5008 religionis
3392 4939 3763 4996 Romanorum

2165 5042 2373 5090 certum
2403 5048 2522 5088 esse
2552 5040 2703 5102 putat
2729 5039 3125 5099 argumentum,
3165 5050 3183 5081 ι
3212 5031 3338 5086 dum
3370 5047 3490 5086 aras
3511 5042 3768 5091 extrumit

2167 5127 2365 5198 ignotis
2395 5126 2704 5182 numinibus
2725 5137 2779 5182 et
2808 5126 3073 5181 Manibus.
3097 5145 3115 5178 ι
3168 5127 3243 5181 De
3273 5129 3459 5198 primis
3483 5127 3599 5184 haec
3640 5141 3771 5187 sunt

2169 5218 2487 5273 Tertulliani
2518 5218 2682 5274 verba
2729 5238 2740 5272 :
2791 5238 2809 5270 ‹
2842 5218 3061 5274 invenio
3092 5220 3250 5289 plane
3292 5221 3486 5291 ignotis
3515 5223 3617 5278 diis
3643 5240 3766 5281 aras

2171 5312 2504 5382 prostitutas.
2552 5310 2657 5365 Sed
2694 5310 2852 5364 attica
2896 5308 3198 5366 idololatria
3240 5322 3341 5368 est.
3386 5314 3517 5369 Item
3547 5316 3769 5373 incertis

2172 5404 2296 5471 diis,
2317 5405 2411 5460 sed
2435 5402 2745 5475 superstitio
2772 5403 3010 5459 Romana
3041 5413 3142 5461 est.
3176 5405 3343 5461 Porro
3368 5407 3554 5463 incerti
3576 5410 3649 5464 dii
3669 5412 3769 5466 mi-

2172 5514 2275 5553 nus
2298 5499 2431 5566 noti,
2465 5507 2520 5551 ut
2547 5496 2723 5551 minus
2744 5496 2909 5563 certi;
2954 5498 3007 5553 et
3038 5497 3261 5569 proinde
3304 5500 3486 5570 ignoti,
3510 5502 3632 5571 quia
3662 5482 3771 5558 nii-

2176 5606 2275 5645 nus
2321 5589 2454 5645 certi
2493 5588 2741 5662 (Tertull.
2784 5588 2879 5644 lib.
2917 5600 3055 5644 cont.
3096 5590 3262 5645 Marc.
3286 5606 3405 5663 cap.
3436 5592 3513 5664 9).
3562 5594 3774 5661 Quibus

2177 5694 2353 5741 autem
2376 5684 2552 5740 verbis
2574 5684 2738 5755 ignoti
2759 5684 2831 5738 illi
2857 5683 2928 5739 dii
2950 5685 3343 5753 invocarentur,
3363 5689 3405 5742 si
3428 5689 3566 5744 scire
3581 5705 3767 5757 avens,

2178 5778 2401 5844 Gellius,
2426 5776 2748 5846 Macrobius,
2778 5791 2842 5833 ac
2865 5777 3173 5837 Brissonius
3213 5788 3265 5836 te
3294 5778 3564 5837 docebunt
3609 5781 3775 5854 (Gell.
