4264 6258
506 262 604 320 5‘Jl

504 482 622 535 (λιιι.
654 468 709 529 9;
743 461 982 516 Brisson.
1013 459 1108 512 lib.
1146 473 1180 518 ι.
1215 456 1276 509 de
1303 451 1539 507 Formul.
1575 465 1692 519 pag.
1725 447 1873 515 120).

574 555 854 612 Miraberis
883 551 1102 606 forsitan
1153 550 1203 602 in
1251 556 1485 601 mentem
1533 541 1849 612 quibusdam
1888 539 2101 593 venisse

505 653 862 709 adulteratum
885 660 1006 701 esse
1027 643 1159 698 illud
1180 640 1379 697 Caecilii
1403 638 1641 700 verbum,
1659 645 1714 692 et
1739 654 1756 685 ι
1788 633 2046 695 Manibus,
2078 650 2095 682 ι

505 764 569 802 ac
594 762 691 816 pro
719 744 808 797 illo
838 738 1180 796 scribendum
1219 755 1236 786 ς
1261 733 1532 789 inanibus.
1558 751 1575 782 ι
1608 729 1963 798 Νὶιιίιιιυῑρνθ
1992 743 2101 778 ma—

504 843 584 914 gis
614 848 798 895 contra
822 836 1192 891 auctoritatem
1224 845 1324 885 ms.
1354 828 1555 884 codicis
1581 825 1743 896 regii,
1775 833 1830 878 et
1871 821 2104 877 auctoris

506 940 741 987 mentem
786 929 912 998 ﬁngi
963 926 1151 996 potuit.
1201 923 1332 992 Quis
1376 922 1517 975 enim
1546 919 1644 973 nisi
1676 914 1992 973 somniando
2016 930 2105 966 su.

505 1027 740 1094 spicatus
767 1032 851 1078 est
874 1019 1169 1082 Cmeilium,
1201 1019 1291 1088 qui
1321 1016 1390 1070 ibi
1424 1013 1623 1069 ethnici
1655 1011 1889 1064 hominis
1917 1017 2103 1064 contra

506 1118 869 1172 Christianum
900 1122 1077 1184 partes
1107 1111 1235 1181 agit,
1265 1108 1405 1162 serio
1429 1106 1627 1160 dixisse
1649 1119 1679 1158 a
1703 1102 1956 1157 Romanis
1983 1115 2106 1154 aras

506 1211 607 1266 diis
641 1227 660 1261 ι
683 1206 929 1262 inanibus
960 1224 977 1255 ι
1019 1203 1181 1256 fuisse
1208 1196 1544 1255 exstructas?

579 1304 649 1356 At
694 1313 969 1370 quorsum,
1001 1295 1270 1364 inquiunt,
1294 1292 1362 1344 ibi
1404 1288 1678 1343 «Manium
1712 1307 1729 1339 ι
1762 1286 1984 1347 mentio,
2018 1291 2109 1336 aut

507 1396 591 1452 cui
615 1391 868 1462 incogniti
893 1405 1010 1444 esse
1036 1385 1323 1456 poterant?
1366 1381 1500 1450 Quid
1527 1395 1677 1450 ergo,
1710 1379 1752 1432 si
1784 1374 2107 1445 adjecdvum

514 1507 533 1538 ι
566 1486 758 1556 ignotis
781 1502 825 1549 ι,
870 1481 936 1536 ad
973 1479 1145 1533 solum
1173 1474 1563 1531 substantivum
1598 1490 1615 1522 ι
1645 1468 1950 1524 numinibus
1975 1487 1992 1518 ι
2027 1483 2110 1519 re.

511 1578 746 1635 feratur?
774 1575 1005 1629 Manium
1037 1580 1213 1625 autem
1241 1569 1312 1622 ibi
1340 1565 1587 1621 Caecilius
1611 1563 1813 1617 idcirco
1841 1558 2106 1620 meminit,

509 1677 634 1747 quia
667 1671 867 1728 ethnici
892 1669 1085 1737 smpius
1112 1681 1204 1719 eos
1233 1661 1572 1723 invocabant,
1605 1655 1971 1723 sacriﬁciaque
2005 1652 2110 1705 illis

509 1773 797 1828 faciebant.
848 1765 1032 1834 Neque
1076 1761 1237 1816 etiam
1287 1757 1422 1810 adeo
1470 1763 1644 1816 erant,
1701 1750 1854 1804 sicuti

510 1865 760 1918 omnibus
791 1859 1008 1929 cogniti.
1039 1854 1171 1909 Nam
1213 1851 1320 1914 alii,
1381 1844 1831 1918 quemadmodum
1860 1842 2111 1896 observat

513 1955 752 2017 Servius,
782 1952 899 2005 illus
921 1948 1187 2009 C(Blestcs,
1217 1944 1306 1996 alii
1338 1941 1574 1994 infernos
1597 1937 1751 2002 deus,
1784 1935 1869 1987 alii
1892 1943 2108 1987 noctur-

513 2068 634 2114 nos,
667 2059 824 2117 atque
855 2047 992 2099 inter
1019 2042 1212 2097 cmlum
1243 2047 1298 2092 et
1331 2045 1526 2090 terram
1566 2031 1743 2100 vagari
1773 2027 2106 2082 arbitraban-

513 2155 619 2198 tur.
659 2143 731 2196 De
758 2140 841 2193 bis
868 2137 1019 2207 plura
1067 2131 1317 2193 Servius,
1350 2137 1405 2182 et
1445 2126 1612 2180 Lilius
1641 2121 1906 2194 Gyraldus
1932 2118 2108 2189 (Serv.

513 2237 565 2289 in
594 2233 684 2287 lib.
715 2247 793 2295 ιιι,
827 2226 1040 2282 xEneid.
1079 2224 1225 2293 Virg.
1258 2236 1377 2291 pag.
1401 2218 1536 2280 266,
1571 2213 1792 2287 Gyrald.
1835 2212 2109 2282 Syntagm.

518 2331 572 2394 7,
602 2328 664 2381 de
696 2324 832 2378 Ilist.
861 2324 1004 2376 deor.
1031 2335 1151 2390 pag.
1180 2315 1332 2385 205).
1359 2313 1502 2368 Nihil
1529 2312 1686 2382 igitur
1718 2307 2029 2363 mutandum
2059 2305 2112 2359 in

517 2419 750 2474 auctoris
779 2415 947 2471 neStri
981 2421 1128 2468 textu
1155 2452 1170 2472 ,
1225 2408 1343 2463 sive
1370 2405 1613 2474 cognitos
1634 2443 1648 2467 ,
1679 2402 1792 2455 sive
1814 2399 2116 2470 incognitus

515 2513 698 2568 Manes
725 2509 942 2564 dixeris.

594 2602 830 2671 Denique
860 2594 1131 2653 concludit
1157 2592 1403 2648 Caecilius
1433 2606 1445 2642 :
1482 2606 1500 2638 ι
1537 2586 1628 2642 Sic
1656 2585 1779 2640 dum
1803 2627 1815 2648 ,
1851 2583 2116 2646 Romani,

519 2695 887 2749 universarum
935 2687 1172 2758 gentium
1217 2697 1368 2738 sacra
1395 2679 1728 2748 suscipiunt,
1762 2675 1922 2730 etiam
1953 2688 2118 2742 regna

519 2794 884 2843 meruerunt.»
924 2781 1124 2835 Verum
1151 2775 1364 2846 quidem
1394 2780 1478 2827 est
1506 2770 1750 2824 universa
1774 2767 2008 2836 gentium
2033 2779 2118 2818 sa-

521 2895 612 2934 cra
645 2895 672 2931 a
702 2874 958 2931 Romanis
983 2877 1231 2939 suscepta
1260 2867 1444 2921 fuisse.
1470 2862 1599 2917 Nam
1631 2859 1848 2916 Ovidius
1876 2857 1926 2912 id
1961 2859 2118 2910 unico

523 2974 626 3027 hoc
658 2984 812 3025 versu
845 2964 1040 3021 cecinit
1071 2981 1083 3015 :

584 3110 778 3172 Dignus
814 3104 966 3155 Roma
983 3101 1134 3155 locus,
1161 3109 1258 3161 quo
1279 3097 1416 3146 Deus
1432 3093 1590 3142 omnis
1615 3098 1713 3140 eat.

1116 3179 1306 3243 (Ovid.,
1327 3177 1361 3226 l.
1385 3176 1426 3236 l,
1455 3173 1719 3235 Fasl.,§3,

519 3320 626 3378 Sed
657 3319 723 3374 de
751 3317 834 3369 his
873 3314 1007 3368 alius
1037 3309 1191 3364 nobis
1230 3304 1442 3360 dicendi
1483 3303 1634 3355 locus
1665 3298 1790 3353 erit.

597 3412 845 3468 Caecilius
878 3420 1044 3478 porro
1073 3403 1270 3472 aliique
1297 3397 1524 3469 gentiles
1573 3409 1639 3447 ex
1668 3391 1925 3445 hactenus
1962 3383 2119 3441 dictis

524 3507 715 3564 conﬁci
744 3516 904 3574 posse
926 3499 1178 3569 putabant
1205 3495 1332 3549 deos
1359 3505 1486 3546 suos
1514 3502 1695 3542 revera
1727 3485 1978 3548 existere,
1999 3483 2118 3552 quia

521 3596 774 3663 Romani,
807 3594 965 3649 «dum
987 3591 1408 3649 universarum,»
1432 3582 1504 3636 uti
1525 3580 1617 3635 ille
1639 3577 1957 3650 garriebam
1985 3592 2117 3644 gen-

527 3696 657 3749 tium
689 3705 838 3746 sacra
863 3683 1176 3752 suscipiunt,
1207 3679 1365 3735 etiam
1394 3690 1556 3745 regna
1597 3679 1923 3727 meruerunt.
1962 3689 1980 3721 ›
2013 3668 2120 3723 Neo

527 3785 642 3857 gari
667 3794 843 3837 autem
887 3794 990 3833 non
1021 3784 1228 3848 potest,
1274 3774 1412 3825 hanc
1451 3766 1966 3838 argumentationem
2015 3777 2120 3816 non

526 3879 732 3937 minimi
789 3874 1026 3947 profecto
1069 3884 1188 3925 esse
1245 3864 1530 3937 ponderis,
1576 3862 1622 3917 si
1677 3869 1818 3914 tanta
1875 3858 2119 3921 veritate,

527 3983 725 4044 quanta
780 3969 1010 4024 falsitate
1067 3964 1348 4019 niteretur.
1390 3956 1510 4012 Vim
1551 3955 1692 4009 illius
1744 3952 1899 4022 plane
1956 3949 2124 4004 sensit

524 4041 906 4126 'l‘ertullianus,
928 4072 1152 4128 eamque
1180 4055 1325 4109 hisce
1348 4051 1479 4106 nihil
1511 4049 1692 4117 utique
1736 4041 2122 4101 dissimulando

528 4156 810 4229 pl‘OpOSllll
858 4151 1035 4208 verbis
1073 4165 1089 4202 :
1144 4167 1162 4198 ι
1210 4144 1327 4200 Non
1378 4142 1617 4197 omittam
1665 4136 2119 4204 congressionem,

528 4228 687 4321 quam
723 4253 976 4318 provocat
1004 4243 1087 4296 illa
1130 4237 1477 4309 praesumptio
1504 4233 1791 4288 dicentium
1812 4271 1825 4295 ,
1855 4228 2123 4281 Romanos

531 4359 628 4413 pro
663 4341 851 4394 u‘tcrito
879 4333 1239 4405 religiositatis
1260 4327 1685 4398 diligentissima:
1713 4325 1763 4376 in
1795 4330 1998 4376 tantum
2037 4332 2124 4369 su-

526 4433 800 4490 blimitatis
826 4431 1017 4493 elatos,
1037 4435 1093 4479 ut
1120 4424 1302 4478 orbem
1336 4420 1668 4488 occuparint,
1701 4425 1753 4470 et
1777 4413 1912 4468 adeo
1935 4413 2124 4481 dignos

1805 237 1893 293 DE
1938 233 2191 292 MlNUCll
2212 229 2510 287 OCTAVIO

501 376 594 430 lih.
626 388 682 437 ιι,
717 369 867 424 Νοει.
903 367 1055 420 Attia.
1076 377 1196 434 cap.
1229 357 1572 426 ‘38;Macrob.
1598 356 1690 411 lib.
1724 371 1800 417 ιιι,
1827 352 2094 410 Saturnal.
2127 352 2177 411 Α

3699 210 3810 266 592

2856 347 3150 392 ARTICULUS
3192 348 3248 389 ll.

2209 480 2473 548 Quomodo
2528 477 2783 532 Minucius
2820 473 3010 528 chilii
3064 469 3267 542 refellat
3305 472 3697 538 argumentum,
3748 479 3808 516 ac

2291 575 2598 628 demonstret
2645 570 2995 624 Romanorum
3037 563 3327 629 imperium,
3356 558 3651 628 neutiquam
3692 556 3809 610 illo-

2279 684 2391 720 rum
2419 667 2470 718 in
2500 668 2622 718 deos
2648 662 2914 732 religione,
2944 657 3031 713 sed
3052 656 3307 726 impietate
3335 663 3382 708 et
3409 652 3681 706 sceleribus
3704 667 3812 706 esse

2277 761 2568 829 fundatum,
2602 755 2899 826 nullumque
2927 753 3106 806 iisdem
3133 748 3381 804 Romanis
3409 745 3478 799 ad
3504 760 3801 816 propagau-

2281 855 2372 907 dos
2404 852 2544 923 regni
2565 851 2692 918 ﬁnes
2714 847 2968 903 auxilium
2994 843 3114 898 deos
3147 842 3341 902 tulisse,
3382 855 3472 893 nec
3509 839 3673 909 primo
3700 837 3814 908 qui-

2287 946 2399 998 dem
2429 942 2740 1014 peregrinos,
2777 949 2821 992 et
2851 937 3094 998 advenas,
3131 932 3352 986 Martem
3377 929 3683 995 Thracium,
3713 928 3810 982 Jo-

2281 1056 2389 1094 vem
2418 1037 2694 1101 Creticum,
2726 1033 2983 1087 lunonem
3024 1028 3292 1096 Argivam,
3338 1025 3590 1090 Samium,
3619 1033 3664 1077 et
3697 1021 3814 1076 Pae-

2282 1146 2399 1183 nam
2419 1170 2434 1196 ,
2459 1143 2546 1180 nec
2576 1125 2800 1179 Dianam
2830 1122 3121 1183 Tauricam,
3155 1127 3242 1172 aut
3267 1117 3468 1171 ldazam
3493 1115 3728 1172 Matrem.

2287 1264 2580 1320 Ridiculum
2609 1263 2974 1317 Romanorum
2999 1260 3052 1314 in
3075 1258 3204 1314 deos
3226 1273 3352 1312 suos
3377 1259 3585 1327 pietatis
3609 1257 3818 1328 jactan~

2215 1360 2340 1413 tiam
2374 1366 2519 1410 tanta
2553 1355 2811 1409 facilitate
2837 1353 3103 1407 Minucius
3126 1351 3398 1420 reprimit,
3423 1359 3617 1419 quanta
3653 1359 3820 1404 teme-

2213 1451 2368 1503 ritate
2390 1445 2736 1502 venditabant
2767 1459 2824 1498 se
2863 1441 3117 1512 singulari
3148 1440 3560 1510 castissimoque
3597 1454 3817 1494 corum-

2213 1541 2334 1596 dem
2371 1541 2596 1596 deorum
2623 1539 2766 1593 cultu
2801 1537 3063 1592 meruisse
3094 1535 3254 1589 totius
3299 1535 3481 1588 mundi
3513 1535 3818 1602 imperium.

2214 1634 2427 1689 Nullius
2469 1634 2612 1688 enim
2663 1631 2836 1702 gentis
2882 1630 2995 1684 sive
3037 1628 3154 1697 ejus
3184 1626 3506 1696 primordia,
3540 1627 3652 1681 sive
3692 1642 3820 1696 pro-

1902 1746 2106 1809 (mlum,
2140 1743 2188 1802 Β
2217 1741 2435 1797 gressus
2455 1732 2687 1794 spectes,
2721 1723 2889 1791 major
2919 1720 3034 1784 fuit,
3054 1734 3210 1789 quam
3241 1719 3604 1772 Romanorum
3631 1718 3823 1787 impie—

2221 1829 2321 1872 tas.
2345 1817 2530 1873 Sciunt
2557 1831 2686 1869 sane
2711 1828 2901 1869 omnes
2923 1814 3146 1882 primam
3180 1810 3396 1864 illorum
3421 1809 3679 1882 originem
3713 1828 3818 1866 non

2215 1910 2436 1966 aliunde
2462 1909 2699 1975 ductam,
2729 1923 2888 1978 quam
2922 1923 2952 1960 a
2984 1905 3335 1976 perditorum,
3369 1905 3820 1972 facinorosorum,

2216 2005 2566 2067 incestorum,
2598 2001 2942 2067 sicariorum,
2973 2010 3026 2055 et
3054 2007 3422 2070 grassatorum
3459 1997 3822 2064 multitudine,

2217 2099 2269 2153 in
2297 2099 2501 2170 asylum
2532 2105 2877 2166 congregata,
2905 2110 2966 2149 ac
2994 2093 3282 2148 Romulum
3312 2091 3596 2161 parricidio
3617 2092 3822 2161 jecisse

2216 2191 2364 2247 urbis
2390 2207 2501 2246 suae
2533 2189 2876 2244 fundamenta
2913 2187 3160 2258 (August.
3189 2186 3280 2240 lib.
3313 2201 3390 2250 ιιι,
3431 2185 3492 2238 de
3524 2184 3670 2240 Civil.
3697 2200 3818 2256 cap.

2217 2287 2270 2350 ϐ,
2298 2301 2416 2356 pag.
2440 2284 2529 2340 62.
2562 2283 2740 2337 Livius
2762 2291 2816 2337 et
2849 2281 2982 2352 alii).
3009 2280 3128 2335 Mox
3157 2279 3242 2334 ille
3277 2298 3294 2328 ι
3325 2279 3546 2342 alienas,
3571 2298 3589 2330 ι
3626 2280 3700 2333 uti
3725 2279 3822 2333 Mi-

2219 2378 2410 2432 nucius
2461 2376 2555 2440 ait,
2589 2393 2606 2424 ι
2649 2373 2896 2445 Virgines
2927 2377 3040 2427 sine
3081 2386 3230 2426 more
3251 2391 3296 2435 ›,
3344 2370 3395 2424 id
3438 2378 3539 2435 est,
3571 2371 3686 2426 sine
3716 2371 3826 2426 ullo

2220 2470 2490 2539 exemplo,
2535 2475 2628 2522 aut
2665 2467 2808 2522 bono
2862 2480 3034 2528 more,
3070 2483 3088 2516 ι
3119 2465 3316 2533 rapuit.
3345 2482 3362 2514 ι
3412 2462 3528 2529 Quo
3571 2462 3826 2534 lotjucndi

2221 2562 2381 2618 modo
2406 2561 2472 2616 ad
2510 2560 2642 2615 illud
2675 2558 3022 2628 Virgilianum
3049 2557 3238 2612 alludit
3270 2574 3282 2610 :

2582 2711 2594 2724 .
2657 2675 2719 2726 Et
2738 2679 2902 2737 raptas
2921 2676 3029 2724 siue
3055 2686 3194 2722 more
3219 2674 3456 2723 Sabinas.

2739 2757 2959 2821 (Virgi|.,
2984 2772 3065 2806 vui
3091 2755 3310 2818 JEneid.,
3334 2771 3376 2808 v.
3401 2759 3539 2816 655.)

2293 2861 2429 2917 Tum
2457 2860 2650 2916 deinde
2697 2861 2958 2915 Romulus
2992 2861 3186 2916 bellum
3235 2861 3432 2922 intulit,
3469 2880 3486 2912 ι
3514 2876 3700 2916 earum
3733 2875 3823 2930 pa-

2223 2955 2485 3017 rentibus,
2519 2956 2570 3010 id
2599 2964 2702 3016 est,
2737 2955 2940 3010 soceris
2968 2954 3136 3008 suis.»
3169 2953 3300 3021 Quae
3329 2953 3542 3025 quidem
3571 2954 3731 3010 verba
3774 2954 3826 3008 in

2225 3047 2376 3118 regio
2399 3048 2585 3102 codice
2611 3048 2879 3118 leguntur.
2924 3046 3032 3102 Cur
3075 3061 3204 3115 ergo
3234 3044 3326 3099 illa
3361 3045 3577 3115 quidam
3623 3060 3830 3117 praepo-

2150 3136 2194 3198 C
2228 3149 2370 3195 stere
2421 3139 2588 3195 textui
2635 3141 2833 3193 inserta
2881 3139 3197 3201 ariolentur,
3241 3153 3347 3191 non
3381 3137 3644 3192 videmus.
3677 3137 3825 3192 Adde

2226 3248 2354 3289 vero
2383 3233 2498 3288 hsce
2524 3232 2832 3288 conﬁrmari
2860 3231 3113 3302 Cypriani
3144 3230 3474 3296 teStimonio,
3499 3230 3588 3300 qui
3619 3245 3679 3285 ea
3711 3245 3830 3283 om-

2225 3325 2336 3390 nia,
2371 3325 2631 3380 hactenus
2663 3331 2959 3379 memorata
2980 3363 2994 3386 ,
3025 3338 3089 3376 ex
3120 3322 3220 3376 hoc
3272 3321 3390 3392 ipso
3435 3321 3670 3375 auctoris
3717 3321 3832 3376 loco

2223 3417 2481 3472 delibavit
2511 3417 2696 3488 (Cypr.
2724 3417 2815 3470 lib.
2850 3416 2914 3469 de
2937 3414 3074 3468 Idol.
3127 3430 3244 3466 van.
3287 3428 3405 3483 pag.
3443 3411 3558 3484 16).
3581 3413 3713 3468 Cum
3740 3428 3836 3465 au-

2226 3519 2332 3565 tem
2367 3509 2483 3565 hmc
2513 3511 2726 3564 nemine
2771 3508 3098 3564 reclamante
3139 3508 3248 3561 sint
3290 3507 3624 3571 certissima,
3654 3523 3716 3561 ex
3749 3507 3832 3561 his

2224 3610 2372 3656 recte
2400 3601 2667 3656 Minucius
2708 3611 2896 3656 centra
2940 3599 3215 3654 Caecilium
3249 3598 3526 3653 concludit
3555 3598 3684 3652 nihil
3711 3613 3831 3654 esse

2226 3692 2308 3748 his
2361 3693 2724 3747 Romanorum
2779 3692 2945 3747 initiis
3005 3710 3022 3742 ι
3061 3690 3418 3762 irreligiosius
3461 3711 3507 3758 ι,
3560 3691 3833 3762 magisque

2225 3787 2547 3842 sceleratum
2572 3794 2627 3842 et
2651 3786 2909 3858 impium.

2299 3878 2478 3948 Pergit
2503 3878 2614 3944 ille,
2647 3888 2701 3932 et
2727 3878 2962 3932 ostendit
3003 3876 3277 3931 Romanos
3327 3875 3517 3931 eadem
3539 3917 3554 3941 ,
3594 3892 3699 3945 qua
3725 3892 3841 3932 cae.

2225 3979 2434 4039 perant.
2464 3970 2733 4038 impietate
2775 3969 3058 4038 imperium
3100 3984 3255 4024 suum
3305 3981 3668 4038 pr0pagasse,
3703 3984 3836 4038 pro-

2227 4060 2397 4114 ximas
2419 4060 2667 4115 videlicet
2693 4059 2936 4115 civitates
2960 4102 2973 4118 .
3016 4075 3137 4113 cum
3183 4060 3293 4114 suis
3321 4059 3531 4128 templis
3558 4068 3612 4113 et
3640 4059 3827 4113 altari-

2227 4152 2328 4206 bus
2354 4152 2650 4207 evertendo
2670 4194 2684 4217 ,
2723 4162 2909 4224 captos
2934 4152 3117 4208 hostes
3143 4151 3380 4223 cogendo
3401 4152 3512 4206 suis
3537 4152 3834 4208 sceleribus

2226 4247 2440 4311 sociari,
2478 4267 2496 4299 ι
2518 4247 2819 4318 templaque
2841 4247 3018 4302 omnia
3043 4247 3110 4303 de
3132 4246 3414 4311 manubiis,
3435 4244 3486 4300 id
3505 4257 3609 4311 est,
3627 4246 3697 4301 de
3716 4248 3834 4301 rui-

2227 4337 2310 4392 nis
2339 4337 2564 4401 urbium,
2585 4358 2604 4390 ι
2637 4338 2852 4394 Minucii
2883 4339 3043 4394 verba
3062 4348 3208 4405 sunt,
3241 4359 3258 4391 ι
3288 4339 3354 4393 de
3375 4338 3557 4409 spoliis
3581 4337 3830 4404 deorum,

2227 4428 2296 4484 de
2325 4430 2567 4485 cmdihus
2592 4431 2958 4497 sacerdotum,
2990 4430 3375 4486 construendo.
3401 4449 3418 4482 ι
3451 4430 3829 4498 Quamobrem,

528 4542 672 4589 esse.
699 4532 757 4577 υι
799 4528 993 4590 Primi?"
1032 4526 1258 4571 “meros
1303 4513 1543 4570 Πυνθηηίν
1591 4507 1680 4578 (Ιηί
1733 4506 1836 4559 ί¹¹ί⁵
1887 4503 2121 4594 "mall"?
2151 4529 2202 4588 υ
2236 4540 2255 4573 ‹
2281 4524 2460 4589 toties,
2494 4542 2512 4574 ι
2549 4533 2606 4578 ιιι
2635 4523 2726 4579 ille
2769 4524 2944 4579 adlmc
2973 4525 3066 4589 ait,
3101 4543 3120 4575 ι
3155 4523 3699 4594 Romanisimpialum
3726 4533 3830 4591 est,

528 4626 726 4687 praeter
751 4623 974 4668 ceteros
999 4609 1198 4662 faciunt
1225 4603 1468 4674 (Tertull.
1497 4601 1716 4669 Apalog.
1745 4613 1863 4664 cap.
1880 4595 1995 4665 25).
2019 4593 2124 4649 Sed

525 4710 628 4763 hoc
658 4701 1051 4761 eruditissimus
1082 4700 1169 4753 ille
1210 4695 1489 4751 Africanus
1525 4692 1756 4761 scriptor
1784 4688 1952 4752 falso,
1987 4688 2124 4741 sicut

529 4817 629 4856 suo
669 4800 788 4852 loco
835 4791 1164 4856 videbimus,
1213 4788 1394 4843 falsius
1432 4800 1551 4840 esse
1596 4784 1945 4839 demonstrat.
1974 4779 2124 4834 Nunc

531 4904 710 4948 autem
761 4884 1032 4960 quomodo
1069 4885 1168 4938 hoc
1206 4882 1378 4952 ipsum
1407 4884 1780 4948 argumentum
1817 4889 1847 4929 a
1895 4871 2126 4928 Minucio

532 4994 718 5044 nostro
747 4979 1039 5046 refellatur,
1065 4970 1474 5033 examinandum
1498 4977 1599 5026 est.

2227 4617 2436 4687 quoties
2463 4617 2865 4686 triumphatum.
2900 4617 3002 4672 Tot
3029 4617 3095 4674 de
3117 4617 3219 4693 diis
3243 4619 3436 4688 spolia,
3463 4626 3596 4688 quot
3617 4618 3681 4673 de
3702 4633 3835 4688 gen-

2229 4711 2371 4766 tibus
2399 4719 2450 4764 et
2494 4722 2748 4781 tropaea.»
2785 4710 2941 4767 Unde
2989 4712 3126 4768 hanc
3155 4711 3506 4766 meritissimo
3527 4711 3648 4781 jure
3691 4711 3838 4766 elicit

2147 4846 2153 4853 .
2228 4803 2635 4859 conclusionem
2664 4821 2676 4858 :
2716 4823 2734 4856 ι
2765 4804 2929 4875 Igitur
2958 4803 3186 4859 Romani
3215 4819 3323 4858 non
3356 4804 3482 4860 ideo
3510 4804 3663 4870 tanti,
3693 4805 3835 4875 quod

2228 4898 2484 4968 religiosi,
2518 4897 2613 4952 sed
2643 4896 2786 4968 quod
2817 4899 3034 4968 impune
3062 4895 3367 4966 sacrilegi.»

2301 4988 2607 5060 Perpendas
2639 5000 2816 5044 autem
2845 4989 3027 5054 velim,
3049 4999 3228 5044 utrum
3261 4987 3547 5055 Minucius,
3571 5003 3692 5044 cum
3722 4987 3838 5045 hate

2225 5084 2508 5150 scriberet,
2532 5083 2598 5137 ad
2621 5083 2939 5138 Tertulliani
2961 5083 3366 5154 Apologeticum
3387 5096 3492 5138 non
3513 5085 3834 5152 respexerit.

2227 5176 2361 5232 Nam
2394 5178 2444 5232 iu
2469 5176 2570 5233 hoc
2606 5177 2747 5233 libro
2773 5187 3053 5248 postquam
3090 5175 3338 5232 eamdem
3375 5174 3715 5231 ethnicorum
3751 5175 3836 5244 ja-

2227 5271 2516 5325 ctationem
2549 5270 2876 5340 exagitavit,
2910 5278 3072 5339 atque
3114 5267 3419 5340 oppressit,
3461 5277 3835 5337 argumentum

2229 5377 2385 5418 suum
2438 5363 2537 5418 hac
2579 5364 2741 5418 simili
2788 5365 3136 5420 conclusione
3171 5363 3403 5420 absolvit
3440 5380 3454 5415 :
3500 5380 3520 5414 ι
3558 5361 3702 5434 Ergo
3730 5378 3833 5417 non

2227 5467 2353 5513 ante
2381 5457 2613 5529 religiosi
2643 5458 2902 5524 Romani,
2930 5474 3091 5530 quam
3122 5459 3332 5529 magni,
3358 5456 3592 5527 ideoque
3632 5473 3736 5511 non
3765 5457 3833 5512 ob

2229 5550 2332 5606 hoc
2359 5552 2558 5622 magni,
2589 5552 2709 5622 quia
2738 5551 2994 5623 religiosi.
3025 5553 3184 5622 Atqui
3211 5549 3483 5622 quomodo
3504 5549 3576 5604 ob
3607 5549 3836 5618 religio-

2227 5659 2349 5700 nem
2381 5647 2580 5716 magni,
2611 5646 2806 5716 quibus
2834 5645 3143 5719 magnitudo
3170 5646 3239 5702 de
3271 5643 3671 5714 irreligiositate
3709 5657 3835 5712 pro-

2226 5741 2505 5799 venit?Ni
2534 5741 2689 5798 fallor
2721 5743 2900 5810 enim,
2947 5756 3106 5800 omne
3152 5756 3375 5813 regnum
3423 5738 3507 5796 vel
3550 5737 3835 5810 imperium
