4264 6258
434 401 538 457 595

1872 392 2342 450 DISSERTATIO.

3628 393 3734 449 594

432 515 586 572 bellis
612 513 891 584 quteritnr,
933 519 988 567 et
1015 510 1254 566 victoriis
1295 519 1634 581 propagatur.
1677 509 1846 564 Porro
1889 508 2030 563 bella
2058 507 2111 565 Λ
2139 510 2475 575 numina,scd
2503 521 2765 580 portenta,
2787 510 3052 581 iuverant.
3071 530 3088 562 ι
3117 508 3221 564 Eos
3243 508 3516 564 enimvero
3537 508 3738 565 Roma-

435 621 489 664 et
520 607 753 661 victoria:
789 604 960 674 captis
989 615 1042 659 et
1084 603 1286 658 eversis
1316 602 1604 673 plurimum
1652 601 1874 655 urbibus
1907 616 2035 656 con-

435 711 604 760 stant.
634 700 688 755 ιιι
719 699 992 770 negotium
1023 699 1139 752 sine
1169 696 1392 752 deorum
1424 695 1618 763 injuria"
1645 710 1748 748 non
1777 703 1879 749 est.
1913 693 2034 746 Erc-

435 797 557 851 dem
605 804 810 863 strages
861 790 1118 847 moenium
1160 799 1214 844 et
1267 790 1605 858 templorum,
1659 802 1816 856 pares
1862 784 2036 840 cmdes

433 887 628 945 civium
660 898 714 941 et
743 885 1084 941 sacerdotum
1109 926 1122 944 ,
1157 897 1256 938 nec
1283 881 1572 935 dissimiles
1616 882 1813 950 rapim-
1861 893 2040 932 sacra-

433 999 551 1038 rum
586 979 890 1036 divitiarum
945 988 999 1034 et
1042 976 1401 1046 profanarum.
1443 974 1546 1029 Tot
1573 974 1732 1043 igitur
1758 972 2038 1042 sacrilegia

436 1075 824 1138 Romanorum,
855 1083 985 1143 quot
1011 1080 1210 1141 trapcea
1248 1089 1259 1124 :
1296 1078 1369 1123 tot
1392 1068 1458 1122 de
1483 1066 1586 1121 diis
1616 1108 1630 1130 ,
1662 1077 1788 1136 quot
1815 1065 1882 1119 de
1909 1080 2039 1134 gen-

437 1170 576 1224 tibus
607 1166 863 1234 triumphi
898 1185 910 1218 :
957 1175 1033 1217 tot
1074 1162 1376 1226 manubiae,
1427 1168 1555 1228 quot
1598 1167 1816 1214 manent
1863 1159 2040 1213 adhuc

436 1261 720 1316 simulacra
749 1258 1082 1327 captivorum
1128 1255 1353 1310 deormn
1394 1273 1410 1302 ι
1450 1251 1700 1323 (Tertull.
1730 1251 1884 1322 Apol.
1916 1265 2036 1320 cap.

434 1354 526 1418 25,
558 1369 676 1423 pag.
711 1352 827 1418 28).

505 1446 657 1513 Quod
680 1455 860 1499 autem
894 1443 1155 1497 Minucius
1172 1457 1234 1494 ex
1261 1439 1494 1494 hostium
1519 1438 1836 1507 urbiumque
1857 1447 2039 1506 capta-

435 1555 557 1594 rum
601 1537 868 1592 manubiis
897 1536 1091 1601 templa
1129 1537 1351 1587 deorum
1386 1547 1416 1584 a
1449 1531 1705 1584 Romanis
1747 1529 2038 1582 vietm'ibus

437 1641 742 1690 constructa
773 1630 961 1695 refert,
993 1628 1043 1682 id
1074 1627 1214 1681 Flori
1240 1625 1546 1681 tesnmonio
1576 1624 1878 1677 luculenter
1903 1635 2034 1674 coa-

441 1727 700 1780 lirmatur.
753 1723 828 1777 De
869 1721 1160 1788 Tarquinio
1203 1719 1400 1774 etenim
1439 1715 1682 1786 Superbo
1734 1716 1848 1769 haec
1877 1713 1943 1767 ab
1971 1727 2037 1767 eo

439 1817 718 1874 memoria:
741 1812 988 1868 mandata
1019 1812 1242 1881 legimus
1277 1829 1288 1864 :
1321 1830 1337 1861 ι
1371 1810 1443 1863 De
1475 1807 1741 1862 manubiis
1758 1815 2033 1875 captarum

2141 615 2327 655 norum
2355 605 2517 657 armis
2548 605 2745 670 victos,
2799 605 3208 672 profligatosque
3259 602 3420 656 fuisse
3459 619 3618 657 nemo
3654 609 3738 658 est

2140 695 2228 764 qui
2261 696 2482 750 nesciat.
2513 697 2868 765 Quamobrem
2913 698 3246 769 Cyprianus,
3292 698 3379 765 qui
3431 697 3616 752 eadem
3669 713 3734 753 ex

2141 787 2243 842 hoc
2265 798 2481 842 auctore
2504 799 2686 844 nostro
2704 792 2916 858 repetit,
2942 791 3278 846 continenter
3299 791 3493 860 adjecit
3525 809 3538 846 :
3578 790 3737 859 «Qua:

2141 879 2324 948 utique
2347 881 2388 934 si
2415 880 2542 950 quid
2582 883 2862 950 potestatis
2893 882 3238 944 habuissent,
3283 900 3376 937 sua
3419 900 3480 938 ac
3517 899 3735 937 suorum

2143 987 2302 1040 regna
2327 986 2629 1029 servassent
2656 994 2672 1025 ι
2697 975 2879 1046 (Cypr.
2904 976 2993 1030 lib.
3013 977 3074 1029 de
3089 976 3113 1028 1
3123 977 3288 1030 dolor.
3309 976 3476 1034 Venit.
3493 977 3736 1046 pagJS).

2214 1066 2364 1121 Scire
2395 1077 2570 1122 autem
2605 1069 2648 1122 si
2680 1070 2798 1136 quis
2827 1069 3040 1137 capiat,
3072 1071 3161 1140 qui
3189 1071 3294 1123 sint
3323 1071 3432 1137 illi,
3464 1085 3599 1140 quos
3629 1070 3738 1123 Mi—

2144 1159 2329 1213 nucius
2358 1169 2600 1228 portenta
2628 1160 2904 1214 numinum
2931 1163 3235 1231 appellavit,
3253 1161 3493 1216 dicemus
3516 1162 3737 1216 Martem

2144 1251 2264 1306 ideo
2295 1251 2581 1307 Thracium
2627 1255 3026 1323 cognominari,
3055 1255 3175 1325 quia
3218 1254 3458 1309 nonnulli
3499 1270 3621 1310 eum
3671 1269 3740 1308 ex

2142 1344 2367 1399 Thracia
2415 1346 2698 1400 oriundum
2732 1357 3088 1417 putaverunt,
3122 1349 3194 1402 uti
3225 1363 3253 1401 a
3287 1348 3439 1402 nobis
3468 1348 3594 1401 alibi
3643 1348 3739 1402 ob—

2142 1447 2410 1491 servatum
2462 1448 2544 1493 est
2592 1438 2770 1509 (Tom.
2805 1455 2819 1492 ι
2861 1445 3112 1508 Apparat,
3145 1439 3237 1493 lib.
3272 1455 3364 1503 ιιι,
3407 1439 3676 1504 dissertat,
3703 1455 3741 1506 ι,

2143 1547 2259 1602 cap.
2285 1533 2337 1595 9,
2360 1542 2458 1586 art.
2483 1549 2516 1598 ι,
2545 1549 2664 1604 pag.
2687 1532 2834 1605 755).
2855 1534 2932 1587 Ad
2968 1535 3082 1586 ha-c
3117 1550 3238 1588 vero
3264 1533 3578 1588 Ammianus
3611 1533 3744 1586 Mar-

2142 1627 2368 1680 cellinus
2391 1627 2679 1698 (Auunian.
2707 1627 2796 1680 lib.
2819 1644 2980 1691 xxvn,
3007 1643 3121 1695 cap.
3141 1629 3194 1689 .l,
3221 1642 3339 1695 pag.
3359 1626 3484 1694 489.)
3519 1627 3741 1680 Martem

2144 1717 2442 1772 Thracibus
2463 1721 2692 1774 maximo
2714 1719 2901 1773 honori
2923 1720 3197 1789 cultuiquc
3217 1718 3380 1774 fuisse
3403 1721 3737 1774 testificatur.

2217 1812 2293 1866 De
2350 1812 2486 1867 Jove
2542 1821 2719 1868 autem
2757 1814 2985 1879 Cretico,
3036 1831 3192 1884 quem
3241 1815 3442 1867 scilicet
3488 1816 3539 1868 in
3584 1810 3744 1868 Creta

438 1913 648 1967 urbium
686 1909 940 1979 templum
973 1907 1152 1962 erexit
1187 1925 1204 1958 ι
1239 1904 1407 1976 (Flor.
1454 1903 1545 1957 lib.
1581 1918 1595 1955 ι
1636 1899 1759 1954 Βεν.
1800 1916 1830 1952 α
1879 1899 2031 1952 "om.
2066 1899 2111 1958 B
2143 1915 2324 1958 natum
2353 1913 2408 1959 et
2434 1907 2697 1976 sepultum
2728 1906 3005 1972 ferebant,
3034 1905 3479 1976 quemadmodum
3509 1906 3742 1972 .lnuone,

442 2015 630 2076 gestor.
671 2019 786 2071 cap.
832 2001 927 2072 7).
970 1999 1361 2055 Tertullianum
1398 2012 1528 2050 vero
1569 2010 1689 2048 mox
1735 1992 2036 2046 audivimus

385 2101 390 2108 ’
443 2097 710 2154 dicentem
757 2095 1119 2149 Romanorum
1177 2090 1457 2146 manubias
1526 2102 1647 2142 esse
1703 2088 2034 2155 captivorum

439 2191 661 2246 deorum
689 2188 970 2242 simulacra
1025 2186 1093 2240 At
1147 2185 1248 2239 hoc
1264 2183 1478 2253 quidem
1510 2197 1615 2236 non
1647 2181 1825 2236 minus
1855 2188 2040 2249 aperte

441 2282 524 2337 his
553 2281 827 2336 Prudentii
867 2280 1110 2334 versibus
1139 2279 1402 2332 asseritur
1427 2292 1439 2328 :

537 2414 830 2464 Innumeros
850 2420 958 2476 post
999 2411 1181 2462 deinde
1205 2411 1345 2476 deos,
1372 2411 1556 2476 girtute
1575 2408 1790 2476 subactis

539 2476 770 2536 Urbibus,
797 2470 865 2525 ex"
885 2475 1030 2524 claris
1047 2474 1348 2537 peperitsibi
1372 2470 1521 2521 Roma
1545 2471 1820 2537 triunqbis,

539 2539 675 2589 Inter
700 2540 946 2587 fumantes
969 2536 1262 2598 templorum
1282 2540 1463 2598 armata
1490 2536 1658 2598 ruinas

537 2601 760 2651 Dextera
787 2601 998 2656 victoris,
1025 2595 1277 2648 simulacra
1304 2596 1496 2646 hostilia
1521 2595 1671 2656 cepit.

537 2664 599 2714 Et
621 2665 810 2727 captiva
827 2663 1040 2720 domum,
1069 2673 1315 2710 venerans
1330 2672 1419 2709 seu
1438 2658 1634 2707 munina
1657 2657 1813 2705 vexit.

540 2789 688 2837 Roma
716 2787 1059 2849 triumphantis
1081 2785 1436 2849 quotiesducis
1459 2781 1636 2849 inclyta
1657 2793 1854 2831 currum

540 2851 803 2900 Plausibus
825 2845 1043 2908 eicepit,
1073 2845 1226 2896 toties
1253 2847 1420 2895 altaria
1446 2845 1612 2893 divum

541 2914 753 2973 Addidit,
779 2920 830 2963 et
853 2905 1022 2974 Spoliis
1043 2911 1244 2960 sibimet
1268 2922 1390 2957 nova
1418 2909 1614 2955 numina
1629 2905 1762 2954 fecit.

1005 2991 1287 3056 (Prudeut.,
1318 2990 1351 3038 l.
1369 3005 1416 3048 ιι,
1443 2985 1744 3054 Symmaclt.,
1773 2985 1891 3048 §‘2.)

449 3122 520 3178 At
545 3122 756 3178 brevius
789 3121 1097 3176 Lactantius
1125 3129 1180 3175 et
1203 3118 1418 3188 templa,
1443 3127 1495 3171 ct
1523 3115 1806 3171 simulacra
1837 3111 2038 3182 signiﬁ-

448 3230 602 3271 casse
624 3217 854 3270 videtur.
888 3213 986 3270 Ubi
1017 3214 1159 3269 enim
1194 3212 1427 3267 hostium
1463 3211 1621 3266 urbes
1651 3209 1818 3264 armis
1842 3207 2043 3260 Roma-

453 3324 642 3363 norum
668 3308 956 3363 subversas
975 3315 1260 3372 memorat,
1285 3305 1353 3360 ibi
1383 3305 1723 3358 continenter
1739 3299 2041 3370 subjungit:
2073 3290 2118 3353 C

457 3421 474 3453 ι
514 3400 966 3458 Consecrantdiis
989 3399 1287 3461 manubias,
1316 3408 1370 3452 et
1399 3396 1616 3464 rapinas
1639 3409 1766 3449 snas
1803 3413 1821 3444 ι
1867 3391 2044 3460 (Lact.

452 3497 540 3550 lib.
577 3495 789 3549 Ilnstit.
823 3509 938 3564 cap.
1000 3492 1054 3555 6,
1096 3507 1217 3561 pag.
1266 3491 1388 3546 170.
1431 3489 1652 3542 Dissert.
1700 3488 1752 3540 in
1803 3485 2044 3539 Lactant.

452 3602 569 3657 cap.
595 3588 686 3646 55.
721 3595 820 3640 art.
851 3587 931 3652 4).
979 3585 1052 3638 Ex
1105 3582 1369 3636 manubiis
1409 3577 1786 3648 siquidetn,'id
1819 3584 1920 3638 est,
1957 3589 2048 3644 pe-

451 3681 623 3735 cuniis
653 3697 716 3734 ex
748 3679 959 3735 vendita
996 3678 1226 3732 hostium
1258 3691 1500 3740 suorum,
1526 3684 1582 3727 ut
1607 3673 1730 3726 alibi
1759 3669 2050 3740 explicabi-

457 3787 596 3834 nms,
617 3770 792 3840 przrda
809 3771 1026 3834 coactis,
1048 3784 1188 3823 nova
1211 3767 1433 3821 deorum
1458 3764 1790 3819 ardificabaut
1817 3761 2009 3831 templa
2032 3777 2047 3827 ;

460 3875 523 3915 ac
552 3870 722 3930 rapta,
751 3875 1034 3930 secumque
1064 3862 1284 3914 Romam
1330 3866 1599 3926 asportata
1628 3855 1850 3909 deorum
1879 3855 2049 3907 simu-

460 3952 621 4017 lacra,
655 3961 707 4004 et
735 3952 785 4005 in
819 3951 1025 4022 templis
1055 3952 1164 4006 suis
1181 3951 1437 4004 collocata
1465 3948 1644 4002 denuo
1665 3945 2053 4001 consecrabant

459 4049 854 4114 ornabantque.

530 4136 706 4192 Testis
733 4152 944 4206 quoque
977 4136 1129 4190 nobis
1154 4143 1236 4189 est
1261 4132 1452 4189 Cicero
1479 4132 1776 4188 detractum
1805 4146 1831 4183 a
1858 4129 2054 4199 Diony-

461 4232 542 4285 sio
571 4241 801 4302 tyranno
830 4229 1142 4294 amiculum,
1165 4243 1270 4297 quo
1304 4228 1489 4281 Jovem
1517 4233 1733 4278 ornarat
1765 4239 1826 4276 ex
1862 4237 2052 4275 mauu-

461 4326 561 4380 hiis
582 4323 1084 4392 Carthaginensium
1114 4331 1370 4393 tyrannus
1395 4319 1548 4375 Gelo.
1572 4316 1812 4386 Quadam
1837 4315 2058 4383 insuper

462 4418 513 4471 in
567 4415 868 4470 Oratione:
910 4413 1007 4481 Qui
1053 4428 1174 4469 cum
1215 4411 1432 4477 Atltolis,
1476 4409 1570 4477 ait,
1617 4409 1790 4463 Ennio
1833 4405 2055 4472 comite,

465 4511 681 4566 bellavit
716 4509 940 4562 Fulvius
965 4548 977 4570 ,
1008 4522 1113 4561 non
1144 4507 1404 4561 dubitavit
1436 4503 1716 4558 manubias
1740 4501 1904 4556 Musis
1926 4515 2058 4555 cou-

461 4618 676 4656 secrare
729 4600 926 4673 (Cicer.
959 4599 1050 4654 lib.
1085 4615 1137 4652 tu
1165 4599 1228 4651 de
1253 4597 1450 4651 Natur.
1485 4596 1626 4650 deor.
1658 4610 1778 4665 pag.
1807 4593 1935 4656 252,
1964 4591 2057 4646 lin.

465 4698 552 4758 87,
578 4707 630 4749 ct
655 4695 802 4749 Orat.
837 4710 928 4764 pro
953 4693 1160 4756 Archia,
1190 4707 1308 4762 pag.
1338 4692 1445 4746 590
1469 4734 1480 4752 .
1506 4691 1600 4744 lin.
1623 4688 1740 4759 23).

543 4788 718 4858 Pergit
745 4787 1018 4849 Octavius,
1050 4796 1210 4855 atque
1249 4802 1347 4840 suo
1391 4794 1444 4839 et
1479 4782 1911 4838 Christianorum
1960 4793 2061 4832 no-

470 4880 614 4932 ntinc
642 4880 706 4932 ab
731 4878 1042 4933 adversario
1076 4893 1174 4931 suo
1196 4919 1210 4941 ,
1241 4877 1463 4944 aliisque
1499 4874 1748 4935 ethnicis,
1784 4871 1915 4942 petit
1941 4871 2065 4939 qui-

472 4987 591 5026 nam
618 4971 688 5026 dii
722 4972 976 5026 Romanis
1002 4971 1250 5041 propitii,
1278 4981 1438 5040 atque
1473 4972 1525 5023 iu
1565 4967 1719 5022 bellis
1761 4967 1825 5021 ad
1869 4980 2063 5035 propa-

469 5065 670 5136 gandos
727 5065 864 5120 ﬁnes
914 5064 1120 5133 imperii
1165 5064 1246 5118 sui
1290 5063 1564 5133 adjutores
1606 5061 1882 5123 venerint,
1938 5073 2063 5111 num

469 5157 735 5227 peregrini
767 5168 820 5210 et
849 5155 1093 5221 advcnze,
1127 5156 1210 5210 vel
1245 5155 1440 5224 proprii
1474 5169 1534 5208 ac
1562 5151 1876 5207 vernaculi?
1908 5149 2066 5217 Atqui

469 5249 600 5303 nulli
624 5264 686 5303 ex
717 5249 782 5302 iis
805 5263 963 5316 opem
998 5247 1252 5302 Romanis
1278 5248 1420 5302 ferre
1461 5253 1764 5314 pomeruut.
1807 5243 1922 5298 Non
1964 5241 2072 5310 pri-

472 5344 541 5397 mi
574 5341 812 5412 quidem.
839 5339 972 5395 Nam
999 5340 1269 5410 quomodo
1312 5339 1568 5394 Romanis
1602 5337 1813 5408 propitii
1857 5335 2071 5404 adjuto-

471 5448 665 5503 rcsque
697 5431 922 5487 fuiSsent
942 5473 956 5494 ,
985 5433 1072 5501 qui
1099 5447 1388 5501 numquam
1410 5441 1630 5498 potuere
1659 5429 1881 5482 clientes
1905 5426 2074 5481 culto—

473 5544 666 5598 resque
692 5541 819 5581 suos
851 5535 1035 5581 contra
1079 5527 1310 5579 hostium
1356 5539 1573 5578 suorum
1621 5523 1849 5590 impetus
1894 5520 2026 5572 tueri
2061 5537 2072 5571 :

482 5639 498 5670 ι
523 5620 856 5690 Νρίιιιροηίιιι
878 5635 991 5683 eos,
1009 5639 1027 5673 ι
1051 5621 1124 5672 ait
1145 5619 1422 5675 Minucius,
1454 5636 1471 5667 ι
1495 5617 1748 5668 adversus
1762 5627 1887 5667 suos
1905 5610 2079 5665 Immi-

480 5727 594 5773 nes,
621 5725 648 5762 a
668 5712 860 5778 quibus
880 5713 1214 5774 colebantur,
1247 5708 1328 5762 vel
1358 5707 1496 5761 Mars
1519 5705 1798 5768 Thracius,
1824 5703 1904 5757 vel
1928 5702 2079 5771 Jupi-

482 5815 564 5860 ter
616 5803 879 5871 Creticus,
924 5805 1005 5860 vel
1048 5803 1186 5859 Juno
1236 5799 1450 5870 Argiva,
1501 5814 1642 5853 nunc
1695 5797 1877 5861 Ptena,
1939 5809 2080 5849 nunc

483 5897 644 5951 Diana
675 5897 920 5952 Taurica.
951 5897 1033 5948 vel
1067 5905 1234 5949 mater
1261 5894 1418 5957 libra,
1448 5893 1526 5945 vel
1561 5890 1828 5960 Egyptia,
1858 5889 1944 5944 illa
1973 5904 2078 5944 non

2086 4681 2140 4740 Ι)

2145 2007 2255 2051 tum
2302 1998 2518 2070 Argiva,
2567 2016 2688 2055 cum
2732 2000 2906 2056 Samia
2955 2001 3093 2054 haud
3145 2000 3309 2054 semel
3355 1999 3746 2068 disputavimus

2142 2089 2322 2157 (Tom.
2348 2107 2364 2144 ι
2387 2091 2643 2162 Apparat.
2683 2093 2755 2146 lib
2807 2110 2897 2160 ιιι,
2932 2108 3048 2162 cap.
3079 2093 3130 2158 7,
3157 2103 3257 2146 art.
3288 2095 3342 2159 4,
3381 2108 3497 2163 pag.
3533 2091 3656 2158 750,
3692 2102 3747 2146 et

2142 2197 2260 2250 cap.
2287 2183 2339 2248 8,
2372 2193 2470 2237 art.
2507 2201 2543 2247 ι,
2571 2201 2689 2255 pag.
2725 2187 2851 2251 755,
2881 2196 2932 2240 et
2961 2201 3079 2256 cap.
3113 2188 3198 2251 Η,
3228 2195 3330 2238 art.
3363 2185 3414 2245 5,
3443 2201 3562 2255 pag.
3589 2185 3742 2255 8'27).

2216 2274 2330 2328 lluc
2357 2277 2573 2332 accedat
2615 2281 2802 2333 Cicero
2846 2278 3044 2350 (Cicer.
3080 2279 3171 2333 lib.
3205 2295 3221 2332 ι
3260 2278 3327 2333 de
3363 2277 3547 2332 Natur.
3591 2278 3744 2333 deor.

2146 2382 2265 2435 pag.
2300 2367 2452 2435 207),
2478 2370 2566 2437 qui
2593 2369 2660 2424 de
2691 2371 2857 2440 prima
2879 2371 3088 2426 Junone
3113 2372 3224 2424 haec
3241 2370 3468 2438 posteris
3495 2369 3708 2423 tradidit
3731 2387 3744 2424 :

2151 2475 2169 2508 ι
2206 2458 2273 2511 At
2297 2477 2400 2513 non
2432 2470 2515 2515 est
2569 2462 2720 2523 talis,
2752 2478 2813 2516 ac
2843 2463 3054 2532 Sospita
3079 2503 3092 2525 ,
3128 2462 3343 2528 Argiva,
3375 2477 3474 2516 nec
3503 2462 3748 2518 Romana

2145 2550 2310 2609 Juno.
2342 2554 2480 2622 Ergo
2507 2555 2607 2608 alia
2631 2557 2836 2623 species
2863 2554 3090 2609 Junonis
3118 2558 3150 2606 Δ
3163 2554 3343 2624 rgivis,
3361 2554 3460 2607 alia
3484 2553 3740 2607 Latinis.»

2151 2651 2224 2706 Dc
2253 2650 2353 2705 hac
2380 2658 2558 2704 autetn
2585 2648 2797 2703 Junone
2837 2645 2964 2700 illud
2996 2645 3198 2716 Virgilii
3229 2661 3446 2700 carmen
3474 2646 3699 2716 legimus
3731 2659 3744 2695 :

2364 2763 2546 2813 Junoui
2571 2761 2764 2825 Argiva:
2784 2762 2942 2824 iustos
2965 2759 3220 2810 adolemus
3244 2760 3474 2808 honores.

2223 2866 2432 2923 Vidests
2463 2868 2776 2921 Pausaniam
2805 2866 3061 2936 (Pausau.
3094 2865 3184 2918 lib.
3209 2877 3265 2928 ιι,
3302 2880 3419 2934 pag.
3455 2863 3544 2930 59,
3578 2872 3631 2916 et
3655 2863 3747 2917 lib.

2149 2980 2224 3028 tn,
2249 2979 2364 3034 pag.
2392 2963 2508 3032 95),
2532 2963 2823 3016 Luciauum
2844 2960 3168 3032 (Lucian.de
3183 2958 3423 3015 Sacrific.
3455 2973 3572 3028 pag.
3599 2956 3753 3029 185),

2116 3067 2202 3112 'et
2228 3056 2553 3112 Strabonem
2605 3053 2807 3125 (Strab.
2862 3053 2956 3108 lib.
3002 3069 3056 3118 v,
3098 3068 3216 3123 pag.
3269 3052 3396 3114 2l5,
3448 3061 3500 3104 et
3546 3050 3636 3104 lib.
3673 3066 3753 3116 vt,

2153 3165 2274 3220 pag.
2305 3147 2458 3218 252),
2485 3150 2572 3218 qtti
2601 3149 2927 3204 mentionem
2955 3146 3100 3200 illius
3126 3145 3262 3200 haud
3288 3144 3452 3199 semel
3484 3145 3747 3208 fecerunt,

2153 3243 2292 3296 sicut
2320 3250 2375 3295 et
2403 3241 2490 3294 alii
2522 3241 2851 3295 recentiores
2882 3239 3018 3292 bene
3050 3237 3222 3291 multi.

2227 3333 2299 3385 De
2351 3331 2561 3386 Junone
2610 3347 2736 3386 vero
2776 3331 2955 3386 Samia
2999 3329 3110 3384 haec
3139 3338 3319 3383 narrat
3345 3328 3582 3384 Ethlius
3609 3328 3751 3399 apud

2150 3423 2484 3479 Clementem
2531 3423 2952 3478 Alexandrinum
2998 3420 3273 3493 (Clemens
3304 3421 3590 3475 Alcxandr.
3639 3423 3750 3474 Ad-

2153 3518 2338 3573 mouit.
2375 3517 2440 3570 ad
2471 3517 2626 3572 Gent.
2660 3532 2774 3586 pag.
2811 3515 2902 3586 50)
2934 3523 3065 3577 ΞΤῆς
3096 3524 3280 3581 Σαμίας
3312 3505 3437 3584 ιῖρας
3460 3556 3474 3579 ,
3518 3522 3577 3572 ὥς
3614 3539 3754 3583 φησιν

2150 3620 2363 3674 Δῖθλιις,
2404 3615 2626 3680 πρότεριν
2665 3621 2750 3678 μὲν
2797 3616 2852 3672 ἧν
2887 3620 3012 3671 σανίς
3072 3613 3256 3678 ὕστερα-ν
3296 3611 3344 3659 δὲ
3375 3611 3453 3661 ἐπὶ
3494 3609 3754 3676 Προκλέους

2152 3710 2395 3775 ἄρχοντος,
2427 3707 2801 3773 ἀνδριαντοειόὲς
2830 3709 3033 3770 (usuro.
3074 3719 3094 3752 C
3124 3701 3317 3755 Samia:
3348 3700 3572 3754 Junonis
3609 3700 3755 3767 prius

2155 3797 2367 3866 quidem
2397 3806 2513 3849 erat
2537 3793 2732 3856 tabula,
2766 3803 2945 3861 postea
2967 3803 3168 3857 autem,
3198 3790 3470 3846 Archoute
3496 3790 3718 3846 Procleo
3745 3843 3762 3868 ,

2156 3889 2206 3942 in
2236 3887 2464 3942 formam
2493 3895 2683 3941 statua:
2712 3886 2888 3942 eflicta
2911 3898 3046 3941 est.»
3082 3885 3233 3942 Umle
3263 3895 3404 3952 patet
3434 3902 3589 3954 quam
3613 3885 3753 3939 anti-

2155 3996 2258 4049 qua
2283 3979 2381 4032 fuit
2418 3979 2558 4032 illius
2592 3978 2732 4047 apud
2772 3979 3016 4032 ethnicos
3044 3978 3336 4031 veneratio.
3368 3977 3510 4047 Lege
3540 3977 3751 4043 adhuc,

2155 4075 2198 4128 si
2247 4074 2398 4137 velis,
2430 4071 2744 4126 Pausaniam
2799 4071 3051 4140 (Pausan.
3101 4068 3193 4122 lib.
3224 4083 3315 4130 vn,
3352 4085 3470 4138 pag.
3507 4068 3636 4138 209)
3660 4110 3674 4132 ,
3703 4079 3758 4124 et

2157 4167 2439 4236 Origenem
2468 4163 2634 4236 (Orig.
2660 4163 3032 4222 lib.tv.contr.
3052 4161 3193 4217 Cels.
3225 4176 3345 4231 pag.
3373 4159 3519 4230 196).
3547 4159 3758 4214 Utrius-

2159 4278 2263 4332 que
2287 4276 2447 4329 porro
2476 4258 2614 4313 illius
2641 4257 2897 4320 Junonis,
2938 4272 2998 4312 ac
3041 4256 3209 4310 tertiae
3231 4296 3245 4320 ,
3279 4270 3397 4321 qua:
3444 4253 3633 4317 Ρωηα,
3659 4268 3756 4307 seu

2160 4352 2595 4424 Carthaginensis
2647 4353 2958 4418 vocabatur,
3011 4350 3094 4404 his
3135 4347 3385 4418 Virgilius
3427 4345 3757 4402 carminibus

2165 4461 2407 4507 ιιιριιιιιιιι
2437 4467 2448 4502 2

2321 4543 2449 4593 Urbs
2470 4545 2669 4606 antiqua
2691 4541 2784 4592 fuit
2820 4539 2973 4604 (Tyrii
2999 4546 3214 4590 tenuere
3231 4537 3412 4601 coloni)

2321 4606 2581 4669 Carthago.
2685 4643 2696 4654 .
2801 4640 2812 4650 .
2921 4645 2930 4653 .
3036 4643 3044 4653 .
3151 4642 3161 4652 .
3263 4640 3274 4650 .

2321 4710 2473 4792 Ouam
2496 4731 2626 4781 Juno
2651 4730 2810 4780 fertur
2835 4731 2983 4779 terris
3007 4707 3162 4791 magis
3184 4703 3410 4792 omnibus
3432 4705 3576 4777 unam

2318 4789 2603 4846 Rosthahita
2627 4793 2836 4842 coluisse
2868 4793 3013 4841 Samo
3041 4807 3051 4840 :
3081 4789 3164 4840 hic
3189 4789 3320 4838 illius
3338 4801 3472 4837 arma

2321 4859 2411 4907 Hic
2429 4870 2603 4907 currus
2623 4854 2715 4906 fuit
2737 4871 2747 4904 :
2780 4856 2869 4903 hor.
2890 4867 3099 4914 regnum
3125 4854 3218 4900 dea
3235 4853 3470 4914 gentibus
3502 4862 3636 4905 esse,

2320 4921 2370 4970 Si
2397 4933 2493 4982 qua
2520 4919 2615 4968 fata
2637 4923 2814 4975 sinant,
2838 4919 2938 4980 jam
2959 4924 3059 4966 tum
3085 4916 3343 4975 tenditque
3367 4913 3624 4974 fovetque.

2326 5022 2486 5094 l’rirua
2510 5020 2639 5106 (ιιιόά
2662 5018 2722 5092 ad
2745 5017 2936 5102 'l‘rojaui
2962 5017 3051 5101 pro
3072 5007 3668 5097 ch'arisgess'erat'Argis.

2757 5123 2939 5184 (νίας,
2957 5122 3021 5170 Ι.ι
3048 5117 3263 5176 arma,
3287 5131 3332 5167 v.
3361 5115 3462 5178 to.)

2248 5233 2482 5295 Denique
2520 5229 2587 5284 de
2617 5228 2784 5282 Matre
2820 5225 2953 5279 Idma
2983 5225 3115 5276 infra
3163 5222 3403 5284 dicetur,
3445 5219 3582 5272 sicut
3616 5226 3669 5272 et
3698 5217 3766 5272 de

2175 5324 2495 5382 monstrosis
2541 5320 2915 5390 Egyptiorum
2967 5314 3274 5370 numinibus
3314 5311 3558 5383 superius
3594 5310 3769 5365 disse—

2178 5419 2399 5473 ruimus.
2454 5413 2515 5466 Et
2555 5412 2606 5465 hi
2651 5410 2866 5480 quidem
2922 5407 2993 5462 dii
3033 5408 3254 5474 demque
3283 5413 3425 5468 sunt,
3454 5416 3588 5471 quos
3631 5399 3772 5453 sicut

2179 5511 2341 5565 alium
2384 5505 2711 5576 quemlibet,
2742 5503 2939 5556 nullam
2973 5501 3192 5555 omnino
3223 5513 3377 5568 opem
3408 5495 3660 5549 Romanis
3692 5502 3774 5546 tu-

2180 5603 2307 5657 lisse
2333 5598 2594 5654 Minucius
2621 5606 2766 5650 recte
2793 5595 3042 5649 asseruit.
3067 5593 3176 5648 Nec
3211 5593 3368 5660 longe
3395 5589 3550 5642 aliter
3577 5585 3772 5640 adver-

2182 5708 2272 5748 sus
2289 5691 2672 5765 Symmachum
2696 5689 3008 5742 Ambrosius
3033 5696 3211 5756 postea
3234 5689 3631 5754 argumentatus
3657 5686 3776 5732 est:

2190 5807 2207 5841 t
2245 5787 2428 5844 Utrum
2463 5785 2674 5849 volunt,
2707 5784 2920 5853 eligant.
2953 5781 3007 5838 Si
3042 5782 3092 5834 in
3125 5779 3378 5832 Romanis
3416 5775 3658 5827 vicerunt
3694 5785 3778 5824 sa-

2185 5898 2297 5949 era,
2329 5882 2381 5936 in
2429 5878 2938 5943 Carthaginen~ibus
2987 5891 3114 5945 ergo
3154 5881 3399 5943 superata
3445 5876 3606 5921 sunt:
3639 5865 3682 5920 si
3725 5863 3776 5918 in
