4264 6258
460 296 568 348 593

1756 287 1839 342 DE
1881 285 2134 342 MINUCII
2175 285 2470 343 OCTAVIO

3667 291 3775 346 596

461 405 975 477 Carthagmensibus
1022 405 1365 472 triumphata,
1427 419 1525 459 nec
1578 405 1832 458 Romanis
1881 406 2062 474 utique
2089 406 2142 463 A
2171 406 2260 476 tia,
2287 406 2493 475 inquit,
2526 405 2780 474 Romanis
2817 406 3024 462 ecelites
3051 407 3125 460 ita
3172 407 3337 474 velle,
3367 417 3428 462 ut
3453 423 3574 462 mea
3605 409 3774 464 Roma

458 502 784 573 proluerunt
818 521 835 550 ›
873 496 1146 568 (Ambros.
1181 498 1352 567 Epist.
1384 497 1472 561 18,
1507 496 1532 568 §
1561 497 1611 558 6,
1644 513 1762 567 pag.
1788 497 1938 568 854).

536 598 700 651 Recte
728 609 854 664 ergo
879 591 1140 646 Minucius
1165 606 1231 645 ex
1253 591 1408 645 dictis
1436 589 1706 644 concludit
1732 589 1856 642 nihil
1891 589 2056 656 magis

465 690 612 745 dictu
639 685 949 748 absurdum,
975 698 1134 754 quam
1165 683 1232 737 ab
1255 681 1626 751 hujuscemodi
1654 681 1756 735 diis
1783 691 1836 735 et
1864 681 2065 735 deabus

463 781 712 836 desertos
735 790 1128 847 oppressosque
1173 776 1408 829 cultores
1435 789 1591 839 suos,
1621 783 1676 827 ut
1707 774 1931 841 Romani
1958 773 2061 825 imr

467 874 605 946 perii
648 872 780 924 lines
829 869 1198 922 dilatarcntur.
1258 866 1514 920 Eumdem
1555 867 1709 934 plane
1755 867 1808 919 in
1853 865 2066 920 modum

468 968 613 1022 idem
655 963 972 1018 Ambrosius
1019 960 1277 1014 adversus
1307 959 1689 1029 Symmachum
1735 958 2065 1028 disputavit:

478 1079 497 1110 ι
528 1058 657 1112 Nam
674 1056 740 1109 de
757 1053 1112 1114 Senonibus,»
1133 1068 1290 1121 supra
1323 1068 1350 1105 a
1374 1052 1622 1112 Minucio,
1650 1051 1788 1105 sicut
1817 1051 2068 1118 vidimus,

472 1154 634 1207 tacito
657 1160 832 1204 tatuen
867 1149 1100 1212 nomine,
1143 1147 1452 1215 designatis,
1485 1166 1502 1195 1
1535 1146 1664 1215 quid
1701 1147 1908 1216 loquar,
1937 1162 2072 1218 quos

474 1244 726 1315 Capitolii
768 1250 973 1297 secreta
1021 1250 1363 1309 penetrantes
1407 1240 1662 1293 Romanzc
1705 1241 1940 1305 reliquim
1967 1256 2070 1294 non

479 1341 752 1403 tulissent,
783 1336 884 1390 nisi
923 1350 1016 1388 cos
1049 1332 1240 1401 pavido
1271 1347 1430 1386 anser
1464 1331 1686 1401 strepitu
1713 1333 2074 1401 prodidisset?

477 1433 561 1488 En
590 1432 774 1501 quales
828 1428 1025 1495 templa
1065 1425 1302 1479 Romana
1344 1425 1599 1493 prmsules
1638 1424 1924 1479 habebant.
1977 1424 2075 1479 Ubi

478 1537 609 1579 tunc
635 1532 750 1577 erat
795 1520 1041 1588 Jupiter?
1069 1521 1150 1572 An
1182 1520 1231 1571 in
1262 1533 1453 1572 ansere
1480 1517 1797 1607 loquebatur
1824 1518 1846 1569 ?
1869 1537 1885 1567 1
1907 1517 2074 1588 (Idem

479 1617 507 1689 §
536 1619 587 1683 5,
613 1617 771 1685 Supr.
817 1622 919 1667 art.
958 1613 1008 1665 1.
1041 1609 1059 1681 )
1103 1611 1175 1665 Ex
1206 1610 1484 1664 Annibalis
1519 1610 1751 1664 victoriis
1775 1609 1934 1663 simili
1967 1625 2080 1664 mo-

482 1711 554 1766 do
583 1709 813 1776 gentiles
846 1704 1125 1776 premebat
1159 1722 1170 1755 :
1211 1722 1228 1753 ‹
1263 1705 1485 1757 Annibal
1517 1704 1607 1757 diu
1648 1703 1812 1757 sacris
1852 1705 2078 1758 insulta-

2169 506 2327 566 caput
2354 498 2500 551 orbis
2533 508 2795 552 terrarum
2824 499 2912 552 sit.
2955 499 3186 554 Proinde
3231 515 3344 555 rem
3371 501 3664 556 militarem
3689 518 3779 556 co-

2170 587 2302 654 lant,
2349 590 2627 660 sciantqne
2659 599 2714 652 et
2760 591 2830 644 ita
2881 592 3109 658 posteris
3155 592 3388 660 tradant,
3445 594 3618 647 nullas
3648 609 3782 664 Opes

2173 684 2432 737 humanas
2462 685 2626 737 armis
2659 684 2912 737 Romanis
2945 685 3198 738 resistere
3224 700 3400 755 posse.
3424 686 3568 750 Hac,
3591 689 3781 756 inquit,

2173 777 2404 841 locutus,
2435 777 2680 831 sublimis
2710 778 2858 831 abiit.
2887 777 3076 832 Mirum
3115 789 3372 847 quantum
3402 778 3478 832 illi
3509 781 3622 833 viro
3651 798 3786 834 nun-

2175 871 2324 925 tianti
2355 871 2628 924 haeclides
2672 870 2851 936 fuerit,
2893 887 3162 940 quamque
3213 872 3538 927 desiderium
3573 875 3785 930 Romuli

2175 963 2312 1034 apud
2343 964 2552 1032 plebem
2582 965 3002 1032 exercitumque,
3039 965 3171 1018 l'aeta
3202 966 3308 1020 lide
3339 966 3784 1033 immortalitatis,

2176 1057 2396 1111 lenitum
2425 1067 2494 1111 su
2524 1078 2540 1109 1
2579 1058 2740 1129 (Liv.
2791 1058 2986 1112 Decad.
3031 1075 3068 1124 I,
3115 1059 3206 1115 lib.
3241 1061 3291 1120 1,
3337 1059 3364 1130 §
3401 1060 3514 1128 16).
3542 1062 3644 1116 Sed
3673 1062 3789 1117 ha-e

2177 1151 2394 1204 Ovidius
2441 1151 2620 1221 (Ovid.
2673 1152 2764 1204 lib.
2817 1167 2854 1205 11
2891 1151 3092 1206 Faster.
3141 1168 3266 1220 pag.
3304 1153 3430 1218 49%,
3499 1164 3552 1207 et
3587 1154 3789 1225 seqq.),

2181 1245 2468 1314 Dionysius
2519 1245 2959 1299 Halicarnasseus
3011 1244 3252 1316 (Dionys.
3305 1247 3396 1300 lih.
3445 1261 3480 1300 n
3540 1247 3791 1317 Antiquil.

2181 1335 2332 1389 Rom.
2369 1351 2486 1406 pag.
2527 1336 2648 1397 “8,
2685 1345 2737 1388 et
2767 1335 2917 1406 1‘24),
2953 1336 3277 1390 Plutarchus
3307 1337 3673 1406 (Plutarch.in
3709 1338 3795 1390 Vi-

2182 1439 2233 1483 ta
2266 1428 2472 1483 Romnl.
2504 1444 2622 1498 pag.
2650 1430 2739 1499 ὃὸ)
2777 1430 2934 1496 paulo
2964 1429 3166 1495 fusius,
3197 1430 3413 1484 brevius
3447 1447 3573 1484 vero
3603 1432 3797 1486 Florus

2185 1521 2403 1591 (Florus
2434 1523 2525 1575 lib.
2553 1539 2590 1586 I,
2619 1539 2734 1591 cap.
2773 1522 2844 1590 l),
2875 1522 3184 1577 Lactantius
3216 1523 3458 1590 (Laetan.
3488 1524 3580 1578 lib.
3608 1540 3646 1588 1,
3677 1540 3795 1594 cap.

2185 1615 2273 1679 15,
2311 1629 2428 1684 pag.
2461 1613 2575 1683 87),
2605 1623 2657 1667 et
2685 1614 3018 1682 Augustinus
3047 1615 3289 1686 (August.
3333 1615 3424 1670 lib.
3457 1633 3536 1682 111,
3568 1617 3630 1670 de
3645 1616 3796 1671 Civil.

2185 1724 2302 1776 cap.
2337 1709 2422 1774 15,
2448 1724 2568 1777 pag.
2603 1708 2693 1778 70)
2724 1709 3045 1764 retulerunt.
3091 1710 3391 1780 Cyprianus
3419 1711 3695 1781 (Cyprian.
3735 1711 3801 1764 de

480 1804 559 1857 vit
582 1800 858 1864 Romanis,
895 1808 947 1852 et
989 1798 1090 1851 diis
1134 1807 1318 1850 contra
1359 1812 1416 1850 se
1462 1797 1838 1852 dimicantibus
1860 1841 1874 1864 ,
1916 1813 2081 1866 usque
2113 1800 2158 1858 Β
2187 1801 2327 1856 Ιιιοι.
2372 1805 2528 1866 vanil,
2552 1816 2673 1870 pag.
2699 1803 2790 1868 ~15)
2815 1817 2910 1868 pro
2937 1816 3086 1854 more
3108 1803 3351 1870 sequitur
3369 1803 3602 1855 auctoris
3627 1804 3795 1856 nostri

482 1896 550 1950 ad
594 1908 774 1948 mm'os
805 1892 948 1946 urbis
979 1889 1268 1944 vincendos
1301 1891 1559 1958 pervenit.
1593 1891 1699 1944 Cur
1739 1906 1797 1944 se
1851 1891 2082 1944 obsideri

482 1989 627 2060 passi
658 1995 816 2046 sunt,
852 1999 946 2052 pro
974 1982 1166 2052 quibus
1189 1983 1414 2036 deorum
1443 1997 1661 2036 suorum
1696 1998 1844 2036 arma
1886 1999 2086 2053 pugna-

485 2078 650 2134 bant?
675 2097 692 2128 1
730 2076 935 2146 (Al'nbr.
965 2075 1093 2128 ibid.
1128 2073 1253 2145 ἑά.)
1281 2075 1399 2139 Adi,
1427 2076 1470 2134 si
1509 2075 1655 2129 lubet
1679 2083 1918 2138 etvacat,
1969 2092 2087 2145 qua:

486 2173 687 2228 ibidem
703 2168 1319 2225 annotavimus.Nullum
1345 2169 1502 2239 igitur
1523 2168 1746 2222 Romani
1766 2168 2085 2234 subsidium,

490 2281 598 2336 quo
625 2265 908 2334 imperium
939 2279 1092 2316 suum
1122 2274 1426 2334 augeretur,
1458 2280 1487 2316 a
1516 2263 1814 2333 peregrinis
1841 2262 1945 2316 diis
1992 2279 2090 2317 nec

493 2373 830 2428 comparare,
863 2372 959 2413 nec
988 2373 1206 2426 sperare
1252 2365 1558 2426 potuerunt.
1594 2357 1774 2425 Neque
1820 2358 1978 2410 etiam
2025 2357 2092 2418 ab

492 2452 800 2507 vernaculis
822 2466 884 2505 ac
915 2452 1162 2521 prepriis,
1189 2450 1328 2521 quod
1357 2449 1466 2518 jam
1491 2450 1984 2504 excutiendumcst.

1091 2579 1382 2618 ARTICULUS
1421 2579 1497 2617 111.

499 2699 655 2754 Nulli
684 2717 714 2752 (ι
746 2699 994 2754 Romanis
1023 2699 1090 2751 ad
1122 2700 1480 2768 propagandos
1517 2699 1719 2766 imperii
1748 2699 1874 2767 ﬁnes
1903 2700 2098 2753 auxilio

575 2795 734 2862 fuisse
762 2792 1059 2846 vernaculos
1086 2792 1224 2857 deos,
1267 2791 1564 2854 Romulum,
1603 2793 1862 2862 pejerante
1899 2791 2098 2846 Procu-

575 2887 648 2950 lo,
679 2886 776 2938 diis
816 2885 1148 2955 mlscripttnn,
1185 2883 1386 2949 Picum,
1429 2882 1745 2948 Tiberinum,
1772 2883 2096 2948 Pilumnum,

576 2977 906 3038 Picunmnm,
937 2977 1179 3037 (inruunt,
1227 2975 1540 3040 Cloacinam,
1590 2975 1860 3040 Pavorem,
1917 2976 2100 3031 I’allo-

576 3087 700 3134 rem,
737 3068 967 3132 Febrem,
1007 3068 1263 3132 Morbum,
1292 3069 1474 3122 Accam
1503 3068 1850 3131 Lanrenliam,
1885 3079 1930 3124 et
1980 3068 2104 3123 Flo-

2191 1894 2430 1961 vestigia.
2472 1893 2832 1959 Quamobrem
2887 1893 3252 1948 Tertullianus
3304 1894 3549 1965 (Tertull.
3577 1894 3798 1965 Apolog.

2189 2001 2308 2055 cap.
2335 1985 2426 2057 2|)
2452 1986 2519 2041 de
2542 1985 2738 2040 Christi
2767 1986 3026 2041 incutiam
3049 2001 3272 2041 ascensu
3299 1987 3551 2056 loquens:
3575 2007 3593 2037 ‹
3637 1988 3801 2041 Multo

2189 2079 2436 2143 melius,»
2482 2080 2576 2140 ait,
2618 2093 2808 2148 «quam
2835 2078 2975 2146 apud
3001 2093 3098 2132 vos
3122 2092 3431 2132 asseverare
3457 2078 3524 2132 de
3554 2079 3798 2132 Procnlis

2193 2178 2425 2224 solent.»
2465 2170 2804 2238 Quapropter
2844 2169 3100 2228 Tatianus
3151 2170 3384 2238 (Tatian.
3434 2168 3580 2225 Orat.
3627 2180 3792 2224 contr.

2197 2259 2362 2313 Gra'c.
2397 2275 2514 2330 pag.
2551 2259 2674 2329 119)
2705 2275 2993 2329 snppreSso
3036 2259 3246 2313 Romuli
3287 2262 3500 2314 nomine
3533 2260 3745 2314 diccbat
3781 2278 3793 2312 :

2197 2361 2316 2414 Τοὺς
2347 2362 2600 2424 βασιλέας,
2634 2359 2800 2420 μισθοῦ
2835 2359 2862 2413 ἦ
2895 2353 2954 2406 δι’
2979 2357 3219 2422 ἐπιορκίας
3260 2378 3329 2414 τις
3360 2361 3466 2414 τοὺς
3493 2361 3618 2412 θεοὺς
3649 2375 3803 2405 καται-

2195 2456 2369 2516 γελῶν,
2424 2452 2488 2506 εἰς
2519 2456 2596 2501 τὸν
2635 2451 2822 2516 οὐρανὸν
2866 2451 3198 2505 ἀνεληλυθέναι
3249 2461 3420 2515 φγζσας,
3467 2458 3802 2501 πτπίστευται.

2207 2559 2224 2590 1
2257 2540 2429 2608 Reges
2456 2540 2579 2593 olim
2621 2538 2878 2614 quosdam
2910 2539 3160 2594 mercede
3207 2540 3455 2606 nimirum
3488 2541 3802 2605 conductus,

2202 2646 2250 2689 et
2284 2635 2529 2703 pejerans
2555 2633 2672 2705 (eos
2697 2634 2747 2686 in
2776 2634 2975 2689 malum
3009 2634 3337 2705 ascendisse)
3371 2634 3619 2688 homines
3645 2635 3732 2705 qui
3758 2635 3805 2688 id

2203 2727 2487 2780 crederent
2518 2726 2738 2779 invenit.
2757 2745 2775 2775 1
3246 2710 3248 2712 ’

2279 2816 2358 2870 Ad
2384 2818 2519 2871 alios
2544 2827 2721 2870 autem
2761 2817 3126 2870 Romanorum
3156 2817 3286 2871 deos
3314 2817 3454 2885 quod
3483 2817 3706 2882 attinet,
3745 2815 3811 2870 ab

2207 2912 2507 2980 Augustino
2534 2910 2790 2963 discimus
2824 2911 2872 2961 in
2900 2909 3086 2962 falsum
3120 2910 3409 2978 fictumque
3437 2923 3623 2963 eorum
3665 2909 3812 2962 ordi-

2208 3017 2330 3071 nem
2357 3005 2500 3076 serio
2527 3011 2841 3080 aggregatos
2873 3001 3055 3056 Picum
3080 3044 3093 3067 ,
3127 3011 3180 3062 et
3229 3001 3535 3054 Tiberinum
3568 3000 3810 3069 (August.

2210 3097 2303 3172 lib.
2356 3112 2411 3150 tv
2457 3097 2520 3150 de
2561 3096 2710 3158 Civil.
2761 3112 2882 3166 cap.
2917 3096 3008 3160 25,
3037 3111 3156 3166 pag.
3193 3094 3316 3164 101,
3346 3095 3438 3147 lib.
3471 3111 3543 3159 v1,
3577 3109 3694 3162 cap.
3728 3095 3814 3158 10,

579 3181 689 3216 ram
717 3181 728 3214 ε
757 3165 840 3216 ubi
858 3164 918 3215 (le
943 3165 1100 3216 sacris
1119 3161 1515 3231 Larentialibns,
1535 3176 1578 3218 et
1599 3164 1731 3220 ludis
1744 3163 2100 3232 Consualibus,

2213 3167 2330 3259 pag.
2368 3189 2491 3250 159,
2515 3189 2607 3244 lib.
2639 3203 2794 3245 xvut.
2828 3161 2947 3257 cap.
3091 3161 3212 3259 pagi
3237 3187 3385 3254 199).
3417 3185 3570 3253 Quod
3601 3161 3815 3253 quidem

582 3267 730 3326 (itque
757 3256 1072 3309 Floralibus.

588 3371 802 3424 Transit
835 3369 1094 3423 Minucius
1119 3369 1184 3422 ad
1218 3369 1531 3423 vernaculos
1557 3368 1918 3422 Romanorum
1951 3369 2104 3434 deos,

514 3463 780 3532 planeque
803 3472 1070 3514 ﬂS‘CVl‘l‘al
1102 3462 1198 3516 hos
1227 3477 1330 3514 non
1355 3461 1420 3513 ad
1451 3461 1622 3528 majus
1646 3503 1658 3525 ,
1683 3477 1838 3530 quam
1867 3461 2110 3531 peregri-

513 3574 636 3621 nos,
687 3555 992 3624 praesidium
1040 3563 1232 3623 pta-sto
1258 3553 1452 3607 iisdem
1484 3553 1736 3606 Romanis
1764 3553 1944 3607 fuisse.
1979 3554 2109 3608 Tam

515 3661 722 3705 certmn
755 3665 883 3702 vero
912 3648 1037 3701 illud
1077 3662 1196 3701 esse
1238 3647 1476 3715 putavit,
1509 3657 1565 3698 ut
1615 3646 1756 3700 nulla
1797 3646 2113 3715 probatione

518 3744 820 3813 indigeret,
852 3757 948 3795 nec
987 3739 1128 3794 aliud
1175 3739 1472 3808 agendum,
1505 3755 1662 3808 quam
1701 3739 1833 3792 deos
1861 3739 1977 3792 illos
2005 3740 2116 3793 suis

520 3838 797 3907 appellare
829 3836 1151 3890 nominibus.
1187 3834 1350 3888 Primi
1383 3835 1558 3902 itaque
1584 3836 1651 3886 a‘h
1687 3834 1809 3894 illo,
1841 3849 1901 3887 ac
1935 3843 2116 3902 postea

520 3947 550 3985 a
579 3930 869 4001 Cypriane,
920 3943 1023 3980 non
1069 3928 1350 3982 observato
1401 3935 1578 3979 tamen
1620 3909 1874 3994 temporis
1909 3925 2116 3990 ordine,

521 4035 878 4080 recensentur
905 4022 1188 4084 Romulus,
1218 4021 1394 4084 Picus,
1426 4017 1732 4082 Tiberinus,
1761 4017 1969 4072 Consus
1992 4060 2004 4083 ,
2033 4017 2122 4072 Pi-

522 4119 742 4172 lumnus
771 4159 786 4181 ,
847 4126 900 4171 et
948 4116 1238 4170 Picumnus
1286 4111 1469 4184 (Cypr.
1519 4110 1612 4165 lib.
1659 4111 1722 4164 de
1780 4108 1915 4164 Idol.
1949 4108 2120 4164 Venit.

525 4227 648 4283 pag.
681 4210 793 4281 11).

601 4303 890 4359 Romulum
922 4311 1099 4356 autem
1133 4300 1388 4354 Romanae
1414 4299 1591 4368 gentis
1625 4307 1674 4354 et
1711 4296 1902 4363 Urbis,
1933 4295 2006 4349 uti
2031 4309 2126 4348 ne-

529 4413 622 4452 mo
668 4397 857 4458 nescit,
903 4393 1258 4456 conditorem,
1293 4392 1516 4445 deormn
1569 4404 1793 4443 numero
1837 4390 2128 4458 ascriptum

529 4489 737 4544 Ennius
767 4487 904 4554 apud
931 4487 1245 4540 Ciceronem
1276 4500 1379 4539 uno
1408 4484 1509 4537 hoc
1535 4498 1698 4538 versu
1712 4483 2012 4538 decantavit
2041 4501 2053 4536 :

727 4601 962 4652 Romulus
987 4604 1034 4650 in
1061 4600 1186 4651 caelo
1211 4613 1320 4649 cum
1343 4599 1438 4648 diis
1457 4600 1560 4660 agit
1583 4611 1761 4648 aevum.

1077 4682 1267 4746 (Cic.,l.
1294 4699 1308 4732 ι
1338 4681 1556 4742 Tuscnl.,
1583 4682 1763 4745 p.119,
1788 4682 1876 4730 1111.
1900 4681 2006 4743 35.)

536 4794 608 4846 At
635 4803 740 4844 non
782 4786 883 4841 nisi
931 4803 948 4836 1
973 4785 1284 4854 peierante»
1339 4784 1586 4850 Proculo,
1618 4792 1675 4836 ut
1712 4795 1899 4837 auctor
1951 4792 2134 4838 noster

536 4896 694 4938 antea
726 4881 951 4945 dixerat,
989 4897 1006 4930 1
1037 4879 1174 4933 Deus
1207 4877 1522 4933 Romulus.»
1572 4877 1701 4930 Rem
1730 4877 1807 4929 sic.
1835 4885 2016 4930 narrat
2046 4876 2137 4930 Ti-

536 4988 624 5032 tus
679 4974 879 5033 Livius.
925 4971 1056 5028 Cum
1096 4972 1232 5027 varii
1284 4971 1351 5026 de
1397 4970 1611 5025 Romuli
1664 4979 1836 5024 morte
1891 4984 2136 5025 rumores

537 5079 844 5134 manarent,
893 5083 954 5121 ac
990 5065 1203 5137 quidam
1243 5065 1391 5118 illum
1441 5073 1747 5119 senatorum
1772 5061 2018 5116 manibus
2056 5061 2137 5116 di-

541 5176 816 5234 scerptum
840 5165 1000 5217 tacito
1018 5175 1292 5214 nmrmure
1305 5157 1721 5213 disseminarent
1743 5175 1756 5211 :
1780 5175 1798 5208 1
1821 5155 2100 5220 Proculus,
2119 5174 2136 5206 1

538 5259 615 5311 uti
649 5257 740 5310 ille
761 5256 857 5319 ait,
885 5273 902 5304 1
923 5252 1095 5308 Julius
1111 5251 1337 5308 sollicita
1351 5251 1569 5305 civitate
1595 5249 1865 5304 desiderio
1894 5247 2055 5317 regis,
2089 5256 2144 5302 et

542 5349 750 5402 infensa
780 5345 1048 5412 Patribus,
1080 5343 1284 5414 gravis,
1317 5342 1634 5406 uttraditur,
1660 5341 1902 5411 quamvis
1933 5356 2142 5410 magnae

545 5442 624 5496 rei
668 5448 854 5494 auctor
897 5441 950 5493 in
1003 5437 1316 5492 concionem
1356 5435 1533 5504 prodit
1572 5451 1586 5488 :
1623 5433 1913 5497 Romulus,
1947 5432 2141 5501 inquit,

545 5532 803 5599 Quirites,
830 5545 1022 5600 parens
1052 5530 1200 5584 urbis
1242 5527 1431 5596 hujus,
1483 5529 1652 5596 prima
1704 5525 1961 5579 hodierna
2003 5526 2142 5590 luce,

545 5628 688 5682 etnlo
718 5633 935 5693 repente
965 5623 1238 5690 delapsus,
1273 5635 1334 5673 se
1381 5620 1508 5673 mihi
1541 5619 1755 5672 obvium
1803 5617 1969 5671 dedit.
2013 5616 2145 5670 Cum

546 5717 800 5780 perfusus
833 5713 1058 5766 horrore
1109 5710 1629 5772 venerabundusque
1679 5711 2003 5773 astitissem,
2052 5725 2145 5776 pe-

543 5813 667 5858 tens
698 5802 968 5871 precibus,
995 5812 1050 5855 ut
1077 5808 1264 5856 contra
1293 5800 1490 5855 intueri
1514 5799 1595 5854 fas
1623 5809 1766 5854 esset
1801 5814 1812 5849 :
1845 5800 1984 5865 Abi,
2009 5814 2148 5853 nuu-

2213 3285 2279 3356 ah
2309 3283 2403 3336 illo
2439 3292 2623 3350 postea
2661 3280 2744 3334 his
2769 3283 3118 3349 continuatur
3141 3279 3398 3335 Varronis
3428 3277 3604 3332 verbis
3638 3296 3648 3331 :
3687 3296 3704 3328 1
3734 3278 3818 3332 Pi-

2215 3391 2378 3450 cuin,
2429 3374 2851 3441 Tiberinumrpte
2907 3372 3169 3424 Romulus
3231 3369 3586 3424 consecratit.
3619 3387 3637 3418 1
3696 3368 3825 3436 Quis

2215 3477 2390 3522 autem
2443 3465 2619 3531 Picus,
2666 3474 2719 3518 et
2765 3481 2870 3533 quo
2916 3474 3154 3532 tempore
3199 3464 3516 3531 regnaverit,
3561 3463 3805 3528 atquein

2220 3559 2442 3612 deorum
2467 3557 2645 3610 albmn
2680 3557 2908 3619 relatus,
2941 3557 3054 3625 ipse
3080 3554 3184 3608 alio
3213 3555 3261 3606 in
3294 3555 3428 3608 libro
3463 3553 3603 3607 hth
3641 3561 3821 3605 narrat

2223 3657 2275 3706 in
2311 3651 2523 3704 modmn
2561 3669 2570 3702 :
2605 3670 2621 3699 1
2650 3650 2974 3704 Inmrentmn
3005 3649 3218 3702 Saturni
3246 3647 3386 3700 lilius
3412 3646 3569 3700 Picus
3607 3659 3826 3715 regnum

2222 3747 2424 3816 primus
2479 3745 2724 3813 accepit,
2773 3742 3048 3810 judicanle
3111 3739 3250 3810 apud
3311 3738 3563 3792 Hebraeos
3632 3737 3831 3791 femina

2225 3840 2577 3894 Debora......
2643 3838 2715 3908 De
2762 3836 2922 3905 hujus
2968 3834 3076 3888 Pici
3119 3842 3273 3904 patre
3315 3831 3548 3886 Saturno
3578 3831 3834 3894 viderint,

2227 3933 2352 4002 quid
2380 3932 2613 3986 sentiant
2642 3929 2822 3983 talium
2852 3928 3075 3981 deorum
3109 3926 3365 3990 cultores,
3395 3924 3481 3992 qui
3516 3931 3711 3991 negant
3737 3921 3836 3974 ho-

2229 4029 2428 4083 minem
2463 4026 2655 4086 fuisse;
2689 4023 2757 4077 de
2786 4039 2892 4091 quo
2924 4021 3008 4085 alii
3035 4020 3386 4088 scripserunt,
3419 4015 3557 4080 quod
3587 4024 3711 4067 ante
3740 4013 3830 4066 Pi-

2229 4136 2350 4190 cum
2371 4121 2533 4174 lilium
2553 4117 2774 4170 suumin
2792 4114 2939 4184 italia
2956 4114 3074 4182 ipse
3099 4109 3394 4180 regnaverit
3416 4107 3582 4174 (Idem
3607 4105 3791 4175 ibid.).
3809 4123 3826 4156 1

2232 4214 2460 4268 lilonitos
2488 4219 2666 4278 autem
2717 4222 2814 4262 nos
2855 4207 2982 4261 facit
3023 4207 3160 4274 hanc
3200 4199 3485 4257 secundam
3522 4198 3833 4268 opinionem

2236 4307 2302 4362 ab
2340 4306 2483 4369 illius
2517 4300 2776 4372 patronis.
2816 4297 3162 4367 Virgilioque,
3192 4310 3221 4347 a
3247 4293 3400 4360 nobis
3437 4306 3558 4344 mox
3597 4289 3835 4353 citando,

2236 4396 2470 4466 probari.
2521 4393 2758 4466 Denique
2799 4390 2914 4444 haec
2958 4387 3163 4443 addidit
3193 4404 3206 4441 :
3243 4405 3260 4437 1
3288 4385 3447 4439 Picus
3476 4380 3716 4436 Faunum
3742 4395 3830 4449 ge-

2239 4491 2375 4555 nuit,
2417 4488 2749 4557 Laurentum
2788 4500 2968 4555 regem
3001 4481 3296 4550 secundum
3330 4497 3343 4534 :
3374 4478 3535 4534 etiam
3567 4475 3666 4530 iste
3707 4475 3840 4528 deus

2151 4589 2203 4650 D
2233 4588 2335 4642 illis
2362 4595 2464 4650 est,
2509 4583 2591 4636 vel
2619 4582 2740 4636 fuit.
2790 4581 2897 4634 llos
2927 4589 3052 4631 ante
3077 4575 3368 4646 Trojanum
3399 4571 3598 4626 bellum
3627 4568 3843 4622 divinos

2237 4681 2472 4735 honores
2501 4678 2727 4733 mortuis
2755 4673 3061 4730 hominibus
3103 4669 3431 4730 detulerunt.
3463 4685 3480 4716 1

2312 4774 2584 4828 Laudatus
2634 4780 2812 4824 autem
2859 4767 2928 4822 ab
2976 4757 3562 4835 Augustino-Virgilius
3609 4754 3675 4810 de
3713 4754 3840 4808 Pico

2239 4869 2355 4925 haec
2383 4867 2582 4922 cecinit
2613 4882 2625 4916 :

2339 5023 2348 5032 .
2456 5021 2465 5030 .
2568 5015 2580 5028 .
2679 4977 2849 5028 Fauno
2875 4976 3022 5025 Picus
3046 4977 3210 5037 pater,
3239 4971 3382 5031 isque
3401 4971 3664 5029 parentem

2334 5046 2372 5096 Τ
2378 5060 2426 5106 c,
2454 5044 2685 5102 Saturne,
2712 5041 2884 5090 refert.

2765 5121 2986 5187 (Virgil.,
3016 5118 3225 5176 dinem”
3248 5117 3280 5166 I.
3309 5130 3388 5172 vn,
3416 5125 3464 5163 v.
3490 5109 3594 5172 48.)

2245 5234 2454 5290 Rursus
2487 5245 2614 5286 vero
2648 5245 2659 5280 :

2435 5367 2548 5427 ipse
2574 5363 2805 5425 Quirinali
2820 5361 2964 5427 (lituo
2981 5371 3227 5421 parvaque
3274 5355 3487 5427 sedebat

2435 5415 2721 5478 succinctus
2746 5426 2929 5479 trabea,
2953 5415 3178 5483 lz'evaque
3203 5419 3375 5480 ancyle
3399 5415 3612 5483 gerebat
3775 5471 3785 5480 ο

2436 5493 2584 5539 Picus
2605 5477 2784 5552 equum
2809 5477 3037 5552 donator,
3061 5477 3210 5546 quem
3235 5477 3376 5544 capta
3406 5477 3650 5546 cupidine
3677 5477 3860 5533 coniux

2442 5554 2604 5602 Aurea
2631 5549 2915 5614 (tiereussum
2945 5549 3111 5614 virga,
3135 5557 3434 5614 versumque
3472 5551 3678 5614 ven‘ems

2451 5616 2591 5665 Fecit
2609 5602 2751 5663 avem
2775 5612 2933 5669 Circe,
2961 5602 3240 5674 sparsitque
3264 5602 3511 5656 coloribus
3530 5602 3649 5650 alas.

2970 5692 3150 5754 (idem,
3178 5703 3222 5739 υ.
3249 5689 3361 5746 187,
3383 5693 3436 5735 et
3455 5682 3625 5746 seqq.)

2251 5800 2408 5857 Plura
2439 5801 2503 5855 de
2533 5800 2632 5853 hac
2674 5797 2784 5850 Pici
2817 5799 2867 5850 in
2913 5810 3064 5850 avent
3123 5789 3572 5848 transmutatione
3615 5783 3857 5843 Ovidius,
