  <div class='ocr_page' id='page_1' title='image "/cluster/home/n/w/nwhite01/storage/ocr_20150623/3/hvd.32044054086798/348.png"; bbox 0 0 4264 6258; ppageno 0'>
   <div class='ocr_carea' id='block_1_1' title="bbox 393 319 499 378">
    <p class='ocr_par' dir='ltr' id='par_1_1' title="bbox 393 319 499 378">
     <span class='ocr_line' id='line_1_1' title="bbox 393 319 499 378; baseline -0.038 1"><span class='ocrx_word' id='word_1_1' title='bbox 393 319 499 378; x_wconf 78' lang='lat'><strong>597</strong></span> 
     </span>
    </p>
   </div>
   <div class='ocr_carea' id='block_1_2' title="bbox 1797 323 2266 382">
    <p class='ocr_par' dir='ltr' id='par_1_2' title="bbox 1797 323 2266 382">
     <span class='ocr_line' id='line_1_2' title="bbox 1797 323 2266 382; baseline 0.002 -4"><span class='ocrx_word' id='word_1_2' title='bbox 1797 323 2127 382; x_wconf 78' lang='lat' dir='ltr'><strong>DlSSERTA</strong></span> <span class='ocrx_word' id='word_1_3' title='bbox 2136 324 2266 380; x_wconf 79' lang='lat' dir='ltr'><strong>T10.</strong></span> 
     </span>
    </p>
   </div>
   <div class='ocr_carea' id='block_1_3' title="bbox 3600 331 3706 389">
    <p class='ocr_par' dir='ltr' id='par_1_3' title="bbox 3600 331 3706 389">
     <span class='ocr_line' id='line_1_3' title="bbox 3600 331 3706 389; baseline -0.028 -1"><span class='ocrx_word' id='word_1_4' title='bbox 3600 331 3706 389; x_wconf 78' lang='lat'><strong>598</strong></span> 
     </span>
    </p>
   </div>
   <div class='ocr_carea' id='block_1_4' title="bbox 389 436 3706 518">
    <p class='ocr_par' dir='ltr' id='par_1_4' title="bbox 389 436 3706 518">
     <span class='ocr_line' id='line_1_4' title="bbox 389 436 3706 518; baseline 0.004 -27"><span class='ocrx_word' id='word_1_5' title='bbox 389 452 552 509; x_wconf 85' lang='lat' dir='ltr'><strong>quem</strong></span> <span class='ocrx_word' id='word_1_6' title='bbox 583 437 766 508; x_wconf 81' lang='lat' dir='ltr'><strong>legere</strong></span> <span class='ocrx_word' id='word_1_7' title='bbox 806 436 1030 506; x_wconf 88' lang='lat' dir='ltr'><strong>poteris,</strong></span> <span class='ocrx_word' id='word_1_8' title='bbox 1059 440 1200 491; x_wconf 89' lang='lat' dir='ltr'><strong>sicut</strong></span> <span class='ocrx_word' id='word_1_9' title='bbox 1227 445 1284 491; x_wconf 88' lang='lat' dir='ltr'><strong>et</strong></span> <span class='ocrx_word' id='word_1_10' title='bbox 1317 436 1561 492; x_wconf 86' lang='lat' dir='ltr'><strong>Servium</strong></span> <span class='ocrx_word' id='word_1_11' title='bbox 1580 437 1638 491; x_wconf 88' lang='lat' dir='ltr'><strong>in</strong></span> <span class='ocrx_word' id='word_1_12' title='bbox 1667 437 1756 492; x_wconf 88' lang='lat' dir='ltr'><strong>illa</strong></span> <span class='ocrx_word' id='word_1_13' title='bbox 1789 437 1997 508; x_wconf 79' lang='lat' dir='ltr'><strong>Virgilii</strong></span> <span class='ocrx_word' id='word_1_14' title='bbox 2024 440 2076 501; x_wconf 84' lang='grc' dir='ltr'><strong>Α</strong></span> <span class='ocrx_word' id='word_1_15' title='bbox 2103 450 2469 510; x_wconf 87' lang='lat' dir='ltr'><strong>quassatorem</strong></span> <span class='ocrx_word' id='word_1_16' title='bbox 2494 445 2808 515; x_wconf 75' lang='lat' dir='ltr'><strong>nuncupari,</strong></span> <span class='ocrx_word' id='word_1_17' title='bbox 2839 460 3070 516; x_wconf 87' lang='lat' dir='ltr'><strong>eumque</strong></span> <span class='ocrx_word' id='word_1_18' title='bbox 3091 445 3264 516; x_wconf 86' lang='lat' dir='ltr'><strong>ipsum</strong></span> <span class='ocrx_word' id='word_1_19' title='bbox 3297 462 3436 513; x_wconf 87' lang='lat' dir='ltr'><strong>esse,</strong></span> <span class='ocrx_word' id='word_1_20' title='bbox 3463 447 3514 502; x_wconf 92' lang='lat' dir='ltr'><strong>in</strong></span> <span class='ocrx_word' id='word_1_21' title='bbox 3550 448 3706 518; x_wconf 84' lang='lat' dir='ltr'><strong>cujus</strong></span> 
     </span>
    </p>
   </div>
   <div class='ocr_carea' id='block_1_5' title="bbox 391 529 2004 603">
    <p class='ocr_par' dir='ltr' id='par_1_5' title="bbox 391 529 2004 603">
     <span class='ocr_line' id='line_1_5' title="bbox 391 529 2004 603; baseline 0.001 -18"><span class='ocrx_word' id='word_1_22' title='bbox 391 532 632 586; x_wconf 82' lang='lat' dir='ltr'><strong>carmina</strong></span> <span class='ocrx_word' id='word_1_23' title='bbox 684 529 864 603; x_wconf 83' lang='lat' dir='ltr'><strong>(Ovid.</strong></span> <span class='ocrx_word' id='word_1_24' title='bbox 920 531 1015 586; x_wconf 83' lang='lat' dir='ltr'><strong>lib.</strong></span> <span class='ocrx_word' id='word_1_25' title='bbox 1059 546 1147 584; x_wconf 81' lang='lat' dir='ltr'><strong>xw</strong></span> <span class='ocrx_word' id='word_1_26' title='bbox 1179 530 1388 586; x_wconf 74' lang='lat' dir='ltr'><strong>Metam.</strong></span> <span class='ocrx_word' id='word_1_27' title='bbox 1444 532 1551 599; x_wconf 78' lang='lat'><strong>§7,</strong></span> <span class='ocrx_word' id='word_1_28' title='bbox 1608 546 1727 602; x_wconf 90' lang='lat' dir='ltr'><strong>pag.</strong></span> <span class='ocrx_word' id='word_1_29' title='bbox 1774 531 1896 598; x_wconf 80' lang='lat' dir='ltr'><strong>5l7,</strong></span> <span class='ocrx_word' id='word_1_30' title='bbox 1950 542 2004 587; x_wconf 87' lang='lat' dir='ltr'><strong>et</strong></span> 
     </span>
    </p>
   </div>
   <div class='ocr_carea' id='block_1_6' title="bbox 393 623 1367 695">
    <p class='ocr_par' dir='ltr' id='par_1_6' title="bbox 393 623 1367 695">
     <span class='ocr_line' id='line_1_6' title="bbox 393 623 1367 695; baseline 0.001 -16"><span class='ocrx_word' id='word_1_31' title='bbox 393 639 550 695; x_wconf 84' lang='lat' dir='ltr'><strong>seqq.</strong></span> <span class='ocrx_word' id='word_1_32' title='bbox 577 625 728 679; x_wconf 85' lang='lat' dir='ltr'><strong>Serv.</strong></span> <span class='ocrx_word' id='word_1_33' title='bbox 765 625 819 678; x_wconf 92' lang='lat' dir='ltr'><strong>in</strong></span> <span class='ocrx_word' id='word_1_34' title='bbox 845 623 1029 694; x_wconf 81' lang='lat' dir='ltr'><strong>Virgil.</strong></span> <span class='ocrx_word' id='word_1_35' title='bbox 1060 640 1176 694; x_wconf 85' lang='lat' dir='ltr'><strong>pag.</strong></span> <span class='ocrx_word' id='word_1_36' title='bbox 1213 623 1367 695; x_wconf 70' lang='grc'>437).</span> 
     </span>
    </p>
   </div>
   <div class='ocr_carea' id='block_1_7' title="bbox 469 717 1998 788">
    <p class='ocr_par' dir='ltr' id='par_1_7' title="bbox 469 717 1998 788">
     <span class='ocr_line' id='line_1_7' title="bbox 469 717 1998 788; baseline 0.001 -15"><span class='ocrx_word' id='word_1_37' title='bbox 469 719 546 774; x_wconf 91' lang='lat' dir='ltr'><strong>De</strong></span> <span class='ocrx_word' id='word_1_38' title='bbox 574 718 826 774; x_wconf 89' lang='lat' dir='ltr'><strong>Tiberino</strong></span> <span class='ocrx_word' id='word_1_39' title='bbox 857 733 1070 788; x_wconf 92' lang='lat' dir='ltr'><strong>quoque</strong></span> <span class='ocrx_word' id='word_1_40' title='bbox 1099 719 1240 773; x_wconf 92' lang='lat' dir='ltr'><strong>idem</strong></span> <span class='ocrx_word' id='word_1_41' title='bbox 1288 728 1442 788; x_wconf 89' lang='lat' dir='ltr'><strong>poeta</strong></span> <span class='ocrx_word' id='word_1_42' title='bbox 1490 718 1590 774; x_wconf 91' lang='lat' dir='ltr'><strong>bos</strong></span> <span class='ocrx_word' id='word_1_43' title='bbox 1621 717 1745 774; x_wconf 86' lang='lat' dir='ltr'><strong>fecit</strong></span> <span class='ocrx_word' id='word_1_44' title='bbox 1773 734 1957 774; x_wconf 90' lang='lat' dir='ltr'><strong>versus</strong></span> <span class='ocrx_word' id='word_1_45' title='bbox 1986 737 1998 774; x_wconf 90' lang='lat'><strong>:</strong></span> 
     </span>
    </p>
   </div>
   <div class='ocr_carea' id='block_1_8' title="bbox 486 832 1722 896">
    <p class='ocr_par' dir='ltr' id='par_1_8' title="bbox 486 832 1722 896">
     <span class='ocr_line' id='line_1_8' title="bbox 486 832 1722 896; baseline 0 -12"><span class='ocrx_word' id='word_1_46' title='bbox 486 832 616 884; x_wconf 81' lang='lat' dir='ltr'><strong>Huic</strong></span> <span class='ocrx_word' id='word_1_47' title='bbox 633 833 772 884; x_wconf 88' lang='lat' dir='ltr'><strong>Deus</strong></span> <span class='ocrx_word' id='word_1_48' title='bbox 797 834 904 896; x_wconf 81' lang='lat' dir='ltr'><strong>ipse</strong></span> <span class='ocrx_word' id='word_1_49' title='bbox 927 834 1020 882; x_wconf 86' lang='lat' dir='ltr'><strong>loei</strong></span> <span class='ocrx_word' id='word_1_50' title='bbox 1045 835 1225 883; x_wconf 86' lang='lat' dir='ltr'><strong>ﬂuvius</strong></span> <span class='ocrx_word' id='word_1_51' title='bbox 1241 834 1520 896; x_wconf 82' lang='lat' dir='ltr'><strong>&#39;l‘yberinus</strong></span> <span class='ocrx_word' id='word_1_52' title='bbox 1535 847 1722 884; x_wconf 70' lang='lat' dir='ltr'><strong>ama-no</strong></span> 
     </span>
    </p>
   </div>
   <div class='ocr_carea' id='block_1_9' title="bbox 486 896 1646 960">
    <p class='ocr_par' dir='ltr' id='par_1_9' title="bbox 486 896 1646 960">
     <span class='ocr_line' id='line_1_9' title="bbox 486 896 1646 960; baseline 0.001 -16"><span class='ocrx_word' id='word_1_53' title='bbox 486 896 734 960; x_wconf 84' lang='lat' dir='ltr'><strong>Populeas</strong></span> <span class='ocrx_word' id='word_1_54' title='bbox 756 897 886 946; x_wconf 86' lang='lat' dir='ltr'><strong>inter</strong></span> <span class='ocrx_word' id='word_1_55' title='bbox 903 898 1068 945; x_wconf 87' lang='lat' dir='ltr'><strong>senior</strong></span> <span class='ocrx_word' id='word_1_56' title='bbox 1092 911 1146 944; x_wconf 83' lang='lat' dir='ltr'><strong>se</strong></span> <span class='ocrx_word' id='word_1_57' title='bbox 1173 897 1402 946; x_wconf 90' lang='lat' dir='ltr'><strong>attollere</strong></span> <span class='ocrx_word' id='word_1_58' title='bbox 1431 896 1646 945; x_wconf 84' lang='lat' dir='ltr'><strong>frondes.</strong></span> 
     </span>
    </p>
   </div>
   <div class='ocr_carea' id='block_1_10' title="bbox 776 977 1810 1045">
    <p class='ocr_par' dir='ltr' id='par_1_10' title="bbox 776 977 1810 1045">
     <span class='ocr_line' id='line_1_10' title="bbox 776 977 1810 1045; baseline 0.003 -18"><span class='ocrx_word' id='word_1_59' title='bbox 776 979 991 1043; x_wconf 70' lang='lat' dir='ltr'><strong>(Virgil,</strong></span> <span class='ocrx_word' id='word_1_60' title='bbox 1013 981 1047 1030; x_wconf 93' lang='lat' dir='ltr'><strong>l.</strong></span> <span class='ocrx_word' id='word_1_61' title='bbox 1072 996 1152 1028; x_wconf 79' lang='lat' dir='ltr'><strong>vin</strong></span> <span class='ocrx_word' id='word_1_62' title='bbox 1172 977 1380 1040; x_wconf 45' lang='lat' dir='ltr'><strong>facii,</strong></span> <span class='ocrx_word' id='word_1_63' title='bbox 1407 994 1452 1030; x_wconf 80' lang='grc' dir='ltr'><strong>υ.</strong></span> <span class='ocrx_word' id='word_1_64' title='bbox 1481 983 1559 1040; x_wconf 81' lang='lat'><strong>31,</strong></span> <span class='ocrx_word' id='word_1_65' title='bbox 1587 987 1629 1030; x_wconf 84' lang='lat' dir='ltr'><strong>et</strong></span> <span class='ocrx_word' id='word_1_66' title='bbox 1652 981 1810 1045; x_wconf 86' lang='lat' dir='ltr'><strong>seqq.)</strong></span> 
     </span>
    </p>
   </div>
   <div class='ocr_carea' id='block_1_11' title="bbox 395 1098 1990 1179">
    <p class='ocr_par' dir='ltr' id='par_1_11' title="bbox 395 1098 1990 1179">
     <span class='ocr_line' id='line_1_11' title="bbox 395 1098 1990 1179; baseline -0.002 -16"><span class='ocrx_word' id='word_1_67' title='bbox 395 1110 497 1178; x_wconf 80' lang='lat' dir='ltr'><strong>Qui</strong></span> <span class='ocrx_word' id='word_1_68' title='bbox 527 1109 595 1164; x_wconf 88' lang='lat' dir='ltr'><strong>de</strong></span> <span class='ocrx_word' id='word_1_69' title='bbox 623 1108 716 1162; x_wconf 90' lang='lat' dir='ltr'><strong>illo</strong></span> <span class='ocrx_word' id='word_1_70' title='bbox 745 1109 894 1178; x_wconf 87' lang='lat' dir='ltr'><strong>plura</strong></span> <span class='ocrx_word' id='word_1_71' title='bbox 924 1108 1270 1172; x_wconf 88' lang='lat' dir='ltr'><strong>desiderabit,</strong></span> <span class='ocrx_word' id='word_1_72' title='bbox 1303 1108 1348 1162; x_wconf 91' lang='lat' dir='ltr'><strong>is</strong></span> <span class='ocrx_word' id='word_1_73' title='bbox 1385 1098 1630 1163; x_wconf 77' lang='lat' dir='ltr'><strong>consulat</strong></span> <span class='ocrx_word' id='word_1_74' title='bbox 1679 1109 1990 1179; x_wconf 81' lang='lat' dir='ltr'><strong>Dionysium</strong></span> 
     </span>
    </p>
   </div>
   <div class='ocr_carea' id='block_1_12' title="bbox 395 1203 1992 1271">
    <p class='ocr_par' dir='ltr' id='par_1_12' title="bbox 395 1203 1992 1271">
     <span class='ocr_line' id='line_1_12' title="bbox 395 1203 1992 1271; baseline -0.002 -12"><span class='ocrx_word' id='word_1_75' title='bbox 395 1204 857 1260; x_wconf 78' lang='lat' dir='ltr'><strong>Halicarnasseum</strong></span> <span class='ocrx_word' id='word_1_76' title='bbox 903 1203 996 1257; x_wconf 91' lang='lat' dir='ltr'><strong>lib.</strong></span> <span class='ocrx_word' id='word_1_77' title='bbox 1051 1219 1067 1256; x_wconf 90' lang='grc' dir='ltr'><strong>ι</strong></span> <span class='ocrx_word' id='word_1_78' title='bbox 1121 1203 1436 1271; x_wconf 87' lang='lat' dir='ltr'><strong>Antiquitat.</strong></span> <span class='ocrx_word' id='word_1_79' title='bbox 1505 1203 1662 1257; x_wconf 83' lang='lat' dir='ltr'><strong>Rom.</strong></span> <span class='ocrx_word' id='word_1_80' title='bbox 1731 1218 1850 1271; x_wconf 87' lang='lat' dir='ltr'><strong>pag.</strong></span> <span class='ocrx_word' id='word_1_81' title='bbox 1903 1203 1992 1266; x_wconf 65' lang='lat'><strong>4‘57;</strong></span> 
     </span>
    </p>
   </div>
   <div class='ocr_carea' id='block_1_13' title="bbox 393 1297 1992 1369">
    <p class='ocr_par' dir='ltr' id='par_1_13' title="bbox 393 1297 1992 1369">
     <span class='ocr_line' id='line_1_13' title="bbox 393 1297 1992 1369; baseline -0.001 -15"><span class='ocrx_word' id='word_1_82' title='bbox 393 1299 600 1354; x_wconf 88' lang='lat' dir='ltr'><strong>Livium</strong></span> <span class='ocrx_word' id='word_1_83' title='bbox 627 1298 722 1352; x_wconf 87' lang='lat' dir='ltr'><strong>lib.</strong></span> <span class='ocrx_word' id='word_1_84' title='bbox 754 1314 791 1363; x_wconf 87' lang='grc' dir='ltr'>ι,</span> <span class='ocrx_word' id='word_1_85' title='bbox 829 1313 947 1368; x_wconf 85' lang='lat' dir='ltr'><strong>pag.</strong></span> <span class='ocrx_word' id='word_1_86' title='bbox 976 1298 1032 1361; x_wconf 71' lang='lat'><strong>2;</strong></span> <span class='ocrx_word' id='word_1_87' title='bbox 1067 1301 1356 1353; x_wconf 77' lang='lat' dir='ltr'><strong>Auctorem</strong></span> <span class='ocrx_word' id='word_1_88' title='bbox 1379 1297 1471 1352; x_wconf 85' lang='lat' dir='ltr'><strong>lib.</strong></span> <span class='ocrx_word' id='word_1_89' title='bbox 1494 1298 1561 1352; x_wconf 91' lang='lat' dir='ltr'><strong>de</strong></span> <span class='ocrx_word' id='word_1_90' title='bbox 1589 1298 1820 1368; x_wconf 81' lang='lat' dir='ltr'><strong>Origene</strong></span> <span class='ocrx_word' id='word_1_91' title='bbox 1845 1308 1992 1369; x_wconf 89' lang='lat' dir='ltr'><strong>gent.</strong></span> 
     </span>
    </p>
   </div>
   <div class='ocr_carea' id='block_1_14' title="bbox 399 1391 1874 1447">
    <p class='ocr_par' dir='ltr' id='par_1_14' title="bbox 399 1391 1874 1447">
     <span class='ocr_line' id='line_1_14' title="bbox 399 1391 1874 1447; baseline -0.003 -1"><span class='ocrx_word' id='word_1_92' title='bbox 399 1392 556 1447; x_wconf 81' lang='lat' dir='ltr'><strong>Rom.</strong></span> <span class='ocrx_word' id='word_1_93' title='bbox 591 1401 644 1444; x_wconf 89' lang='lat' dir='ltr'><strong>et</strong></span> <span class='ocrx_word' id='word_1_94' title='bbox 671 1391 823 1445; x_wconf 89' lang='lat' dir='ltr'><strong>alias.</strong></span> <span class='ocrx_word' id='word_1_95' title='bbox 1856 1401 1874 1414; x_wconf 58' lang='grc' dir='ltr'><em>ί</em></span> 
     </span>
    </p>
   </div>
   <div class='ocr_carea' id='block_1_15' title="bbox 469 1484 1999 1555">
    <p class='ocr_par' dir='ltr' id='par_1_15' title="bbox 469 1484 1999 1555">
     <span class='ocr_line' id='line_1_15' title="bbox 469 1484 1999 1555; baseline 0.003 -17"><span class='ocrx_word' id='word_1_96' title='bbox 469 1485 544 1539; x_wconf 87' lang='lat' dir='ltr'><strong>De</strong></span> <span class='ocrx_word' id='word_1_97' title='bbox 569 1484 817 1539; x_wconf 84' lang='lat' dir='ltr'><strong>Pilumno</strong></span> <span class='ocrx_word' id='word_1_98' title='bbox 842 1496 1022 1540; x_wconf 85' lang='lat' dir='ltr'><strong>autem</strong></span> <span class='ocrx_word' id='word_1_99' title='bbox 1043 1485 1320 1555; x_wconf 74' lang='lat' dir='ltr'><strong>Virgilium</strong></span> <span class='ocrx_word' id='word_1_100' title='bbox 1351 1486 1528 1541; x_wconf 90' lang='lat' dir='ltr'><strong>adhuc</strong></span> <span class='ocrx_word' id='word_1_101' title='bbox 1555 1487 1854 1554; x_wconf 85' lang='lat' dir='ltr'><strong>audiamus,</strong></span> <span class='ocrx_word' id='word_1_102' title='bbox 1886 1487 1999 1542; x_wconf 86' lang='lat' dir='ltr'><strong>haec</strong></span> 
     </span>
    </p>
   </div>
   <div class='ocr_carea' id='block_1_16' title="bbox 396 1586 734 1634">
    <p class='ocr_par' dir='ltr' id='par_1_16' title="bbox 396 1586 734 1634">
     <span class='ocr_line' id='line_1_16' title="bbox 396 1586 734 1634; baseline 0 0"><span class='ocrx_word' id='word_1_103' title='bbox 396 1586 681 1634; x_wconf 76' lang='lat' dir='ltr'><strong>canentem</strong></span> <span class='ocrx_word' id='word_1_104' title='bbox 722 1599 734 1634; x_wconf 93' lang='lat'>:</span> 
     </span>
    </p>
   </div>
   <div class='ocr_carea' id='block_1_17' title="bbox 641 1695 1752 1756">
    <p class='ocr_par' dir='ltr' id='par_1_17' title="bbox 641 1695 1752 1756">
     <span class='ocr_line' id='line_1_17' title="bbox 641 1695 1752 1756; baseline 0.002 -13"><span class='ocrx_word' id='word_1_105' title='bbox 641 1729 681 1756; x_wconf 17' lang='grc' dir='ltr'><strong>,ί</strong></span> <span class='ocrx_word' id='word_1_106' title='bbox 758 1731 770 1742; x_wconf 93' lang='grc'><strong><em>.</em></strong></span> <span class='ocrx_word' id='word_1_107' title='bbox 876 1732 888 1743; x_wconf 94' lang='grc'><strong>.</strong></span> <span class='ocrx_word' id='word_1_108' title='bbox 991 1735 999 1744; x_wconf 96' lang='grc'><em>.</em></span> <span class='ocrx_word' id='word_1_109' title='bbox 1096 1695 1231 1743; x_wconf 82' lang='lat' dir='ltr'><strong>Luco</strong></span> <span class='ocrx_word' id='word_1_110' title='bbox 1255 1701 1358 1744; x_wconf 91' lang='lat' dir='ltr'><strong>tum</strong></span> <span class='ocrx_word' id='word_1_111' title='bbox 1381 1695 1506 1744; x_wconf 81' lang='lat' dir='ltr'><strong>forte.</strong></span> <span class='ocrx_word' id='word_1_112' title='bbox 1532 1697 1752 1756; x_wconf 80' lang='lat' dir='ltr'><strong>parentis</strong></span> 
     </span>
    </p>
   </div>
   <div class='ocr_carea' id='block_1_18' title="bbox 613 1755 1651 1809">
    <p class='ocr_par' dir='ltr' id='par_1_18' title="bbox 613 1755 1651 1809">
     <span class='ocr_line' id='line_1_18' title="bbox 613 1755 1651 1809; baseline 0.003 -5"><span class='ocrx_word' id='word_1_113' title='bbox 613 1755 828 1806; x_wconf 84' lang='lat' dir='ltr'><strong>Pilumni</strong></span> <span class='ocrx_word' id='word_1_114' title='bbox 846 1756 1043 1808; x_wconf 87' lang='lat' dir='ltr'><strong>Turnus</strong></span> <span class='ocrx_word' id='word_1_115' title='bbox 1062 1768 1250 1808; x_wconf 86' lang='lat' dir='ltr'><strong>sacrata</strong></span> <span class='ocrx_word' id='word_1_116' title='bbox 1274 1759 1399 1809; x_wconf 82' lang='lat' dir='ltr'><strong>valle</strong></span> <span class='ocrx_word' id='word_1_117' title='bbox 1426 1755 1651 1809; x_wconf 85' lang='lat' dir='ltr'><strong>sedebat.</strong></span> 
     </span>
    </p>
   </div>
   <div class='ocr_carea' id='block_1_19' title="bbox 1068 1840 1803 1904">
    <p class='ocr_par' dir='ltr' id='par_1_19' title="bbox 1068 1840 1803 1904">
     <span class='ocr_line' id='line_1_19' title="bbox 1068 1840 1803 1904; baseline 0.003 -14"><span class='ocrx_word' id='word_1_118' title='bbox 1068 1842 1200 1903; x_wconf 88' lang='lat' dir='ltr'><strong>(Lib.</strong></span> <span class='ocrx_word' id='word_1_119' title='bbox 1231 1857 1278 1891; x_wconf 83' lang='lat' dir='ltr'><strong>ix</strong></span> <span class='ocrx_word' id='word_1_120' title='bbox 1301 1840 1512 1903; x_wconf 59' lang='grc' dir='ltr'><strong>,ιΕιιεξίίη</strong></span> <span class='ocrx_word' id='word_1_121' title='bbox 1530 1856 1572 1893; x_wconf 81' lang='grc' dir='ltr'><strong>υ.</strong></span> <span class='ocrx_word' id='word_1_122' title='bbox 1601 1843 1632 1890; x_wconf 78' lang='grc'><strong>5</strong></span> <span class='ocrx_word' id='word_1_123' title='bbox 1657 1850 1708 1892; x_wconf 92' lang='lat' dir='ltr'><strong>ct</strong></span> <span class='ocrx_word' id='word_1_124' title='bbox 1729 1843 1803 1904; x_wconf 70' lang='grc'><strong>4.)</strong></span> 
     </span>
    </p>
   </div>
   <div class='ocr_carea' id='block_1_20' title="bbox 399 1943 1287 2016">
    <p class='ocr_par' dir='ltr' id='par_1_20' title="bbox 399 1943 1287 2016">
     <span class='ocr_line' id='line_1_20' title="bbox 399 1943 1287 2016; baseline 0.001 -17"><span class='ocrx_word' id='word_1_125' title='bbox 399 1943 572 2014; x_wconf 86' lang='lat' dir='ltr'><strong>Atque</strong></span> <span class='ocrx_word' id='word_1_126' title='bbox 599 1946 790 2000; x_wconf 86' lang='lat' dir='ltr'><strong>iterum</strong></span> <span class='ocrx_word' id='word_1_127' title='bbox 823 1945 960 2000; x_wconf 89' lang='lat' dir='ltr'><strong>libro</strong></span> <span class='ocrx_word' id='word_1_128' title='bbox 985 1955 1244 2016; x_wconf 87' lang='lat' dir='ltr'><strong>sequente</strong></span> <span class='ocrx_word' id='word_1_129' title='bbox 1275 1966 1287 2000; x_wconf 87' lang='lat'><strong>:</strong></span> 
     </span>
    </p>
   </div>
   <div class='ocr_carea' id='block_1_21' title="bbox 491 2055 1797 2120">
    <p class='ocr_par' dir='ltr' id='par_1_21' title="bbox 491 2055 1797 2120">
     <span class='ocr_line' id='line_1_21' title="bbox 491 2055 1797 2120; baseline 0.004 -17"><span class='ocrx_word' id='word_1_130' title='bbox 491 2055 749 2120; x_wconf 68' lang='lat' dir='ltr'><strong>Indignum</strong></span> <span class='ocrx_word' id='word_1_131' title='bbox 773 2066 846 2106; x_wconf 88' lang='lat' dir='ltr'><strong>est</strong></span> <span class='ocrx_word' id='word_1_132' title='bbox 868 2057 1017 2106; x_wconf 86' lang='lat' dir='ltr'><strong>Italos</strong></span> <span class='ocrx_word' id='word_1_133' title='bbox 1039 2058 1077 2107; x_wconf 88' lang='grc' dir='ltr'>Τ</span> <span class='ocrx_word' id='word_1_134' title='bbox 1087 2061 1234 2120; x_wconf 85' lang='lat' dir='ltr'><strong>rojam</strong></span> <span class='ocrx_word' id='word_1_135' title='bbox 1260 2059 1564 2107; x_wconf 86' lang='lat' dir='ltr'><strong>circumdare</strong></span> <span class='ocrx_word' id='word_1_136' title='bbox 1590 2061 1797 2109; x_wconf 85' lang='lat' dir='ltr'><strong>ﬂammis</strong></span> 
     </span>
    </p>
   </div>
   <div class='ocr_carea' id='block_1_22' title="bbox 491 2118 1771 2184">
    <p class='ocr_par' dir='ltr' id='par_1_22' title="bbox 491 2118 1771 2184">
     <span class='ocr_line' id='line_1_22' title="bbox 491 2118 1771 2184; baseline 0.005 -18"><span class='ocrx_word' id='word_1_137' title='bbox 491 2118 801 2184; x_wconf 53' lang='lat' dir='ltr'><strong>ﬁasgentem,</strong></span> <span class='ocrx_word' id='word_1_138' title='bbox 829 2129 882 2168; x_wconf 91' lang='lat' dir='ltr'><strong>et</strong></span> <span class='ocrx_word' id='word_1_139' title='bbox 907 2121 1060 2182; x_wconf 88' lang='lat' dir='ltr'><strong>patria</strong></span> <span class='ocrx_word' id='word_1_140' title='bbox 1078 2118 1298 2184; x_wconf 78' lang='lat' dir='ltr'><strong>&#39;l‘tirnum</strong></span> <span class='ocrx_word' id='word_1_141' title='bbox 1323 2124 1593 2184; x_wconf 83' lang='lat' dir='ltr'><strong>consistere</strong></span> <span class='ocrx_word' id='word_1_142' title='bbox 1620 2131 1771 2184; x_wconf 86' lang='lat' dir='ltr'><strong>terra,</strong></span> 
     </span>
    </p>
   </div>
   <div class='ocr_carea' id='block_1_23' title="bbox 489 2179 1649 2241">
    <p class='ocr_par' dir='ltr' id='par_1_23' title="bbox 489 2179 1649 2241">
     <span class='ocr_line' id='line_1_23' title="bbox 489 2179 1649 2241; baseline 0.003 -12"><span class='ocrx_word' id='word_1_143' title='bbox 489 2179 574 2230; x_wconf 87' lang='lat' dir='ltr'><strong>Cui</strong></span> <span class='ocrx_word' id='word_1_144' title='bbox 593 2180 842 2231; x_wconf 84' lang='lat' dir='ltr'><strong>Pilumnus</strong></span> <span class='ocrx_word' id='word_1_145' title='bbox 865 2179 1002 2241; x_wconf 79' lang='lat' dir='ltr'><strong>avus,</strong></span> <span class='ocrx_word' id='word_1_146' title='bbox 1027 2186 1104 2232; x_wconf 82' lang='lat' dir='ltr'><strong>cui</strong></span> <span class='ocrx_word' id='word_1_147' title='bbox 1123 2182 1234 2233; x_wconf 86' lang='lat' dir='ltr'><strong>diva</strong></span> <span class='ocrx_word' id='word_1_148' title='bbox 1259 2182 1453 2231; x_wconf 74' lang='lat' dir='ltr'><strong>Venilia</strong></span> <span class='ocrx_word' id='word_1_149' title='bbox 1477 2193 1649 2233; x_wconf 86' lang='lat' dir='ltr'><strong>mater.</strong></span> 
     </span>
    </p>
   </div>
   <div class='ocr_carea' id='block_1_24' title="bbox 1208 2289 1836 2356">
    <p class='ocr_par' dir='ltr' id='par_1_24' title="bbox 1208 2289 1836 2356">
     <span class='ocr_line' id='line_1_24' title="bbox 1208 2289 1836 2356; baseline 0 -18"><span class='ocrx_word' id='word_1_150' title='bbox 1208 2289 1338 2353; x_wconf 88' lang='lat' dir='ltr'><strong>(Lib.</strong></span> <span class='ocrx_word' id='word_1_151' title='bbox 1358 2304 1408 2350; x_wconf 88' lang='lat' dir='ltr'><strong>x,</strong></span> <span class='ocrx_word' id='word_1_152' title='bbox 1432 2304 1477 2340; x_wconf 87' lang='grc' dir='ltr'><strong>υ.</strong></span> <span class='ocrx_word' id='word_1_153' title='bbox 1502 2290 1581 2351; x_wconf 74' lang='grc'><strong>74,</strong></span> <span class='ocrx_word' id='word_1_154' title='bbox 1603 2297 1646 2341; x_wconf 85' lang='lat' dir='ltr'><strong>et</strong></span> <span class='ocrx_word' id='word_1_155' title='bbox 1681 2290 1836 2356; x_wconf 82' lang='lat' dir='ltr'><strong>seqq.)</strong></span> 
     </span>
    </p>
   </div>
   <div class='ocr_carea' id='block_1_25' title="bbox 393 2391 1992 2464">
    <p class='ocr_par' dir='ltr' id='par_1_25' title="bbox 393 2391 1992 2464">
     <span class='ocr_line' id='line_1_25' title="bbox 393 2391 1992 2464; baseline 0.002 -18"><span class='ocrx_word' id='word_1_156' title='bbox 393 2391 560 2448; x_wconf 89' lang='lat' dir='ltr'><strong>Porro</strong></span> <span class='ocrx_word' id='word_1_157' title='bbox 590 2403 768 2447; x_wconf 90' lang='lat' dir='ltr'><strong>autem</strong></span> <span class='ocrx_word' id='word_1_158' title='bbox 809 2391 1028 2448; x_wconf 84' lang='lat' dir='ltr'><strong>Servius</strong></span> <span class='ocrx_word' id='word_1_159' title='bbox 1071 2393 1122 2448; x_wconf 92' lang='lat' dir='ltr'><strong>in</strong></span> <span class='ocrx_word' id='word_1_160' title='bbox 1152 2395 1357 2464; x_wconf 80' lang='lat' dir='ltr'><strong>priores</strong></span> <span class='ocrx_word' id='word_1_161' title='bbox 1384 2395 1483 2449; x_wconf 90' lang='lat' dir='ltr'><strong>bos</strong></span> <span class='ocrx_word' id='word_1_162' title='bbox 1510 2411 1696 2450; x_wconf 88' lang='lat' dir='ltr'><strong>versus</strong></span> <span class='ocrx_word' id='word_1_163' title='bbox 1749 2395 1992 2449; x_wconf 84' lang='lat' dir='ltr'><strong>animad-</strong></span> 
     </span>
    </p>
   </div>
   <div class='ocr_carea' id='block_1_26' title="bbox 396 2486 1985 2558">
    <p class='ocr_par' dir='ltr' id='par_1_26' title="bbox 396 2486 1985 2558">
     <span class='ocr_line' id='line_1_26' title="bbox 396 2486 1985 2558; baseline 0.002 -19"><span class='ocrx_word' id='word_1_164' title='bbox 396 2487 554 2541; x_wconf 80' lang='lat' dir='ltr'><strong>vertit</strong></span> <span class='ocrx_word' id='word_1_165' title='bbox 583 2486 906 2553; x_wconf 79' lang='lat' dir='ltr'><strong>Pilumnum,</strong></span> <span class='ocrx_word' id='word_1_166' title='bbox 935 2487 1022 2556; x_wconf 89' lang='lat' dir='ltr'><strong>qui</strong></span> <span class='ocrx_word' id='word_1_167' title='bbox 1057 2487 1194 2542; x_wconf 89' lang='lat' dir='ltr'><strong>idem</strong></span> <span class='ocrx_word' id='word_1_168' title='bbox 1231 2488 1579 2558; x_wconf 83' lang='lat' dir='ltr'><strong>proculdubio</strong></span> <span class='ocrx_word' id='word_1_169' title='bbox 1611 2499 1691 2543; x_wconf 89' lang='lat' dir='ltr'><strong>est</strong></span> <span class='ocrx_word' id='word_1_170' title='bbox 1716 2497 1874 2558; x_wconf 90' lang='lat' dir='ltr'><strong>atque</strong></span> <span class='ocrx_word' id='word_1_171' title='bbox 1901 2489 1985 2544; x_wconf 81' lang='lat' dir='ltr'><strong>Pi-</strong></span> 
     </span>
    </p>
   </div>
   <div class='ocr_carea' id='block_1_27' title="bbox 391 2583 1990 2654">
    <p class='ocr_par' dir='ltr' id='par_1_27' title="bbox 391 2583 1990 2654">
     <span class='ocr_line' id='line_1_27' title="bbox 391 2583 1990 2654; baseline -0.001 -16"><span class='ocrx_word' id='word_1_172' title='bbox 391 2598 636 2644; x_wconf 86' lang='lat' dir='ltr'><strong>cumnus,</strong></span> <span class='ocrx_word' id='word_1_173' title='bbox 691 2593 746 2637; x_wconf 91' lang='lat' dir='ltr'><strong>et</strong></span> <span class='ocrx_word' id='word_1_174' title='bbox 789 2583 856 2637; x_wconf 88' lang='lat' dir='ltr'><strong>ab</strong></span> <span class='ocrx_word' id='word_1_175' title='bbox 901 2592 1119 2638; x_wconf 88' lang='lat' dir='ltr'><strong>auctore</strong></span> <span class='ocrx_word' id='word_1_176' title='bbox 1161 2593 1346 2638; x_wconf 84' lang='lat' dir='ltr'><strong>nostro</strong></span> <span class='ocrx_word' id='word_1_177' title='bbox 1375 2584 1587 2654; x_wconf 89' lang='lat' dir='ltr'><strong>parvula</strong></span> <span class='ocrx_word' id='word_1_178' title='bbox 1619 2585 1990 2637; x_wconf 86' lang='lat' dir='ltr'><strong>immutatione</strong></span> 
     </span>
    </p>
   </div>
   <div class='ocr_carea' id='block_1_28' title="bbox 389 2674 1986 2742">
    <p class='ocr_par' dir='ltr' id='par_1_28' title="bbox 389 2674 1986 2742">
     <span class='ocr_line' id='line_1_28' title="bbox 389 2674 1986 2742; baseline -0.002 -11"><span class='ocrx_word' id='word_1_179' title='bbox 389 2677 458 2731; x_wconf 91' lang='lat' dir='ltr'><strong>ita</strong></span> <span class='ocrx_word' id='word_1_180' title='bbox 488 2685 728 2742; x_wconf 80' lang='lat' dir='ltr'><strong>vocatur,</strong></span> <span class='ocrx_word' id='word_1_181' title='bbox 764 2675 980 2730; x_wconf 89' lang='lat' dir='ltr'><strong>fratrem</strong></span> <span class='ocrx_word' id='word_1_182' title='bbox 1011 2674 1173 2730; x_wconf 85' lang='lat' dir='ltr'><strong>fuisse</strong></span> <span class='ocrx_word' id='word_1_183' title='bbox 1209 2675 1502 2730; x_wconf 90' lang='lat' dir='ltr'><strong>Pitbumni.</strong></span> <span class='ocrx_word' id='word_1_184' title='bbox 1548 2675 1645 2730; x_wconf 84' lang='lat' dir='ltr'><strong>llic</strong></span> <span class='ocrx_word' id='word_1_185' title='bbox 1674 2685 1849 2730; x_wconf 90' lang='lat' dir='ltr'><strong>autem</strong></span> <span class='ocrx_word' id='word_1_186' title='bbox 1879 2674 1986 2729; x_wconf 86' lang='lat' dir='ltr'><strong>fer-</strong></span> 
     </span>
    </p>
   </div>
   <div class='ocr_carea' id='block_1_29' title="bbox 390 2768 1988 2840">
    <p class='ocr_par' dir='ltr' id='par_1_29' title="bbox 390 2768 1988 2840">
     <span class='ocr_line' id='line_1_29' title="bbox 390 2768 1988 2840; baseline -0.001 -17"><span class='ocrx_word' id='word_1_187' title='bbox 390 2780 496 2836; x_wconf 90' lang='lat' dir='ltr'><strong>tur,</strong></span> <span class='ocrx_word' id='word_1_188' title='bbox 525 2770 695 2839; x_wconf 88' lang='lat' dir='ltr'><strong>inquit</strong></span> <span class='ocrx_word' id='word_1_189' title='bbox 732 2769 872 2823; x_wconf 90' lang='lat' dir='ltr'><strong>idem</strong></span> <span class='ocrx_word' id='word_1_190' title='bbox 919 2768 1158 2833; x_wconf 88' lang='lat' dir='ltr'><strong>Servius,</strong></span> <span class='ocrx_word' id='word_1_191' title='bbox 1214 2785 1367 2823; x_wconf 91' lang='lat' dir='ltr'><strong>usum</strong></span> <span class='ocrx_word' id='word_1_192' title='bbox 1415 2770 1684 2824; x_wconf 88' lang='lat' dir='ltr'><strong>invenisse</strong></span> <span class='ocrx_word' id='word_1_193' title='bbox 1737 2785 1988 2840; x_wconf 84' lang='lat' dir='ltr'><strong>agrorum</strong></span> 
     </span>
    </p>
   </div>
   <div class='ocr_carea' id='block_1_30' title="bbox 385 2861 1991 2931">
    <p class='ocr_par' dir='ltr' id='par_1_30' title="bbox 385 2861 1991 2931">
     <span class='ocr_line' id='line_1_30' title="bbox 385 2861 1991 2931; baseline -0.001 -15"><span class='ocrx_word' id='word_1_194' title='bbox 385 2861 878 2926; x_wconf 80' lang='lat' dir='ltr'><strong>stercorandorum,</strong></span> <span class='ocrx_word' id='word_1_195' title='bbox 910 2871 1066 2931; x_wconf 90' lang='lat' dir='ltr'><strong>atque</strong></span> <span class='ocrx_word' id='word_1_196' title='bbox 1095 2861 1294 2916; x_wconf 91' lang='lat' dir='ltr'><strong>idcirco</strong></span> <span class='ocrx_word' id='word_1_197' title='bbox 1317 2862 1621 2931; x_wconf 88' lang='lat' dir='ltr'><strong>impositum</strong></span> <span class='ocrx_word' id='word_1_198' title='bbox 1647 2862 1720 2915; x_wconf 92' lang='lat' dir='ltr'><strong>illi</strong></span> <span class='ocrx_word' id='word_1_199' title='bbox 1752 2863 1991 2931; x_wconf 84' lang='lat' dir='ltr'><strong>Sterqui-</strong></span> 
     </span>
    </p>
   </div>
   <div class='ocr_carea' id='block_1_31' title="bbox 388 2954 1988 3025">
    <p class='ocr_par' dir='ltr' id='par_1_31' title="bbox 388 2954 1988 3025">
     <span class='ocr_line' id='line_1_31' title="bbox 388 2954 1988 3025; baseline 0.001 -17"><span class='ocrx_word' id='word_1_200' title='bbox 388 2954 504 3008; x_wconf 89' lang='lat' dir='ltr'><strong>liuii</strong></span> <span class='ocrx_word' id='word_1_201' title='bbox 575 2969 791 3008; x_wconf 88' lang='lat' dir='ltr'><strong>nomen.</strong></span> <span class='ocrx_word' id='word_1_202' title='bbox 857 2955 1067 3008; x_wconf 51' lang='lat' dir='ltr'><strong>Prin‘ms</strong></span> <span class='ocrx_word' id='word_1_203' title='bbox 1131 2970 1344 3025; x_wconf 89' lang='lat' dir='ltr'><strong>quoque</strong></span> <span class='ocrx_word' id='word_1_204' title='bbox 1405 2954 1601 3008; x_wconf 88' lang='lat' dir='ltr'><strong>dicitur</strong></span> <span class='ocrx_word' id='word_1_205' title='bbox 1655 2955 1988 3024; x_wconf 77' lang='lat' dir='ltr'><strong>excogitasse</strong></span> 
     </span>
    </p>
   </div>
   <div class='ocr_carea' id='block_1_32' title="bbox 395 3046 1989 3118">
    <p class='ocr_par' dir='ltr' id='par_1_32' title="bbox 395 3046 1989 3118">
     <span class='ocr_line' id='line_1_32' title="bbox 395 3046 1989 3118; baseline 0.003 -18"><span class='ocrx_word' id='word_1_206' title='bbox 395 3067 412 3100; x_wconf 76' lang='grc' dir='ltr'><strong>ι</strong></span> <span class='ocrx_word' id='word_1_207' title='bbox 446 3047 685 3117; x_wconf 86' lang='lat' dir='ltr'><strong>pinsendi</strong></span> <span class='ocrx_word' id='word_1_208' title='bbox 737 3046 987 3101; x_wconf 89' lang='lat' dir='ltr'><strong>frumenti</strong></span> <span class='ocrx_word' id='word_1_209' title='bbox 1020 3067 1038 3100; x_wconf 73' lang='grc' dir='ltr'><strong>ι</strong></span> <span class='ocrx_word' id='word_1_210' title='bbox 1100 3060 1293 3117; x_wconf 85' lang='lat' dir='ltr'><strong>artem,</strong></span> <span class='ocrx_word' id='word_1_211' title='bbox 1345 3048 1570 3118; x_wconf 88' lang='lat' dir='ltr'><strong>ideoque</strong></span> <span class='ocrx_word' id='word_1_212' title='bbox 1623 3064 1652 3102; x_wconf 89' lang='lat' dir='ltr'><strong>a</strong></span> <span class='ocrx_word' id='word_1_213' title='bbox 1702 3049 1989 3118; x_wconf 85' lang='lat' dir='ltr'><strong>pistoribus</strong></span> 
     </span>
    </p>
   </div>
   <div class='ocr_carea' id='block_1_33' title="bbox 388 3138 1990 3211">
    <p class='ocr_par' dir='ltr' id='par_1_33' title="bbox 388 3138 1990 3211">
     <span class='ocr_line' id='line_1_33' title="bbox 388 3138 1990 3211; baseline 0.001 -17"><span class='ocrx_word' id='word_1_214' title='bbox 388 3139 512 3194; x_wconf 91' lang='lat' dir='ltr'><strong>coli.</strong></span> <span class='ocrx_word' id='word_1_215' title='bbox 544 3139 754 3209; x_wconf 84' lang='lat' dir='ltr'><strong>Adjecit</strong></span> <span class='ocrx_word' id='word_1_216' title='bbox 779 3149 956 3193; x_wconf 90' lang='lat' dir='ltr'><strong>tamen</strong></span> <span class='ocrx_word' id='word_1_217' title='bbox 991 3138 1209 3194; x_wconf 75' lang='lat' dir='ltr'><strong>Servius</strong></span> <span class='ocrx_word' id='word_1_218' title='bbox 1240 3152 1522 3211; x_wconf 91' lang='lat' dir='ltr'><strong>utrumque</strong></span> <span class='ocrx_word' id='word_1_219' title='bbox 1553 3140 1896 3194; x_wconf 89' lang='lat' dir='ltr'><strong>Pitbumnum</strong></span> <span class='ocrx_word' id='word_1_220' title='bbox 1935 3150 1990 3195; x_wconf 86' lang='lat' dir='ltr'><strong>et</strong></span> 
     </span>
    </p>
   </div>
   <div class='ocr_carea' id='block_1_34' title="bbox 2105 533 3709 609">
    <p class='ocr_par' dir='ltr' id='par_1_34' title="bbox 2105 533 3709 609">
     <span class='ocr_line' id='line_1_34' title="bbox 2105 533 3709 609; baseline 0.006 -21"><span class='ocrx_word' id='word_1_221' title='bbox 2105 533 2364 590; x_wconf 82' lang='lat' dir='ltr'><strong>honorem</strong></span> <span class='ocrx_word' id='word_1_222' title='bbox 2414 538 2567 594; x_wconf 90' lang='lat' dir='ltr'><strong>ludos</strong></span> <span class='ocrx_word' id='word_1_223' title='bbox 2605 555 2766 609; x_wconf 83' lang='lat' dir='ltr'><strong>supra</strong></span> <span class='ocrx_word' id='word_1_224' title='bbox 2817 551 3142 596; x_wconf 89' lang='lat' dir='ltr'><strong>memoratos</strong></span> <span class='ocrx_word' id='word_1_225' title='bbox 3177 541 3438 596; x_wconf 79' lang='lat' dir='ltr'><strong>Romulus</strong></span> <span class='ocrx_word' id='word_1_226' title='bbox 3479 543 3709 597; x_wconf 88' lang='lat' dir='ltr'><strong>instituit</strong></span> 
     </span>
    </p>
   </div>
   <div class='ocr_carea' id='block_1_35' title="bbox 2104 626 3542 708">
    <p class='ocr_par' dir='ltr' id='par_1_35' title="bbox 2104 626 3542 708">
     <span class='ocr_line' id='line_1_35' title="bbox 2104 626 3542 708; baseline 0.008 -28"><span class='ocrx_word' id='word_1_227' title='bbox 2104 626 2345 700; x_wconf 81' lang='lat' dir='ltr'><strong>(Dionys.</strong></span> <span class='ocrx_word' id='word_1_228' title='bbox 2373 631 2556 702; x_wconf 88' lang='lat' dir='ltr'><strong>Halyc.</strong></span> <span class='ocrx_word' id='word_1_229' title='bbox 2594 633 2682 687; x_wconf 88' lang='lat' dir='ltr'><strong>lib.</strong></span> <span class='ocrx_word' id='word_1_230' title='bbox 2718 649 2755 687; x_wconf 89' lang='lat' dir='ltr'><strong>ll</strong></span> <span class='ocrx_word' id='word_1_231' title='bbox 2786 635 3030 704; x_wconf 80' lang='lat' dir='ltr'><strong>Antiquit.</strong></span> <span class='ocrx_word' id='word_1_232' title='bbox 3063 635 3215 689; x_wconf 86' lang='lat' dir='ltr'><strong>Rom.</strong></span> <span class='ocrx_word' id='word_1_233' title='bbox 3249 652 3365 705; x_wconf 86' lang='lat' dir='ltr'><strong>pag.</strong></span> <span class='ocrx_word' id='word_1_234' title='bbox 3393 635 3542 708; x_wconf 84' lang='grc'>100).</span> 
     </span>
    </p>
   </div>
   <div class='ocr_carea' id='block_1_36' title="bbox 2178 721 3707 798">
    <p class='ocr_par' dir='ltr' id='par_1_36' title="bbox 2178 721 3707 798">
     <span class='ocr_line' id='line_1_36' title="bbox 2178 721 3707 798; baseline 0.009 -25"><span class='ocrx_word' id='word_1_235' title='bbox 2178 721 2341 792; x_wconf 81' lang='lat' dir='ltr'><strong>Magis</strong></span> <span class='ocrx_word' id='word_1_236' title='bbox 2390 733 2568 779; x_wconf 89' lang='lat' dir='ltr'><strong>autem</strong></span> <span class='ocrx_word' id='word_1_237' title='bbox 2613 725 2976 780; x_wconf 89' lang='lat' dir='ltr'><strong>Tertullianus</strong></span> <span class='ocrx_word' id='word_1_238' title='bbox 3022 728 3238 782; x_wconf 84' lang='lat' dir='ltr'><strong>eosdem</strong></span> <span class='ocrx_word' id='word_1_239' title='bbox 3280 730 3574 798; x_wconf 72' lang='lat' dir='ltr'><strong>scriptores</strong></span> <span class='ocrx_word' id='word_1_240' title='bbox 3625 729 3707 786; x_wconf 90' lang='lat' dir='ltr'><strong>bis</strong></span> 
     </span>
    </p>
   </div>
   <div class='ocr_carea' id='block_1_37' title="bbox 2105 817 3706 879">
    <p class='ocr_par' dir='ltr' id='par_1_37' title="bbox 2105 817 3706 879">
     <span class='ocr_line' id='line_1_37' title="bbox 2105 817 3706 879; baseline 0.006 -11"><span class='ocrx_word' id='word_1_241' title='bbox 2105 817 2286 870; x_wconf 83' lang='lat' dir='ltr'><strong>verbis</strong></span> <span class='ocrx_word' id='word_1_242' title='bbox 2333 818 2474 872; x_wconf 88' lang='lat' dir='ltr'><strong>inter</strong></span> <span class='ocrx_word' id='word_1_243' title='bbox 2524 833 2582 873; x_wconf 90' lang='lat' dir='ltr'><strong>se</strong></span> <span class='ocrx_word' id='word_1_244' title='bbox 2614 822 2902 875; x_wconf 83' lang='lat' dir='ltr'><strong>conciliat:</strong></span> <span class='ocrx_word' id='word_1_245' title='bbox 2941 841 2958 872; x_wconf 74' lang='grc' dir='ltr'><strong>ι</strong></span> <span class='ocrx_word' id='word_1_246' title='bbox 3000 820 3214 876; x_wconf 80' lang='lat' dir='ltr'><strong>Exinde</strong></span> <span class='ocrx_word' id='word_1_247' title='bbox 3259 822 3372 877; x_wconf 87' lang='lat' dir='ltr'><strong>ludi</strong></span> <span class='ocrx_word' id='word_1_248' title='bbox 3419 823 3706 879; x_wconf 87' lang='lat' dir='ltr'><strong>Consualia</strong></span> 
     </span>
    </p>
   </div>
   <div class='ocr_carea' id='block_1_38' title="bbox 2103 907 3706 982">
    <p class='ocr_par' dir='ltr' id='par_1_38' title="bbox 2103 907 3706 982">
     <span class='ocr_line' id='line_1_38' title="bbox 2103 907 3706 982; baseline 0.007 -22"><span class='ocrx_word' id='word_1_249' title='bbox 2103 907 2363 979; x_wconf 85' lang='lat' dir='ltr'><strong>dicti.qui</strong></span> <span class='ocrx_word' id='word_1_250' title='bbox 2413 911 2565 964; x_wconf 90' lang='lat' dir='ltr'><strong>initio</strong></span> <span class='ocrx_word' id='word_1_251' title='bbox 2613 911 2916 982; x_wconf 84' lang='lat' dir='ltr'><strong>Neptunum</strong></span> <span class='ocrx_word' id='word_1_252' title='bbox 2960 913 3388 969; x_wconf 89' lang='lat' dir='ltr'><strong>honorabant....</strong></span> <span class='ocrx_word' id='word_1_253' title='bbox 3422 915 3706 971; x_wconf 83' lang='lat' dir='ltr'><strong>Consualia</strong></span> 
     </span>
    </p>
   </div>
   <div class='ocr_carea' id='block_1_39' title="bbox 2102 999 3708 1074">
    <p class='ocr_par' dir='ltr' id='par_1_39' title="bbox 2102 999 3708 1074">
     <span class='ocr_line' id='line_1_39' title="bbox 2102 999 3708 1074; baseline 0.007 -22"><span class='ocrx_word' id='word_1_254' title='bbox 2102 999 2332 1055; x_wconf 80' lang='lat' dir='ltr'><strong>Romulo</strong></span> <span class='ocrx_word' id='word_1_255' title='bbox 2363 1001 2680 1067; x_wconf 84' lang='lat' dir='ltr'><strong>defendunt,</strong></span> <span class='ocrx_word' id='word_1_256' title='bbox 2712 1005 2854 1074; x_wconf 89' lang='lat' dir='ltr'><strong>quod</strong></span> <span class='ocrx_word' id='word_1_257' title='bbox 2899 1021 2959 1060; x_wconf 88' lang='lat' dir='ltr'><strong>ea</strong></span> <span class='ocrx_word' id='word_1_258' title='bbox 2992 1008 3166 1061; x_wconf 89' lang='lat' dir='ltr'><strong>Conso</strong></span> <span class='ocrx_word' id='word_1_259' title='bbox 3207 1008 3464 1063; x_wconf 79' lang='lat' dir='ltr'><strong>dicaverit</strong></span> <span class='ocrx_word' id='word_1_260' title='bbox 3491 1010 3612 1074; x_wconf 91' lang='lat' dir='ltr'><strong>deo,</strong></span> <span class='ocrx_word' id='word_1_261' title='bbox 3648 1021 3708 1064; x_wconf 90' lang='lat' dir='ltr'><strong>ut</strong></span> 
     </span>
    </p>
   </div>
   <div class='ocr_carea' id='block_1_40' title="bbox 2100 1097 3703 1170">
    <p class='ocr_par' dir='ltr' id='par_1_40' title="bbox 2100 1097 3703 1170">
     <span class='ocr_line' id='line_1_40' title="bbox 2100 1097 3703 1170; baseline 0.006 -22"><span class='ocrx_word' id='word_1_262' title='bbox 2100 1097 2303 1161; x_wconf 84' lang='lat' dir='ltr'><strong>volunt,</strong></span> <span class='ocrx_word' id='word_1_263' title='bbox 2337 1098 2568 1160; x_wconf 59' lang='lat' dir='ltr'><strong>consilii,</strong></span> <span class='ocrx_word' id='word_1_264' title='bbox 2623 1099 2738 1168; x_wconf 76' lang='lat' dir='ltr'><strong>ejus</strong></span> <span class='ocrx_word' id='word_1_265' title='bbox 2783 1101 3009 1167; x_wconf 84' lang='lat' dir='ltr'><strong>scilicet,</strong></span> <span class='ocrx_word' id='word_1_266' title='bbox 3053 1117 3158 1170; x_wconf 89' lang='lat' dir='ltr'><strong>quo</strong></span> <span class='ocrx_word' id='word_1_267' title='bbox 3207 1109 3332 1156; x_wconf 89' lang='lat' dir='ltr'><strong>tunc</strong></span> <span class='ocrx_word' id='word_1_268' title='bbox 3383 1102 3703 1157; x_wconf 88' lang='lat' dir='ltr'><strong>Sabinarum</strong></span> 
     </span>
    </p>
   </div>
   <div class='ocr_carea' id='block_1_41' title="bbox 2101 1187 3706 1258">
    <p class='ocr_par' dir='ltr' id='par_1_41' title="bbox 2101 1187 3706 1258">
     <span class='ocr_line' id='line_1_41' title="bbox 2101 1187 3706 1258; baseline 0.005 -18"><span class='ocrx_word' id='word_1_269' title='bbox 2101 1187 2365 1256; x_wconf 84' lang='lat' dir='ltr'><strong>virginum</strong></span> <span class='ocrx_word' id='word_1_270' title='bbox 2397 1191 2635 1258; x_wconf 90' lang='lat' dir='ltr'><strong>rapinam</strong></span> <span class='ocrx_word' id='word_1_271' title='bbox 2666 1193 2922 1246; x_wconf 87' lang='lat' dir='ltr'><strong>militibus</strong></span> <span class='ocrx_word' id='word_1_272' title='bbox 2949 1194 3058 1247; x_wconf 86' lang='lat' dir='ltr'><strong>suis</strong></span> <span class='ocrx_word' id='word_1_273' title='bbox 3091 1194 3140 1247; x_wconf 92' lang='lat' dir='ltr'><strong>in</strong></span> <span class='ocrx_word' id='word_1_274' title='bbox 3172 1195 3512 1248; x_wconf 87' lang='lat' dir='ltr'><strong>matrimonia</strong></span> <span class='ocrx_word' id='word_1_275' title='bbox 3542 1210 3706 1248; x_wconf 76' lang='lat' dir='ltr'><strong>exco-</strong></span> 
     </span>
    </p>
   </div>
   <div class='ocr_carea' id='block_1_42' title="bbox 2101 1281 3708 1355">
    <p class='ocr_par' dir='ltr' id='par_1_42' title="bbox 2101 1281 3708 1355">
     <span class='ocr_line' id='line_1_42' title="bbox 2101 1281 3708 1355; baseline 0.006 -23"><span class='ocrx_word' id='word_1_276' title='bbox 2101 1281 2377 1350; x_wconf 85' lang='lat' dir='ltr'><strong>gitavit....</strong></span> <span class='ocrx_word' id='word_1_277' title='bbox 2408 1283 2472 1335; x_wconf 80' lang='lat' dir='ltr'><strong>Et</strong></span> <span class='ocrx_word' id='word_1_278' title='bbox 2501 1299 2642 1336; x_wconf 90' lang='lat' dir='ltr'><strong>nunc</strong></span> <span class='ocrx_word' id='word_1_279' title='bbox 2673 1301 2762 1337; x_wconf 89' lang='lat' dir='ltr'><strong>ara</strong></span> <span class='ocrx_word' id='word_1_280' title='bbox 2783 1285 2960 1339; x_wconf 80' lang='lat' dir='ltr'><strong>Conso</strong></span> <span class='ocrx_word' id='word_1_281' title='bbox 2992 1286 3066 1338; x_wconf 89' lang='lat' dir='ltr'><strong>illi</strong></span> <span class='ocrx_word' id='word_1_282' title='bbox 3102 1287 3151 1339; x_wconf 90' lang='lat' dir='ltr'><strong>io</strong></span> <span class='ocrx_word' id='word_1_283' title='bbox 3181 1287 3325 1340; x_wconf 88' lang='lat' dir='ltr'><strong>circo</strong></span> <span class='ocrx_word' id='word_1_284' title='bbox 3353 1287 3577 1355; x_wconf 66' lang='lat' dir='ltr'><strong>:dcl&#39;ossa</strong></span> <span class='ocrx_word' id='word_1_285' title='bbox 3623 1299 3708 1342; x_wconf 87' lang='lat' dir='ltr'><strong>est</strong></span> 
     </span>
    </p>
   </div>
   <div class='ocr_carea' id='block_1_43' title="bbox 2105 1375 3708 1449">
    <p class='ocr_par' dir='ltr' id='par_1_43' title="bbox 2105 1375 3708 1449">
     <span class='ocr_line' id='line_1_43' title="bbox 2105 1375 3708 1449; baseline 0.004 -21"><span class='ocrx_word' id='word_1_286' title='bbox 2105 1375 2169 1428; x_wconf 88' lang='lat' dir='ltr'><strong>ad</strong></span> <span class='ocrx_word' id='word_1_287' title='bbox 2223 1377 2416 1444; x_wconf 89' lang='lat' dir='ltr'><strong>primas</strong></span> <span class='ocrx_word' id='word_1_288' title='bbox 2450 1389 2616 1431; x_wconf 91' lang='lat' dir='ltr'><strong>metas</strong></span> <span class='ocrx_word' id='word_1_289' title='bbox 2662 1379 2759 1431; x_wconf 77' lang='lat' dir='ltr'><strong>sub</strong></span> <span class='ocrx_word' id='word_1_290' title='bbox 2791 1389 2952 1445; x_wconf 88' lang='lat' dir='ltr'><strong>terra,</strong></span> <span class='ocrx_word' id='word_1_291' title='bbox 3010 1395 3132 1433; x_wconf 89' lang='lat' dir='ltr'><strong>cum</strong></span> <span class='ocrx_word' id='word_1_292' title='bbox 3172 1381 3520 1449; x_wconf 76' lang='lat' dir='ltr'><strong>inscriptione</strong></span> <span class='ocrx_word' id='word_1_293' title='bbox 3548 1380 3708 1449; x_wconf 86' lang='lat' dir='ltr'><strong>hujus</strong></span> 
     </span>
    </p>
   </div>
   <div class='ocr_carea' id='block_1_44' title="bbox 2105 1467 3706 1544">
    <p class='ocr_par' dir='ltr' id='par_1_44' title="bbox 2105 1467 3706 1544">
     <span class='ocr_line' id='line_1_44' title="bbox 2105 1467 3706 1544; baseline 0.004 -23"><span class='ocrx_word' id='word_1_294' title='bbox 2105 1467 2247 1522; x_wconf 91' lang='lat' dir='ltr'><strong>modi</strong></span> <span class='ocrx_word' id='word_1_295' title='bbox 2279 1487 2290 1522; x_wconf 88' lang='lat'><strong>:</strong></span> <span class='ocrx_word' id='word_1_296' title='bbox 2318 1468 2524 1524; x_wconf 87' lang='lat' dir='ltr'><strong>Consus</strong></span> <span class='ocrx_word' id='word_1_297' title='bbox 2555 1472 2802 1538; x_wconf 88' lang='lat' dir='ltr'><strong>consilio,</strong></span> <span class='ocrx_word' id='word_1_298' title='bbox 2823 1472 2963 1527; x_wconf 85' lang='lat' dir='ltr'><strong>Mars</strong></span> <span class='ocrx_word' id='word_1_299' title='bbox 2995 1474 3199 1539; x_wconf 87' lang='lat' dir='ltr'><strong>Duello,</strong></span> <span class='ocrx_word' id='word_1_300' title='bbox 3225 1474 3390 1528; x_wconf 86' lang='lat' dir='ltr'><strong>Lares</strong></span> <span class='ocrx_word' id='word_1_301' title='bbox 3414 1475 3574 1529; x_wconf 90' lang='lat' dir='ltr'><strong>eoillo</strong></span> <span class='ocrx_word' id='word_1_302' title='bbox 3606 1491 3706 1544; x_wconf 84' lang='lat' dir='ltr'><strong>po-</strong></span> 
     </span>
    </p>
   </div>
   <div class='ocr_carea' id='block_1_45' title="bbox 2106 1563 3703 1630">
    <p class='ocr_par' dir='ltr' id='par_1_45' title="bbox 2106 1563 3703 1630">
     <span class='ocr_line' id='line_1_45' title="bbox 2106 1563 3703 1630; baseline 0.006 -17"><span class='ocrx_word' id='word_1_303' title='bbox 2106 1570 2299 1615; x_wconf 88' lang='lat' dir='ltr'><strong>tentes.</strong></span> <span class='ocrx_word' id='word_1_304' title='bbox 2335 1563 2647 1618; x_wconf 84' lang='lat' dir='ltr'><strong>Sacriﬁcant</strong></span> <span class='ocrx_word' id='word_1_305' title='bbox 2675 1567 2813 1630; x_wconf 88' lang='lat' dir='ltr'><strong>apttd</strong></span> <span class='ocrx_word' id='word_1_306' title='bbox 2856 1582 2974 1620; x_wconf 89' lang='lat' dir='ltr'><strong>eam</strong></span> <span class='ocrx_word' id='word_1_307' title='bbox 3011 1566 3177 1621; x_wconf 86' lang='lat' dir='ltr'><strong>Nonis</strong></span> <span class='ocrx_word' id='word_1_308' title='bbox 3222 1567 3347 1622; x_wconf 87' lang='lat' dir='ltr'><strong>Julii</strong></span> <span class='ocrx_word' id='word_1_309' title='bbox 3392 1569 3703 1624; x_wconf 86' lang='lat' dir='ltr'><strong>sacerdotes</strong></span> 
     </span>
    </p>
   </div>
   <div class='ocr_carea' id='block_1_46' title="bbox 2107 1654 3708 1728">
    <p class='ocr_par' dir='ltr' id='par_1_46' title="bbox 2107 1654 3708 1728">
     <span class='ocr_line' id='line_1_46' title="bbox 2107 1654 3708 1728; baseline 0.006 -22"><span class='ocrx_word' id='word_1_310' title='bbox 2107 1654 2322 1722; x_wconf 89' lang='lat' dir='ltr'><strong>publici,</strong></span> <span class='ocrx_word' id='word_1_311' title='bbox 2357 1656 2424 1710; x_wconf 70' lang='lat' dir='ltr'><strong>l9.</strong></span> <span class='ocrx_word' id='word_1_312' title='bbox 2456 1657 2664 1712; x_wconf 88' lang='lat' dir='ltr'><strong>calend.</strong></span> <span class='ocrx_word' id='word_1_313' title='bbox 2721 1660 3076 1728; x_wconf 78' lang='lat' dir='ltr'><strong>Septembres;</strong></span> <span class='ocrx_word' id='word_1_314' title='bbox 3108 1659 3301 1714; x_wconf 87' lang='lat' dir='ltr'><strong>flamen</strong></span> <span class='ocrx_word' id='word_1_315' title='bbox 3335 1660 3625 1727; x_wconf 85' lang='lat' dir='ltr'><strong>Quirinalis</strong></span> <span class='ocrx_word' id='word_1_316' title='bbox 3653 1672 3708 1717; x_wconf 87' lang='lat' dir='ltr'><strong>et</strong></span> 
     </span>
    </p>
   </div>
   <div class='ocr_carea' id='block_1_47' title="bbox 2104 1746 3699 1824">
    <p class='ocr_par' dir='ltr' id='par_1_47' title="bbox 2104 1746 3699 1824">
     <span class='ocr_line' id='line_1_47' title="bbox 2104 1746 3699 1824; baseline 0.005 -25"><span class='ocrx_word' id='word_1_317' title='bbox 2104 1746 2338 1815; x_wconf 74' lang='lat' dir='ltr'><strong>virgines</strong></span> <span class='ocrx_word' id='word_1_318' title='bbox 2371 1749 2616 1817; x_wconf 87' lang='lat' dir='ltr'><strong>(Tertul.</strong></span> <span class='ocrx_word' id='word_1_319' title='bbox 2659 1751 2750 1803; x_wconf 88' lang='lat' dir='ltr'><strong>lib.</strong></span> <span class='ocrx_word' id='word_1_320' title='bbox 2783 1750 2858 1804; x_wconf 84' lang='lat' dir='ltr'><strong>De</strong></span> <span class='ocrx_word' id='word_1_321' title='bbox 2887 1751 3062 1822; x_wconf 58' lang='grc' dir='ltr'><strong>δραι.</strong></span> <span class='ocrx_word' id='word_1_322' title='bbox 3103 1767 3220 1821; x_wconf 85' lang='lat' dir='ltr'><strong>eap.</strong></span> <span class='ocrx_word' id='word_1_323' title='bbox 3259 1753 3310 1816; x_wconf 79' lang='grc'><strong>5,</strong></span> <span class='ocrx_word' id='word_1_324' title='bbox 3349 1769 3467 1822; x_wconf 85' lang='lat' dir='ltr'><strong>pag,</strong></span> <span class='ocrx_word' id='word_1_325' title='bbox 3511 1753 3637 1824; x_wconf 68' lang='lat'><strong>92).</strong></span> <span class='ocrx_word' id='word_1_326' title='bbox 3679 1773 3699 1806; x_wconf 73' lang='lat' dir='ltr'><strong>ii</strong></span> 
     </span>
    </p>
   </div>
   <div class='ocr_carea' id='block_1_48' title="bbox 2016 1830 3705 1910">
    <p class='ocr_par' dir='ltr' id='par_1_48' title="bbox 2016 1830 3705 1910">
     <span class='ocr_line' id='line_1_48' title="bbox 2016 1830 3705 1910; baseline 0.007 -22"><span class='ocrx_word' id='word_1_327' title='bbox 2016 1830 2066 1888; x_wconf 89' lang='lat' dir='ltr'><strong>B</strong></span> <span class='ocrx_word' id='word_1_328' title='bbox 2096 1838 2235 1910; x_wconf 85' lang='lat' dir='ltr'><strong>Lege</strong></span> <span class='ocrx_word' id='word_1_329' title='bbox 2265 1843 2460 1907; x_wconf 84' lang='lat' dir='ltr'><strong>adhuc,</strong></span> <span class='ocrx_word' id='word_1_330' title='bbox 2506 1843 2548 1894; x_wconf 92' lang='lat' dir='ltr'><strong>si</strong></span> <span class='ocrx_word' id='word_1_331' title='bbox 2578 1842 2775 1909; x_wconf 89' lang='lat' dir='ltr'><strong>lubeat,</strong></span> <span class='ocrx_word' id='word_1_332' title='bbox 2837 1844 3134 1897; x_wconf 84' lang='lat' dir='ltr'><strong>Arnobium</strong></span> <span class='ocrx_word' id='word_1_333' title='bbox 3173 1844 3261 1896; x_wconf 91' lang='lat' dir='ltr'><strong>lib.</strong></span> <span class='ocrx_word' id='word_1_334' title='bbox 3296 1861 3352 1896; x_wconf 90' lang='grc' dir='ltr'><strong>ιιι</strong></span> <span class='ocrx_word' id='word_1_335' title='bbox 3390 1844 3509 1899; x_wconf 92' lang='lat' dir='ltr'><strong>adv.</strong></span> <span class='ocrx_word' id='word_1_336' title='bbox 3543 1844 3705 1900; x_wconf 88' lang='lat' dir='ltr'><strong>Gent.</strong></span> 
     </span>
    </p>
   </div>
   <div class='ocr_carea' id='block_1_49' title="bbox 2101 1935 3701 2008">
    <p class='ocr_par' dir='ltr' id='par_1_49' title="bbox 2101 1935 3701 2008">
     <span class='ocr_line' id='line_1_49' title="bbox 2101 1935 3701 2008; baseline 0.004 -22"><span class='ocrx_word' id='word_1_337' title='bbox 2101 1949 2222 2003; x_wconf 89' lang='lat' dir='ltr'><strong>pag.</strong></span> <span class='ocrx_word' id='word_1_338' title='bbox 2283 1935 2404 1998; x_wconf 77' lang='lat'><strong>“5;</strong></span> <span class='ocrx_word' id='word_1_339' title='bbox 2449 1935 2831 2007; x_wconf 87' lang='lat' dir='ltr'><strong>Hieronymum</strong></span> <span class='ocrx_word' id='word_1_340' title='bbox 2866 1936 2917 1989; x_wconf 91' lang='lat' dir='ltr'><strong>in</strong></span> <span class='ocrx_word' id='word_1_341' title='bbox 2961 1935 3080 1990; x_wconf 69' lang='lat' dir='ltr'><strong>Vita</strong></span> <span class='ocrx_word' id='word_1_342' title='bbox 3113 1936 3401 1991; x_wconf 89' lang='lat' dir='ltr'><strong>llilarionis</strong></span> <span class='ocrx_word' id='word_1_343' title='bbox 3447 1953 3568 2008; x_wconf 85' lang='lat' dir='ltr'><strong>pag.</strong></span> <span class='ocrx_word' id='word_1_344' title='bbox 3611 1939 3701 2005; x_wconf 75' lang='lat' dir='ltr'><strong>8i;</strong></span> 
     </span>
    </p>
   </div>
   <div class='ocr_carea' id='block_1_50' title="bbox 2098 2027 3708 2101">
    <p class='ocr_par' dir='ltr' id='par_1_50' title="bbox 2098 2027 3708 2101">
     <span class='ocr_line' id='line_1_50' title="bbox 2098 2027 3708 2101; baseline 0.004 -20"><span class='ocrx_word' id='word_1_345' title='bbox 2098 2027 2452 2096; x_wconf 87' lang='lat' dir='ltr'><strong>Augustinum</strong></span> <span class='ocrx_word' id='word_1_346' title='bbox 2484 2030 2576 2083; x_wconf 91' lang='lat' dir='ltr'><strong>lib.</strong></span> <span class='ocrx_word' id='word_1_347' title='bbox 2611 2047 2682 2094; x_wconf 88' lang='lat' dir='ltr'><strong>1v,</strong></span> <span class='ocrx_word' id='word_1_348' title='bbox 2737 2030 2804 2084; x_wconf 92' lang='lat' dir='ltr'><strong>de</strong></span> <span class='ocrx_word' id='word_1_349' title='bbox 2842 2030 3001 2084; x_wconf 93' lang='lat' dir='ltr'><strong>Civit.</strong></span> <span class='ocrx_word' id='word_1_350' title='bbox 3033 2045 3154 2100; x_wconf 89' lang='lat' dir='ltr'><strong>cap.</strong></span> <span class='ocrx_word' id='word_1_351' title='bbox 3212 2032 3301 2096; x_wconf 78' lang='lat' dir='ltr'><strong>ll,</strong></span> <span class='ocrx_word' id='word_1_352' title='bbox 3351 2047 3471 2101; x_wconf 87' lang='lat' dir='ltr'><strong>pag.</strong></span> <span class='ocrx_word' id='word_1_353' title='bbox 3519 2031 3619 2097; x_wconf 85' lang='lat'><strong>9‘7;</strong></span> <span class='ocrx_word' id='word_1_354' title='bbox 3652 2043 3708 2087; x_wconf 85' lang='lat' dir='ltr'><strong>et</strong></span> 
     </span>
    </p>
   </div>
   <div class='ocr_carea' id='block_1_51' title="bbox 2098 2119 3446 2193">
    <p class='ocr_par' dir='ltr' id='par_1_51' title="bbox 2098 2119 3446 2193">
     <span class='ocr_line' id='line_1_51' title="bbox 2098 2119 3446 2193; baseline 0.001 -19"><span class='ocrx_word' id='word_1_355' title='bbox 2098 2119 2342 2175; x_wconf 89' lang='lat' dir='ltr'><strong>Servium</strong></span> <span class='ocrx_word' id='word_1_356' title='bbox 2369 2122 2418 2175; x_wconf 92' lang='lat' dir='ltr'><strong>in</strong></span> <span class='ocrx_word' id='word_1_357' title='bbox 2444 2123 2533 2175; x_wconf 91' lang='lat' dir='ltr'><strong>lib.</strong></span> <span class='ocrx_word' id='word_1_358' title='bbox 2562 2139 2672 2176; x_wconf 88' lang='lat' dir='ltr'><strong>vm.</strong></span> <span class='ocrx_word' id='word_1_359' title='bbox 2697 2122 2914 2177; x_wconf 56' lang='lat' dir='ltr'><strong>IEneid.</strong></span> <span class='ocrx_word' id='word_1_360' title='bbox 2950 2122 3136 2192; x_wconf 72' lang='lat' dir='ltr'><strong>Virgil.</strong></span> <span class='ocrx_word' id='word_1_361' title='bbox 3169 2138 3288 2193; x_wconf 89' lang='lat' dir='ltr'><strong>pag.</strong></span> <span class='ocrx_word' id='word_1_362' title='bbox 3318 2123 3446 2178; x_wconf 75' lang='lat'>5‘25.</span> 
     </span>
    </p>
   </div>
   <div class='ocr_carea' id='block_1_52' title="bbox 2169 2216 3702 2288">
    <p class='ocr_par' dir='ltr' id='par_1_52' title="bbox 2169 2216 3702 2288">
     <span class='ocr_line' id='line_1_52' title="bbox 2169 2216 3702 2288; baseline 0.001 -19"><span class='ocrx_word' id='word_1_363' title='bbox 2169 2218 2282 2287; x_wconf 85' lang='lat' dir='ltr'><strong>Age</strong></span> <span class='ocrx_word' id='word_1_364' title='bbox 2313 2231 2439 2270; x_wconf 90' lang='lat' dir='ltr'><strong>vero</strong></span> <span class='ocrx_word' id='word_1_365' title='bbox 2459 2261 2471 2281; x_wconf 95' lang='lat'><strong>,</strong></span> <span class='ocrx_word' id='word_1_366' title='bbox 2507 2226 2665 2285; x_wconf 86' lang='lat' dir='ltr'><strong>atque</strong></span> <span class='ocrx_word' id='word_1_367' title='bbox 2696 2216 2889 2270; x_wconf 90' lang='lat' dir='ltr'><strong>iterum</strong></span> <span class='ocrx_word' id='word_1_368' title='bbox 2920 2216 3144 2286; x_wconf 87' lang='lat' dir='ltr'><strong>prodeat</strong></span> <span class='ocrx_word' id='word_1_369' title='bbox 3173 2217 3570 2282; x_wconf 83' lang='lat' dir='ltr'><strong>Tertullianus,</strong></span> <span class='ocrx_word' id='word_1_370' title='bbox 3607 2219 3702 2288; x_wconf 90' lang='lat' dir='ltr'><strong>qui</strong></span> 
     </span>
    </p>
   </div>
   <div class='ocr_carea' id='block_1_53' title="bbox 2097 2309 3702 2379">
    <p class='ocr_par' dir='ltr' id='par_1_53' title="bbox 2097 2309 3702 2379">
     <span class='ocr_line' id='line_1_53' title="bbox 2097 2309 3702 2379; baseline 0.002 -17"><span class='ocrx_word' id='word_1_371' title='bbox 2097 2310 2230 2363; x_wconf 85' lang='lat' dir='ltr'><strong>alios</strong></span> <span class='ocrx_word' id='word_1_372' title='bbox 2263 2310 2626 2363; x_wconf 84' lang='lat' dir='ltr'><strong>Romanorum</strong></span> <span class='ocrx_word' id='word_1_373' title='bbox 2659 2309 2790 2365; x_wconf 84' lang='lat' dir='ltr'><strong>deos</strong></span> <span class='ocrx_word' id='word_1_374' title='bbox 2821 2325 2850 2362; x_wconf 90' lang='lat' dir='ltr'><strong>a</strong></span> <span class='ocrx_word' id='word_1_375' title='bbox 2882 2309 3111 2364; x_wconf 87' lang='lat' dir='ltr'><strong>Minucio</strong></span> <span class='ocrx_word' id='word_1_376' title='bbox 3149 2311 3479 2379; x_wconf 84' lang='lat' dir='ltr'><strong>appellatos,</strong></span> <span class='ocrx_word' id='word_1_377' title='bbox 3520 2310 3702 2366; x_wconf 88' lang='lat' dir='ltr'><strong>Conso</strong></span> 
     </span>
    </p>
   </div>
   <div class='ocr_carea' id='block_1_54' title="bbox 2097 2401 3698 2472">
    <p class='ocr_par' dir='ltr' id='par_1_54' title="bbox 2097 2401 3698 2472">
     <span class='ocr_line' id='line_1_54' title="bbox 2097 2401 3698 2472; baseline 0.002 -18"><span class='ocrx_word' id='word_1_378' title='bbox 2097 2401 2366 2472; x_wconf 88' lang='lat' dir='ltr'><strong>adjungit:</strong></span> <span class='ocrx_word' id='word_1_379' title='bbox 2393 2422 2411 2452; x_wconf 86' lang='grc'><strong>‹</strong></span> <span class='ocrx_word' id='word_1_380' title='bbox 2440 2401 2581 2469; x_wconf 64' lang='lat' dir='ltr'><strong>Sic,»</strong></span> <span class='ocrx_word' id='word_1_381' title='bbox 2614 2401 2808 2472; x_wconf 88' lang='lat' dir='ltr'><strong>inquit,</strong></span> <span class='ocrx_word' id='word_1_382' title='bbox 2835 2403 3030 2457; x_wconf 71' lang='lat' dir='ltr'><strong>«homo</strong></span> <span class='ocrx_word' id='word_1_383' title='bbox 3053 2403 3210 2456; x_wconf 86' lang='lat' dir='ltr'><strong>deum</strong></span> <span class='ocrx_word' id='word_1_384' title='bbox 3227 2403 3698 2469; x_wconf 89' lang='lat' dir='ltr'><strong>commentabitur,</strong></span> 
     </span>
    </p>
   </div>
   <div class='ocr_carea' id='block_1_55' title="bbox 2096 2493 3702 2562">
    <p class='ocr_par' dir='ltr' id='par_1_55' title="bbox 2096 2493 3702 2562">
     <span class='ocr_line' id='line_1_55' title="bbox 2096 2493 3702 2562; baseline 0.002 -16"><span class='ocrx_word' id='word_1_385' title='bbox 2096 2494 2370 2562; x_wconf 91' lang='lat' dir='ltr'><strong>quomodo</strong></span> <span class='ocrx_word' id='word_1_386' title='bbox 2397 2495 2657 2548; x_wconf 71' lang='lat' dir='ltr'><strong>Romulus</strong></span> <span class='ocrx_word' id='word_1_387' title='bbox 2685 2493 2954 2560; x_wconf 91' lang='lat' dir='ltr'><strong>Consum,</strong></span> <span class='ocrx_word' id='word_1_388' title='bbox 2983 2505 3036 2548; x_wconf 91' lang='lat' dir='ltr'><strong>et</strong></span> <span class='ocrx_word' id='word_1_389' title='bbox 3064 2495 3250 2549; x_wconf 88' lang='lat' dir='ltr'><strong>Tatius</strong></span> <span class='ocrx_word' id='word_1_390' title='bbox 3274 2495 3616 2560; x_wconf 89' lang='lat' dir='ltr'><strong>Cloacinam,</strong></span> <span class='ocrx_word' id='word_1_391' title='bbox 3647 2505 3702 2551; x_wconf 89' lang='lat' dir='ltr'><strong>et</strong></span> 
     </span>
    </p>
   </div>
   <div class='ocr_carea' id='block_1_56' title="bbox 2098 2585 3695 2656">
    <p class='ocr_par' dir='ltr' id='par_1_56' title="bbox 2098 2585 3695 2656">
     <span class='ocr_line' id='line_1_56' title="bbox 2098 2585 3695 2656; baseline 0.001 -16"><span class='ocrx_word' id='word_1_392' title='bbox 2098 2585 2355 2640; x_wconf 88' lang='lat' dir='ltr'><strong>llostilius</strong></span> <span class='ocrx_word' id='word_1_393' title='bbox 2383 2586 2640 2639; x_wconf 84' lang='lat' dir='ltr'><strong>Pavorem</strong></span> <span class='ocrx_word' id='word_1_394' title='bbox 2668 2606 2684 2638; x_wconf 84' lang='grc' dir='ltr'><strong>ι</strong></span> <span class='ocrx_word' id='word_1_395' title='bbox 2723 2585 2910 2655; x_wconf 85' lang='lat' dir='ltr'><strong>(Idem</strong></span> <span class='ocrx_word' id='word_1_396' title='bbox 2945 2587 3032 2640; x_wconf 85' lang='lat' dir='ltr'><strong>lib.</strong></span> <span class='ocrx_word' id='word_1_397' title='bbox 3065 2603 3080 2641; x_wconf 90' lang='grc' dir='ltr'><strong>ι</strong></span> <span class='ocrx_word' id='word_1_398' title='bbox 3117 2598 3253 2640; x_wconf 81' lang='lat' dir='ltr'><strong>cont.</strong></span> <span class='ocrx_word' id='word_1_399' title='bbox 3288 2587 3544 2642; x_wconf 81' lang='lat' dir='ltr'><strong>Marcion.</strong></span> <span class='ocrx_word' id='word_1_400' title='bbox 3580 2606 3695 2656; x_wconf 85' lang='lat' dir='ltr'><strong>cap.</strong></span> 
     </span>
    </p>
   </div>
   <div class='ocr_carea' id='block_1_57' title="bbox 2097 2678 3698 2749">
    <p class='ocr_par' dir='ltr' id='par_1_57' title="bbox 2097 2678 3698 2749">
     <span class='ocr_line' id='line_1_57' title="bbox 2097 2678 3698 2749; baseline 0 -14"><span class='ocrx_word' id='word_1_401' title='bbox 2097 2681 2164 2735; x_wconf 78' lang='grc'><strong>18</strong></span> <span class='ocrx_word' id='word_1_402' title='bbox 2207 2679 2245 2749; x_wconf 94' lang='grc'>).</span> <span class='ocrx_word' id='word_1_403' title='bbox 2302 2678 2562 2733; x_wconf 84' lang='lat' dir='ltr'><strong>Minucius</strong></span> <span class='ocrx_word' id='word_1_404' title='bbox 2611 2680 2871 2749; x_wconf 86' lang='lat' dir='ltr'><strong>siquidem</strong></span> <span class='ocrx_word' id='word_1_405' title='bbox 2919 2680 3081 2734; x_wconf 75' lang='lat' dir='ltr'><strong>dixit:</strong></span> <span class='ocrx_word' id='word_1_406' title='bbox 3119 2680 3468 2734; x_wconf 73' lang='lat' dir='ltr'><strong>(Cloacinam</strong></span> <span class='ocrx_word' id='word_1_407' title='bbox 3515 2681 3698 2735; x_wconf 87' lang='lat' dir='ltr'><strong>Tatius</strong></span> 
     </span>
    </p>
   </div>
   <div class='ocr_carea' id='block_1_58' title="bbox 2093 2771 3698 2841">
    <p class='ocr_par' dir='ltr' id='par_1_58' title="bbox 2093 2771 3698 2841">
     <span class='ocr_line' id='line_1_58' title="bbox 2093 2771 3698 2841; baseline -0.001 -14"><span class='ocrx_word' id='word_1_408' title='bbox 2093 2782 2147 2827; x_wconf 92' lang='lat' dir='ltr'><strong>et</strong></span> <span class='ocrx_word' id='word_1_409' title='bbox 2179 2773 2380 2827; x_wconf 88' lang='lat' dir='ltr'><strong>invenit</strong></span> <span class='ocrx_word' id='word_1_410' title='bbox 2409 2781 2462 2826; x_wconf 89' lang='lat' dir='ltr'><strong>et</strong></span> <span class='ocrx_word' id='word_1_411' title='bbox 2489 2771 2686 2837; x_wconf 87' lang='lat' dir='ltr'><strong>coluit,</strong></span> <span class='ocrx_word' id='word_1_412' title='bbox 2719 2772 2978 2826; x_wconf 86' lang='lat' dir='ltr'><strong>Pavorem</strong></span> <span class='ocrx_word' id='word_1_413' title='bbox 3012 2771 3300 2836; x_wconf 91' lang='lat' dir='ltr'><strong>llostilius,</strong></span> <span class='ocrx_word' id='word_1_414' title='bbox 3333 2783 3492 2841; x_wconf 88' lang='lat' dir='ltr'><strong>atque</strong></span> <span class='ocrx_word' id='word_1_415' title='bbox 3522 2771 3698 2826; x_wconf 90' lang='lat' dir='ltr'><strong>Pallo-</strong></span> 
     </span>
    </p>
   </div>
   <div class='ocr_carea' id='block_1_59' title="bbox 2093 2863 3697 2934">
    <p class='ocr_par' dir='ltr' id='par_1_59' title="bbox 2093 2863 3697 2934">
     <span class='ocr_line' id='line_1_59' title="bbox 2093 2863 3697 2934; baseline -0.002 -14"><span class='ocrx_word' id='word_1_416' title='bbox 2093 2882 2238 2920; x_wconf 88' lang='lat' dir='ltr'><strong>rem:</strong></span> <span class='ocrx_word' id='word_1_417' title='bbox 2274 2880 2399 2918; x_wconf 78' lang='lat' dir='ltr'><strong>mox</strong></span> <span class='ocrx_word' id='word_1_418' title='bbox 2434 2880 2461 2916; x_wconf 91' lang='lat' dir='ltr'><strong>a</strong></span> <span class='ocrx_word' id='word_1_419' title='bbox 2494 2864 2676 2919; x_wconf 89' lang='lat' dir='ltr'><strong>nescio</strong></span> <span class='ocrx_word' id='word_1_420' title='bbox 2707 2879 2812 2934; x_wconf 90' lang='lat' dir='ltr'><strong>quo</strong></span> <span class='ocrx_word' id='word_1_421' title='bbox 2844 2864 3032 2918; x_wconf 87' lang='lat' dir='ltr'><strong>Febris</strong></span> <span class='ocrx_word' id='word_1_422' title='bbox 3062 2863 3327 2918; x_wconf 84' lang='lat' dir='ltr'><strong>dedicata.</strong></span> <span class='ocrx_word' id='word_1_423' title='bbox 3367 2883 3385 2915; x_wconf 76' lang='grc' dir='ltr'><strong>ι</strong></span> <span class='ocrx_word' id='word_1_424' title='bbox 3419 2865 3550 2930; x_wconf 72' lang='lat' dir='ltr'><strong>Qum</strong></span> <span class='ocrx_word' id='word_1_425' title='bbox 3581 2865 3697 2933; x_wconf 89' lang='lat' dir='ltr'><strong>qui-</strong></span> 
     </span>
    </p>
   </div>
   <div class='ocr_carea' id='block_1_60' title="bbox 2094 2955 3694 3026">
    <p class='ocr_par' dir='ltr' id='par_1_60' title="bbox 2094 2955 3694 3026">
     <span class='ocr_line' id='line_1_60' title="bbox 2094 2955 3694 3026; baseline -0.001 -16"><span class='ocrx_word' id='word_1_426' title='bbox 2094 2957 2214 3010; x_wconf 90' lang='lat' dir='ltr'><strong>dem</strong></span> <span class='ocrx_word' id='word_1_427' title='bbox 2271 2955 2493 3010; x_wconf 90' lang='lat' dir='ltr'><strong>totidem</strong></span> <span class='ocrx_word' id='word_1_428' title='bbox 2548 2955 2727 3010; x_wconf 86' lang='lat' dir='ltr'><strong>verbis</strong></span> <span class='ocrx_word' id='word_1_429' title='bbox 2778 2971 2806 3008; x_wconf 91' lang='lat' dir='ltr'><strong>a</strong></span> <span class='ocrx_word' id='word_1_430' title='bbox 2859 2955 3129 3026; x_wconf 83' lang='lat' dir='ltr'><strong>Cypriane</strong></span> <span class='ocrx_word' id='word_1_431' title='bbox 3182 2955 3498 3024; x_wconf 85' lang='lat' dir='ltr'><strong>transcripta</strong></span> <span class='ocrx_word' id='word_1_432' title='bbox 3557 2965 3694 3009; x_wconf 89' lang='lat' dir='ltr'><strong>sunt</strong></span> 
     </span>
    </p>
   </div>
   <div class='ocr_carea' id='block_1_61' title="bbox 2098 3048 3694 3121">
    <p class='ocr_par' dir='ltr' id='par_1_61' title="bbox 2098 3048 3694 3121">
     <span class='ocr_line' id='line_1_61' title="bbox 2098 3048 3694 3121; baseline -0.001 -17"><span class='ocrx_word' id='word_1_433' title='bbox 2098 3051 2294 3121; x_wconf 73' lang='lat' dir='ltr'><strong>(Cypr.</strong></span> <span class='ocrx_word' id='word_1_434' title='bbox 2322 3051 2409 3103; x_wconf 88' lang='lat' dir='ltr'><strong>lib.</strong></span> <span class='ocrx_word' id='word_1_435' title='bbox 2441 3050 2502 3102; x_wconf 84' lang='lat' dir='ltr'><strong>de</strong></span> <span class='ocrx_word' id='word_1_436' title='bbox 2530 3048 2728 3103; x_wconf 84' lang='lat' dir='ltr'><strong>Idolor.</strong></span> <span class='ocrx_word' id='word_1_437' title='bbox 2768 3048 2938 3104; x_wconf 83' lang='lat' dir='ltr'><strong>Vanit.</strong></span> <span class='ocrx_word' id='word_1_438' title='bbox 2970 3067 3090 3120; x_wconf 86' lang='lat' dir='ltr'><strong>pag.</strong></span> <span class='ocrx_word' id='word_1_439' title='bbox 3125 3049 3252 3120; x_wconf 88' lang='grc'><strong>10).</strong></span> <span class='ocrx_word' id='word_1_440' title='bbox 3283 3049 3485 3103; x_wconf 86' lang='lat' dir='ltr'><strong>Horum</strong></span> <span class='ocrx_word' id='word_1_441' title='bbox 3516 3060 3694 3104; x_wconf 87' lang='lat' dir='ltr'><strong>autem</strong></span> 
     </span>
    </p>
   </div>
   <div class='ocr_carea' id='block_1_62' title="bbox 2092 3139 3696 3210">
    <p class='ocr_par' dir='ltr' id='par_1_62' title="bbox 2092 3139 3696 3210">
     <span class='ocr_line' id='line_1_62' title="bbox 2092 3139 3696 3210; baseline -0.001 -14"><span class='ocrx_word' id='word_1_442' title='bbox 2092 3143 2441 3198; x_wconf 86' lang='lat' dir='ltr'><strong>ridiculorum</strong></span> <span class='ocrx_word' id='word_1_443' title='bbox 2489 3145 2808 3207; x_wconf 82' lang='lat' dir='ltr'><strong>nurninum,</strong></span> <span class='ocrx_word' id='word_1_444' title='bbox 2856 3150 3016 3210; x_wconf 88' lang='lat' dir='ltr'><strong>atque</strong></span> <span class='ocrx_word' id='word_1_445' title='bbox 3059 3142 3217 3194; x_wconf 87' lang='lat' dir='ltr'><strong>etiam</strong></span> <span class='ocrx_word' id='word_1_446' title='bbox 3267 3139 3696 3208; x_wconf 88' lang='lat' dir='ltr'><strong>supradietorum</strong></span> 
     </span>
    </p>
   </div>
   <div class='ocr_carea' id='block_1_63' title="bbox 386 3212 3694 3305">
    <p class='ocr_par' dir='ltr' id='par_1_63' title="bbox 386 3212 3694 3305">
     <span class='ocr_line' id='line_1_63' title="bbox 386 3212 3694 3305; baseline -0.001 -17"><span class='ocrx_word' id='word_1_447' title='bbox 386 3232 689 3288; x_wconf 89' lang='lat' dir='ltr'><strong>Pilumnum</strong></span> <span class='ocrx_word' id='word_1_448' title='bbox 718 3233 1034 3302; x_wconf 89' lang='lat' dir='ltr'><strong>quibusdam</strong></span> <span class='ocrx_word' id='word_1_449' title='bbox 1067 3233 1283 3288; x_wconf 88' lang='lat' dir='ltr'><strong>eosdem</strong></span> <span class='ocrx_word' id='word_1_450' title='bbox 1308 3235 1513 3288; x_wconf 84' lang='lat' dir='ltr'><strong>censeri</strong></span> <span class='ocrx_word' id='word_1_451' title='bbox 1543 3250 1605 3289; x_wconf 90' lang='lat' dir='ltr'><strong>ac</strong></span> <span class='ocrx_word' id='word_1_452' title='bbox 1629 3236 1902 3290; x_wconf 86' lang='lat' dir='ltr'><strong>Castorem</strong></span> <span class='ocrx_word' id='word_1_453' title='bbox 1931 3244 1983 3288; x_wconf 91' lang='lat' dir='ltr'><strong>et</strong></span> <span class='ocrx_word' id='word_1_454' title='bbox 2009 3212 2053 3272; x_wconf 77' lang='lat' dir='ltr'><strong>C</strong></span> <span class='ocrx_word' id='word_1_455' title='bbox 2088 3236 2232 3298; x_wconf 82' lang='lat' dir='ltr'><strong>Pici,</strong></span> <span class='ocrx_word' id='word_1_456' title='bbox 2263 3245 2316 3289; x_wconf 86' lang='lat' dir='ltr'><strong>et</strong></span> <span class='ocrx_word' id='word_1_457' title='bbox 2343 3235 2626 3305; x_wconf 86' lang='lat' dir='ltr'><strong>Tyberini,</strong></span> <span class='ocrx_word' id='word_1_458' title='bbox 2666 3233 2832 3287; x_wconf 77' lang='lat' dir='ltr'><strong>Varro</strong></span> <span class='ocrx_word' id='word_1_459' title='bbox 2859 3232 2876 3303; x_wconf 95' lang='lat'><strong>(</strong></span> <span class='ocrx_word' id='word_1_460' title='bbox 2914 3233 3059 3286; x_wconf 86' lang='lat' dir='ltr'><strong>Varr.</strong></span> <span class='ocrx_word' id='word_1_461' title='bbox 3091 3232 3177 3287; x_wconf 86' lang='lat' dir='ltr'><strong>lib.</strong></span> <span class='ocrx_word' id='word_1_462' title='bbox 3212 3248 3265 3286; x_wconf 83' lang='lat' dir='ltr'><strong>iv</strong></span> <span class='ocrx_word' id='word_1_463' title='bbox 3285 3274 3298 3296; x_wconf 93' lang='lat'><strong>,</strong></span> <span class='ocrx_word' id='word_1_464' title='bbox 3330 3233 3393 3285; x_wconf 86' lang='lat' dir='ltr'><strong>de</strong></span> <span class='ocrx_word' id='word_1_465' title='bbox 3419 3231 3567 3301; x_wconf 87' lang='lat' dir='ltr'><strong>Ling.</strong></span> <span class='ocrx_word' id='word_1_466' title='bbox 3599 3232 3694 3285; x_wconf 85' lang='lat' dir='ltr'><strong>lat.</strong></span> 
     </span>
    </p>
   </div>
   <div class='ocr_carea' id='block_1_64' title="bbox 387 3324 1982 3398">
    <p class='ocr_par' dir='ltr' id='par_1_64' title="bbox 387 3324 1982 3398">
     <span class='ocr_line' id='line_1_64' title="bbox 387 3324 1982 3398; baseline 0.002 -19"><span class='ocrx_word' id='word_1_467' title='bbox 387 3324 680 3390; x_wconf 82' lang='lat' dir='ltr'><strong>Pollucem,</strong></span> <span class='ocrx_word' id='word_1_468' title='bbox 726 3326 794 3379; x_wconf 88' lang='lat' dir='ltr'><strong>ab</strong></span> <span class='ocrx_word' id='word_1_469' title='bbox 839 3327 957 3380; x_wconf 89' lang='lat' dir='ltr'><strong>aliis</strong></span> <span class='ocrx_word' id='word_1_470' title='bbox 1008 3341 1139 3381; x_wconf 88' lang='lat' dir='ltr'><strong>vero</strong></span> <span class='ocrx_word' id='word_1_471' title='bbox 1173 3327 1409 3381; x_wconf 88' lang='lat' dir='ltr'><strong>Laudum</strong></span> <span class='ocrx_word' id='word_1_472' title='bbox 1459 3327 1607 3392; x_wconf 78' lang='lat' dir='ltr'><strong>deos,</strong></span> <span class='ocrx_word' id='word_1_473' title='bbox 1647 3343 1781 3398; x_wconf 87' lang='lat' dir='ltr'><strong>quos</strong></span> <span class='ocrx_word' id='word_1_474' title='bbox 1823 3330 1982 3383; x_wconf 89' lang='lat' dir='ltr'><strong>etiam</strong></span> 
     </span>
    </p>
   </div>
   <div class='ocr_carea' id='block_1_65' title="bbox 388 3418 1985 3492">
    <p class='ocr_par' dir='ltr' id='par_1_65' title="bbox 388 3418 1985 3492">
     <span class='ocr_line' id='line_1_65' title="bbox 388 3418 1985 3492; baseline 0.004 -20"><span class='ocrx_word' id='word_1_475' title='bbox 388 3418 558 3473; x_wconf 81' lang='lat' dir='ltr'><strong>Varro</strong></span> <span class='ocrx_word' id='word_1_476' title='bbox 588 3419 896 3489; x_wconf 82' lang='lat' dir='ltr'><strong>conjugales</strong></span> <span class='ocrx_word' id='word_1_477' title='bbox 925 3419 1057 3474; x_wconf 87' lang='lat' dir='ltr'><strong>deos</strong></span> <span class='ocrx_word' id='word_1_478' title='bbox 1080 3436 1199 3476; x_wconf 88' lang='lat' dir='ltr'><strong>esse</strong></span> <span class='ocrx_word' id='word_1_479' title='bbox 1230 3423 1549 3491; x_wconf 81' lang='lat' dir='ltr'><strong>suspicatur.</strong></span> <span class='ocrx_word' id='word_1_480' title='bbox 1577 3423 1631 3476; x_wconf 89' lang='lat' dir='ltr'><strong>ln</strong></span> <span class='ocrx_word' id='word_1_481' title='bbox 1657 3424 1985 3492; x_wconf 79' lang='lat' dir='ltr'><strong>posteriores</strong></span> 
     </span>
    </p>
   </div>
   <div class='ocr_carea' id='block_1_66' title="bbox 388 3513 1983 3583">
    <p class='ocr_par' dir='ltr' id='par_1_66' title="bbox 388 3513 1983 3583">
     <span class='ocr_line' id='line_1_66' title="bbox 388 3513 1983 3583; baseline 0.001 -15"><span class='ocrx_word' id='word_1_482' title='bbox 388 3513 579 3568; x_wconf 88' lang='lat' dir='ltr'><strong>deinde</strong></span> <span class='ocrx_word' id='word_1_483' title='bbox 608 3524 780 3583; x_wconf 69' lang='lat' dir='ltr'><strong>poeta:</strong></span> <span class='ocrx_word' id='word_1_484' title='bbox 809 3529 1020 3581; x_wconf 85' lang='lat' dir='ltr'><strong>versus,</strong></span> <span class='ocrx_word' id='word_1_485' title='bbox 1045 3515 1225 3569; x_wconf 85' lang='lat' dir='ltr'><strong>denuo</strong></span> <span class='ocrx_word' id='word_1_486' title='bbox 1255 3515 1472 3571; x_wconf 84' lang='lat' dir='ltr'><strong>Servius</strong></span> <span class='ocrx_word' id='word_1_487' title='bbox 1499 3518 1748 3572; x_wconf 87' lang='lat' dir='ltr'><strong>observat</strong></span> <span class='ocrx_word' id='word_1_488' title='bbox 1776 3529 1983 3572; x_wconf 90' lang='lat' dir='ltr'><strong>utrum-</strong></span> 
     </span>
    </p>
   </div>
   <div class='ocr_carea' id='block_1_67' title="bbox 389 3608 1985 3680">
    <p class='ocr_par' dir='ltr' id='par_1_67' title="bbox 389 3608 1985 3680">
     <span class='ocr_line' id='line_1_67' title="bbox 389 3608 1985 3680; baseline 0.003 -18"><span class='ocrx_word' id='word_1_489' title='bbox 389 3624 493 3678; x_wconf 90' lang='lat' dir='ltr'><strong>que</strong></span> <span class='ocrx_word' id='word_1_490' title='bbox 541 3609 607 3664; x_wconf 88' lang='lat' dir='ltr'><strong>ab</strong></span> <span class='ocrx_word' id='word_1_491' title='bbox 656 3608 846 3664; x_wconf 90' lang='lat' dir='ltr'><strong>eodem</strong></span> <span class='ocrx_word' id='word_1_492' title='bbox 884 3609 1128 3664; x_wconf 83' lang='lat' dir='ltr'><strong>Varrone</strong></span> <span class='ocrx_word' id='word_1_493' title='bbox 1158 3609 1261 3664; x_wconf 89' lang='lat' dir='ltr'><strong>dici</strong></span> <span class='ocrx_word' id='word_1_494' title='bbox 1295 3610 1570 3665; x_wconf 82' lang='lat' dir='ltr'><strong>infantium</strong></span> <span class='ocrx_word' id='word_1_495' title='bbox 1598 3611 1746 3674; x_wconf 84' lang='lat' dir='ltr'><strong>deos,</strong></span> <span class='ocrx_word' id='word_1_496' title='bbox 1799 3612 1985 3680; x_wconf 78' lang='lat' dir='ltr'><strong>eisque</strong></span> 
     </span>
    </p>
   </div>
   <div class='ocr_carea' id='block_1_68' title="bbox 391 3701 1986 3772">
    <p class='ocr_par' dir='ltr' id='par_1_68' title="bbox 391 3701 1986 3772">
     <span class='ocr_line' id='line_1_68' title="bbox 391 3701 1986 3772; baseline 0.002 -18"><span class='ocrx_word' id='word_1_497' title='bbox 391 3716 488 3769; x_wconf 86' lang='lat' dir='ltr'><strong>pro</strong></span> <span class='ocrx_word' id='word_1_498' title='bbox 521 3715 781 3770; x_wconf 86' lang='lat' dir='ltr'><strong>puerpera</strong></span> <span class='ocrx_word' id='word_1_499' title='bbox 813 3701 1007 3756; x_wconf 88' lang='lat' dir='ltr'><strong>lectum</strong></span> <span class='ocrx_word' id='word_1_500' title='bbox 1033 3702 1223 3767; x_wconf 88' lang='lat' dir='ltr'><strong>sterni,</strong></span> <span class='ocrx_word' id='word_1_501' title='bbox 1249 3701 1372 3757; x_wconf 93' lang='lat' dir='ltr'><strong>dum</strong></span> <span class='ocrx_word' id='word_1_502' title='bbox 1399 3705 1725 3772; x_wconf 60' lang='lat' dir='ltr'><strong>exploretur,</strong></span> <span class='ocrx_word' id='word_1_503' title='bbox 1749 3719 1814 3757; x_wconf 85' lang='lat' dir='ltr'><strong>an</strong></span> <span class='ocrx_word' id='word_1_504' title='bbox 1843 3704 1986 3758; x_wconf 84' lang='lat' dir='ltr'><strong>utilis</strong></span> 
     </span>
    </p>
   </div>
   <div class='ocr_carea' id='block_1_69' title="bbox 391 3791 1984 3864">
    <p class='ocr_par' dir='ltr' id='par_1_69' title="bbox 391 3791 1984 3864">
     <span class='ocr_line' id='line_1_69' title="bbox 391 3791 1984 3864; baseline 0.002 -19"><span class='ocrx_word' id='word_1_505' title='bbox 391 3791 483 3855; x_wconf 85' lang='lat' dir='ltr'><strong>sit,</strong></span> <span class='ocrx_word' id='word_1_506' title='bbox 514 3791 604 3860; x_wconf 88' lang='lat' dir='ltr'><strong>qui</strong></span> <span class='ocrx_word' id='word_1_507' title='bbox 635 3800 794 3844; x_wconf 88' lang='lat' dir='ltr'><strong>natus</strong></span> <span class='ocrx_word' id='word_1_508' title='bbox 818 3802 916 3846; x_wconf 86' lang='lat' dir='ltr'><strong>est.</strong></span> <span class='ocrx_word' id='word_1_509' title='bbox 953 3793 1192 3862; x_wconf 82' lang='lat' dir='ltr'><strong>Denique</strong></span> <span class='ocrx_word' id='word_1_510' title='bbox 1223 3793 1312 3848; x_wconf 92' lang='lat' dir='ltr'><strong>ille</strong></span> <span class='ocrx_word' id='word_1_511' title='bbox 1335 3808 1432 3848; x_wconf 90' lang='lat' dir='ltr'><strong>nos</strong></span> <span class='ocrx_word' id='word_1_512' title='bbox 1452 3793 1701 3849; x_wconf 89' lang='lat' dir='ltr'><strong>admonet</strong></span> <span class='ocrx_word' id='word_1_513' title='bbox 1727 3795 1984 3864; x_wconf 88' lang='lat' dir='ltr'><strong>quosdam</strong></span> 
     </span>
    </p>
   </div>
   <div class='ocr_carea' id='block_1_70' title="bbox 394 3881 1986 3955">
    <p class='ocr_par' dir='ltr' id='par_1_70' title="bbox 394 3881 1986 3955">
     <span class='ocr_line' id='line_1_70' title="bbox 394 3881 1986 3955; baseline 0.003 -19"><span class='ocrx_word' id='word_1_514' title='bbox 394 3881 600 3951; x_wconf 86' lang='lat' dir='ltr'><strong>opinari</strong></span> <span class='ocrx_word' id='word_1_515' title='bbox 633 3881 880 3938; x_wconf 90' lang='lat' dir='ltr'><strong>Pilumno</strong></span> <span class='ocrx_word' id='word_1_516' title='bbox 904 3900 1094 3940; x_wconf 89' lang='lat' dir='ltr'><strong>nomen</strong></span> <span class='ocrx_word' id='word_1_517' title='bbox 1127 3885 1325 3940; x_wconf 86' lang='lat' dir='ltr'><strong>idcirco</strong></span> <span class='ocrx_word' id='word_1_518' title='bbox 1345 3884 1547 3950; x_wconf 88' lang='lat' dir='ltr'><strong>datum,</strong></span> <span class='ocrx_word' id='word_1_519' title='bbox 1580 3886 1701 3955; x_wconf 89' lang='lat' dir='ltr'><strong>quia</strong></span> <span class='ocrx_word' id='word_1_520' title='bbox 1736 3887 1869 3939; x_wconf 87' lang='lat' dir='ltr'><strong>mala</strong></span> <span class='ocrx_word' id='word_1_521' title='bbox 1898 3885 1986 3940; x_wconf 87' lang='lat' dir='ltr'><strong>in-</strong></span> 
     </span>
    </p>
   </div>
   <div class='ocr_carea' id='block_1_71' title="bbox 390 3974 1991 4048">
    <p class='ocr_par' dir='ltr' id='par_1_71' title="bbox 390 3974 1991 4048">
     <span class='ocr_line' id='line_1_71' title="bbox 390 3974 1991 4048; baseline 0.004 -20"><span class='ocrx_word' id='word_1_522' title='bbox 390 3974 574 4029; x_wconf 72' lang='lat' dir='ltr'><strong>fantia:</strong></span> <span class='ocrx_word' id='word_1_523' title='bbox 606 3975 793 4045; x_wconf 90' lang='lat' dir='ltr'><strong>pellit:</strong></span> <span class='ocrx_word' id='word_1_524' title='bbox 826 3975 918 4030; x_wconf 87' lang='lat' dir='ltr'><strong>sed</strong></span> <span class='ocrx_word' id='word_1_525' title='bbox 939 3976 1075 4031; x_wconf 73' lang='lat' dir='ltr'><strong>buic</strong></span> <span class='ocrx_word' id='word_1_526' title='bbox 1104 3977 1519 4032; x_wconf 85' lang='lat' dir='ltr'><strong>nomenclationi</strong></span> <span class='ocrx_word' id='word_1_527' title='bbox 1552 3987 1658 4031; x_wconf 88' lang='lat' dir='ltr'><strong>tam</strong></span> <span class='ocrx_word' id='word_1_528' title='bbox 1693 3988 1879 4048; x_wconf 87' lang='lat' dir='ltr'><strong>aperte</strong></span> <span class='ocrx_word' id='word_1_529' title='bbox 1908 3995 1991 4034; x_wconf 86' lang='lat' dir='ltr'><strong>re-</strong></span> 
     </span>
    </p>
   </div>
   <div class='ocr_carea' id='block_1_72' title="bbox 390 4066 1635 4139">
    <p class='ocr_par' dir='ltr' id='par_1_72' title="bbox 390 4066 1635 4139">
     <span class='ocr_line' id='line_1_72' title="bbox 390 4066 1635 4139; baseline 0.005 -18"><span class='ocrx_word' id='word_1_530' title='bbox 390 4066 649 4139; x_wconf 77' lang='lat' dir='ltr'><strong>fragatur,</strong></span> <span class='ocrx_word' id='word_1_531' title='bbox 681 4084 839 4138; x_wconf 86' lang='lat' dir='ltr'><strong>quam</strong></span> <span class='ocrx_word' id='word_1_532' title='bbox 869 4069 1017 4124; x_wconf 80' lang='lat' dir='ltr'><strong>alteri</strong></span> <span class='ocrx_word' id='word_1_533' title='bbox 1045 4071 1298 4125; x_wconf 89' lang='lat' dir='ltr'><strong>libentius</strong></span> <span class='ocrx_word' id='word_1_534' title='bbox 1328 4070 1635 4128; x_wconf 84' lang='lat' dir='ltr'><strong>subscribit.</strong></span> 
     </span>
    </p>
   </div>
   <div class='ocr_carea' id='block_1_73' title="bbox 462 4160 1987 4232">
    <p class='ocr_par' dir='ltr' id='par_1_73' title="bbox 462 4160 1987 4232">
     <span class='ocr_line' id='line_1_73' title="bbox 462 4160 1987 4232; baseline 0.003 -17"><span class='ocrx_word' id='word_1_535' title='bbox 462 4160 544 4215; x_wconf 81' lang='lat' dir='ltr'><strong>Ad</strong></span> <span class='ocrx_word' id='word_1_536' title='bbox 572 4160 809 4217; x_wconf 87' lang='lat' dir='ltr'><strong>Consum</strong></span> <span class='ocrx_word' id='word_1_537' title='bbox 841 4162 1052 4216; x_wconf 90' lang='lat' dir='ltr'><strong>tandem</strong></span> <span class='ocrx_word' id='word_1_538' title='bbox 1084 4164 1247 4216; x_wconf 87' lang='lat' dir='ltr'><strong>Deum</strong></span> <span class='ocrx_word' id='word_1_539' title='bbox 1280 4164 1420 4229; x_wconf 88' lang='lat' dir='ltr'><strong>quod</strong></span> <span class='ocrx_word' id='word_1_540' title='bbox 1477 4172 1704 4232; x_wconf 89' lang='lat' dir='ltr'><strong>spectat,</strong></span> <span class='ocrx_word' id='word_1_541' title='bbox 1741 4163 1930 4218; x_wconf 88' lang='lat' dir='ltr'><strong>litteris</strong></span> <span class='ocrx_word' id='word_1_542' title='bbox 1959 4180 1987 4219; x_wconf 87' lang='lat' dir='ltr'><strong>a</strong></span> 
     </span>
    </p>
   </div>
   <div class='ocr_carea' id='block_1_74' title="bbox 393 4255 1990 4326">
    <p class='ocr_par' dir='ltr' id='par_1_74' title="bbox 393 4255 1990 4326">
     <span class='ocr_line' id='line_1_74' title="bbox 393 4255 1990 4326; baseline 0.002 -17"><span class='ocrx_word' id='word_1_543' title='bbox 393 4255 949 4310; x_wconf 87' lang='lat' dir='ltr'><strong>Plutarcbotraditum</strong></span> <span class='ocrx_word' id='word_1_544' title='bbox 983 4257 1208 4326; x_wconf 83' lang='lat' dir='ltr'><strong>legimus</strong></span> <span class='ocrx_word' id='word_1_545' title='bbox 1229 4258 1497 4312; x_wconf 81' lang='lat' dir='ltr'><strong>Solemnes</strong></span> <span class='ocrx_word' id='word_1_546' title='bbox 1532 4258 1702 4324; x_wconf 91' lang='lat' dir='ltr'><strong>ludos,</strong></span> <span class='ocrx_word' id='word_1_547' title='bbox 1725 4259 1776 4312; x_wconf 90' lang='lat' dir='ltr'><strong>in</strong></span> <span class='ocrx_word' id='word_1_548' title='bbox 1800 4260 1990 4325; x_wconf 85' lang='lat' dir='ltr'><strong>quibus</strong></span> 
     </span>
    </p>
   </div>
   <div class='ocr_carea' id='block_1_75' title="bbox 391 4349 1988 4420">
    <p class='ocr_par' dir='ltr' id='par_1_75' title="bbox 391 4349 1988 4420">
     <span class='ocr_line' id='line_1_75' title="bbox 391 4349 1988 4420; baseline 0.002 -14"><span class='ocrx_word' id='word_1_549' title='bbox 391 4349 601 4406; x_wconf 72' lang='lat' dir='ltr'><strong>Sabina:</strong></span> <span class='ocrx_word' id='word_1_550' title='bbox 627 4350 857 4420; x_wconf 81' lang='lat' dir='ltr'><strong>virgines</strong></span> <span class='ocrx_word' id='word_1_551' title='bbox 886 4362 1053 4420; x_wconf 72' lang='lat' dir='ltr'><strong>raptre</strong></span> <span class='ocrx_word' id='word_1_552' title='bbox 1067 4364 1210 4417; x_wconf 87' lang='lat' dir='ltr'><strong>sunt,</strong></span> <span class='ocrx_word' id='word_1_553' title='bbox 1239 4353 1468 4409; x_wconf 89' lang='lat' dir='ltr'><strong>indictos</strong></span> <span class='ocrx_word' id='word_1_554' title='bbox 1502 4354 1664 4409; x_wconf 87' lang='lat' dir='ltr'><strong>fuisse</strong></span> <span class='ocrx_word' id='word_1_555' title='bbox 1693 4355 1988 4419; x_wconf 68' lang='lat' dir='ltr'><strong>allomulo,</strong></span> 
     </span>
    </p>
   </div>
   <div class='ocr_carea' id='block_1_76' title="bbox 389 4446 1992 4517">
    <p class='ocr_par' dir='ltr' id='par_1_76' title="bbox 389 4446 1992 4517">
     <span class='ocr_line' id='line_1_76' title="bbox 389 4446 1992 4517; baseline 0.003 -19"><span class='ocrx_word' id='word_1_556' title='bbox 389 4455 668 4514; x_wconf 88' lang='lat' dir='ltr'><strong>postquam</strong></span> <span class='ocrx_word' id='word_1_557' title='bbox 725 4447 1017 4501; x_wconf 82' lang='lat' dir='ltr'><strong>invenisset</strong></span> <span class='ocrx_word' id='word_1_558' title='bbox 1065 4446 1330 4502; x_wconf 82' lang='lat' dir='ltr'><strong>defossam</strong></span> <span class='ocrx_word' id='word_1_559' title='bbox 1381 4448 1479 4502; x_wconf 84' lang='lat' dir='ltr'><strong>sub</strong></span> <span class='ocrx_word' id='word_1_560' title='bbox 1529 4457 1669 4502; x_wconf 88' lang='lat' dir='ltr'><strong>terra</strong></span> <span class='ocrx_word' id='word_1_561' title='bbox 1714 4447 1992 4517; x_wconf 84' lang='lat' dir='ltr'><strong>cujusdam</strong></span> 
     </span>
    </p>
   </div>
   <div class='ocr_carea' id='block_1_77' title="bbox 389 4536 1992 4607">
    <p class='ocr_par' dir='ltr' id='par_1_77' title="bbox 389 4536 1992 4607">
     <span class='ocr_line' id='line_1_77' title="bbox 389 4536 1992 4607; baseline 0.003 -16"><span class='ocrx_word' id='word_1_562' title='bbox 389 4536 477 4592; x_wconf 89' lang='lat' dir='ltr'><strong>dei</strong></span> <span class='ocrx_word' id='word_1_563' title='bbox 510 4552 677 4602; x_wconf 87' lang='lat' dir='ltr'><strong>aram,</strong></span> <span class='ocrx_word' id='word_1_564' title='bbox 707 4553 867 4607; x_wconf 88' lang='lat' dir='ltr'><strong>quem</strong></span> <span class='ocrx_word' id='word_1_565' title='bbox 897 4537 1132 4594; x_wconf 90' lang='lat' dir='ltr'><strong>Consum</strong></span> <span class='ocrx_word' id='word_1_566' title='bbox 1166 4539 1448 4597; x_wconf 87' lang='lat' dir='ltr'><strong>vocabant.</strong></span> <span class='ocrx_word' id='word_1_567' title='bbox 1478 4540 1611 4596; x_wconf 81' lang='lat' dir='ltr'><strong>Eum</strong></span> <span class='ocrx_word' id='word_1_568' title='bbox 1648 4551 1826 4596; x_wconf 88' lang='lat' dir='ltr'><strong>autem</strong></span> <span class='ocrx_word' id='word_1_569' title='bbox 1869 4555 1992 4596; x_wconf 89' lang='lat' dir='ltr'><strong>esse</strong></span> 
     </span>
    </p>
   </div>
   <div class='ocr_carea' id='block_1_78' title="bbox 2093 3321 3693 3399">
    <p class='ocr_par' dir='ltr' id='par_1_78' title="bbox 2093 3321 3693 3399">
     <span class='ocr_line' id='line_1_78' title="bbox 2093 3321 3693 3399; baseline -0.003 -19"><span class='ocrx_word' id='word_1_570' title='bbox 2093 3346 2212 3399; x_wconf 91' lang='lat' dir='ltr'><strong>pag.</strong></span> <span class='ocrx_word' id='word_1_571' title='bbox 2250 3327 2315 3380; x_wconf 80' lang='grc'><strong>18</strong></span> <span class='ocrx_word' id='word_1_572' title='bbox 2341 3369 2352 3390; x_wconf 91' lang='grc'>,</span> <span class='ocrx_word' id='word_1_573' title='bbox 2383 3335 2430 3378; x_wconf 89' lang='lat' dir='ltr'><strong>et</strong></span> <span class='ocrx_word' id='word_1_574' title='bbox 2456 3323 2602 3395; x_wconf 85' lang='lat' dir='ltr'><strong>seq.)</strong></span> <span class='ocrx_word' id='word_1_575' title='bbox 2635 3324 2773 3394; x_wconf 90' lang='lat' dir='ltr'><strong>apud</strong></span> <span class='ocrx_word' id='word_1_576' title='bbox 2805 3323 3159 3394; x_wconf 82' lang='lat' dir='ltr'><strong>Augustinum</strong></span> <span class='ocrx_word' id='word_1_577' title='bbox 3212 3323 3336 3393; x_wconf 85' lang='lat' dir='ltr'><strong>(lib.</strong></span> <span class='ocrx_word' id='word_1_578' title='bbox 3370 3339 3422 3377; x_wconf 85' lang='lat' dir='ltr'><strong>tv</strong></span> <span class='ocrx_word' id='word_1_579' title='bbox 3455 3323 3516 3375; x_wconf 88' lang='lat' dir='ltr'><strong>de</strong></span> <span class='ocrx_word' id='word_1_580' title='bbox 3544 3321 3693 3376; x_wconf 74' lang='lat' dir='ltr'><strong>Civil.</strong></span> 
     </span>
    </p>
   </div>
   <div class='ocr_carea' id='block_1_79' title="bbox 2089 3415 3696 3490">
    <p class='ocr_par' dir='ltr' id='par_1_79' title="bbox 2089 3415 3696 3490">
     <span class='ocr_line' id='line_1_79' title="bbox 2089 3415 3696 3490; baseline -0.002 -17"><span class='ocrx_word' id='word_1_581' title='bbox 2089 3437 2202 3490; x_wconf 87' lang='lat' dir='ltr'><strong>cap.</strong></span> <span class='ocrx_word' id='word_1_582' title='bbox 2242 3418 2308 3473; x_wconf 81' lang='lat' dir='ltr'><strong>lO</strong></span> <span class='ocrx_word' id='word_1_583' title='bbox 2333 3462 2346 3484; x_wconf 92' lang='lat'><strong>,</strong></span> <span class='ocrx_word' id='word_1_584' title='bbox 2383 3435 2502 3488; x_wconf 85' lang='lat' dir='ltr'><strong>pag.</strong></span> <span class='ocrx_word' id='word_1_585' title='bbox 2540 3418 2686 3488; x_wconf 81' lang='grc'><strong>159)</strong></span> <span class='ocrx_word' id='word_1_586' title='bbox 2739 3417 3067 3472; x_wconf 89' lang='lat' dir='ltr'><strong>mentionem</strong></span> <span class='ocrx_word' id='word_1_587' title='bbox 3101 3415 3246 3471; x_wconf 83' lang='lat' dir='ltr'><strong>facit.</strong></span> <span class='ocrx_word' id='word_1_588' title='bbox 3283 3419 3350 3470; x_wconf 84' lang='lat' dir='ltr'><strong>At</strong></span> <span class='ocrx_word' id='word_1_589' title='bbox 3383 3415 3696 3470; x_wconf 81' lang='lat' dir='ltr'><strong>nominatim</strong></span> 
     </span>
    </p>
   </div>
   <div class='ocr_carea' id='block_1_80' title="bbox 2088 3509 3697 3579">
    <p class='ocr_par' dir='ltr' id='par_1_80' title="bbox 2088 3509 3697 3579">
     <span class='ocr_line' id='line_1_80' title="bbox 2088 3509 3697 3579; baseline -0.004 -10"><span class='ocrx_word' id='word_1_590' title='bbox 2088 3515 2152 3569; x_wconf 86' lang='lat' dir='ltr'><strong>de</strong></span> <span class='ocrx_word' id='word_1_591' title='bbox 2175 3513 2422 3568; x_wconf 86' lang='lat' dir='ltr'><strong>Cloacina</strong></span> <span class='ocrx_word' id='word_1_592' title='bbox 2455 3512 2796 3565; x_wconf 86' lang='lat' dir='ltr'><strong>Lactantius:</strong></span> <span class='ocrx_word' id='word_1_593' title='bbox 2817 3530 2834 3561; x_wconf 84' lang='grc'><em>‹</em></span> <span class='ocrx_word' id='word_1_594' title='bbox 2858 3509 3146 3575; x_wconf 67' lang='lat' dir='ltr'><strong>Cloacinaa,</strong></span> <span class='ocrx_word' id='word_1_595' title='bbox 3170 3530 3188 3562; x_wconf 77' lang='grc' dir='ltr'><strong>ι</strong></span> <span class='ocrx_word' id='word_1_596' title='bbox 3213 3510 3414 3579; x_wconf 90' lang='lat' dir='ltr'><strong>inquit,</strong></span> <span class='ocrx_word' id='word_1_597' title='bbox 3443 3509 3697 3563; x_wconf 71' lang='lat' dir='ltr'><strong>«simula-</strong></span> 
     </span>
    </p>
   </div>
   <div class='ocr_carea' id='block_1_81' title="bbox 2087 3601 3698 3672">
    <p class='ocr_par' dir='ltr' id='par_1_81' title="bbox 2087 3601 3698 3672">
     <span class='ocr_line' id='line_1_81' title="bbox 2087 3601 3698 3672; baseline -0.004 -11"><span class='ocrx_word' id='word_1_598' title='bbox 2087 3623 2270 3671; x_wconf 90' lang='lat' dir='ltr'><strong>crum,</strong></span> <span class='ocrx_word' id='word_1_599' title='bbox 2315 3607 2366 3659; x_wconf 90' lang='lat' dir='ltr'><strong>in</strong></span> <span class='ocrx_word' id='word_1_600' title='bbox 2409 3604 2612 3660; x_wconf 80' lang='lat' dir='ltr'><strong>Cloaca</strong></span> <span class='ocrx_word' id='word_1_601' title='bbox 2657 3604 2886 3657; x_wconf 75' lang='lat' dir='ltr'><strong>maxima</strong></span> <span class='ocrx_word' id='word_1_602' title='bbox 2930 3613 3236 3672; x_wconf 84' lang='lat' dir='ltr'><strong>repertum,</strong></span> <span class='ocrx_word' id='word_1_603' title='bbox 3278 3601 3463 3654; x_wconf 83' lang='lat' dir='ltr'><strong>&#39;l‘atius</strong></span> <span class='ocrx_word' id='word_1_604' title='bbox 3507 3615 3698 3655; x_wconf 86' lang='lat' dir='ltr'><strong>c0nse-</strong></span> 
     </span>
    </p>
   </div>
   <div class='ocr_carea' id='block_1_82' title="bbox 2089 3693 3697 3767">
    <p class='ocr_par' dir='ltr' id='par_1_82' title="bbox 2089 3693 3697 3767">
     <span class='ocr_line' id='line_1_82' title="bbox 2089 3693 3697 3767; baseline -0.005 -12"><span class='ocrx_word' id='word_1_605' title='bbox 2089 3700 2287 3764; x_wconf 85' lang='lat' dir='ltr'><strong>oravit,</strong></span> <span class='ocrx_word' id='word_1_606' title='bbox 2318 3707 2371 3752; x_wconf 88' lang='lat' dir='ltr'><strong>et</strong></span> <span class='ocrx_word' id='word_1_607' title='bbox 2401 3699 2524 3767; x_wconf 87' lang='lat' dir='ltr'><strong>quia</strong></span> <span class='ocrx_word' id='word_1_608' title='bbox 2553 3697 2708 3765; x_wconf 90' lang='lat' dir='ltr'><strong>cujus</strong></span> <span class='ocrx_word' id='word_1_609' title='bbox 2737 3707 2867 3754; x_wconf 87' lang='lat' dir='ltr'><strong>esset</strong></span> <span class='ocrx_word' id='word_1_610' title='bbox 2917 3695 3114 3764; x_wconf 68' lang='lat' dir='ltr'><strong>efﬁgies</strong></span> <span class='ocrx_word' id='word_1_611' title='bbox 3147 3694 3454 3764; x_wconf 85' lang='lat' dir='ltr'><strong>ignorabat,</strong></span> <span class='ocrx_word' id='word_1_612' title='bbox 3483 3709 3546 3747; x_wconf 78' lang='lat' dir='ltr'><strong>ex</strong></span> <span class='ocrx_word' id='word_1_613' title='bbox 3578 3693 3697 3747; x_wconf 90' lang='lat' dir='ltr'><strong>loco</strong></span> 
     </span>
    </p>
   </div>
   <div class='ocr_carea' id='block_1_83' title="bbox 2091 3787 3694 3859">
    <p class='ocr_par' dir='ltr' id='par_1_83' title="bbox 2091 3787 3694 3859">
     <span class='ocr_line' id='line_1_83' title="bbox 2091 3787 3694 3859; baseline -0.004 -13"><span class='ocrx_word' id='word_1_614' title='bbox 2091 3793 2178 3847; x_wconf 88' lang='lat' dir='ltr'><strong>ille</strong></span> <span class='ocrx_word' id='word_1_615' title='bbox 2232 3807 2427 3846; x_wconf 90' lang='lat' dir='ltr'><strong>nomen</strong></span> <span class='ocrx_word' id='word_1_616' title='bbox 2463 3792 2716 3859; x_wconf 88' lang='lat' dir='ltr'><strong>imposuit</strong></span> <span class='ocrx_word' id='word_1_617' title='bbox 2748 3809 2766 3841; x_wconf 74' lang='grc' dir='ltr'><strong>ι</strong></span> <span class='ocrx_word' id='word_1_618' title='bbox 2803 3788 3063 3859; x_wconf 85' lang='lat' dir='ltr'><strong>(Lactant.</strong></span> <span class='ocrx_word' id='word_1_619' title='bbox 3097 3789 3181 3842; x_wconf 83' lang='lat' dir='ltr'><strong>lib.</strong></span> <span class='ocrx_word' id='word_1_620' title='bbox 3215 3806 3231 3842; x_wconf 89' lang='grc' dir='ltr'><strong>ι</strong></span> <span class='ocrx_word' id='word_1_621' title='bbox 3259 3790 3319 3840; x_wconf 83' lang='lat' dir='ltr'><strong>de</strong></span> <span class='ocrx_word' id='word_1_622' title='bbox 3347 3787 3494 3841; x_wconf 80' lang='lat' dir='ltr'><strong>Fals.</strong></span> <span class='ocrx_word' id='word_1_623' title='bbox 3527 3787 3694 3858; x_wconf 84' lang='lat' dir='ltr'><strong>Relig.</strong></span> 
     </span>
    </p>
   </div>
   <div class='ocr_carea' id='block_1_84' title="bbox 2093 3881 3696 3956">
    <p class='ocr_par' dir='ltr' id='par_1_84' title="bbox 2093 3881 3696 3956">
     <span class='ocr_line' id='line_1_84' title="bbox 2093 3881 3696 3956; baseline -0.004 -16"><span class='ocrx_word' id='word_1_624' title='bbox 2093 3903 2210 3956; x_wconf 85' lang='lat' dir='ltr'><strong>cap.</strong></span> <span class='ocrx_word' id='word_1_625' title='bbox 2239 3887 2309 3940; x_wconf 65' lang='lat'><strong>20</strong></span> <span class='ocrx_word' id='word_1_626' title='bbox 2331 3927 2345 3952; x_wconf 93' lang='lat'><strong>,</strong></span> <span class='ocrx_word' id='word_1_627' title='bbox 2377 3902 2495 3955; x_wconf 85' lang='lat' dir='ltr'><strong>pag.</strong></span> <span class='ocrx_word' id='word_1_628' title='bbox 2528 3883 2630 3938; x_wconf 73' lang='grc'><strong>104</strong></span> <span class='ocrx_word' id='word_1_629' title='bbox 2652 3885 2692 3953; x_wconf 91' lang='grc'>).</span> <span class='ocrx_word' id='word_1_630' title='bbox 2738 3883 2838 3936; x_wconf 82' lang='lat' dir='ltr'><strong>Adi</strong></span> <span class='ocrx_word' id='word_1_631' title='bbox 2891 3882 3097 3945; x_wconf 87' lang='lat' dir='ltr'><strong>adhuc,</strong></span> <span class='ocrx_word' id='word_1_632' title='bbox 3128 3883 3172 3936; x_wconf 90' lang='lat' dir='ltr'><strong>si</strong></span> <span class='ocrx_word' id='word_1_633' title='bbox 3215 3883 3381 3946; x_wconf 89' lang='lat' dir='ltr'><strong>velis,</strong></span> <span class='ocrx_word' id='word_1_634' title='bbox 3412 3881 3696 3936; x_wconf 83' lang='lat' dir='ltr'><strong>Tertullia-</strong></span> 
     </span>
    </p>
   </div>
   <div class='ocr_carea' id='block_1_85' title="bbox 2094 3972 3694 4045">
    <p class='ocr_par' dir='ltr' id='par_1_85' title="bbox 2094 3972 3694 4045">
     <span class='ocr_line' id='line_1_85' title="bbox 2094 3972 3694 4045; baseline -0.003 -13"><span class='ocrx_word' id='word_1_635' title='bbox 2094 3995 2221 4032; x_wconf 85' lang='lat' dir='ltr'><strong>num</strong></span> <span class='ocrx_word' id='word_1_636' title='bbox 2252 3978 2371 4031; x_wconf 90' lang='lat' dir='ltr'><strong>loco</strong></span> <span class='ocrx_word' id='word_1_637' title='bbox 2401 3975 2644 4044; x_wconf 83' lang='lat' dir='ltr'><strong>proxime</strong></span> <span class='ocrx_word' id='word_1_638' title='bbox 2672 3975 2838 4027; x_wconf 88' lang='lat' dir='ltr'><strong>citato</strong></span> <span class='ocrx_word' id='word_1_639' title='bbox 2868 3974 2886 4045; x_wconf 90' lang='lat'><strong>(</strong></span> <span class='ocrx_word' id='word_1_640' title='bbox 2914 3973 3217 4028; x_wconf 84' lang='lat' dir='ltr'><strong>Tertullian.</strong></span> <span class='ocrx_word' id='word_1_641' title='bbox 3265 3974 3344 4026; x_wconf 87' lang='lat' dir='ltr'><strong>loc</strong></span> <span class='ocrx_word' id='word_1_642' title='bbox 3385 3972 3471 4026; x_wconf 85' lang='lat' dir='ltr'><strong>cit.</strong></span> <span class='ocrx_word' id='word_1_643' title='bbox 3514 3983 3562 4026; x_wconf 85' lang='lat' dir='ltr'><strong>et</strong></span> <span class='ocrx_word' id='word_1_644' title='bbox 3604 3973 3694 4027; x_wconf 88' lang='lat' dir='ltr'><strong>lib.</strong></span> 
     </span>
    </p>
   </div>
   <div class='ocr_carea' id='block_1_86' title="bbox 2098 4065 3694 4139">
    <p class='ocr_par' dir='ltr' id='par_1_86' title="bbox 2098 4065 3694 4139">
     <span class='ocr_line' id='line_1_86' title="bbox 2098 4065 3694 4139; baseline -0.004 -14"><span class='ocrx_word' id='word_1_645' title='bbox 2098 4073 2158 4125; x_wconf 82' lang='lat' dir='ltr'><strong>de</strong></span> <span class='ocrx_word' id='word_1_646' title='bbox 2190 4071 2330 4124; x_wconf 85' lang='lat' dir='ltr'><strong>Pall.</strong></span> <span class='ocrx_word' id='word_1_647' title='bbox 2366 4086 2481 4139; x_wconf 87' lang='lat' dir='ltr'><strong>cap.</strong></span> <span class='ocrx_word' id='word_1_648' title='bbox 2515 4067 2608 4138; x_wconf 74' lang='grc'><strong>4),</strong></span> <span class='ocrx_word' id='word_1_649' title='bbox 2660 4067 2873 4136; x_wconf 88' lang='lat' dir='ltr'><strong>alioque</strong></span> <span class='ocrx_word' id='word_1_650' title='bbox 2924 4067 2977 4119; x_wconf 91' lang='lat' dir='ltr'><strong>in</strong></span> <span class='ocrx_word' id='word_1_651' title='bbox 3028 4065 3193 4130; x_wconf 88' lang='lat' dir='ltr'><strong>libro,</strong></span> <span class='ocrx_word' id='word_1_652' title='bbox 3245 4074 3299 4119; x_wconf 90' lang='lat' dir='ltr'><strong>et</strong></span> <span class='ocrx_word' id='word_1_653' title='bbox 3345 4067 3694 4136; x_wconf 88' lang='lat' dir='ltr'><strong>Augustinum</strong></span> 
     </span>
    </p>
   </div>
   <div class='ocr_carea' id='block_1_87' title="bbox 2104 4158 3694 4238">
    <p class='ocr_par' dir='ltr' id='par_1_87' title="bbox 2104 4158 3694 4238">
     <span class='ocr_line' id='line_1_87' title="bbox 2104 4158 3694 4238; baseline -0.007 -18"><span class='ocrx_word' id='word_1_654' title='bbox 2104 4166 2237 4238; x_wconf 85' lang='lat' dir='ltr'><strong>(lib.</strong></span> <span class='ocrx_word' id='word_1_655' title='bbox 2271 4179 2325 4218; x_wconf 86' lang='lat' dir='ltr'><strong>tv</strong></span> <span class='ocrx_word' id='word_1_656' title='bbox 2372 4164 2432 4216; x_wconf 86' lang='lat' dir='ltr'><strong>de</strong></span> <span class='ocrx_word' id='word_1_657' title='bbox 2484 4162 2633 4215; x_wconf 77' lang='lat' dir='ltr'><strong>Civil.</strong></span> <span class='ocrx_word' id='word_1_658' title='bbox 2668 4177 2783 4228; x_wconf 86' lang='lat' dir='ltr'><strong>cap.</strong></span> <span class='ocrx_word' id='word_1_659' title='bbox 2816 4160 2884 4224; x_wconf 92' lang='lat'><strong>8,</strong></span> <span class='ocrx_word' id='word_1_660' title='bbox 2917 4175 3033 4230; x_wconf 87' lang='lat' dir='ltr'><strong>pag.</strong></span> <span class='ocrx_word' id='word_1_661' title='bbox 3070 4159 3139 4213; x_wconf 79' lang='grc'>95</span> <span class='ocrx_word' id='word_1_662' title='bbox 3166 4202 3180 4226; x_wconf 93' lang='grc'><strong><em>,</em></strong></span> <span class='ocrx_word' id='word_1_663' title='bbox 3212 4167 3257 4212; x_wconf 87' lang='lat' dir='ltr'><strong>et</strong></span> <span class='ocrx_word' id='word_1_664' title='bbox 3285 4175 3401 4227; x_wconf 82' lang='lat' dir='ltr'><strong>cap.</strong></span> <span class='ocrx_word' id='word_1_665' title='bbox 3434 4158 3505 4212; x_wconf 78' lang='lat'><strong>‘23</strong></span> <span class='ocrx_word' id='word_1_666' title='bbox 3527 4199 3540 4224; x_wconf 92' lang='lat'><strong>,</strong></span> <span class='ocrx_word' id='word_1_667' title='bbox 3573 4174 3694 4227; x_wconf 84' lang='lat' dir='ltr'><strong>pag.</strong></span> 
     </span>
    </p>
   </div>
   <div class='ocr_carea' id='block_1_88' title="bbox 2097 4253 3698 4328">
    <p class='ocr_par' dir='ltr' id='par_1_88' title="bbox 2097 4253 3698 4328">
     <span class='ocr_line' id='line_1_88' title="bbox 2097 4253 3698 4328; baseline -0.007 -13"><span class='ocrx_word' id='word_1_668' title='bbox 2097 4261 2198 4314; x_wconf 73' lang='lat' dir='ltr'><strong>tot</strong></span> <span class='ocrx_word' id='word_1_669' title='bbox 2224 4258 2276 4328; x_wconf 94' lang='lat'><strong>),</strong></span> <span class='ocrx_word' id='word_1_670' title='bbox 2311 4257 2398 4326; x_wconf 91' lang='lat' dir='ltr'><strong>qui</strong></span> <span class='ocrx_word' id='word_1_671' title='bbox 2431 4271 2537 4310; x_wconf 92' lang='lat' dir='ltr'><strong>non</strong></span> <span class='ocrx_word' id='word_1_672' title='bbox 2569 4255 2742 4310; x_wconf 85' lang='lat' dir='ltr'><strong>solum</strong></span> <span class='ocrx_word' id='word_1_673' title='bbox 2773 4253 2841 4308; x_wconf 85' lang='lat' dir='ltr'><strong>de</strong></span> <span class='ocrx_word' id='word_1_674' title='bbox 2871 4253 3123 4308; x_wconf 89' lang='lat' dir='ltr'><strong>Cloacina</strong></span> <span class='ocrx_word' id='word_1_675' title='bbox 3145 4295 3158 4316; x_wconf 89' lang='lat'><strong>,</strong></span> <span class='ocrx_word' id='word_1_676' title='bbox 3192 4253 3284 4308; x_wconf 89' lang='lat' dir='ltr'><strong>sed</strong></span> <span class='ocrx_word' id='word_1_677' title='bbox 3316 4253 3511 4306; x_wconf 90' lang='lat' dir='ltr'><strong>notatis</strong></span> <span class='ocrx_word' id='word_1_678' title='bbox 3554 4253 3698 4305; x_wconf 89' lang='lat' dir='ltr'><strong>insu-</strong></span> 
     </span>
    </p>
   </div>
   <div class='ocr_carea' id='block_1_89' title="bbox 2097 4341 3698 4422">
    <p class='ocr_par' dir='ltr' id='par_1_89' title="bbox 2097 4341 3698 4422">
     <span class='ocr_line' id='line_1_89' title="bbox 2097 4341 3698 4422; baseline -0.005 -17"><span class='ocrx_word' id='word_1_679' title='bbox 2097 4367 2190 4422; x_wconf 88' lang='lat' dir='ltr'><strong>per</strong></span> <span class='ocrx_word' id='word_1_680' title='bbox 2240 4365 2272 4404; x_wconf 90' lang='lat' dir='ltr'><strong>a</strong></span> <span class='ocrx_word' id='word_1_681' title='bbox 2320 4347 2554 4403; x_wconf 83' lang='lat' dir='ltr'><strong>Minucio</strong></span> <span class='ocrx_word' id='word_1_682' title='bbox 2606 4356 2790 4402; x_wconf 90' lang='lat' dir='ltr'><strong>nostro</strong></span> <span class='ocrx_word' id='word_1_683' title='bbox 2841 4345 3078 4414; x_wconf 90' lang='lat' dir='ltr'><strong>Pavore,</strong></span> <span class='ocrx_word' id='word_1_684' title='bbox 3132 4344 3374 4411; x_wconf 89' lang='lat' dir='ltr'><strong>Pallore,</strong></span> <span class='ocrx_word' id='word_1_685' title='bbox 3427 4351 3481 4398; x_wconf 91' lang='lat' dir='ltr'><strong>et</strong></span> <span class='ocrx_word' id='word_1_686' title='bbox 3526 4341 3698 4397; x_wconf 85' lang='lat' dir='ltr'><strong>Febre</strong></span> 
     </span>
    </p>
   </div>
   <div class='ocr_carea' id='block_1_90' title="bbox 2095 4444 2353 4515">
    <p class='ocr_par' dir='ltr' id='par_1_90' title="bbox 2095 4444 2353 4515">
     <span class='ocr_line' id='line_1_90' title="bbox 2095 4444 2353 4515; baseline -0.008 -16"><span class='ocrx_word' id='word_1_687' title='bbox 2095 4444 2353 4515; x_wconf 87' lang='lat' dir='ltr'><strong>disputat.</strong></span> 
     </span>
    </p>
   </div>
   <div class='ocr_carea' id='block_1_91' title="bbox 2171 4532 3693 4607">
    <p class='ocr_par' dir='ltr' id='par_1_91' title="bbox 2171 4532 3693 4607">
     <span class='ocr_line' id='line_1_91' title="bbox 2171 4532 3693 4607; baseline -0.005 -14"><span class='ocrx_word' id='word_1_688' title='bbox 2171 4539 2284 4592; x_wconf 84' lang='lat' dir='ltr'><strong>Non</strong></span> <span class='ocrx_word' id='word_1_689' title='bbox 2315 4538 2509 4593; x_wconf 89' lang='lat' dir='ltr'><strong>desunt</strong></span> <span class='ocrx_word' id='word_1_690' title='bbox 2539 4550 2732 4607; x_wconf 89' lang='lat' dir='ltr'><strong>porro,</strong></span> <span class='ocrx_word' id='word_1_691' title='bbox 2764 4536 2855 4606; x_wconf 90' lang='lat' dir='ltr'><strong>qui</strong></span> <span class='ocrx_word' id='word_1_692' title='bbox 2883 4534 3192 4590; x_wconf 85' lang='lat' dir='ltr'><strong>existimant</strong></span> <span class='ocrx_word' id='word_1_693' title='bbox 3218 4533 3361 4588; x_wconf 89' lang='lat' dir='ltr'><strong>illam</strong></span> <span class='ocrx_word' id='word_1_694' title='bbox 3389 4532 3693 4588; x_wconf 90' lang='lat' dir='ltr'><strong>Cloacinam</strong></span> 
     </span>
    </p>
   </div>
   <div class='ocr_carea' id='block_1_92' title="bbox 393 4626 3699 4700">
    <p class='ocr_par' dir='ltr' id='par_1_92' title="bbox 393 4626 3699 4700">
     <span class='ocr_line' id='line_1_92' title="bbox 393 4626 3699 4700; baseline -0 -18"><span class='ocrx_word' id='word_1_695' title='bbox 393 4637 545 4697; x_wconf 88' lang='lat' dir='ltr'><strong>putat</strong></span> <span class='ocrx_word' id='word_1_696' title='bbox 580 4629 696 4684; x_wconf 89' lang='lat' dir='ltr'><strong>sive</strong></span> <span class='ocrx_word' id='word_1_697' title='bbox 726 4629 1077 4690; x_wconf 85' lang='lat' dir='ltr'><strong>consiliorum</strong></span> <span class='ocrx_word' id='word_1_698' title='bbox 1110 4632 1409 4700; x_wconf 81' lang='lat' dir='ltr'><strong>praesidem,</strong></span> <span class='ocrx_word' id='word_1_699' title='bbox 1447 4641 1492 4685; x_wconf 75' lang='lat' dir='ltr'><strong>’a</strong></span> <span class='ocrx_word' id='word_1_700' title='bbox 1528 4634 1785 4699; x_wconf 72' lang='lat' dir='ltr'><strong>consilio,</strong></span> <span class='ocrx_word' id='word_1_701' title='bbox 1842 4634 1928 4689; x_wconf 87' lang='lat' dir='ltr'><strong>vel</strong></span> <span class='ocrx_word' id='word_1_702' title='bbox 1958 4647 1988 4689; x_wconf 86' lang='lat' dir='ltr'><strong>a</strong></span> <span class='ocrx_word' id='word_1_703' title='bbox 2015 4626 2067 4686; x_wconf 92' lang='lat' dir='ltr'><strong>D</strong></span> <span class='ocrx_word' id='word_1_704' title='bbox 2095 4647 2215 4688; x_wconf 87' lang='lat' dir='ltr'><strong>esse</strong></span> <span class='ocrx_word' id='word_1_705' title='bbox 2242 4632 2486 4688; x_wconf 89' lang='lat' dir='ltr'><strong>eamdem</strong></span> <span class='ocrx_word' id='word_1_706' title='bbox 2513 4673 2528 4698; x_wconf 94' lang='lat'><strong>,</strong></span> <span class='ocrx_word' id='word_1_707' title='bbox 2558 4646 2676 4700; x_wconf 71' lang='lat' dir='ltr'><strong>qua:</strong></span> <span class='ocrx_word' id='word_1_708' title='bbox 2703 4647 2733 4684; x_wconf 87' lang='lat' dir='ltr'><strong>a</strong></span> <span class='ocrx_word' id='word_1_709' title='bbox 2765 4630 2936 4684; x_wconf 89' lang='lat' dir='ltr'><strong>Plinio</strong></span> <span class='ocrx_word' id='word_1_710' title='bbox 2967 4629 3148 4684; x_wconf 83' lang='lat' dir='ltr'><strong>Venus</strong></span> <span class='ocrx_word' id='word_1_711' title='bbox 3188 4628 3438 4684; x_wconf 88' lang='lat' dir='ltr'><strong>Cloacina</strong></span> <span class='ocrx_word' id='word_1_712' title='bbox 3482 4628 3564 4682; x_wconf 89' lang='lat' dir='ltr'><strong>bis</strong></span> <span class='ocrx_word' id='word_1_713' title='bbox 3606 4644 3699 4697; x_wconf 88' lang='lat' dir='ltr'><strong>ap-</strong></span> 
     </span>
    </p>
   </div>
   <div class='ocr_carea' id='block_1_93' title="bbox 390 4722 1986 4796">
    <p class='ocr_par' dir='ltr' id='par_1_93' title="bbox 390 4722 1986 4796">
     <span class='ocr_line' id='line_1_93' title="bbox 390 4722 1986 4796; baseline 0.004 -21"><span class='ocrx_word' id='word_1_714' title='bbox 390 4722 702 4776; x_wconf 85' lang='lat' dir='ltr'><strong>consulibus</strong></span> <span class='ocrx_word' id='word_1_715' title='bbox 729 4723 807 4776; x_wconf 88' lang='lat' dir='ltr'><strong>sic</strong></span> <span class='ocrx_word' id='word_1_716' title='bbox 834 4725 1287 4794; x_wconf 83' lang='lat' dir='ltr'><strong>cognominatum,</strong></span> <span class='ocrx_word' id='word_1_717' title='bbox 1322 4726 1435 4780; x_wconf 88' lang='lat' dir='ltr'><strong>sive</strong></span> <span class='ocrx_word' id='word_1_718' title='bbox 1475 4726 1780 4791; x_wconf 77' lang='lat' dir='ltr'><strong>Neptunum</strong></span> <span class='ocrx_word' id='word_1_719' title='bbox 1821 4742 1986 4796; x_wconf 85' lang='lat' dir='ltr'><strong>eque-</strong></span> 
     </span>
    </p>
   </div>
   <div class='ocr_carea' id='block_1_94' title="bbox 392 4813 2044 4901">
    <p class='ocr_par' dir='ltr' id='par_1_94' title="bbox 392 4813 2044 4901">
     <span class='ocr_line' id='line_1_94' title="bbox 392 4813 2044 4901; baseline 0.006 -36"><span class='ocrx_word' id='word_1_720' title='bbox 392 4821 559 4867; x_wconf 86' lang='lat' dir='ltr'><strong>strem</strong></span> <span class='ocrx_word' id='word_1_721' title='bbox 585 4813 873 4882; x_wconf 76' lang='lat' dir='ltr'><strong>(Plutarch.</strong></span> <span class='ocrx_word' id='word_1_722' title='bbox 903 4816 953 4868; x_wconf 83' lang='lat' dir='ltr'><strong>in</strong></span> <span class='ocrx_word' id='word_1_723' title='bbox 983 4814 1108 4893; x_wconf 50' lang='lat' dir='ltr'><strong>[ita</strong></span> <span class='ocrx_word' id='word_1_724' title='bbox 1135 4815 1364 4878; x_wconf 83' lang='lat' dir='ltr'><strong>Romuli.</strong></span> <span class='ocrx_word' id='word_1_725' title='bbox 1401 4834 1519 4886; x_wconf 84' lang='lat' dir='ltr'><strong>pag.</strong></span> <span class='ocrx_word' id='word_1_726' title='bbox 1543 4818 1658 4887; x_wconf 72' lang='grc'>25).</span> <span class='ocrx_word' id='word_1_727' title='bbox 1712 4820 1776 4874; x_wconf 83' lang='grc' dir='ltr'>Ει</span> <span class='ocrx_word' id='word_1_728' title='bbox 1809 4820 1992 4875; x_wconf 84' lang='lat' dir='ltr'><strong>Livius</strong></span> <span class='ocrx_word' id='word_1_729' title='bbox 2027 4893 2044 4901; x_wconf 44' lang='lat'><strong>-</strong></span> 
     </span>
    </p>
   </div>
   <div class='ocr_carea' id='block_1_95' title="bbox 393 4907 1988 4980">
    <p class='ocr_par' dir='ltr' id='par_1_95' title="bbox 393 4907 1988 4980">
     <span class='ocr_line' id='line_1_95' title="bbox 393 4907 1988 4980; baseline 0.004 -19"><span class='ocrx_word' id='word_1_730' title='bbox 393 4907 608 4977; x_wconf 85' lang='lat' dir='ltr'><strong>quidem</strong></span> <span class='ocrx_word' id='word_1_731' title='bbox 639 4909 856 4962; x_wconf 86' lang='lat' dir='ltr'><strong>eosdem</strong></span> <span class='ocrx_word' id='word_1_732' title='bbox 897 4909 1072 4974; x_wconf 90' lang='lat' dir='ltr'><strong>ludos,</strong></span> <span class='ocrx_word' id='word_1_733' title='bbox 1105 4911 1195 4980; x_wconf 88' lang='lat' dir='ltr'><strong>qui</strong></span> <span class='ocrx_word' id='word_1_734' title='bbox 1223 4912 1496 4965; x_wconf 72' lang='lat' dir='ltr'><strong>censuali-.1</strong></span> <span class='ocrx_word' id='word_1_735' title='bbox 1549 4913 1904 4980; x_wconf 84' lang='lat' dir='ltr'><strong>appellantur,</strong></span> <span class='ocrx_word' id='word_1_736' title='bbox 1939 4915 1988 4968; x_wconf 94' lang='lat' dir='ltr'><strong>in</strong></span> 
     </span>
    </p>
   </div>
   <div class='ocr_carea' id='block_1_96' title="bbox 390 5001 1990 5074">
    <p class='ocr_par' dir='ltr' id='par_1_96' title="bbox 390 5001 1990 5074">
     <span class='ocr_line' id='line_1_96' title="bbox 390 5001 1990 5074; baseline 0.003 -19"><span class='ocrx_word' id='word_1_737' title='bbox 390 5001 618 5070; x_wconf 84' lang='lat' dir='ltr'><strong>Neptuni</strong></span> <span class='ocrx_word' id='word_1_738' title='bbox 653 5001 929 5072; x_wconf 83' lang='lat' dir='ltr'><strong>Equestris</strong></span> <span class='ocrx_word' id='word_1_739' title='bbox 961 5003 1222 5065; x_wconf 65' lang='lat' dir='ltr'><strong>honorem</strong></span> <span class='ocrx_word' id='word_1_740' title='bbox 1253 5022 1279 5056; x_wconf 94' lang='lat' dir='ltr'><strong>a</strong></span> <span class='ocrx_word' id='word_1_741' title='bbox 1311 5005 1541 5060; x_wconf 81' lang='lat' dir='ltr'><strong>Romulo</strong></span> <span class='ocrx_word' id='word_1_742' title='bbox 1569 5015 1784 5074; x_wconf 63' lang='lat' dir='ltr'><strong>(intratos</strong></span> <span class='ocrx_word' id='word_1_743' title='bbox 1812 5007 1990 5061; x_wconf 82' lang='lat' dir='ltr'><strong>decla-</strong></span> 
     </span>
    </p>
   </div>
   <div class='ocr_carea' id='block_1_97' title="bbox 393 5093 1990 5166">
    <p class='ocr_par' dir='ltr' id='par_1_97' title="bbox 393 5093 1990 5166">
     <span class='ocr_line' id='line_1_97' title="bbox 393 5093 1990 5166; baseline 0.004 -19"><span class='ocrx_word' id='word_1_744' title='bbox 393 5103 475 5148; x_wconf 86' lang='lat' dir='ltr'><strong>rat</strong></span> <span class='ocrx_word' id='word_1_745' title='bbox 517 5093 721 5165; x_wconf 82' lang='lat' dir='ltr'><strong>(Livius</strong></span> <span class='ocrx_word' id='word_1_746' title='bbox 756 5095 847 5148; x_wconf 86' lang='lat' dir='ltr'><strong>lib.</strong></span> <span class='ocrx_word' id='word_1_747' title='bbox 879 5111 917 5158; x_wconf 88' lang='grc' dir='ltr'>ι,</span> <span class='ocrx_word' id='word_1_748' title='bbox 949 5095 979 5166; x_wconf 84' lang='lat'><strong>§</strong></span> <span class='ocrx_word' id='word_1_749' title='bbox 1015 5095 1092 5166; x_wconf 84' lang='lat'><strong>9).</strong></span> <span class='ocrx_word' id='word_1_750' title='bbox 1134 5096 1514 5152; x_wconf 73' lang='lat' dir='ltr'><strong>Verumtamen</strong></span> <span class='ocrx_word' id='word_1_751' title='bbox 1554 5099 1744 5152; x_wconf 75' lang='lat' dir='ltr'><strong>Varro:</strong></span> <span class='ocrx_word' id='word_1_752' title='bbox 1798 5119 1815 5149; x_wconf 71' lang='grc' dir='ltr'><strong>α</strong></span> <span class='ocrx_word' id='word_1_753' title='bbox 1847 5100 1990 5154; x_wconf 87' lang='lat' dir='ltr'><strong>Con-</strong></span> 
     </span>
    </p>
   </div>
   <div class='ocr_carea' id='block_1_98' title="bbox 389 5186 1993 5260">
    <p class='ocr_par' dir='ltr' id='par_1_98' title="bbox 389 5186 1993 5260">
     <span class='ocr_line' id='line_1_98' title="bbox 389 5186 1993 5260; baseline 0.004 -22"><span class='ocrx_word' id='word_1_754' title='bbox 389 5186 576 5252; x_wconf 75' lang='lat' dir='ltr'><strong>sualia,</strong></span> <span class='ocrx_word' id='word_1_755' title='bbox 609 5186 802 5254; x_wconf 81' lang='lat' dir='ltr'><strong>inquit,</strong></span> <span class='ocrx_word' id='word_1_756' title='bbox 833 5187 995 5253; x_wconf 84' lang='lat' dir='ltr'><strong>dicta,</strong></span> <span class='ocrx_word' id='word_1_757' title='bbox 1023 5205 1049 5241; x_wconf 85' lang='lat' dir='ltr'><strong>a</strong></span> <span class='ocrx_word' id='word_1_758' title='bbox 1069 5192 1263 5253; x_wconf 77' lang='lat' dir='ltr'><strong>Conso,</strong></span> <span class='ocrx_word' id='word_1_759' title='bbox 1299 5190 1441 5260; x_wconf 87' lang='lat' dir='ltr'><strong>quod</strong></span> <span class='ocrx_word' id='word_1_760' title='bbox 1466 5201 1574 5246; x_wconf 88' lang='lat' dir='ltr'><strong>ttun</strong></span> <span class='ocrx_word' id='word_1_761' title='bbox 1599 5191 1739 5245; x_wconf 61' lang='grc' dir='ltr'>ἴοι-ιιι»</span> <span class='ocrx_word' id='word_1_762' title='bbox 1767 5191 1993 5260; x_wconf 70' lang='lat' dir='ltr'><strong>publica}</strong></span> 
     </span>
    </p>
   </div>
   <div class='ocr_carea' id='block_1_99' title="bbox 391 5279 1994 5351">
    <p class='ocr_par' dir='ltr' id='par_1_99' title="bbox 391 5279 1994 5351">
     <span class='ocr_line' id='line_1_99' title="bbox 391 5279 1994 5351; baseline 0.003 -18"><span class='ocrx_word' id='word_1_763' title='bbox 391 5281 436 5335; x_wconf 78' lang='lat' dir='ltr'><strong>ei</strong></span> <span class='ocrx_word' id='word_1_764' title='bbox 465 5279 590 5341; x_wconf 91' lang='lat' dir='ltr'><strong>deo,</strong></span> <span class='ocrx_word' id='word_1_765' title='bbox 615 5289 668 5333; x_wconf 89' lang='lat' dir='ltr'><strong>et</strong></span> <span class='ocrx_word' id='word_1_766' title='bbox 703 5279 754 5336; x_wconf 89' lang='lat' dir='ltr'><strong>in</strong></span> <span class='ocrx_word' id='word_1_767' title='bbox 782 5281 929 5333; x_wconf 88' lang='lat' dir='ltr'><strong>circo</strong></span> <span class='ocrx_word' id='word_1_768' title='bbox 955 5282 1020 5334; x_wconf 87' lang='lat' dir='ltr'><strong>ad</strong></span> <span class='ocrx_word' id='word_1_769' title='bbox 1051 5296 1198 5336; x_wconf 88' lang='lat' dir='ltr'><strong>aram</strong></span> <span class='ocrx_word' id='word_1_770' title='bbox 1227 5282 1342 5351; x_wconf 87' lang='lat' dir='ltr'><strong>ejus</strong></span> <span class='ocrx_word' id='word_1_771' title='bbox 1369 5300 1396 5335; x_wconf 91' lang='lat' dir='ltr'><strong>a</strong></span> <span class='ocrx_word' id='word_1_772' title='bbox 1444 5283 1811 5338; x_wconf 88' lang='lat' dir='ltr'><strong>sacerdotibus</strong></span> <span class='ocrx_word' id='word_1_773' title='bbox 1862 5285 1994 5338; x_wconf 81' lang='lat' dir='ltr'><strong>fiunt</strong></span> 
     </span>
    </p>
   </div>
   <div class='ocr_carea' id='block_1_100' title="bbox 391 5368 1993 5444">
    <p class='ocr_par' dir='ltr' id='par_1_100' title="bbox 391 5368 1993 5444">
     <span class='ocr_line' id='line_1_100' title="bbox 391 5368 1993 5444; baseline 0.004 -22"><span class='ocrx_word' id='word_1_774' title='bbox 391 5368 498 5422; x_wconf 91' lang='lat' dir='ltr'><strong>ludi</strong></span> <span class='ocrx_word' id='word_1_775' title='bbox 550 5369 648 5430; x_wconf 87' lang='lat' dir='ltr'><strong>illi,</strong></span> <span class='ocrx_word' id='word_1_776' title='bbox 703 5370 898 5439; x_wconf 88' lang='lat' dir='ltr'><strong>quibus</strong></span> <span class='ocrx_word' id='word_1_777' title='bbox 949 5372 1182 5439; x_wconf 84' lang='lat' dir='ltr'><strong>virgines</strong></span> <span class='ocrx_word' id='word_1_778' title='bbox 1229 5372 1444 5428; x_wconf 68' lang='lat' dir='ltr'><strong>Sabinae</strong></span> <span class='ocrx_word' id='word_1_779' title='bbox 1496 5385 1664 5443; x_wconf 70' lang='lat' dir='ltr'><strong>raptae</strong></span> <span class='ocrx_word' id='word_1_780' title='bbox 1716 5374 1896 5444; x_wconf 70' lang='lat' dir='ltr'><strong>(Varr.</strong></span> <span class='ocrx_word' id='word_1_781' title='bbox 1932 5375 1993 5428; x_wconf 83' lang='lat' dir='ltr'><strong>de</strong></span> 
     </span>
    </p>
   </div>
   <div class='ocr_carea' id='block_1_101' title="bbox 389 5458 1988 5532">
    <p class='ocr_par' dir='ltr' id='par_1_101' title="bbox 389 5458 1988 5532">
     <span class='ocr_line' id='line_1_101' title="bbox 389 5458 1988 5532; baseline 0.006 -21"><span class='ocrx_word' id='word_1_782' title='bbox 389 5458 546 5529; x_wconf 74' lang='lat' dir='ltr'><strong>Ling.</strong></span> <span class='ocrx_word' id='word_1_783' title='bbox 581 5461 694 5523; x_wconf 59' lang='lat' dir='ltr'><strong>lat,</strong></span> <span class='ocrx_word' id='word_1_784' title='bbox 751 5476 866 5531; x_wconf 79' lang='lat' dir='ltr'><strong>pag.</strong></span> <span class='ocrx_word' id='word_1_785' title='bbox 929 5462 1044 5532; x_wconf 77' lang='lat'><strong>50).</strong></span> <span class='ocrx_word' id='word_1_786' title='bbox 1101 5464 1154 5518; x_wconf 86' lang='lat' dir='ltr'><strong>In</strong></span> <span class='ocrx_word' id='word_1_787' title='bbox 1197 5465 1433 5518; x_wconf 86' lang='lat' dir='ltr'><strong>animum</strong></span> <span class='ocrx_word' id='word_1_788' title='bbox 1471 5476 1644 5520; x_wconf 86' lang='lat' dir='ltr'><strong>tamen</strong></span> <span class='ocrx_word' id='word_1_789' title='bbox 1687 5476 1834 5518; x_wconf 87' lang='lat' dir='ltr'><strong>tuum</strong></span> <span class='ocrx_word' id='word_1_790' title='bbox 1885 5481 1988 5520; x_wconf 86' lang='lat' dir='ltr'><strong>non</strong></span> 
     </span>
    </p>
   </div>
   <div class='ocr_carea' id='block_1_102' title="bbox 389 5552 1992 5625">
    <p class='ocr_par' dir='ltr' id='par_1_102' title="bbox 389 5552 1992 5625">
     <span class='ocr_line' id='line_1_102' title="bbox 389 5552 1992 5625; baseline 0.004 -19"><span class='ocrx_word' id='word_1_791' title='bbox 389 5553 462 5607; x_wconf 81' lang='lat' dir='ltr'><strong>ita</strong></span> <span class='ocrx_word' id='word_1_792' title='bbox 494 5552 647 5608; x_wconf 77' lang='lat' dir='ltr'><strong>facile</strong></span> <span class='ocrx_word' id='word_1_793' title='bbox 677 5552 900 5609; x_wconf 87' lang='lat' dir='ltr'><strong>inducas</strong></span> <span class='ocrx_word' id='word_1_794' title='bbox 935 5572 1180 5625; x_wconf 84' lang='lat' dir='ltr'><strong>magnam</strong></span> <span class='ocrx_word' id='word_1_795' title='bbox 1219 5556 1381 5613; x_wconf 87' lang='lat' dir='ltr'><strong>fuisse</strong></span> <span class='ocrx_word' id='word_1_796' title='bbox 1412 5557 1509 5610; x_wconf 89' lang='lat' dir='ltr'><strong>bos</strong></span> <span class='ocrx_word' id='word_1_797' title='bbox 1536 5557 1674 5610; x_wconf 91' lang='lat' dir='ltr'><strong>inter</strong></span> <span class='ocrx_word' id='word_1_798' title='bbox 1703 5558 1992 5623; x_wconf 77' lang='lat' dir='ltr'><strong>scriptores</strong></span> 
     </span>
    </p>
   </div>
   <div class='ocr_carea' id='block_1_103' title="bbox 393 5645 1992 5720">
    <p class='ocr_par' dir='ltr' id='par_1_103' title="bbox 393 5645 1992 5720">
     <span class='ocr_line' id='line_1_103' title="bbox 393 5645 1992 5720; baseline 0.003 -20"><span class='ocrx_word' id='word_1_799' title='bbox 393 5645 809 5704; x_wconf 78' lang='lat' dir='ltr'><strong>dissensionem.</strong></span> <span class='ocrx_word' id='word_1_800' title='bbox 846 5648 1022 5702; x_wconf 86' lang='lat' dir='ltr'><strong>Testis</strong></span> <span class='ocrx_word' id='word_1_801' title='bbox 1072 5649 1334 5718; x_wconf 86' lang='lat' dir='ltr'><strong>siquidem</strong></span> <span class='ocrx_word' id='word_1_802' title='bbox 1387 5649 1542 5703; x_wconf 88' lang='lat' dir='ltr'><strong>nobis</strong></span> <span class='ocrx_word' id='word_1_803' title='bbox 1582 5659 1664 5704; x_wconf 88' lang='lat' dir='ltr'><strong>est</strong></span> <span class='ocrx_word' id='word_1_804' title='bbox 1712 5650 1992 5720; x_wconf 84' lang='lat' dir='ltr'><strong>Dionysius</strong></span> 
     </span>
    </p>
   </div>
   <div class='ocr_carea' id='block_1_104' title="bbox 396 5738 1993 5812">
    <p class='ocr_par' dir='ltr' id='par_1_104' title="bbox 396 5738 1993 5812">
     <span class='ocr_line' id='line_1_104' title="bbox 396 5738 1993 5812; baseline 0 -16"><span class='ocrx_word' id='word_1_805' title='bbox 396 5738 868 5807; x_wconf 80' lang='lat' dir='ltr'><strong>Halicarnasseus,</strong></span> <span class='ocrx_word' id='word_1_806' title='bbox 919 5759 1075 5812; x_wconf 70' lang='lat' dir='ltr'><strong>qutun</strong></span> <span class='ocrx_word' id='word_1_807' title='bbox 1125 5743 1361 5796; x_wconf 82' lang='lat' dir='ltr'><strong>Consum</strong></span> <span class='ocrx_word' id='word_1_808' title='bbox 1422 5741 1642 5794; x_wconf 78' lang='lat' dir='ltr'><strong>Romani</strong></span> <span class='ocrx_word' id='word_1_809' title='bbox 1713 5744 1993 5807; x_wconf 69' lang='lat' dir='ltr'><strong>voeabant,</strong></span> 
     </span>
    </p>
   </div>
   <div class='ocr_carea' id='block_1_105' title="bbox 397 5830 1999 5913">
    <p class='ocr_par' dir='ltr' id='par_1_105' title="bbox 397 5830 1999 5913">
     <span class='ocr_line' id='line_1_105' title="bbox 397 5830 1999 5913; baseline 0.006 -26"><span class='ocrx_word' id='word_1_810' title='bbox 397 5830 538 5889; x_wconf 86' lang='lat' dir='ltr'><strong>lmnc</strong></span> <span class='ocrx_word' id='word_1_811' title='bbox 572 5850 602 5888; x_wconf 87' lang='lat' dir='ltr'><strong>a</strong></span> <span class='ocrx_word' id='word_1_812' title='bbox 631 5833 828 5892; x_wconf 76' lang='lat' dir='ltr'><strong>Cra:ch</strong></span> <span class='ocrx_word' id='word_1_813' title='bbox 865 5842 1129 5893; x_wconf 53' lang='lat' dir='ltr'><strong>musicam</strong></span> <span class='ocrx_word' id='word_1_814' title='bbox 1156 5846 1469 5906; x_wconf 70' lang='grc' dir='ltr'><strong>στεισίχθονα,</strong></span> <span class='ocrx_word' id='word_1_815' title='bbox 1498 5836 1799 5913; x_wconf 79' lang='lat' dir='ltr'><strong>Neptunum</strong></span> <span class='ocrx_word' id='word_1_816' title='bbox 1843 5847 1999 5897; x_wconf 75' lang='lat' dir='ltr'><strong>terrae</strong></span> 
     </span>
    </p>
   </div>
   <div class='ocr_carea' id='block_1_106' title="bbox 2098 4720 3698 4796">
    <p class='ocr_par' dir='ltr' id='par_1_106' title="bbox 2098 4720 3698 4796">
     <span class='ocr_line' id='line_1_106' title="bbox 2098 4720 3698 4796; baseline -0.001 -16"><span class='ocrx_word' id='word_1_817' title='bbox 2098 4727 2324 4796; x_wconf 85' lang='lat' dir='ltr'><strong>pellatur</strong></span> <span class='ocrx_word' id='word_1_818' title='bbox 2354 4725 2564 4780; x_wconf 87' lang='lat' dir='ltr'><strong>verbis:</strong></span> <span class='ocrx_word' id='word_1_819' title='bbox 2606 4743 2624 4775; x_wconf 77' lang='grc' dir='ltr'><strong>ι</strong></span> <span class='ocrx_word' id='word_1_820' title='bbox 2652 4720 2901 4778; x_wconf 88' lang='lat' dir='ltr'><strong>Traditur</strong></span> <span class='ocrx_word' id='word_1_821' title='bbox 2929 4735 3132 4795; x_wconf 89' lang='lat' dir='ltr'><strong>myrtea</strong></span> <span class='ocrx_word' id='word_1_822' title='bbox 3165 4724 3392 4777; x_wconf 89' lang='lat' dir='ltr'><strong>verbena</strong></span> <span class='ocrx_word' id='word_1_823' title='bbox 3429 4724 3698 4778; x_wconf 84' lang='lat' dir='ltr'><strong>Romanos</strong></span> 
     </span>
    </p>
   </div>
   <div class='ocr_carea' id='block_1_107' title="bbox 2095 4816 3696 4888">
    <p class='ocr_par' dir='ltr' id='par_1_107' title="bbox 2095 4816 3696 4888">
     <span class='ocr_line' id='line_1_107' title="bbox 2095 4816 3696 4888; baseline -0.001 -15"><span class='ocrx_word' id='word_1_824' title='bbox 2095 4820 2468 4888; x_wconf 74' lang='lat' dir='ltr'><strong>Sabinosque,</strong></span> <span class='ocrx_word' id='word_1_825' title='bbox 2518 4833 2639 4872; x_wconf 85' lang='lat' dir='ltr'><strong>cum</strong></span> <span class='ocrx_word' id='word_1_826' title='bbox 2685 4825 2906 4886; x_wconf 89' lang='lat' dir='ltr'><strong>propter</strong></span> <span class='ocrx_word' id='word_1_827' title='bbox 2945 4826 3125 4886; x_wconf 90' lang='lat' dir='ltr'><strong>raptas</strong></span> <span class='ocrx_word' id='word_1_828' title='bbox 3165 4816 3399 4884; x_wconf 84' lang='lat' dir='ltr'><strong>virgines</strong></span> <span class='ocrx_word' id='word_1_829' title='bbox 3439 4817 3696 4872; x_wconf 87' lang='lat' dir='ltr'><strong>dimicare</strong></span> 
     </span>
    </p>
   </div>
   <div class='ocr_carea' id='block_1_108' title="bbox 2098 4907 3696 4978">
    <p class='ocr_par' dir='ltr' id='par_1_108' title="bbox 2098 4907 3696 4978">
     <span class='ocr_line' id='line_1_108' title="bbox 2098 4907 3696 4978; baseline -0.004 -12"><span class='ocrx_word' id='word_1_830' title='bbox 2098 4913 2400 4966; x_wconf 80' lang='lat' dir='ltr'><strong>Voluissent</strong></span> <span class='ocrx_word' id='word_1_831' title='bbox 2420 4951 2432 4968; x_wconf 89' lang='lat'><strong>.</strong></span> <span class='ocrx_word' id='word_1_832' title='bbox 2466 4907 2724 4978; x_wconf 89' lang='lat' dir='ltr'><strong>depositis</strong></span> <span class='ocrx_word' id='word_1_833' title='bbox 2754 4909 2916 4961; x_wconf 86' lang='lat' dir='ltr'><strong>armis</strong></span> <span class='ocrx_word' id='word_1_834' title='bbox 2951 4917 3204 4977; x_wconf 86' lang='lat' dir='ltr'><strong>purgatos</strong></span> <span class='ocrx_word' id='word_1_835' title='bbox 3233 4908 3282 4959; x_wconf 91' lang='lat' dir='ltr'><strong>in</strong></span> <span class='ocrx_word' id='word_1_836' title='bbox 3313 4923 3377 4960; x_wconf 91' lang='lat' dir='ltr'><strong>co</strong></span> <span class='ocrx_word' id='word_1_837' title='bbox 3406 4908 3523 4961; x_wconf 90' lang='lat' dir='ltr'><strong>loco</strong></span> <span class='ocrx_word' id='word_1_838' title='bbox 3545 4949 3557 4968; x_wconf 84' lang='lat'><strong>.</strong></span> <span class='ocrx_word' id='word_1_839' title='bbox 3589 4923 3696 4977; x_wconf 91' lang='lat' dir='ltr'><strong>quo</strong></span> 
     </span>
    </p>
   </div>
   <div class='ocr_carea' id='block_1_109' title="bbox 2097 4997 3694 5073">
    <p class='ocr_par' dir='ltr' id='par_1_109' title="bbox 2097 4997 3694 5073">
     <span class='ocr_line' id='line_1_109' title="bbox 2097 4997 3694 5073; baseline -0.004 -16"><span class='ocrx_word' id='word_1_840' title='bbox 2097 5021 2237 5058; x_wconf 87' lang='lat' dir='ltr'><strong>nunc</strong></span> <span class='ocrx_word' id='word_1_841' title='bbox 2265 5006 2414 5073; x_wconf 82' lang='lat' dir='ltr'><strong>signa</strong></span> <span class='ocrx_word' id='word_1_842' title='bbox 2449 5001 2671 5056; x_wconf 76' lang='lat' dir='ltr'><strong>Veneris</strong></span> <span class='ocrx_word' id='word_1_843' title='bbox 2698 5000 2967 5054; x_wconf 68' lang='lat' dir='ltr'><strong>Cloacina:</strong></span> <span class='ocrx_word' id='word_1_844' title='bbox 2997 4999 3174 5052; x_wconf 78' lang='lat' dir='ltr'><strong>liabet.</strong></span> <span class='ocrx_word' id='word_1_845' title='bbox 3207 4997 3402 5051; x_wconf 88' lang='lat' dir='ltr'><strong>Cluere</strong></span> <span class='ocrx_word' id='word_1_846' title='bbox 3429 4999 3569 5051; x_wconf 77' lang='lat' dir='ltr'><strong>enirn</strong></span> <span class='ocrx_word' id='word_1_847' title='bbox 3598 5013 3694 5051; x_wconf 88' lang='lat' dir='ltr'><strong>an-</strong></span> 
     </span>
    </p>
   </div>
   <div class='ocr_carea' id='block_1_110' title="bbox 2099 5090 3690 5166">
    <p class='ocr_par' dir='ltr' id='par_1_110' title="bbox 2099 5090 3690 5166">
     <span class='ocr_line' id='line_1_110' title="bbox 2099 5090 3690 5166; baseline -0.004 -15"><span class='ocrx_word' id='word_1_848' title='bbox 2099 5098 2230 5166; x_wconf 91' lang='lat' dir='ltr'><strong>tiqui</strong></span> <span class='ocrx_word' id='word_1_849' title='bbox 2280 5111 2507 5166; x_wconf 85' lang='lat' dir='ltr'><strong>purgare</strong></span> <span class='ocrx_word' id='word_1_850' title='bbox 2557 5095 2807 5149; x_wconf 87' lang='lat' dir='ltr'><strong>dicebant</strong></span> <span class='ocrx_word' id='word_1_851' title='bbox 2851 5093 2869 5163; x_wconf 94' lang='lat'><strong>(</strong></span> <span class='ocrx_word' id='word_1_852' title='bbox 2902 5091 3043 5145; x_wconf 83' lang='lat' dir='ltr'><strong>Plin.</strong></span> <span class='ocrx_word' id='word_1_853' title='bbox 3078 5091 3166 5146; x_wconf 84' lang='lat' dir='ltr'><strong>lib.</strong></span> <span class='ocrx_word' id='word_1_854' title='bbox 3202 5107 3290 5144; x_wconf 82' lang='lat' dir='ltr'><strong>xv.</strong></span> <span class='ocrx_word' id='word_1_855' title='bbox 3325 5090 3514 5144; x_wconf 82' lang='lat' dir='ltr'><strong>Nalnr.</strong></span> <span class='ocrx_word' id='word_1_856' title='bbox 3554 5091 3690 5145; x_wconf 83' lang='lat' dir='ltr'><strong>Ilisl.</strong></span> 
     </span>
    </p>
   </div>
   <div class='ocr_carea' id='block_1_111' title="bbox 2098 5185 3695 5261">
    <p class='ocr_par' dir='ltr' id='par_1_111' title="bbox 2098 5185 3695 5261">
     <span class='ocr_line' id='line_1_111' title="bbox 2098 5185 3695 5261; baseline -0.001 -18"><span class='ocrx_word' id='word_1_857' title='bbox 2098 5207 2214 5257; x_wconf 86' lang='lat' dir='ltr'><strong>cap.</strong></span> <span class='ocrx_word' id='word_1_858' title='bbox 2244 5190 2350 5255; x_wconf 69' lang='lat'><strong>&#39;29,</strong></span> <span class='ocrx_word' id='word_1_859' title='bbox 2384 5206 2504 5261; x_wconf 86' lang='lat' dir='ltr'><strong>pag.</strong></span> <span class='ocrx_word' id='word_1_860' title='bbox 2539 5187 2646 5241; x_wconf 66' lang='grc'><strong>212</strong></span> <span class='ocrx_word' id='word_1_861' title='bbox 2671 5186 2712 5256; x_wconf 92' lang='grc'>).</span> <span class='ocrx_word' id='word_1_862' title='bbox 2766 5185 2872 5240; x_wconf 90' lang='lat' dir='ltr'><strong>Sed</strong></span> <span class='ocrx_word' id='word_1_863' title='bbox 2903 5201 3022 5239; x_wconf 90' lang='lat' dir='ltr'><strong>cum</strong></span> <span class='ocrx_word' id='word_1_864' title='bbox 3059 5187 3174 5239; x_wconf 80' lang='lat' dir='ltr'><strong>lia-c</strong></span> <span class='ocrx_word' id='word_1_865' title='bbox 3203 5185 3385 5239; x_wconf 76' lang='lat' dir='ltr'><strong>Venus</strong></span> <span class='ocrx_word' id='word_1_866' title='bbox 3423 5187 3695 5254; x_wconf 83' lang='lat' dir='ltr'><strong>purgatrix</strong></span> 
     </span>
    </p>
   </div>
   <div class='ocr_carea' id='block_1_112' title="bbox 2098 5278 3694 5350">
    <p class='ocr_par' dir='ltr' id='par_1_112' title="bbox 2098 5278 3694 5350">
     <span class='ocr_line' id='line_1_112' title="bbox 2098 5278 3694 5350; baseline 0 -14"><span class='ocrx_word' id='word_1_867' title='bbox 2098 5282 2257 5336; x_wconf 85' lang='lat' dir='ltr'><strong>fuerit</strong></span> <span class='ocrx_word' id='word_1_868' title='bbox 2284 5323 2296 5345; x_wconf 91' lang='lat'><strong>,</strong></span> <span class='ocrx_word' id='word_1_869' title='bbox 2328 5281 2468 5335; x_wconf 89' lang='lat' dir='ltr'><strong>male</strong></span> <span class='ocrx_word' id='word_1_870' title='bbox 2499 5296 2616 5334; x_wconf 87' lang='lat' dir='ltr'><strong>cum</strong></span> <span class='ocrx_word' id='word_1_871' title='bbox 2648 5295 2708 5340; x_wconf 87' lang='lat' dir='ltr'><strong>ea</strong></span> <span class='ocrx_word' id='word_1_872' title='bbox 2736 5320 2750 5347; x_wconf 93' lang='lat'><strong>,</strong></span> <span class='ocrx_word' id='word_1_873' title='bbox 2781 5279 2847 5333; x_wconf 89' lang='lat' dir='ltr'><strong>de</strong></span> <span class='ocrx_word' id='word_1_874' title='bbox 2875 5294 2977 5348; x_wconf 86' lang='lat' dir='ltr'><strong>qua</strong></span> <span class='ocrx_word' id='word_1_875' title='bbox 3007 5279 3212 5350; x_wconf 86' lang='lat' dir='ltr'><strong>agimus</strong></span> <span class='ocrx_word' id='word_1_876' title='bbox 3239 5321 3251 5344; x_wconf 92' lang='lat'><strong>,</strong></span> <span class='ocrx_word' id='word_1_877' title='bbox 3285 5278 3532 5334; x_wconf 88' lang='lat' dir='ltr'><strong>Cloacina</strong></span> <span class='ocrx_word' id='word_1_878' title='bbox 3564 5296 3694 5336; x_wconf 91' lang='lat' dir='ltr'><strong>eon-</strong></span> 
     </span>
    </p>
   </div>
   <div class='ocr_carea' id='block_1_113' title="bbox 2094 5374 2508 5429">
    <p class='ocr_par' dir='ltr' id='par_1_113' title="bbox 2094 5374 2508 5429">
     <span class='ocr_line' id='line_1_113' title="bbox 2094 5374 2508 5429; baseline 0 -1"><span class='ocrx_word' id='word_1_879' title='bbox 2094 5375 2241 5429; x_wconf 87' lang='lat' dir='ltr'><strong>fundi</strong></span> <span class='ocrx_word' id='word_1_880' title='bbox 2275 5374 2508 5428; x_wconf 90' lang='lat' dir='ltr'><strong>videtur.</strong></span> 
     </span>
    </p>
   </div>
   <div class='ocr_carea' id='block_1_114' title="bbox 2175 5465 3697 5536">
    <p class='ocr_par' dir='ltr' id='par_1_114' title="bbox 2175 5465 3697 5536">
     <span class='ocr_line' id='line_1_114' title="bbox 2175 5465 3697 5536; baseline -0.001 -16"><span class='ocrx_word' id='word_1_881' title='bbox 2175 5467 2247 5520; x_wconf 91' lang='lat' dir='ltr'><strong>De</strong></span> <span class='ocrx_word' id='word_1_882' title='bbox 2277 5465 2396 5520; x_wconf 86' lang='lat' dir='ltr'><strong>aliis</strong></span> <span class='ocrx_word' id='word_1_883' title='bbox 2427 5474 2605 5520; x_wconf 87' lang='lat' dir='ltr'><strong>autem</strong></span> <span class='ocrx_word' id='word_1_884' title='bbox 2635 5465 2964 5536; x_wconf 88' lang='lat' dir='ltr'><strong>portentosis</strong></span> <span class='ocrx_word' id='word_1_885' title='bbox 2990 5465 3294 5520; x_wconf 84' lang='lat' dir='ltr'><strong>numinibus</strong></span> <span class='ocrx_word' id='word_1_886' title='bbox 3325 5481 3355 5520; x_wconf 89' lang='lat' dir='ltr'><strong>a</strong></span> <span class='ocrx_word' id='word_1_887' title='bbox 3385 5466 3614 5520; x_wconf 85' lang='lat' dir='ltr'><strong>Minucio</strong></span> <span class='ocrx_word' id='word_1_888' title='bbox 3642 5475 3697 5521; x_wconf 93' lang='lat' dir='ltr'><strong>et</strong></span> 
     </span>
    </p>
   </div>
   <div class='ocr_carea' id='block_1_115' title="bbox 2097 5559 3695 5628">
    <p class='ocr_par' dir='ltr' id='par_1_115' title="bbox 2097 5559 3695 5628">
     <span class='ocr_line' id='line_1_115' title="bbox 2097 5559 3695 5628; baseline -0.001 -12"><span class='ocrx_word' id='word_1_889' title='bbox 2097 5562 2376 5617; x_wconf 85' lang='lat' dir='ltr'><strong>Lactantio</strong></span> <span class='ocrx_word' id='word_1_890' title='bbox 2424 5560 2618 5614; x_wconf 90' lang='lat' dir='ltr'><strong>ibidem</strong></span> <span class='ocrx_word' id='word_1_891' title='bbox 2666 5561 2974 5615; x_wconf 88' lang='lat' dir='ltr'><strong>memoratis</strong></span> <span class='ocrx_word' id='word_1_892' title='bbox 2995 5603 3009 5628; x_wconf 96' lang='lat'><strong>,</strong></span> <span class='ocrx_word' id='word_1_893' title='bbox 3041 5561 3245 5615; x_wconf 82' lang='lat' dir='ltr'><strong>Pavore</strong></span> <span class='ocrx_word' id='word_1_894' title='bbox 3268 5604 3282 5626; x_wconf 93' lang='lat'><strong>,</strong></span> <span class='ocrx_word' id='word_1_895' title='bbox 3314 5561 3558 5627; x_wconf 91' lang='lat' dir='ltr'><strong>Pallore,</strong></span> <span class='ocrx_word' id='word_1_896' title='bbox 3592 5559 3695 5615; x_wconf 85' lang='lat' dir='ltr'><strong>Fe-</strong></span> 
     </span>
    </p>
   </div>
   <div class='ocr_carea' id='block_1_116' title="bbox 2098 5653 3694 5725">
    <p class='ocr_par' dir='ltr' id='par_1_116' title="bbox 2098 5653 3694 5725">
     <span class='ocr_line' id='line_1_116' title="bbox 2098 5653 3694 5725; baseline -0.002 -17"><span class='ocrx_word' id='word_1_897' title='bbox 2098 5655 2193 5709; x_wconf 81' lang='lat' dir='ltr'><strong>bre</strong></span> <span class='ocrx_word' id='word_1_898' title='bbox 2239 5664 2292 5707; x_wconf 92' lang='lat' dir='ltr'><strong>ct</strong></span> <span class='ocrx_word' id='word_1_899' title='bbox 2336 5653 2521 5708; x_wconf 86' lang='lat' dir='ltr'><strong>Morbo</strong></span> <span class='ocrx_word' id='word_1_900' title='bbox 2590 5653 2714 5707; x_wconf 87' lang='lat' dir='ltr'><strong>alibi</strong></span> <span class='ocrx_word' id='word_1_901' title='bbox 2765 5653 3116 5708; x_wconf 86' lang='lat' dir='ltr'><strong>disseruimus</strong></span> <span class='ocrx_word' id='word_1_902' title='bbox 3161 5654 3350 5725; x_wconf 86' lang='lat' dir='ltr'><strong>(Tom.</strong></span> <span class='ocrx_word' id='word_1_903' title='bbox 3386 5671 3400 5708; x_wconf 89' lang='grc' dir='ltr'><strong>ι</strong></span> <span class='ocrx_word' id='word_1_904' title='bbox 3445 5655 3694 5724; x_wconf 80' lang='lat' dir='ltr'><strong>Apparal.</strong></span> 
     </span>
    </p>
   </div>
   <div class='ocr_carea' id='block_1_117' title="bbox 2101 5746 3695 5819">
    <p class='ocr_par' dir='ltr' id='par_1_117' title="bbox 2101 5746 3695 5819">
     <span class='ocr_line' id='line_1_117' title="bbox 2101 5746 3695 5819; baseline 0.001 -19"><span class='ocrx_word' id='word_1_905' title='bbox 2101 5746 2188 5800; x_wconf 83' lang='lat' dir='ltr'><strong>lib.</strong></span> <span class='ocrx_word' id='word_1_906' title='bbox 2220 5762 2311 5810; x_wconf 81' lang='grc' dir='ltr'>ιιι,</span> <span class='ocrx_word' id='word_1_907' title='bbox 2344 5747 2543 5800; x_wconf 82' lang='lat' dir='ltr'><strong>dissert.</strong></span> <span class='ocrx_word' id='word_1_908' title='bbox 2577 5765 2627 5812; x_wconf 85' lang='lat' dir='ltr'><strong>I,</strong></span> <span class='ocrx_word' id='word_1_909' title='bbox 2657 5762 2772 5819; x_wconf 86' lang='lat' dir='ltr'><strong>cap.</strong></span> <span class='ocrx_word' id='word_1_910' title='bbox 2807 5747 2840 5802; x_wconf 87' lang='lat'><strong>9</strong></span> <span class='ocrx_word' id='word_1_911' title='bbox 2862 5790 2876 5814; x_wconf 96' lang='lat'><strong>,</strong></span> <span class='ocrx_word' id='word_1_912' title='bbox 2906 5758 3000 5801; x_wconf 82' lang='lat' dir='ltr'><strong>art.</strong></span> <span class='ocrx_word' id='word_1_913' title='bbox 3034 5748 3099 5814; x_wconf 76' lang='grc'><strong>4,</strong></span> <span class='ocrx_word' id='word_1_914' title='bbox 3132 5765 3251 5819; x_wconf 85' lang='lat' dir='ltr'><strong>pag.</strong></span> <span class='ocrx_word' id='word_1_915' title='bbox 3286 5748 3390 5803; x_wconf 73' lang='grc'><strong>764</strong></span> <span class='ocrx_word' id='word_1_916' title='bbox 3433 5758 3479 5802; x_wconf 86' lang='lat' dir='ltr'><strong>et</strong></span> <span class='ocrx_word' id='word_1_917' title='bbox 3510 5764 3615 5818; x_wconf 81' lang='lat' dir='ltr'><strong>seq.</strong></span> <span class='ocrx_word' id='word_1_918' title='bbox 3641 5747 3658 5818; x_wconf 93' lang='lat'><strong>)</strong></span> <span class='ocrx_word' id='word_1_919' title='bbox 3680 5788 3695 5815; x_wconf 91' lang='lat'><strong>,</strong></span> 
     </span>
    </p>
   </div>
   <div class='ocr_carea' id='block_1_118' title="bbox 2103 5839 3699 5910">
    <p class='ocr_par' dir='ltr' id='par_1_118' title="bbox 2103 5839 3699 5910">
     <span class='ocr_line' id='line_1_118' title="bbox 2103 5839 3699 5910; baseline 0 -14"><span class='ocrx_word' id='word_1_920' title='bbox 2103 5839 2549 5910; x_wconf 77' lang='lat' dir='ltr'><strong>ostendiniusquc</strong></span> <span class='ocrx_word' id='word_1_921' title='bbox 2593 5840 2679 5894; x_wconf 89' lang='lat' dir='ltr'><strong>illa</strong></span> <span class='ocrx_word' id='word_1_922' title='bbox 2725 5839 2792 5895; x_wconf 90' lang='lat' dir='ltr'><strong>ab</strong></span> <span class='ocrx_word' id='word_1_923' title='bbox 2833 5839 3059 5901; x_wconf 81' lang='lat' dir='ltr'><strong>ethnicis</strong></span> <span class='ocrx_word' id='word_1_924' title='bbox 3092 5842 3143 5897; x_wconf 92' lang='lat' dir='ltr'><strong>in</strong></span> <span class='ocrx_word' id='word_1_925' title='bbox 3175 5842 3394 5898; x_wconf 88' lang='lat' dir='ltr'><strong>deorum</strong></span> <span class='ocrx_word' id='word_1_926' title='bbox 3427 5843 3699 5900; x_wconf 82' lang='lat' dir='ltr'><strong>Averrun-</strong></span> 
     </span>
    </p>
   </div>
  </div>
