4264 6258
582 351 612 382 ΡΞ

582 573 666 613 ma
701 560 998 616 insulsitate
1024 569 1427 617 aunumeratos.

655 677 846 733 Totum
872 687 1050 733 autem
1075 686 1183 732 tam
1206 679 1552 734 ridiculorum
1580 679 1799 735 deorum
1823 694 2012 751 agmen
2040 681 2178 736 clau-

581 771 746 825 dunt:
782 791 800 823 ι
830 772 967 827 Acca
998 772 1283 828 Laurentia
1313 783 1367 828 et
1392 773 1548 828 Flora
1570 818 1584 841 ,
1616 775 1930 829 meretrices
1950 817 1963 840 ,
2011 784 2065 828 ut
2104 776 2179 829 ait

581 873 769 917 auctor
813 874 1017 932 noster,
1067 865 1432 935 propudiosae,
1477 868 1615 922 inter
1662 867 1878 923 morbos
1908 868 2176 922 Romano-

578 970 699 1010 rum
731 966 782 1011 et
808 957 940 1012 deos
966 960 1361 1028 computanda}.
1395 980 1414 1013 ι
1447 961 1578 1028 Quae
1604 962 1819 1032 quidem
1871 972 1930 1017 ιιι
1979 963 2175 1018 intelli-

578 1059 776 1121 gantur
806 1052 1199 1107 observandum
1241 1062 1356 1120 est,
1399 1064 1491 1110 aut
1533 1057 1792 1111 memoria
1824 1058 2173 1126 repetendum

581 1145 724 1211 quod
757 1154 969 1200 veteres
1001 1146 1338 1202 tradiderunt
1367 1148 1651 1203 Romulum
1684 1160 1735 1204 et
1768 1151 1990 1205 Remum
2019 1151 2175 1206 adul-

578 1238 754 1293 terino
783 1238 965 1294 Martis
991 1241 1279 1296 concubitu
1309 1258 1335 1294 a
1364 1243 1510 1298 Rhea
1544 1243 1723 1315 Sylvia
1757 1244 1951 1300 Vestali
1979 1245 2174 1313 editos,

580 1340 761 1402 atque,
795 1341 852 1386 ut
879 1334 1092 1403 quidam
1120 1334 1304 1401 aiunt,
1333 1351 1363 1391 a
1392 1337 1547 1407 lupa,
1578 1348 1669 1392 aut
1695 1339 1849 1393 siculi
1879 1339 1968 1392 alii
2000 1340 2176 1394 verius
2205 1368 2254 1429 Β

579 1435 823 1491 narrant,
854 1441 885 1476 a
911 1425 1199 1481 Laurentia
1226 1429 1505 1493 educatos,
1534 1447 1693 1500 quam
1714 1476 1728 1501 ,
1761 1432 1933 1503 inquit
1959 1433 2171 1497 Livius,

578 1516 796 1579 vulgato
834 1533 1062 1585 corpore
1093 1523 1270 1589 lupam
1303 1522 1442 1577 inter
1476 1535 1716 1593 pastores
1745 1535 1988 1580 vocatam
2021 1536 2175 1596 puta-

578 1618 774 1663 verunt
813 1611 832 1681 (
864 1611 977 1665 Liv.
1015 1612 1206 1668 Decud.
1240 1630 1288 1683 ι,
1320 1616 1408 1669 lib.
1445 1618 1495 1683 1,
1531 1618 1558 1689 §
1586 1621 1619 1674 li
1641 1618 1684 1688 ).
1711 1618 2053 1690 Quapropter
2085 1636 2178 1687 pu-

579 1699 780 1756 blicum
825 1716 1066 1761 scortum
1104 1723 1132 1761 a
1176 1708 1510 1765 Tertulliauo
1554 1722 1777 1766 vocatur
1825 1712 2174 1786 (Tertullian.

582 1794 851 1868 Apologet.
894 1817 1011 1870 cap.
1058 1804 1156 1867 15,
1188 1820 1309 1874 pag.
1348 1803 1472 1875 15).
1518 1804 1622 1860 Sed
1664 1805 1715 1861 id
1761 1822 1864 1860 non
1905 1806 2181 1877 prohibuit

582 1894 868 1962 quominus
901 1895 952 1950 in
985 1896 1205 1952 dearum
1238 1911 1521 1970 aggregata
1555 1898 1714 1954 fuerit
1746 1917 2028 1956 numerum
2055 1944 2068 1963 ,
2101 1910 2180 1956 at-

582 1998 686 2054 que
716 1985 769 2040 in
806 1988 922 2056 ejus
954 1988 1214 2044 honorem
1248 1990 1442 2045 festum
1475 2001 1529 2046 et
1557 2006 1739 2054 sacra,
1783 2007 1901 2061 qum
1942 1991 2181 2047 Lauren-

581 2077 726 2131 tialia
761 2080 1118 2147 vocabantur,
1157 2082 1393 2137 instituta
1438 2083 1564 2138 sint.
1611 2084 1812 2140 llorum
1852 2086 2093 2140 omnium
2136 2086 2181 2140 si

583 2179 750 2226 testes
783 2173 1001 2240 produci
1036 2176 1304 2242 postules,
1338 2177 1432 2231 tibi
1467 2187 1662 2248 praeter
1692 2178 1902 2234 Livium
1935 2179 2184 2235 dabimus

582 2262 895 2334 Dionysium
950 2266 1415 2324 Halicarnassequ
1478 2269 1567 2325 lib.
1636 2288 1652 2325 ι
1714 2272 1894 2341 Antiq.
1946 2271 2178 2327 Roman.

584 2370 705 2427 pag.
733 2356 839 2424 ‘26,
869 2368 924 2412 et
954 2358 1044 2424 70;
1076 2360 1423 2416 Plutarchum
1452 2362 1504 2416 in
1534 2362 1652 2417 Vita
1682 2363 1893 2419 Romuli
1924 2382 2041 2435 pag.
2078 2367 2146 2421 19
2167 2407 2181 2433 ,

586 2458 640 2503 et
667 2447 866 2515 Qurest.
900 2450 1127 2507 Roman.
1154 2470 1273 2524 pag.
1302 2453 1432 2518 272;
1460 2454 1705 2510 Ovidium
1754 2456 1846 2510 lib.
1881 2473 1938 2512 tu
1972 2456 2183 2518 Faster.

585 2539 1000 2606 inil.;Scrvium
1042 2544 1095 2598 in
1143 2545 1237 2598 lib.
1287 2562 1303 2599 ι
1351 2545 1565 2600 Λίηθίἀ.
1621 2547 1809 2615 Virgil.
1842 2565 1892 2603 v.
1940 2548 2080 2613 278,
2134 2559 2188 2605 et.

586 2646 739 2705 seqq.
789 2644 843 2689 et
892 2637 1065 2704 ipsum
1120 2637 1399 2707 Virgilium
1445 2639 1540 2696 lib.
1593 2655 1687 2695 vm
1717 2640 1936 2695 AEneid.
1971 2658 2025 2696 v.
2058 2642 2183 2709 650,

586 2738 641 2783 et
670 2742 847 2799 seqq.;
880 2729 1110 2783 Plinium
1143 2730 1235 2783 lib.
1267 2747 1381 2792 vui.
1403 2747 1523 2801 cap.
1558 2733 1644 2800 17,
1683 2749 1802 2805 pag.
1833 2734 1969 2798 163;
2002 2743 2055 2790 et
2088 2735 2184 2790 lib.

585 2836 678 2886 xv,
706 2835 824 2892 cap.
855 2821 951 2887 18,
986 2838 1100 2893 pag.
1148 2821 1272 2879 197.
1300 2824 1624 2880 Macrobium
1652 2826 1742 2881 lib.
1775 2843 1791 2881 ι
1818 2827 2037 2883 Saturn.
2064 2843 2185 2901 cap.

586 2911 677 2977 10;
715 2917 778 2967 A.
813 2914 1071 2981 Gellium,
1106 2916 1197 2971 lib.
1233 2933 1285 2972 vr
1314 2917 1468 2974 Noct.
1502 2921 1661 2975 Attic.
1716 2935 1836 2991 cap.
1870 2922 1924 2987 7;
1960 2922 2190 2978 Lactan-

585 3006 719 3059 tium
745 3006 839 3060 lib.
873 3024 905 3060 n
926 3048 941 3072 ,
967 3022 1085 3077 cap.
1110 3007 1212 3073 ‘20,
1247 3025 1365 3079 pag.
1393 3010 1490 3065 101
1521 3022 1575 3065 et
1597 3012 1731 3078 102,
1761 3014 1915 3068 sicuti
1943 3030 2041 3070 suo
2067 3016 2188 3071 loco

588 3097 967 3160 ostendemus;
999 3102 1353 3169 Augustinum
1384 3103 1475 3158 lib.
1503 3119 1631 3160 xvut
1659 3105 1726 3160 de
1755 3104 1912 3160 Civit.
1942 3122 2061 3176 cap.
2091 3108 2182 3175 21,

588 3201 710 3257 pag.
748 3188 874 3254 5’03;
909 3190 1184 3245 Aurelium
1213 3191 1487 3249 Victorem
1531 3211 1625 3250 seu
1660 3198 1947 3251 Auctorem
1992 3198 2084 3252 lib.
2119 3199 2186 3255 de

588 3276 736 3349 Orig.
771 3279 929 3336 Gent.
965 3281 1118 3337 Rom.
1153 3291 1277 3340 ante
1308 3284 1501 3352 tinem,
1536 3296 1587 3342 et
1617 3286 1686 3342 de
1714 3288 1856 3343 Viris
1890 3288 2189 3346 illustribus

594 3384 713 3441 cap.
750 3372 801 3425 1.

665 3463 855 3531 Flora,
889 3463 1059 3533 inquit
1086 3466 1377 3534 Minucius,
1405 3468 1572 3524 altera
1596 3468 1696 3523 fuit
1724 3471 2044 3539 propudiosa
2076 3489 2188 3528 me-

589 3557 757 3613 retrix
781 3598 795 3617 .
825 3574 943 3627 qtuc
974 3567 1110 3613 teste
1137 3560 1275 3630 apud
1304 3561 1532 3615 Gellium
1554 3605 1569 3627 ,
1600 3562 1670 3617 Μ.
1701 3564 1929 3628 Catone,
1970 3584 1988 3617 ι
2015 3567 2187 3635 palam

593 3665 823 3721 corpore
875 3653 1155 3722 pecuniam
1193 3673 1210 3704 ι
1246 3655 1492 3724 qtnesivit
1539 3653 1719 3723 (Gell.
1768 3655 1856 3710 lib.
1901 3674 1974 3711 ιχ.
2027 3656 2186 3713 Noct.

594 3743 749 3799 Attia.
775 3760 871 3813 cap
903 3786 915 3799 .
962 3744 1068 3808 20,
1121 3762 1240 3815 pag.
1290 3746 1457 3817 485).
1506 3746 1847 3818 Turpissima
1880 3758 2055 3805 autem
2100 3750 2190 3807 illo

591 3843 800 3904 quaestu
826 3850 946 3890 cum
974 3851 1223 3904 magnas,
1254 3837 1329 3891 ait
1356 3836 1666 3893 Lactantius
1686 3882 1700 3905 ,
1729 3854 1860 3909 opes
1884 3855 2191 3909 comparas-

590 3935 703 3986 set.
735 3941 919 3982 earum
953 3927 1220 3984 hatredcm
1262 3930 1515 3999 populum
1555 3931 1853 3987 Romanum
1893 3949 1955 3989 ea
1999 3935 2189 3989 condi-

593 4020 741 4075 tione
772 4021 991 4075 instituit
1011 4063 1025 4086 ,
1062 4031 1119 4076 ut
1149 4023 1357 4076 illarum
1390 4025 1562 4079 reditu
1593 4025 1703 4093 ipsa
1735 4026 1925 4081 natalis
1954 4026 2069 4080 dies
2096 4043 2190 4082 sua

592 4116 881 4182 quotannis
936 4114 1213 4180 ludorum,
1273 4131 1408 4186 quos
1458 4117 1733 4186 Florales,
1791 4119 1904 4174 sive
1962 4119 2191 4175 Floralia

591 4218 1068 4276 nuncupaverunt,
1093 4208 1327 4263 editione
1368 4209 1729 4265 celebraretur
1753 4210 2026 4283 (Lactant.
2061 4213 2150 4268 lib.
2178 4228 2193 4266 ι

587 4299 825 4357 Institut.
886 4319 1002 4372 cap.
1063 4304 1162 4365 10,
1210 4321 1328 4372 png.
1392 4303 1559 4376 105).
1613 4305 1717 4361 Sed
1766 4307 1887 4375 quia
1937 4307 2194 4373 temporis

590 4393 743 4463 lapsu
779 4394 891 4448 hare
920 4395 1167 4448 ludorum
1200 4399 1350 4464 origo
1382 4397 1719 4465 turpissima,
1752 4406 1806 4451 et
1837 4397 2049 4451 infamis
2080 4397 2191 4451 visa

594 4494 707 4551 est,
741 4486 1008 4538 tinxerunt
1038 4486 1182 4539 illam
1214 4501 1336 4541 esse
1365 4485 1519 4540 deam
1540 4530 1553 4553 ,
1586 4502 1706 4557 quae
1748 4486 1999 4553 ﬂoribus,
2049 4489 2192 4544 Velut

593 4580 668 4632 ait
696 4580 1057 4649 Augustinus,
1092 4578 1406 4633 ﬂorentibus
1438 4577 1717 4634 frumentis
1744 4581 2092 4649 przesidcbat,
2129 4598 2192 4638 ac

594 4678 799 4722 mutato
844 4670 1010 4740 priori
1054 4669 1319 4723 Chloridis
1365 4672 1582 4726 nomine
1628 4671 1841 4726 Floram
1886 4674 2192 4741 appellave-

589 4770 714 4816 runt
765 4763 783 4829 (
811 4762 1026 4832 August.
1057 4762 1144 4816 lib.
1180 4779 1227 4816 tv
1257 4763 1320 4815 de
1347 4760 1495 4817 Civib
1526 4780 1641 4834 cap.
1675 4764 1729 4832 8,
1760 4781 1881 4836 pag.
1909 4765 1978 4819 94
2074 4766 2188 4822 Me-

590 4856 823 4912 retricizc
852 4872 980 4910 vero
1005 4857 1146 4911 illius
1171 4857 1302 4911 artis
1329 4858 1642 4912 memoriam
1670 4873 1789 4912 cum
1818 4858 2032 4927 penitus
2056 4859 2189 4914 abo.

592 4949 706 5006 lere
737 4966 841 5003 non
875 4961 1125 5021 possent,
1158 4951 1447 5005 commenti
1477 4960 1603 5006 sunt
1634 4966 1751 5006 eam
1781 4966 1884 5006 non
1912 4951 1980 5006 ab
2009 4952 2189 5023 aliquo

592 5042 839 5106 homine,
894 5042 986 5096 sed
1035 5058 1063 5095 a
1115 5040 1360 5112 Zephyro
1404 5040 1507 5095 dco
1554 5041 1718 5096 fuisse
1762 5050 2186 5111 constupratam.

590 5136 750 5201 Quasi
783 5150 913 5191 vero
943 5145 1185 5205 stuprum
1220 5134 1304 5188 dei
1338 5134 1545 5198 minus,
1577 5149 1732 5205 quam
1767 5134 2031 5201 hominis,
2064 5150 2189 5205 pro-

588 5229 807 5282 brosum
834 5227 939 5282 dici
965 5226 1165 5298 queat?
1192 5226 1272 5281 Ab
1297 5225 1488 5281 Ovidio
1516 5235 1692 5281 tamen
1722 5225 1837 5281 lucc
1855 5268 1870 5290 ,
1903 5242 2007 5281 non
2035 5242 2191 5284 secus

584 5330 746 5389 atque
770 5321 871 5374 alia
897 5319 1002 5375 diis
1027 5322 1137 5376 suis
1163 5336 1260 5391 per
1281 5336 1440 5391 quam
1464 5320 1781 5392 dignissima
1801 5321 2185 5379 decantantur:

736 5499 929 5564 Chloris
951 5513 1105 5557 eram,
1128 5514 1238 5564 qua:
1262 5500 1407 5564 Flora
1432 5515 1599 5561 vocor,
1626 5506 1860 5563 corrupta
1880 5500 2033 5551 latino

798 5560 1020 5625 ISomiuis
1043 5560 1297 5625 estgnostri
1323 5563 1487 5613 littera
1509 5560 1671 5625 graeca
1695 5560 1837 5613 sono.

732 5621 925 5688 Chloris
951 5637 1083 5688 eram
1101 5624 1326 5688 Nymphe
1347 5621 1708 5684 campi‘felicis,
1737 5626 1819 5674 ubi
1859 5624 1997 5675 audis

799 5682 919 5732 Rem
946 5682 1207 5734 fortunatis
1229 5682 1345 5734 ante
1370 5682 1520 5735 fuisse
1540 5688 1677 5735 viris.

731 5748 852 5807 Qua-
880 5745 1038 5807 l‘uerit
1059 5748 1176 5794 mihi
1202 5744 1374 5805 forma,
1409 5760 1561 5807 grave
1584 5754 1664 5807 est
1681 5759 1883 5796 narrare
1910 5746 2179 5800 modestae:

791 5806 890 5851 Sed
917 5818 1159 5867 generum
1186 5808 1333 5867 matr_i
1349 5806 1576 5867 repperit
1615 5806 1693 5854 illa
1715 5809 1884 5856 deum.

727 5862 829 5909 Ver
848 5871 957 5910 erat
983 5878 995 5909 :
1026 5864 1276 5911 Errabam.
1299 5862 1551 5925 Zepl’q’rrus
1567 5869 1825 5926 conSpexit
1851 5880 1862 5913 :
1892 5868 2083 5915 abibam
2110 5884 2122 5916 :

580 348 686 405 599
1854 353 1941 408 DE
1981 348 2240 408 MINUCII
2266 348 2566 408 OCTAVIO
2644 358 2647 365 ‘

575 478 761 519 eorum
784 508 799 533 ,
846 466 959 522 sive
1001 466 1127 521 mali
1154 465 1501 536 depulsurum
1530 482 1691 540 grege
1719 483 1825 524 non
1857 469 1973 527 sine
1999 467 2169 525 maxi—
2195 465 2249 526 Α

3773 362 3879 415 000

2521 466 2839 532 Insequitur;
2865 469 3002 534 fugio
3028 484 3039 519 :
3067 472 3235 523 fortior
3257 472 3342 524 ille
3361 472 3470 525 fuit.

2685 550 2871 614 (Ovid.,
2895 553 2929 603 l.
2957 568 2985 604 v
3003 556 3195 607 Faster.
3222 570 3267 607 v.
3291 558 3400 621 195,
3425 564 3469 609 et
3493 561 3654 627 seqq.)

2278 652 2461 725 Neque
2488 654 2700 712 dubites
2732 657 2988 715 famosam
3020 661 3163 716 illam
3194 665 3534 720 meretricem
3564 666 3619 721 in
3650 665 3873 722 dearum

2280 759 2443 816 grege
2472 762 2500 799 a
2529 748 2828 806 Gentilibus
2856 764 3259 809 annmueratam
3289 756 3736 830 imploratamque
3761 761 3877 831 ejus

2280 850 2470 907 opem,
2525 854 2593 895 ne
2637 840 2817 912 fruges
2866 844 3158 915 aliquando
3201 860 3697 917 corrumperentur.
3738 850 3876 907 Nam

2284 931 2455 988 Varro
2483 933 2598 989 haec
2624 934 2692 990 de
2722 949 2780 990 se
2811 937 2928 1006 ipso
2956 939 3151 994 litteris
3179 941 3485 997 mandavit:
3523 962 3542 994 σ
3569 943 3769 1012 Quarto
3796 944 3879 999 iu-

2278 1040 2413 1081 voco
2457 1026 2751 1098 Rohigum,
2785 1044 2846 1085 ac
2877 1030 3088 1086 Florum
3110 1075 3125 1097 ,
3155 1032 3350 1102 quibus
3390 1037 3661 1105 propitiis,
3705 1052 3879 1108 neque

2281 1119 2469 1189 rubigo
2496 1110 2759 1175 frumenta
2786 1132 2948 1193 atque
2972 1124 3195 1180 arbores
3220 1130 3546 1197 corrumpit,
3572 1143 3744 1199 neque
3770 1144 3876 1185 non

2284 1213 2601 1281 tempestive
2629 1212 2844 1270 ﬂorent.
2887 1217 3068 1287 Itaque
3097 1218 3324 1286 publica;
3354 1220 3562 1292 Robigo
3589 1221 3736 1278 ferite
3761 1222 3878 1278 Ro-

2285 1304 2495 1375 bigalia,
2516 1305 2690 1361 Flora:
2719 1307 2827 1363 ludi
2862 1309 3091 1365 Floralia
3123 1312 3349 1367 instituti
3380 1333 3399 1365 ι
3428 1313 3609 1387 (Varr.
3647 1316 3737 1369 lib.
3769 1332 3788 1370 1
3814 1316 3880 1371 de

2283 1392 2361 1448 Re
2392 1398 2607 1465 rustica,
2636 1398 2752 1454 iuit.
2778 1400 2817 1470 ).
2844 1401 2911 1456 de
2933 1402 3127 1472 quibus
3152 1405 3204 1458 in
3232 1408 3474 1474 sequenti
3500 1408 3879 1465 dissertatione

2282 1488 2570 1557 agendum.
2617 1490 2857 1561 Denique
2883 1490 3169 1550 Cornelius
3196 1495 3411 1552 Tacitus
3441 1502 3713 1555 utetnurite
3751 1516 3878 1572 pro-

2282 1579 2417 1635 didit
2448 1581 2747 1638 dedicatam
2778 1600 2806 1638 a
2841 1585 3058 1642 Tiberio
3085 1585 3299 1644 Caesare
3332 1589 3483 1660 juxta
3522 1593 3724 1648 circum
3765 1609 3879 1649 ma-

2282 1674 2518 1729 ximum:
2554 1695 2573 1728 ε
2599 1676 2773 1732 Flora:
2797 1679 2989 1747 aedem,
3015 1680 3084 1735 ab
3128 1681 3292 1738 Lucio
3337 1691 3392 1738 et
3432 1683 3610 1739 Marco
3656 1687 3876 1755 publicis

2284 1767 2532 1824 mdilihus
2560 1773 2903 1827 constitutam
2939 1792 2958 1825 ι
2995 1772 3197 1846 (Tacit.
3229 1775 3318 1831 lib.
3351 1793 3416 1839 tt,
3449 1788 3562 1847 post
3588 1781 3721 1834 med.
3746 1780 3792 1852 ).

2356 1860 2487 1929 Quis
2513 1878 2643 1933 ergo
2665 1907 2678 1929 ,
2709 1864 2752 1919 si
2780 1866 2907 1935 quid
2934 1882 3079 1922 sanae
3107 1871 3303 1924 mentis
3332 1870 3558 1939 habeat,
3584 1872 3762 1928 audita
3790 1873 3878 1929 illa

2285 1958 2510 2014 deorum
2540 1973 2601 2013 ac
2624 1958 2845 2014 dearum
2873 1976 2978 2015 non
3007 1962 3228 2017 ridicula
3255 1979 3477 2034 prorsus
3502 1976 3557 2023 et
3582 1966 3765 2022 infami
3791 1983 3883 2023 ca-

2287 2059 2431 2106 terva
2450 2090 2466 2117 ,
2495 2052 2674 2106 statim
2703 2066 2809 2106 non
2838 2051 3088 2108 fatebitur
3111 2070 3269 2125 quam
3298 2065 3444 2112 recte
3468 2058 3728 2115 Minucius
3758 2060 3878 2115 illo-

2286 2158 2403 2197 rum
2435 2144 2895 2199 enumerationem
2929 2144 3027 2200 hac
3067 2162 3171 2201 non
3213 2148 3493 2220 inelegauti
3535 2151 3703 2206 ironia
3746 2167 3879 2206 cou-

2288 2235 2506 2291 cludat?
2532 2256 2550 2290 ‹
2581 2235 2668 2291 Isti
2698 2239 2906 2294 scilicet
2930 2240 3189 2296 adversus
3216 2253 3464 2308 casteros,
3495 2247 3582 2315 qui
3612 2245 3661 2298 in
3691 2244 3877 2300 Genti-

2288 2328 2388 2383 bus
2427 2330 2763 2397 colebantur,
2810 2331 3110 2387 Romanum
3144 2335 3422 2405 imperium
3454 2336 3821 2406 protulerunt?
3853 2356 3871 2386 ι

2289 2423 2394 2478 Sed
2426 2439 2549 2494 age,
2581 2436 2634 2479 et
2663 2425 2939 2482 videamus
2966 2428 3156 2498 quibus
3187 2429 3274 2484 ille
3300 2430 3420 2484 aliis
3459 2431 3724 2485 rationum
3765 2446 3880 2484 mo-

2290 2517 2484 2570 mentis
2515 2516 2651 2571 hanc
2678 2517 2964 2574 absurdam
3008 2520 3319 2577 cortttudem
3361 2522 3726 2578 Romanorum
3766 2524 3880 2594 Opi-

2292 2609 2564 2665 uationem
2593 2610 2861 2666 convellat
2887 2621 2939 2667 et
2968 2611 3212 2683 dissipet.

2887 2741 3186 2784 ARTICULUS
3215 2744 3288 2782 IV.

2294 2838 2460 2905 Quam
2490 2839 2680 2909 falsum
2718 2841 2783 2895 sit
2826 2840 2886 2895 ob
2928 2858 3189 2897 concessas
3226 2842 3510 2898 Vestalibus
3558 2854 3604 2899 et
3650 2845 3885 2900 sacerdo-

2366 2933 2495 2987 tibus
2523 2934 2738 2988 honores
2754 2975 2768 2999 ,
2800 2933 3021 3005 dataque
3045 2936 3312 3007 privilegia
3328 2979 3344 3002 ,
3370 2937 3709 3007 antpliﬁcatos
3735 2954 3765 2989 η
3789 2938 3887 2992 diis

2367 3024 2590 3079 Romani
2614 3026 2817 3097 imperii
2845 3027 3005 3095 ﬁnes:
3034 3038 3225 3094 quanta
3252 3027 3441 3103 fuerint
3466 3038 3794 3099 utrorumque
3818 3030 3888 3083 in-

2363 3118 2672 3173 continentia
2695 3134 2754 3171 ac
2777 3119 2998 3189 ﬂagitia;
3022 3128 3171 3189 atque
3188 3120 3243 3174 in
3264 3120 3389 3190 ipsis
3415 3120 3614 3190 templis
3638 3121 3887 3175 adulteria

2363 3221 2410 3264 et
2435 3211 2724 3282 sacrilegia.

2363 3344 2479 3399 Non
2501 3344 2733 3401 molliori
2757 3345 2977 3401 brachio
2995 3346 3122 3401 illud
3140 3346 3402 3403 Minucius
3424 3348 3729 3419 propulsat,
3748 3349 3888 3420 quod

2288 3437 2624 3493 .venditatum
2660 3454 2689 3492 a
2726 3438 2945 3495 Caecilio
2980 3440 3456 3497 animadvertimus
3484 3441 3619 3498 deos
3653 3442 3889 3497 subsidio

2294 3532 2505 3587 venisse
2542 3532 2799 3587 Romanis
2820 3575 2833 3597 ,
2872 3535 3143 3604 totiusque
3181 3536 3329 3590 orbis
3361 3545 3521 3590 terra:
3548 3534 3763 3591 dedisse
3794 3538 3893 3589 im-

2294 3626 2503 3695 perium
2534 3627 2605 3680 oh
2633 3641 2923 3681 concessus
2954 3626 3253 3681 Vestalibus
3282 3628 3757 3699 sacerdotibusque
3789 3628 3885 3681 ho-

2295 3734 2484 3787 nores,
2527 3720 2758 3789 dataque
2798 3720 3091 3791 privilegia.
3139 3720 3257 3790 Quo
3303 3722 3449 3778 enim
3493 3723 3677 3789 titulo,
3720 3723 3894 3793 arguit

2296 3811 2586 3878 Minucius,
2642 3811 2694 3866 id
2750 3811 2991 3867 Vestales
3042 3822 3132 3866 aut
3182 3814 3493 3870 sacerdotes
3544 3813 3895 3870 meruerunt?

2295 3904 2564 3976 Numquid
2595 3904 2735 3973 apud
2766 3904 2884 3959 illas
2912 3905 3084 3973 major
3110 3905 3322 3961 ca-teris
3349 3908 3600 3973 castitas,
3634 3917 3727 3961 aut
3755 3907 3895 3976 apud

2296 3999 2430 4055 istos
2481 4001 2671 4071 religio
2720 4002 3006 4057 sanctior?
3058 4002 3277 4059 Minime
3324 3998 3583 4074 gentium.
3637 4002 3897 4057 Pluriuue

2297 4094 2575 4150 enimvero
2597 4093 2839 4150 Vestales
2865 4095 3075 4149 violata:
3103 4095 3369 4166 pudicitia:
3393 4094 3650 4150 dederunt
3680 4108 3893 4163 poenas,

2296 4200 2430 4255 quas
2468 4188 2588 4242 alia:
2626 4202 2810 4241 earum
2848 4188 3093 4257 gregales
3135 4203 3240 4243 non
3279 4188 3452 4242 minus
3492 4185 3709 4256 quidem
3732 4227 3747 4249 ,
3794 4186 3893 4240 sed

2297 4283 2559 4338 occultius
2587 4284 2871 4354 impudica:
2899 4284 3220 4355 effugerunt.

2368 4375 2517 4431 Rhea
2550 4377 2812 4448 siquidem
2843 4377 3022 4450 Sylvia
3058 4378 3318 4445 Vestalis,
3354 4378 3426 4433 uti
3458 4378 3611 4448 paulo
3639 4387 3767 4451 ante
3797 4379 3894 4434 oh-

2296 4470 2674 4538 servabamus,
2713 4481 2769 4525 et
2806 4473 2940 4527 scite
2988 4473 3334 4543 Augustinus.
3355 4481 3473 4542 post
3509 4471 3641 4525 alios
3681 4486 3893 4528 memo-

2215 4533 2270 4593 D
2297 4570 2409 4626 rat,
2441 4563 2579 4630 turpi
2611 4533 2874 4618 adulterio
2899 4533 3124 4618 Remum
3152 4573 3312 4633 atque
3342 4562 3623 4617 Romulum
3653 4560 3892 4617 edidisse

2296 4653 2570 4710 ferebatur
2599 4655 2618 4727 (
2646 4656 2862 4727 August.
2895 4655 2983 4711 lib.
3018 4672 3179 4720 xvut,
3211 4656 3276 4710 de
3305 4656 3457 4710 Civil.
3486 4671 3600 4726 cap.
3630 4653 3696 4709 21
3721 4696 3737 4720 ,
3770 4670 3891 4725 pag.

2296 4746 2472 4819 505).
2521 4747 2715 4815 Quidni
2764 4764 2895 4820 ergo
2940 4758 2995 4803 et
3039 4749 3157 4804 alite
3200 4748 3442 4803 Vestales
3487 4761 3709 4817 pravum
3754 4746 3894 4801 illius

2294 4841 2599 4912 exemplum
2631 4843 2846 4912 impune
2871 4858 2930 4897 se
2961 4841 3157 4896 imitari
3187 4856 3347 4912 posse
3374 4840 3737 4897 crediderint?
3764 4839 3896 4895 Sue-

2297 4934 2475 4989 tonius
2518 4949 2648 4988 vero
2694 4947 2875 4989 narrat
2923 4934 3282 4989 Domitianum
3332 4933 3535 4989 incesta
3566 4931 3892 4998 Vestalium,

2294 5040 2324 5079 a
2366 5034 2517 5096 patre
2547 5041 2645 5081 suo
2674 5035 2728 5081 et
2760 5026 2919 5082 fratre
2948 5028 3191 5098 neglecta
3218 5026 3365 5082 varie
3383 5066 3398 5089 ,
3430 5040 3494 5080 ac
3522 5039 3712 5082 severe
3739 5039 3893 5081 coer-

2292 5120 2499 5182 cuisse,
2527 5120 2705 5188 priora
2733 5119 2945 5189 capitali
2972 5118 3265 5189 supplicio,
3297 5118 3593 5187 posteriora
3618 5132 3768 5172 more
3795 5131 3893 5171 ve-

2296 5214 2420 5268 teri.
2456 5230 2474 5263 (
2502 5212 2634 5267 Nam
2661 5227 2782 5267 cum
2805 5211 3056 5269 Ocellatis
3076 5254 3090 5275 ,
3120 5212 3269 5266 addit
3293 5211 3406 5276 ille,
3430 5212 3740 5277 sororibus,
3768 5210 3894 5264 item

2296 5303 2583 5359 Varonilhe
2607 5306 2831 5360 liberum
2862 5304 3048 5360 mortis
3077 5303 3406 5374 permisisset
3429 5302 3706 5357 arbitrium
3729 5344 3745 5368 ,
3775 5317 3896 5357 cor-

2294 5411 2647 5471 ruptoresque
2676 5413 2861 5454 carum
2894 5399 3181 5469 relegasset
3201 5438 3214 5459 ,
3248 5411 3372 5451 mox
3399 5395 3703 5451 Corneliam
3733 5394 3896 5465 virgi-
3927 5415 3935 5422 ·

2292 5508 2414 5549 nem
2443 5491 2727 5546 maximam
2749 5531 2763 5555 ,
2803 5511 2821 5543 ι
2855 5489 2907 5545 id
2935 5498 3050 5555 est,
3080 5490 3199 5544 aliis
3228 5487 3530 5543 Vestalibus
3557 5485 3892 5557 prmfectam,

2300 5605 2315 5635 ι
2346 5584 2643 5639 absolutam
2671 5583 2837 5650 olim,
2866 5581 3064 5636 dehinc
3089 5581 3252 5650 longo
3279 5578 3565 5671 intervallq
3590 5578 3892 5647 repetitam,

2290 5688 2450 5748 atque
2489 5677 2820 5743 convictam,
2863 5674 3043 5730 defodi
3075 5673 3389 5743 imperavit,
3421 5679 3895 5742 strupratoresque

2287 5770 2449 5839 virgis
2480 5770 2533 5823 in
2563 5768 2783 5823 comitio
2813 5768 2878 5822 ad
2912 5782 3097 5822 necem
3128 5765 3260 5820 caedi
3286 5782 3304 5816 ι
3344 5763 3364 5835 (
3395 5762 3611 5820 Sueten.
3647 5762 3736 5816 lib.
3770 5775 3858 5816 vui
3879 5803 3893 5829 ,

2292 5862 2344 5912 in
2385 5860 2498 5912 t’im
2527 5858 2718 5912 Domit.
2754 5858 2781 5925 ᾗ
2830 5858 2929 5929 8).
2972 5859 3109 5915 llinc
3171 5856 3437 5913 Eusebius
3478 5863 3661 5921 notat,
3713 5852 3893 5909 Domi-
