4264 6258
395 340 494 398 601

391 546 675 603 damnatas
706 564 724 597 ι
761 547 778 616 (
807 542 996 598 Euseb.
1032 542 1224 596 Chron.
1264 540 1331 593 ad
1359 557 1482 592 ann.
1516 537 1706 610 2099).
1746 538 1818 590 De
1859 532 1991 590 Cur-

392 641 535 697 nelia
560 650 737 694 autem
760 638 966 692 Plinius
989 635 1055 691 ad
1085 634 1444 689 Minucianqu
1469 631 1686 687 scribit:
1712 648 1730 681 (
1753 628 1835 686 Ad
1863 643 1990 696 sup-

392 734 608 804 plicium
644 731 822 786 nescio
866 745 934 783 au
980 731 1276 790 innocens,
1311 733 1456 780 certe
1488 733 1755 792 tamquam
1792 733 1990 774 nocens

392 827 550 882 ducta
582 836 664 880 est
697 846 716 878 ι
754 825 773 896 (
808 823 949 877 Plin.
987 821 1152 894 Epist.
1188 820 1275 873 lib.
1311 834 1388 885 tv,
1420 817 1592 888 Epist.
1627 813 1738 886 ll).
1786 813 1888 869 Sed
1922 813 1989 867 de

392 920 536 975 illius
589 930 817 986 stupro,
855 917 1110 986 justaque
1151 914 1600 968 coudeumalimte
1639 910 1786 963 nullo
1834 908 1990 977 plane

389 1011 550 1066 modo
579 1009 869 1066 Suetonius
896 1007 1175 1063 dubitavit.
1203 1006 1334 1060 Tres
1360 1006 1492 1059 alias
1518 1001 1830 1058 Plutarchus
1859 999 1989 1054 Ves-

391 1105 522 1160 tales
545 1112 836 1165 memorat,
863 1102 1111 1156 videlicet
1133 1100 1403 1154 1Eiuiliam
1422 1141 1435 1164 ,
1463 1098 1752 1160 Liciniam,
1778 1106 1831 1149 et
1853 1095 1987 1147 Mar-

390 1199 516 1253 tiam
541 1239 554 1260 ,
582 1213 700 1268 quae
728 1197 962 1251 incestus
989 1209 1174 1265 poenas
1203 1194 1366 1248 luisse
1395 1193 1638 1262 perbibet
1659 1232 1671 1252 ,
1706 1197 1984 1260 postquam

395 1291 652 1347 nefariam
688 1306 810 1344 cum
841 1289 970 1344 viris
999 1287 1440 1344 consuetudinem
1478 1286 1586 1352 jam
1631 1283 1720 1337 diu
1767 1281 1982 1335 habuis-

388 1392 506 1438 sent
537 1401 555 1434 ι
597 1381 894 1455 (Plutarch.
930 1381 1119 1447 Qua’st.
1156 1379 1376 1434 Roman.
1409 1395 1530 1447 pag.
1561 1376 1668 1430 284
1689 1374 1728 1445 ).
1763 1374 1832 1428 At
1863 1373 1985 1442 Lip-

389 1475 529 1530 sium
565 1487 822 1544 praeterea
849 1516 862 1534 ,
892 1473 934 1526 si
965 1481 1153 1538 vacat,
1182 1472 1330 1526 adire
1353 1471 1554 1541 poteris
1593 1470 1612 1540 (
1640 1467 1784 1536 Lips.
1831 1467 1982 1536 Synt.

389 1565 635 1636 deVesta
659 1577 704 1622 et
740 1566 929 1620 Vestal.
963 1582 1077 1635 cap.
1113 1581 1192 1629 tn,
1225 1576 1346 1618 tom.
1378 1580 1458 1629 Ill,
1489 1580 1606 1634 pag.
1641 1560 1793 1632 606).

459 1658 734 1713 Addamus
755 1701 769 1722 ,
799 1657 842 1711 si
873 1657 1018 1712 lubet
1041 1699 1056 1724 ,
1088 1657 1425 1711 Ambrosium
1448 1698 1464 1721 ,
1496 1656 1582 1725 qui
1617 1652 1942 1726 Symmacho
1965 1692 1981 1718 ,

389 1749 578 1806 eodem
611 1748 772 1803 modo
802 1759 962 1818 atque
999 1747 1279 1814 Czecilius,
1322 1748 1577 1802 adversus
1615 1745 1977 1808 Christianos,

1861 325 2322 384 DlSSERTATlO.

391 456 538 511 tiano
568 455 868 524 imperante
889 492 902 516 ,
937 469 954 502 ι
989 459 1095 505 ties
1128 447 1364 518 virgines
1387 445 1631 502 Vestales
1655 444 1723 498 ob
1750 453 1990 513 stuprum
2019 447 2071 506 Α

3593 316 3699 371 60?.

2191 442 2330 490 Pacis
2355 449 2407 490 et
2430 441 2633 490 advecta
2657 447 2849 491 secreta
2876 440 3049 503 palatia
3074 437 3264 503 Matris,

2189 504 2252 553 Et
2277 504 2533 559 Cererem,
2559 517 2668 552 nam
2693 517 2790 566 quo
2811 495 2907 550 non
2931 508 3114 566 prostat
3140 500 3324 566 femina
3351 495 3572 560 templo?

2193 567 2364 616 Notior
2383 567 2574 616 Aulidio
2600 562 2822 615 mmehus
2840 562 3102 614 celebrare
3119 562 3316 611 solebas

2191 629 2329 688 Quod
2358 637 2516 691 taceo,
2547 638 2693 691 atque
2717 631 2852 692 ipsos
2885 628 3033 676 etiam
3060 624 3297 674 inclinare
3322 624 3538 672 maritos.

2499 713 2768 777 (Juvenal.,
2795 714 2963 776 Satyr.
2986 723 3112 770 ix,v.
3137 709 3198 757 22
3223 716 3267 758 et
3291 705 3450 771 seqq.)

2096 828 2254 882 Plura
2287 827 2458 880 adhuc
2490 827 2670 895 legere
2701 823 2895 892 poteris
2924 822 2974 875 iu
3002 829 3150 874 sexta
3180 816 3321 873 illius
3348 815 3570 886 Satyra,
3601 811 3690 869 ubi

2096 932 2290 994 pra'ter
2318 922 2416 976 alia
2449 920 2584 974 bene
2613 919 2775 973 multa
2807 917 2967 970 dixit:
3511 899 3516 905 ’

2190 1073 2202 1086 .
2307 1074 2316 1084 .
2418 1071 2428 1082 .
2535 1071 2545 1081 .
2672 1031 2880 1091 Jamque
2907 1026 3260 1091 expectaturiu
3286 1024 3441 1074 hortis

2185 1098 2277 1146 Aut
2307 1096 2434 1158 apud
2469 1094 2636 1145 Isiacae
2661 1089 2822 1157 potius
2839 1092 3049 1141 sacraria
3074 1089 3218 1137 lente.

2809 1176 2988 1241 (idem,
3015 1180 3205 1242 Satyr.,
3231 1189 3295 1236 vr,
3325 1186 3370 1223 υ.
3391 1170 3528 1234 483.)

2163 1290 2350 1359 Neque
2397 1296 2569 1358 poeta!
2619 1296 2854 1348 tantum,
2903 1283 2999 1339 sed
3048 1282 3136 1336 alii
3182 1281 3342 1336 etiam
3389 1279 3686 1347 scriptorcs

2092 1381 2290 1436 ethnici
2345 1389 2614 1434 tantorum
2669 1377 2933 1432 scelerum
2987 1384 3154 1429 testes
3202 1381 3327 1426 sunt
3371 1368 3683 1425 certissimi.

2088 1474 2278 1528 Nonne
2322 1474 2464 1527 enim
2507 1471 2699 1526 Cicero
2743 1469 2984 1538 queritur
3022 1465 3262 1520 Clodium
3303 1477 3423 1517 esse
3458 1480 3476 1512 ι
3506 1459 3683 1514 homi-

2090 1583 2211 1624 nem
2245 1567 2423 1630 illum,
2458 1586 2475 1616 ι
2512 1567 2598 1635 qui
2635 1563 2997 1634 pulvinaribus
3027 1579 3045 1612 ι
3080 1560 3240 1614 Bona:
3269 1558 3385 1612 deat
3439 1566 3682 1626 stuprum

2091 1661 2365 1724 intulerit,
2398 1674 2570 1727 eaque
2613 1673 2792 1723 sacra,
2837 1671 2956 1724 qua:
2995 1654 3091 1708 viri
3133 1652 3331 1716 oculis,
3378 1665 3444 1705 ne
3484 1650 3686 1718 impru-

2088 1753 2264 1808 dentis
2303 1751 2556 1821 quidem,
2607 1749 2772 1815 asliici
2818 1747 2894 1802 fas
2940 1757 3055 1807 (νει,
3088 1761 3192 1800 ηοη
3239 1743 3413 1798 solum
3459 1751 3681 1811 aspectu

388 1858 452 1898 ac
482 1859 578 1913 I'II'O
604 1841 835 1898 elltt'iCiS
862 1841 1251 1910 argmnentnnti
1271 1882 1283 1904 .
1317 1837 1605 1911 respondel
1629 1846 1835 1908 δεριθιιι
1865 1846 1979 1889 ίπη·
2009 1842 2056 1900 Β
2087 1845 2253 1911 virili,
2281 1845 2372 1899 sed
2396 1841 2594 1912 ﬂagitio
2620 1853 2916 1911 Stuproque
2957 1838 3205 1892 violarit?
3233 1857 3250 1888 ι
3293 1836 3309 1906 (
3333 1836 3489 1889 Cicer.
3531 1834 3680 1887 Orat.

391 1947 501 1991 tmn
525 1951 624 1991 suo
653 1945 888 2004 tempore
916 1931 1243 2003 superfuisse
1270 1931 1513 1987 Vestales
1533 1972 1546 1990 .
1575 1946 1798 2000 quarum
1829 1948 1846 1978 ε
1875 1944 1978 1981 non

388 2038 527 2094 est,»
563 2027 750 2097 inquit,
791 2046 808 2078 (
836 2026 1128 2096 virginitas,
1151 2041 1270 2094 qua}
1302 2024 1470 2093 pri-tio
1494 2025 1708 2086 emitur,
1736 2037 1839 2074 non
1874 2022 1981 2074 vir-

386 2122 518 2176 tutis
563 2121 738 2174 studio
786 2121 1090 2192 possidetur
1121 2138 1139 2170 ι
1175 2118 1190 2188 (
1220 2117 1453 2172 Ambros.
1491 2115 1657 2185 Epist.
1709 2115 1809 2180 18,
1843 2124 1975 2168 cont.

383 2215 664 2286 Symmach
720 2230 840 2285 pag.
870 2213 974 2268 856
998 2211 1038 2283 ).

457 2308 642 2379 Neque
673 2309 935 2362 minorem
967 2306 1161 2362 asserit
1188 2314 1375 2358 auctor
1401 2311 1584 2357 uoster
1615 2300 1778 2356 fuisse
1807 2299 1982 2353 ethni-

383 2414 566 2453 corum
606 2398 985 2464 sacerdomm,
1027 2413 1185 2466 quam
1218 2393 1512 2450 Vestalium
1557 2390 1979 2461 impudicitiam:

391 2511 408 2543 ι
438 2491 535 2547 Ubi
565 2493 731 2557 enim,
759 2512 776 2544 ι
815 2491 983 2560 inquit
1014 2490 1122 2554 ille,
1147 2509 1164 2541 ‹
1188 2488 1401 2559 magisa
1421 2486 1982 2555 sacerdotibus,quam

386 2585 525 2640 inter
551 2601 673 2639 aras
700 2595 754 2639 et
782 2585 1001 2639 delubra
1033 2583 1413 2639 conducuntur
1441 2592 1620 2650 stupra
1639 2621 1651 2642 ,
1689 2588 1982 2634 tractantur

385 2679 646 2734 lenocinia
669 2720 683 2742 ,
717 2677 974 2732 adulteria
1005 2677 1362 2732 meditantur?
1393 2675 1748 2744 Frequentius
1777 2673 1828 2727 in
1857 2672 1986 2726 tedi—

385 2779 596 2824 tuorum
638 2769 878 2832 cellulis,
920 2783 1080 2838 quam
1121 2768 1172 2822 iu
1216 2768 1344 2836 ipsis
1375 2765 1716 2836 lupanaribus
1755 2763 1986 2834 ﬂagrans

387 2860 552 2915 libido
579 2860 906 2930 defungitur.
937 2881 954 2912 ι
989 2862 1054 2913 At
1077 2859 1353 2929 expende,
1380 2874 1590 2928 quzeso,
1623 2868 1798 2910 utrum
1827 2857 1894 2909 ibi
1919 2855 1987 2910 ad

385 2953 502 3009 haec
527 2968 632 3008 non
658 2953 982 3024 respexerit,
1011 2967 1129 3021 quin
1155 2967 1184 3004 a
1212 2949 1540 3006 Tertulliano
1564 2948 1703 3002 dicta
1732 2947 1981 3017 legimus:

392 3065 410 3098 ι
437 3046 492 3099 lu
525 3045 734 3114 templis
760 3045 1020 3099 adulteria
1053 3043 1334 3112 componi,
1378 3045 1516 3097 inter
1557 3057 1676 3096 aras
1717 3041 1984 3095 lenocinia

391 3141 604 3195 tractari
627 3181 640 3201 ,
665 3139 715 3193 in
741 3140 872 3209 ipsis
894 3140 1212 3208 plerumque
1234 3138 1549 3191 :edituorum
1575 3145 1628 3191 et
1647 3135 1985 3191 sacerdotum

2087 1937 2188 2000 50,
2222 1937 2285 1990 de
2311 1936 2544 2002 At'tIapiC.
2578 1934 2800 2001 Respon.
2836 1950 2952 2002 pag.
2998 1930 3136 1995 49.9,
3192 1928 3282 1982 lin.
3319 1925 3452 1998 54.)
3497 1926 3686 1982 Nonne

2086 2029 2376 2084 Suetonius
2408 2029 2520 2081 [nec
2557 2027 2624 2081 de
2654 2028 2868 2080 'l‘iberio
2909 2025 3232 2093 lmperatore
3270 2022 3462 2075 litteris
3502 2019 3682 2074 consi-

2085 2123 2300 2193 gnavit?
2331 2141 2348 2173 ‹
2381 2120 2575 2174 Fertur
2604 2120 2762 2175 etiam
2806 2118 2857 2171 iu
2901 2115 3256 2170 sacrilieando
3294 2111 3560 2183 quondam
3590 2127 3684 2167 ca-

2088 2225 2207 2287 ptus
2247 2216 2381 2269 facie
2421 2214 2684 2278 ministri,
2728 2226 2970 2266 acerram
3017 2208 3388 2282 prmiereutis,
3434 2205 3686 2275 nequisse

2088 2309 2390 2372 abstinere,
2423 2307 2550 2376 quiu
2579 2320 2718 2376 pene
2772 2303 2987 2358 vixdum
3019 2318 3076 2357 re
3104 2301 3280 2355 divina
3311 2309 3555 2370 paraela,
3588 2297 3688 2352 ibi-

2089 2402 2208 2458 dem
2238 2403 2417 2456 statim
2446 2401 2722 2455 seductum
2752 2404 3150 2468 coustupraret,
3177 2395 3441 2465 simulque
3467 2392 3686 2448 fratrem

2090 2497 2204 2566 ejus
2239 2496 2543 2549 tibicinem:
2575 2502 2733 2562 atque
2767 2490 2979 2560 utrique
3009 2505 3133 2543 mox
3158 2531 3170 2552 ,
3203 2485 3345 2556 quod
3376 2496 3560 2540 mutuo
3587 2484 3686 2539 lla-

2088 2590 2276 2660 gitium
2307 2587 2898 2656 exprobrabant,crura
2927 2583 3152 2650 fregisse
3181 2603 3197 2632 ι
3221 2579 3464 2648 (Sueten.
3493 2579 3580 2633 lib.
3607 2594 3684 2643 Ill,

2090 2685 2141 2736 in
2186 2681 2296 2736 Vita
2331 2680 2496 2734 Tiber.
2534 2679 2690 2750 ἑά).
2740 2676 2960 2732 Dicendi
3010 2678 3168 2729 linem
3212 2685 3359 2729 certe
3403 2690 3508 2727 non
3543 2672 3686 2727 face-

2092 2773 2301 2842 remus,
2345 2777 2388 2829 si
2429 2775 2606 2829 omnia
2649 2770 3000 2827 describenda
3041 2779 3252 2832 essent,
3297 2783 3416 2837 qua:
3460 2776 3689 2836 uterque

2091 2881 2145 2926 et
2171 2870 2259 2923 alii
2290 2868 2357 2922 de
2387 2867 2469 2922 his
2497 2866 2828 2922 detestandis
2853 2863 3147 2920 sceleribus
3173 2877 3316 2932 sche
3355 2861 3551 2930 smpius
3581 2869 3690 2914 tra-

2091 2961 2361 3016 dideruut.

2165 3057 2232 3109 At
2271 3055 2314 3108 si
2356 3068 2416 3108 ea
2459 3052 2637 3107 omnia
2678 3052 2746 3106 ab
2785 3051 3026 3121 ipsismet
3065 3045 3464 3112 sacerdotibus,
3509 3045 3580 3100 uti
3621 3045 3690 3100 ab

2093 3149 2221 3214 illo,
2252 3146 2320 3201 de
2359 3161 2466 3216 quo
2506 3145 2639 3198 infra
2669 3141 3080 3207 disserendum,
3109 3141 3198 3210 qui
3232 3139 3476 3194 llereulis
3507 3153 3691 3208 penso-

384 3233 774 3297 tabernaculis,
817 3234 917 3288 sub
959 3233 1145 3288 iisdem
1189 3235 1356 3296 vitiis,
1390 3243 1442 3287 et
1469 3232 1740 3301 apicibus.
1773 3241 1827 3286 et
1858 3248 1978 3300 pur-
2011 3235 2056 3297 C
2091 3255 2214 3294 nam
2255 3239 2476 3309 agebat,
2511 3252 2615 3291 non
2660 3237 3124 3306 perpetrabantur,
3173 3234 3206 3288 ii
3253 3244 3398 3287 certe
3445 3231 3688 3302 plerique

387 3327 531 3395 puris
573 3325 730 3380 thure
769 3325 1058 3396 ﬂagrante,
1107 3325 1380 3380 libidinem
1412 3326 1640 3396 expungi
1674 3345 1692 3377 ι
1722 3323 1982 3397 (Tertull.

387 3418 602 3487 Apolog.
633 3434 750 3486 cap.
782 3419 883 3483 15',
915 3435 1031 3489 pag.
1067 3418 1134 3473 16
1155 3419 1196 3490 ).
1235 3418 1571 3486 Quapropter
1615 3417 1720 3470 alio
1766 3417 1817 3470 in
1847 3416 1983 3471 libro

385 3509 669 3580 ipsimmet
713 3510 1067 3566 idololatriam
1100 3511 1170 3564 ita
1206 3510 1510 3580 loquentem
1543 3509 1778 3563 induxit:
1818 3528 1835 3560 ς
1870 3508 1980 3577 Ego

353 3603 596 3671 quidem
649 3602 946 3657 idololatria
997 3603 1295 3672 srepissime
1349 3603 1591 3658 mtechia:
1643 3603 1979 3656 occasionem

384 3695 747 3749 siibministro.
785 3696 969 3750 Sciunt
995 3695 1098 3749 luci
1124 3696 1257 3762 mei,
1283 3704 1336 3748 et
1363 3697 1464 3750 mei
1497 3705 1736 3760 montes,
1769 3704 1819 3749 et
1850 3695 1982 3748 vivae

386 3801 574 3857 aqum,
620 3787 840 3857 ipsaque
885 3790 935 3842 in
981 3789 1203 3843 urbibus
1253 3789 1482 3855 templa,
1531 3801 1785 3858 quantum
1831 3803 1984 3842 ever-

388 3880 566 3935 tendze
608 3880 872 3949 pudicitia:
903 3897 1249 3951 procurcmus
1286 3901 1303 3932 ι
1334 3881 1572 3952 (Tertull.
1607 3882 1691 3936 lib.
1725 3883 1787 3934 de
1819 3881 1981 3934 Padi—

384 3975 469 4028 cit.
503 3991 619 4044 cap.
652 3974 712 4040 5,
745 3991 866 4044 pag.
902 3974 1002 4030 719
1027 3974 1070 4045 ).
1102 3975 1236 4041 Quid
1259 4017 1272 4040 ,
1317 3975 1458 4044 quod
1510 3974 1807 4028 thnissaa
1858 3990 1978 4028 mll-

384 4069 542 4122 lieres
564 4111 578 4135 ,
606 4079 663 4123 ut
687 4069 760 4122 ait
787 4070 1137 4136 Athanasius,
1168 4069 1424 4140 putabant
1453 4069 1666 4138 vulgato
1692 4078 1813 4121 ante
1839 4069 1978 4122 idola

383 4176 640 4230 corpore,
690 4161 820 4216 deos
867 4162 978 4216 fore
1024 4163 1122 4216 sibi
1174 4162 1430 4232 propitios
1479 4162 1771 4228 (At/canas.
1830 4161 1976 4215 Orat.

382 4264 544 4307 contr.
578 4253 727 4309 Gent.
759 4254 786 4326 §
815 4254 915 4322 26,
947 4273 1068 4326 pug.
1098 4255 1170 4311 24
1192 4255 1233 4326 ).
1265 4257 1334 4310 At
1360 4255 1424 4310 de
1452 4255 1781 4310 Tertulliauo
1807 4256 1978 4312 adlmc

383 4358 480 4399 suo
527 4346 642 4400 loco
688 4346 972 4401 dicendum
1019 4346 1277 4416 (Dissert.
1353 4349 1404 4401 in
1451 4347 1666 4401 Tertull.
1708 4348 1975 4420 Apologet.

380 4453 497 4504 cap.
525 4438 626 4504 2i,
657 4450 757 4494 art.
788 4441 877 4510 5).

454 4529 635 4601 Neque
665 4531 864 4585 dixeris
897 4532 1012 4586 hmc
1043 4533 1266 4588 fortasse
1295 4551 1322 4586 a
1353 4533 1672 4590 Christianis
1701 4535 1975 4605 scriptori-

2087 3349 2277 3388 omucs
2307 3332 2514 3386 illorum
2547 3331 2746 3385 conscii
2775 3340 2948 3384 erant.
2979 3328 3112 3384 Vide
3140 3344 3267 3398 ergo
3293 3344 3448 3398 quam
3481 3329 3610 3381 falso
3635 3337 3689 3382 et

2088 3426 2429 3497 impudenter
2453 3425 2653 3479 ethnici
2683 3423 3024 3479 venditareut
3050 3431 3266 3492 propter
3290 3434 3576 3475 concessos
3604 3419 3687 3474 his

2087 3518 2462 3574 sacerdotibus
2492 3533 2554 3571 ac
2581 3516 2887 3572 Vestalibus
2919 3515 3182 3578 honores,
3214 3515 3442 3585 dataque
3471 3511 3687 3583 privile-

2084 3613 2168 3683 gia
2187 3656 2199 3677 ,
2229 3612 2498 3666 Romanos
2529 3612 2689 3666 totius
2720 3622 2981 3665 terrarum
3011 3611 3158 3664 orbis
3184 3607 3408 3678 adeptos
3433 3621 3555 3662 esse
3582 3606 3684 3661 itii-

2089 3710 2312 3779 perium.

2691 3838 2984 3878 ARTICULUS
3015 3839 3068 3876 V.

2087 3961 2350 4027 Quomodo
2376 3961 2635 4014 Minucius
2656 3963 2890 4014 ostendat
2915 3961 3262 4013 Romanorum
3283 3959 3550 4029 imperium
3578 3962 3683 4028 pie-

2156 4065 2255 4107 tate
2285 4056 2336 4108 in
2365 4056 2486 4107 deos
2517 4071 2605 4106 nec
2637 4055 2908 4122 fundatum
2942 4070 3032 4107 nec
3063 4063 3288 4114 auctum,
3317 4053 3433 4120 quia
3463 4054 3680 4122 Assyrii,

2156 4145 2332 4210 Medi,
2371 4144 2572 4207 Persw,
2608 4143 2772 4198 (ἐναιεέ
2794 4185 2807 4207 ,
2841 4143 3082 4213 Λίσῃριὶί
3110 4154 3447 4211 regnaverunt
3477 4153 3591 4196 ante
3616 4144 3683 4196 ilo

2155 4239 2230 4291 los
2250 4280 2263 4301 ,
2298 4247 2342 4290 et
2374 4246 2494 4290 ante
2523 4253 2695 4290 eorum
2731 4235 3009 4306 Pontifices
3030 4277 3043 4301 ,
3075 4234 3303 4302 Arvales,
3337 4234 3533 4303 Salios,
3570 4233 3683 4288 Ves-

2153 4330 2278 4383 tales
2297 4370 2311 4393 ,
2340 4338 2489 4396 atque
2515 4329 2771 4399 Augures.

2156 4442 2330 4513 Pergit
2357 4441 2618 4496 Minucius
2639 4481 2651 4504 ,
2681 4443 2894 4512 alioque
2922 4457 3026 4496 nou
3059 4441 3286 4496 minoris
3315 4438 3564 4509 ponderis
3592 4455 3679 4495 ar-

2079 4543 2336 4605 gumento
2366 4549 2428 4589 ea
2457 4535 2634 4589 omnia
2668 4534 2898 4598 refellit,
2930 4550 3050 4605 quae
3080 4532 3326 4588 Caecilius
3357 4548 3418 4587 ac
3454 4532 3683 4604 gentiles

385 4620 516 4684 bos,
552 4623 870 4691 implacabili
903 4623 1238 4678 ethnicorum
1269 4624 1394 4679 odio
1436 4625 1606 4680 dnctis
1627 4667 1641 4691 ,
1684 4635 1775 4681 aut
1813 4629 1975 4696 gratis
2004 4611 2056 4670 D
2089 4629 2313 4683 Romani
2340 4628 2407 4683 dc
2435 4628 2630 4683 tradito
2657 4629 2757 4682 sibi
2791 4640 3006 4699 propter
3029 4644 3294 4684 summam
3323 4628 3376 4682 in
3400 4627 3530 4683 deos
3555 4643 3683 4683 sttos

384 4715 610 4765 conlicta
629 4753 643 4775 ,
671 4725 760 4766 aut
790 4715 1053 4769 malitiose
1075 4716 1415 4784 amplificata.
1445 4713 1576 4767 Nam
1610 4715 1829 4770 infinitis
1857 4731 1977 4784 pro-

389 4804 676 4874 pemodum
720 4807 1063 4875 ipsoruumiet
1107 4806 1398 4861 Gentilium
1449 4807 1808 4872 testiumniis,
1860 4825 1978 4877 qme

385 4896 666 4951 brevitatis
709 4912 864 4953 causa
917 4899 1242 4963 omittimus,
1291 4899 1502 4966 probari
1554 4908 1794 4967 possunt.
1827 4899 1982 4967 Qua:-

384 4988 506 5042 dam
552 4989 730 5058 itaque
772 4989 874 5042 huc
921 4991 1166 5044 retulisse
1207 4989 1469 5057 sufficiat,
1503 5005 1563 5044 ac
1595 4991 1820 5058 primum
1866 4993 1983 5062 qui-

383 5080 504 5136 dem
537 5082 649 5136 haec
678 5081 848 5137 Ovidii
878 5085 1146 5136 carmina:

507 5194 730 5244 Luminis
755 5196 925 5259 exigui
952 5196 1113 5245 fuerat
1139 5210 1291 5259 prope
1317 5195 1496 5259 templa
1522 5209 1769 5256 recessus,

507 5259 768 5322 Speluncae
795 5257 982 5317 similis,
1006 5261 1166 5307 nativo
1195 5257 1595 5322 pumiceiectus,

508 5320 791 5384 llr-lligioue
819 5334 960 5384 sacer
987 5323 1159 5382 prisca,
1187 5319 1285 5384 quo
1309 5319 1456 5384 multa
1483 5319 1716 5370 Sacerdos

506 5382 692 5445 Lignea
715 5382 996 5431 contulerat
1023 5382 1247 5433 veterum
1265 5383 1524 5432 simulacra
1547 5385 1754 5431 deorum
1774 5396 1786 5442 ;

507 5443 647 5494 Htiuc
666 5446 774 5506 iuit,
805 5451 858 5494 et
891 5449 1046 5500 vetito
1071 5454 1284 5495 temerat
1299 5447 1507 5493 sacraria
1529 5446 1724 5508 probro.

857 5527 1040 5591 (Ovid.,
1065 5529 1148 5579 1.x
1177 5532 1485 5592 Metanwrp.,
1511 5525 1767 5591 §peuult.)

386 5630 580 5684 Acrius
610 5646 736 5685 vero
766 5630 1038 5701 Juvenalis
1072 5633 1120 5685 iu
1155 5634 1268 5685 lucc
1309 5630 1615 5700 turpissima
1657 5629 1848 5699 ﬂagitia
1873 5670 1887 5694 ,
1929 5636 1984 5682 et

386 5723 664 5792 sacrilegia
688 5767 701 5790 ,
735 5725 919 5796 sicque
952 5724 1250 5778 invehitur:

481 5837 649 5903 Nuper
667 5841 820 5903 enim,
855 5848 911 5893 ut
932 5848 1126 5906 repeto,
1155 5839 1318 5891 fanum
1343 5838 1503 5900 Isidis,
1527 5842 1579 5887 et
1604 5835 1952 5900 Ganymedem,

2085 4722 2338 4792 pietatem
2371 4722 2532 4775 tetius
2563 4722 2742 4776 mundi
2775 4722 3000 4790 imperio
3026 4723 3188 4777 stulte
3209 4721 3541 4792 jactitabant.
3567 4721 3682 4776 Non

2085 4814 2137 4868 hi
2164 4816 2439 4870 enimvero
2469 4816 2573 4880 dii,
2603 4832 2739 4886 quos
2768 4816 2929 4870 falsos
2957 4831 3074 4871 esse
3097 4815 3459 4879 ostendimus,
3486 4825 3574 4870 aut
3601 4830 3686 4870 rc-

2085 4925 2184 4979 gua
2219 4912 2330 4962 suis
2360 4908 2656 4963 cultoribus
2683 4909 2979 4973 dederunt,
3015 4917 3104 4961 aut
3133 4917 3562 4976 propagaverunt
3590 4922 3685 4961 eo—

2090 5015 2204 5052 rum
2237 4998 2400 5053 ﬁues:
2434 4999 2527 5053 sed
2560 4999 2675 5052 lucc
2703 5000 2848 5053 solus
2878 5014 3034 5052 verus
3065 4997 3511 5066 omuipoteusque
3543 4996 3684 5049 Deus

2086 5091 2310 5159 quibus,
2340 5105 2402 5143 ac
2431 5089 2646 5158 quando
2687 5091 2829 5155 vult,
2859 5088 3098 5157 largitur.
3143 5087 3324 5156 Neque
3364 5086 3414 5140 id
3459 5087 3682 5155 probatu

2086 5181 2304 5236 difficile
2335 5191 2434 5235 est.
2464 5181 2595 5235 Nam
2625 5181 3078 5251 quemadmodum
3111 5187 3253 5233 recte
3297 5179 3472 5248 arguit
3513 5178 3684 5232 Miuu-

2085 5275 2236 5341 cius,
2279 5290 2578 5343 mnncsilue
2621 5285 2916 5330 noverunt:
2954 5294 2972 5325 ι
3004 5278 3139 5328 Ante
3182 5275 3331 5336 illos,
3374 5274 3680 5338 Romanos,

2089 5366 2198 5421 Deo
2227 5367 2594 5436 dispensante,
2626 5367 2714 5421 diu
2748 5383 2910 5438 regna
2942 5377 3226 5422 tenuerunt
3257 5365 3483 5437 Assyrii,
3519 5365 3680 5427 Medi.

2089 5459 2300 5523 Persae,
2333 5459 2504 5514 Graeci
2534 5461 2695 5514 etiam
2719 5503 2733 5526 ,
2766 5470 2818 5514 et
2848 5459 3081 5530 Afgyplii
3101 5501 3115 5522 ,
3147 5474 3266 5512 cum
3297 5457 3601 5523 Pontifices,
3632 5467 3688 5513 et

2089 5550 2338 5616 Arvales,
2370 5561 2422 5606 et
2451 5550 2653 5618 Salios,
2685 5562 2738 5607 et
2766 5551 3038 5615 Vestales,
3075 5561 3127 5603 et
3155 5550 3399 5618 Augures
3440 5563 3547 5602 non
3592 5548 3686 5602 ha-

2090 5643 2298 5698 berent.
2339 5664 2356 5694 ι
2391 5645 2546 5700 Prius
2591 5663 2718 5700 vero
2759 5645 2972 5700 dixerat
3013 5642 3373 5698 Tertulliauus
3413 5657 3574 5712 regna
3618 5645 3687 5697 ab

2091 5735 2179 5790 illo
2208 5750 2418 5789 summo
2452 5737 2558 5790 [leo
2603 5737 2938 5807 dispensari,
2983 5751 3080 5791 nec
3109 5750 3204 5789 sua
3237 5735 3505 5788 Itonianos
3535 5749 3564 5788 a
3595 5735 3688 5789 lic-

2093 5828 2222 5883 titiis
2265 5829 2368 5883 diis
2410 5831 2520 5885 suis
2549 5833 2844 5902 accepisse.
2895 5829 3107 5887 Etenim
3144 5848 3162 5881 ‹
3191 5837 3480 5899 regnarunt
3508 5826 3690 5899 Baby~
