4264 6258
586 333 695 392 605

1862 329 1948 386 DE
1983 325 2245 386 MINUCM
2274 325 2580 386 OCTAVIO

3791 340 3900 399 θοι

584 454 769 520 Ionii,»
803 453 994 524 inquit,
1020 465 1176 507 tante
1205 453 1514 524 l‘ontitices,
1545 463 1598 509 et
1626 452 1764 509 Medi
1794 463 1917 508 ante
1941 449 2180 520 Quinde-
2208 451 2261 509 A
2287 448 2690 517 appellabantur
2718 471 2738 506 ι
2775 453 2797 524 (
2836 453 2959 508 Var.
3008 455 3099 510 lib.
3128 472 3180 511 tv
3220 458 3285 513 de
3311 457 3463 531 Ling.
3509 460 3598 515 lat.
3633 479 3755 534 pag.
3801 463 3897 519 2].

583 549 686 602 cim
720 549 892 614 viros,
928 556 982 601 et
1013 546 1246 616 iligyptii
1289 557 1413 602 ante
1453 547 1661 611 Salios,
1712 556 1765 601 et
1812 545 2013 616 Assyrii
2058 552 2182 597 ante

584 640 881 710 Lupercos,
938 648 991 693 et
1045 639 1348 694 Amazones
1404 648 1530 694 ante
1589 639 1824 709 virgines
1870 635 2118 692 Vestales
2158 657 2175 686 ι

586 733 604 805 (
628 734 927 787 Tertullian.
956 732 1223 803 Apologet.
1252 749 1366 803 cap.
1401 732 1504 799 '26,
1535 748 1654 803 pag.
1685 731 1790 795 9.8;
1821 739 1867 784 et
1895 730 1983 784 lib.
2019 744 2054 783 ιι
2074 770 2087 794 ,
2117 727 2184 780 ad

584 828 801 882 Nation.
835 845 948 897 cap.
987 829 1070 892 l7,
1108 845 1229 899 pag.
1258 827 1395 897 79).

656 921 824 975 Paulo
877 931 1054 974 tamen
1096 922 1251 975 aliter
1293 919 1625 992 Cyprianus:
1658 939 1674 970 ι
1698 917 1902 987 Regna,
1934 934 1952 968 ι
1990 915 2179 984 inquit,

590 1033 607 1066 t
642 1030 745 1067 non
773 1016 964 1068 merito
993 1013 1273 1078 accidunt,
1307 1013 1398 1066 sed
1423 1022 1568 1066 sorte
1595 1011 1886 1064 variantur.
1911 1009 2179 1061 Czeterunt

581 1108 865 1176 itnperittm
900 1117 1025 1160 ante
1075 1107 1346 1160 Romanos
1373 1145 1387 1169 ,
1441 1114 1728 1160 tenuerunt
1754 1113 1802 1157 et
1833 1103 2036 1172 Assyrii
2063 1143 2076 1164 ,
2131 1110 2185 1154 et

582 1199 754 1265 Medi,
790 1208 844 1252 et
876 1199 1085 1262 Pers:e;
1131 1207 1184 1252 ct
1227 1196 1478 1263 Grmcos,
1524 1207 1577 1251 et
1608 1195 1889 1265 {Egyptios
1929 1209 2184 1263 regnasse

583 1295 953 1364 engiiovimus.
982 1292 1056 1346 Ita
1083 1292 1287 1346 vicibus
1318 1301 1643 1361 potestatum
1669 1289 1923 1344 Romanis
1950 1303 2180 1356 quoilue,

583 1397 637 1441 ut.
667 1387 901 1453 mitteris,
949 1386 1242 1455 imperandi
1276 1397 1485 1455 tempus
1510 1385 1728 1440 obvenit
1763 1403 1780 1435 ι
1807 1383 1823 1455 (
1847 1381 2092 1452 Cgprian.
2125 1382 2186 1434 de

584 1481 782 1534 ltlolor.
823 1497 939 1534 van.
1000 1497 1117 1550 pag.
1150 1480 1216 1533 15
1242 1479 1284 1550 ),
1332 1479 1384 1533 id
1434 1488 1546 1545 est,
1581 1493 1742 1547 regna
1775 1475 2182 1530 inconstantiam

581 1585 632 1629 et
663 1573 1088 1629 vicissitudinem
1120 1590 1297 1627 rerum
1334 1573 1686 1626 humanarum
1717 1570 1904 1624 sortita
1937 1576 2091 1633 sunt,
2123 1581 2186 1621 ac

579 1667 715 1722 sicut
744 1667 1093 1736 principium,
1127 1666 1196 1719 ita
1227 1666 1384 1719 tinem
1420 1665 1740 1719 habuerunt.
1770 1663 2069 1717 Romanum
2099 1677 2188 1714 au-

583 1769 688 1814 tem
722 1759 1003 1826 imperium
1037 1758 1197 1828 longo
1227 1767 1346 1827 post
1387 1758 1538 1826 plura
1577 1757 1679 1810 alia
1718 1766 1956 1823 tempore
1985 1753 2180 1822 coepit,

2288 538 2432 595 Fest.
2465 560 2580 613 cap.
2615 543 2685 599 ΞΟ
2714 545 2776 598 de
2816 545 2960 601 Verb.
2996 547 3237 618 Signiﬁc.
3269 563 3313 604 et
3343 553 3398 606 in
3427 552 3699 624 Fragm.).

2359 634 2456 701 Qui
2497 647 2674 690 autem
2708 637 2907 693 fuerint
2935 640 3097 706 Salii,
3132 642 3346 698 docebit
3377 655 3427 699 te
3457 646 3673 713 Livius,
3711 648 3796 703 ubi
3827 650 3896 706 de

2286 725 2458 780 Numa
2481 728 2740 798 Pompilio
2766 731 2881 786 haec
2903 733 3101 802 scripto
3121 736 3365 790 tradidit:
3389 736 3591 794 «Salios
3609 740 3896 798 duodecim

2289 818 2436 873 Marti
2477 821 2708 875 Gradivo
2749 823 2904 893 legit,
2951 827 3250 896 tunica-quc
3286 829 3444 898 pictae
3477 831 3682 901 insigne
3712 833 3894 902 dedit,

2286 920 2341 964 et
2379 925 2540 981 super
2583 914 2814 968 tunicam
2843 932 3050 971 anteum
3082 920 3283 986 pectori
3315 930 3561 991 tegumen
3583 965 3595 987 ,
3625 926 3900 982 coelestia-

2287 1021 2389 1074 que
2417 1022 2565 1060 arma
2585 1049 2600 1074 ,
2634 1025 2752 1077 qua}
2783 1011 2973 1063 ancilia
3006 1012 3364 1080 appellantur,
3396 1015 3564 1078 ferre.
3594 1035 3656 1071 ae
3683 1033 3779 1088 per
3805 1037 3900 1074 ur-

2289 1095 2407 1150 bem
2437 1098 2514 1151 ire
2533 1141 2545 1159 .
2579 1111 2833 1156 canentes
2865 1105 3102 1157 carmina
3131 1122 3253 1158 cum
3289 1108 3531 1175 tripudiis
3559 1111 3897 1183 solemuique

2287 1189 2481 1242 salta-tu
2516 1190 2675 1259 jussit
2711 1213 2729 1243 ι
2763 1193 2782 1264 (
2813 1193 2924 1248 Liv.
2956 1196 3043 1248 lib.
3075 1213 3123 1262 ι,
3160 1196 3187 1268 §
3218 1197 3286 1253 20
3307 1200 3436 1268 ).At
3463 1203 3617 1273 longe
3650 1206 3795 1274 plura
3829 1208 3897 1263 de

2287 1280 2349 1332 iis
2389 1280 2608 1336 Servius
2631 1326 2644 1349 ,
2687 1295 2845 1354 atque
2884 1288 3024 1341 intcr
3055 1288 3274 1344 Grtccos
3302 1292 3620 1349 Plutarchus
3641 1336 3658 1363 ,
3685 1307 3740 1351 et
3770 1299 3894 1353 Dio-

2289 1374 2471 1444 nysius
2491 1375 2927 1432 Halicarnasseus
2948 1421 2962 1444 ,
3009 1389 3168 1450 atque
3193 1385 3316 1448 alii,
3342 1401 3478 1454 quos
3504 1387 3652 1443 adire
3676 1391 3897 1446 cuilibet

2289 1480 2591 1539 promptum
2623 1482 2723 1526 est.
2758 1473 2923 1527 Nobis
2955 1492 3081 1529 vero
3121 1478 3219 1532 alia
3267 1481 3606 1548 postmodum
3647 1494 3895 1540 occurret

2286 1561 2354 1615 de
2397 1563 2476 1615 his
2515 1563 2688 1617 adhuc
2738 1565 3038 1622 disserendi
3097 1571 3310 1624 occasio
3349 1571 3546 1640 (Serv.
3582 1574 3634 1628 in
3683 1575 3770 1629 lib.
3820 1592 3892 1631 vtt

2289 1654 2504 1710 /Eneid.
2535 1675 2636 1728 pag
2690 1657 2814 1714 505.
2862 1658 3130 1714 Plutarch.
3163 1663 3214 1714 in
3260 1661 3359 1716 Vit.
3403 1662 3610 1720 Numae.
3645 1684 3766 1738 pag.
3800 1668 3887 1723 60'.

2287 1744 2503 1817 Diongs.
2541 1748 2778 1803 llalicar.
2813 1751 2900 1805 lib.
2931 1768 2968 1806 ιι
2989 1794 3003 1817 ,
3038 1769 3156 1822 pag.
3186 1753 3257 1810 29
3287 1754 3330 1824 ).

580 1859 743 1920 atque
787 1851 974 1913 bellis,
1009 1860 1064 1904 ut
1107 1850 1372 1916 diximus,
1405 1849 1710 1918 impietate,
1740 1847 2064 1910 sceleribus,
2099 1859 2180 1896 sa-
2213 1847 2260 1905 B
2361 1839 2442 1892 Ab
2467 1839 2652 1893 iisdem
2681 1859 2838 1909 porro
2859 1845 3208 1912 scriptoribus
3232 1845 3423 1901 litteris
3445 1848 3755 1904 mandatum
3783 1861 3886 1916 est,

581 1944 810 2011 crilegiis
842 1942 1118 1996 fundatum
1152 1958 1214 1997 ac
1248 1951 1592 2012 propagatum
1635 1949 1734 1993 cst.
1778 1938 1848 1993 At
1887 1937 2000 1990 lucc
2036 1937 2175 1990 Deus

581 2034 921 2106 omnipotens
950 2047 1005 2090 et
1033 2036 1372 2106 azquissitnus
1400 2035 1710 2102 justissiu'iis
1740 2032 1808 2086 de
1839 2031 2014 2085 causis
2057 2046 2176 2099 per-

580 2131 771 2195 mittit,
822 2139 980 2200 atque
1027 2130 1118 2184 illo
1165 2132 1541 2199 permittente,
1591 2129 1816 2199 quibus,
1867 2135 1920 2180 ct
1963 2125 2177 2196 quando

582 2224 722 2286 volt,
754 2238 918 2291 regna
948 2223 1125 2276 omnia
1153 2222 1549 2292 dispenSantur.
2081 2220 2083 2223 ’

652 2317 786 2372 Cum
820 2318 996 2371 nullus
1024 2325 1204 2372 autem
1239 2333 1306 2371 ne
1348 2317 1600 2371 minimus
1639 2314 1853 2384 quidem
1899 2312 2178 2366 dubitandi

584 2411 734 2466 locus
765 2411 864 2474 sit,
897 2411 1024 2480 quin
1058 2412 1290 2480 Assyrii,
1323 2410 1549 2478 aliaeque
1587 2424 1616 2462 a
1657 2406 2012 2476 scriptoribus
2055 2420 2179 2459 nos—

585 2506 679 2558 tris
711 2505 996 2558 nominatae
1024 2514 1246 2573 gentes,
1280 2513 1406 2559 ante
1433 2503 1707 2557 Romanos
1738 2516 1898 2568 regna
1944 2515 2035 2553 sua
2080 2499 2176 2552 ha-

583 2597 826 2662 buerint,
857 2606 1063 2651 certum
1097 2611 1219 2650 esse
1247 2596 1408 2650 debet
1447 2611 1546 2649 nec
1587 2593 1868 2663 imperium
1911 2591 2178 2644 Romano-

585 2701 740 2756 rum,
775 2704 874 2744 nec
904 2688 1131 2743 aliormn
1165 2690 1484 2758 populorum
1517 2703 1680 2757 regna
1713 2686 1778 2746 ab
1810 2687 2044 2755 ipsorum
2076 2685 2179 2738 diis

582 2781 776 2834 donata
809 2795 1060 2850 umquam
1096 2780 1278 2834 fuisse.
1316 2781 1380 2836 Ut
1405 2780 1530 2850 quid
1572 2779 1714 2833 enim
1761 2793 1822 2830 ea
1867 2777 2172 2841 dedissent,

581 2891 697 2944 qua:
731 2875 1070 2945 postmodum
1102 2875 1275 2929 ablata
1305 2884 1456 2938 sunt,
1489 2883 1580 2927 aut
1608 2874 1661 2927 in
1694 2889 1813 2942 qua:
1839 2873 2094 2934 Romani,
2126 2882 2176 2925 et

580 2967 669 3020 alii
703 2983 805 3020 non
840 2968 956 3022 sine
986 2983 1192 3020 summa
1229 2968 1532 3034 impietate,
1573 2966 1914 3034 maximoque
1955 2963 2175 3016 deorum

580 3068 888 3128 contemptu
918 3059 1265 3112 invaserunt?
1290 3059 1446 3112 Plura
1473 3059 1516 3111 si
1543 3058 1660 3126 quis
1686 3055 1860 3109 adhuc
1884 3053 2170 3120 desideret,

583 3149 626 3201 is
671 3149 829 3203 adeat
875 3151 1248 3214 Ambrosium,
1296 3160 1352 3203 et
1396 3149 1781 3212 Prudentium,
1815 3148 1902 3216 qui
1939 3146 2176 3202 funditus

2279 1932 2550 1998 quomodo
2580 1933 2718 1986 idem
2744 1935 2913 1989 Numa
2936 1935 3227 2004 Pompilius
3251 1937 3539 1993 Pontifices
3565 1951 3621 1996 et
3641 1941 3890 1996 Vestales

2281 2023 2598 2088 instituerit,
2642 2042 2705 2080 uc
2744 2029 2928 2097 quales
2970 2027 3196 2096 fuerint,
3229 2031 3679 2097 quemadmodum
3712 2035 3890 2102 Augu-

2280 2131 2388 2180 res,
2419 2117 2506 2185 qui
2537 2118 2676 2181 ciho,
2706 2130 2756 2172 ut
2787 2120 2861 2172 ait
2886 2117 3092 2184 Cicero,
3121 2121 3386 2188 pullorum
3415 2138 3508 2178 ore
3536 2133 3627 2176 aut
3648 2135 3888 2194 sumpto,

2280 2217 2372 2261 aut
2402 2210 2604 2276 reiecto
2624 2251 2636 2273 ,
2672 2211 2754 2264 vel
2784 2213 2838 2264 in
2875 2220 3072 2266 terram
3103 2212 3356 2280 cadente,
3389 2228 3448 2268 se
3475 2213 3651 2269 futura
3681 2230 3886 2285 praesa-

2280 2303 2392 2372 gire
2431 2319 2492 2356 ac
2537 2306 2898 2372 prsentn-itiare
2931 2307 3343 2364 mentiebantur.
3376 2308 3480 2364 Sed
3511 2309 3562 2364 id
3588 2326 3618 2365 a
3649 2313 3800 2367 nobis
3829 2313 3884 2367 in

2282 2396 2526 2464 sequenti
2556 2397 2726 2464 capite
2755 2398 3036 2452 enodatius
3063 2399 3436 2469 explicandum
3480 2411 3564 2457 est
3613 2401 3760 2472 (Cic.
3793 2404 3883 2459 tib.

2281 2501 2315 2539 ll
2359 2488 2420 2539 de
2450 2485 2665 2542 Divinil.
2697 2506 2819 2560 pag.
2851 2489 2957 2543 289

2351 2582 2495 2636 Satis
2531 2592 2706 2636 autem
2749 2583 2888 2636 inter
2931 2599 3118 2638 omnes
3157 2594 3371 2639 constat
3404 2585 3540 2640 hanc
3574 2585 3741 2642 fuisse
3777 2588 3883 2656 pri-

2283 2691 2422 2728 niam
2453 2677 2664 2730 illorum
2693 2676 3032 2730 sacerdotum
3059 2678 3480 2749 pontiﬁcumque
3503 2679 3884 2748 Romanorum,

2281 2787 2343 2824 ac
2373 2772 2594 2839 proinde
2621 2787 2805 2826 eorum
2836 2774 3127 2842 religionis,
3157 2783 3212 2828 et
3241 2775 3434 2844 publici
3461 2775 3685 2831 deorum
3715 2779 3889 2832 cultus

2281 2865 2689 2920 institutionem.
2733 2868 2800 2919 At
2841 2867 3101 2921 Minucius
3146 2878 3290 2924 recte
3333 2869 3455 2924 hinc
3493 2870 3756 2925 concludit
3796 2872 3891 2925 lal-

2281 2971 2398 3010 smn
2429 2971 2546 3010 esse
2573 2957 2844 3011 Romanos
2873 2974 2967 3011 sua
2989 2959 3040 3012 in
3071 2958 3234 3016 hosce
3255 2960 3385 3016 deos
3409 2962 3606 3030 pietate
3623 2965 3889 3020 meruisse

2283 3050 2439 3102 totius
2471 3049 2654 3103 mundi
2686 3051 2993 3118 imperium.
3027 3051 3160 3106 Nam
3192 3063 3475 3122 antequam
3503 3070 3597 3108 eos
3626 3056 3887 3124 colerent,

2281 3143 2573 3209 regnabant
2605 3143 2806 3212 Assyrii
2831 3187 2843 3208 ,
2877 3145 3102 3212 aliazque
3128 3156 3316 3215 gentes
3335 3188 3348 3210 ,
3379 3147 3624 3216 superius
3652 3148 3890 3202 nomina-

580 3251 834 3296 evertunt
863 3243 1106 3296 eamdem
1151 3241 1512 3295 Romanorum
1555 3239 2106 3306 argumentationem,
2151 3251 2178 3289 a
2208 3237 2252 3299 C.
2290 3247 2386 3301 tm,
2418 3252 2536 3302 quat
2563 3252 2688 3288 suos
2720 3237 2919 3305 pariter
2958 3238 3086 3290 deos
3130 3239 3544 3303 venerabantur,
3588 3250 3642 3295 et
3678 3241 3886 3296 illorum

579 3333 900 3402 Symmacho
938 3333 1121 3402 gentili
1149 3333 1381 3388 absurde
1408 3334 1710 3401 repetitam.
1760 3330 1968 3384 Videsis
2014 3330 2174 3383 etiam

581 3426 972 3494 Augustinum,
1003 3427 1089 3493 qui
1120 3425 1233 3480 haec
1261 3425 1426 3478 fusius
1450 3426 1809 3494 prosequitur,
1839 3433 1893 3476 et
1919 3421 2174 3475 insulsam

579 3519 891 3573 corumdem
921 3519 1262 3574 ethnicorum
1292 3519 1640 3590 jactatiooent
1673 3517 1927 3587 opprimit
1957 3532 2018 3568 ac
2053 3530 2175 3582 pro-

580 3613 725 3682 lligat
773 3612 791 3682 (
822 3614 1053 3667 Ambros.
1114 3611 1282 3682 Epist.
1316 3613 1417 3677 l8,
1472 3628 1587 3681 pag.
1622 3610 1757 3674 854,
1793 3621 1836 3663 et
1869 3625 2002 3679 seqq.
2041 3606 2178 3668 Pru-

577 3706 716 3758 tlettt.
768 3703 853 3758 lib.
894 3721 960 3768 Il,
1006 3713 1141 3756 cont.
1195 3704 1494 3773 Symmach.
1542 3703 1568 3772 §
1609 3703 1662 3756 4.
1697 3703 1827 3771 Aug.
1862 3701 1948 3755 lib.
1985 3716 2068 3764 ιιι,
2116 3699 2177 3751 tle

579 3798 684 3851 Civ.
717 3814 833 3866 cap.
866 3797 930 3861 8,
965 3796 998 3852 9
1027 3807 1074 3849 ct
1103 3813 1248 3866 seqq;
1280 3807 1326 3849 et
1355 3795 1440 3848 lib.
1475 3811 1552 3860 tv,
1584 3811 1697 3864 cap.
1731 3796 1764 3848 5
1790 3803 1836 3846 et
1865 3809 2002 3863 seqq.
2029 3790 2074 3862 ).

648 3891 754 3945 Sed
787 3907 816 3944 a
849 3890 1002 3944 nobis
1047 3890 1239 3958 aliquis
1280 3888 1417 3942 haud
1459 3889 1619 3942 dubie
1660 3886 2044 3946 seiscitabitur,
2087 3885 2174 3953 qtti

577 3983 684 4038 sint
716 3983 788 4037 illi
820 3981 1043 4037 Arvales
1070 3992 1124 4035 et
1154 3981 1320 4048 Salii,
1356 3997 1582 4050 quorum
1627 3979 1954 4035 mentionem
2003 3976 2173 4031 Minu-

575 4075 690 4128 cius
732 4087 915 4128 ltOSlel'
956 4072 1101 4128 fecit.
1147 4072 1509 4145 Quamobrem
1554 4071 1677 4126 huic
1723 4068 2176 4140 respondebimus

578 4165 660 4219 his
692 4165 1020 4235 totidemque
1061 4164 1217 4218 Plinii
1263 4164 1471 4218 verbis:
1511 4183 1529 4215 ι
1558 4166 1819 4218 Arvorum
1870 4160 2174 4215 sacerdotes

577 4258 837 4312 Romulus
869 4258 918 4310 in
951 4257 1132 4326 primis
1162 4257 1420 4322 instituit,
1451 4271 1616 4325 seque
1646 4253 2024 4308 duodecimum
2065 4251 2174 4306 fra-

575 4361 710 4405 trem
735 4350 1021 4419 appellavit
1050 4350 1187 4404 inter
1214 4349 1363 4415 illos,
1392 4349 1458 4402 ab
1484 4351 1621 4402 Acca
1653 4345 1933 4400 Laurentia
1966 4345 2174 4399 nutrice

576 4459 670 4496 sua
701 4442 910 4514 genitos
929 4486 942 4509 ,
976 4445 1151 4511 Spicea
1185 4457 1381 4496 corona
1401 4483 1416 4506 ,
1444 4459 1562 4510 quae
1591 4443 1720 4495 vitta
1747 4442 1865 4496 alba
1898 4441 2170 4510 Colligare-

574 4547 682 4601 tur,
712 4539 764 4590 in
793 4536 1095 4591 sacerdotio
1121 4539 1200 4592 eis
1229 4552 1326 4605 pro
1357 4537 1762 4607 religiosissime
1795 4537 1984 4604 insigni
2013 4537 2134 4591 data
2158 4579 2171 4600 ,

574 4645 691 4698 qua:
733 4629 902 4698 prima
942 4631 1083 4698 apud
1124 4629 1397 4685 Romanos
1436 4644 1634 4684 corona
1675 4629 1774 4682 l‘uit
1813 4649 1830 4680 ι
1872 4629 2031 4700 (Plin.
2082 4630 2167 4684 lib.
2199 4635 2251 4693 D

574 4738 705 4777 xvut
751 4720 889 4777 Hist.
925 4720 1052 4775 Nat.
1107 4738 1223 4791 cap.
1256 4722 1322 4787 2,
1357 4739 1476 4792 pag.
1533 4723 1638 4777 4'53
1665 4722 1707 4792 ).
1751 4723 1928 4776 Alium
1984 4731 2173 4777 testem

576 4816 618 4869 si
670 4815 937 4885 posmles,
992 4815 1099 4870 cito
1147 4815 1319 4869 aderit
1364 4815 1597 4869 Sabinus
1649 4815 1970 4880 Massurius,
2023 4815 2174 4883 cujus

577 4912 736 4966 verba
765 4909 833 4964 ab
867 4913 930 4964 Α.
961 4909 1137 4965 Gellio
1166 4910 1242 4963 sic
1276 4911 1594 4978 transcripta
1625 4917 1784 4963 sunt:
1823 4928 1840 4960 ‹
1877 4908 1948 4962 Ea
1981 4908 2175 4963 mulier

578 5021 641 5060 ex
673 5003 956 5059 duodecim
993 5004 1114 5058 tiliis
1160 5003 1398 5058 maribus
1443 5019 1604 5057 unmn
1655 5011 1826 5057 morte
1869 5003 2068 5056 amisit.
2115 5003 2171 5057 In

577 5098 718 5153 illius
744 5097 920 5152 locum
955 5097 1215 5151 Romulus
1238 5097 1392 5151 Acca:
1416 5096 1718 5152 Laurentizc
1743 5112 1862 5152 sese
1890 5097 2052 5150 lilium
2083 5097 2175 5153 de-

576 5190 684 5255 dit,
717 5203 882 5258 seque
910 5198 964 5244 et
993 5199 1218 5243 creteros
1249 5189 1366 5258 ejus
1398 5188 1536 5244 filios
1581 5190 1774 5245 fratres
1821 5192 2037 5247 Arvales
2079 5207 2146 5261 ap

579 5282 810 5350 pellavit.
856 5283 934 5337 Eo
977 5292 1220 5352 tempore
1250 5283 1531 5354 collegium
1573 5285 1766 5339 mansit
1808 5286 2031 5339 lratrum
2066 5286 2169 5340 Ar--

575 5373 771 5428 vallum
815 5391 1038 5428 numero
1078 5376 1395 5440 duodecim,
1439 5377 1594 5447 cujus
1631 5379 1918 5433 sacerdotii
1961 5379 2168 5447 insigne

573 5478 654 5522 est
702 5468 882 5537 spicea
929 5485 1150 5534 corona,
1199 5479 1253 5522 et
1299 5471 1436 5524 albzc
1493 5471 1673 5527 infula:
1714 5491 1731 5524 ι
1771 5470 1954 5541 (Gell.
2009 5471 2097 5526 lib,
2155 5488 2170 5525 ι

577 5560 730 5615 Noct.
774 5562 927 5615 Attio.
969 5577 1083 5632 cap.
1127 5562 1182 5623 7,
1225 5579 1345 5633 pag.
1396 5563 1558 5634 377).
1615 5563 1784 5617 Varro
1825 5573 2001 5617 autem
2049 5564 2170 5618 illos

573 5655 794 5708 Arvales
827 5655 1019 5708 fratres
1050 5668 1385 5725 nuncupatos
1412 5671 1532 5711 esse
1569 5657 1736 5723 dixit,
1787 5659 1907 5727 quia
1959 5658 2165 5726 publiut

570 5761 720 5799 sacra
751 5746 1047 5810 faciebant,
1074 5756 1127 5799 ttt
1151 5761 1277 5798 arva
1311 5747 1511 5801 ferrent
1541 5749 1717 5816 fruges
1737 5789 1750 5812 ,
1777 5759 1938 5815 atque
1967 5750 2167 5804 idcirco

569 5847 816 5889 mactatae
844 5838 910 5889 ah
941 5838 1042 5889 illis
1088 5839 1274 5890 hostia?
1317 5839 1694 5903 Ambarvales,
1728 5848 1785 5892 tit
1816 5841 1892 5894 ait
1936 5841 2162 5904 Festus,

2281 3331 2448 3383 cultui
2489 3331 2800 3384 sacerdotes
2841 3331 3210 3400 praefecerant.
3257 3335 3416 3403 Atqui
3459 3335 3546 3388 isti
3585 3335 3764 3390 abhis
3790 3335 3888 3389 diis

2281 3423 2390 3475 suis
2431 3438 2590 3492 t'cgtta
2635 3439 2740 3475 non
2773 3434 3123 3491 :tt'COpCl‘mll,
3156 3426 3350 3494 quibus
3377 3442 3470 3482 cos
3499 3427 3670 3482 adhuc
3699 3427 3882 3482 Colen‘

2282 3517 2418 3570 tibus
2440 3517 2745 3585 ademptum
2769 3528 2869 3572 est.
2895 3519 3034 3588 Ergo
3057 3535 3158 3574 nec
3177 3520 3403 3575 Romani
3424 3536 3607 3576 eorum
3630 3523 3740 3576 sive
3763 3536 3887 3576 suo-

2282 3625 2428 3675 rum,
2471 3611 2581 3664 sive
2619 3611 2916 3664 alieuortttn
2958 3611 3172 3676 favore,
3209 3614 3288 3667 vel
3333 3615 3529 3668 auxilio
3558 3614 3729 3684 adepti
3760 3625 3885 3680 sunt

2278 3701 2557 3770 imperium
2582 3743 2595 3764 ,
2619 3702 2757 3769 quod
2788 3705 3012 3756 summis
3039 3704 3338 3758 sceleribus
3367 3705 3642 3760 fundatum
3673 3721 3735 3761 ac
3759 3715 3884 3776 pro-

2280 3805 2527 3862 pagatum
2555 3795 2912 3849 ostendimus.
2933 3796 3037 3851 Sed
3069 3796 3136 3851 de
3168 3797 3248 3850 his
3274 3797 3449 3854 adhuc
3475 3799 3578 3853 alia
3607 3800 3658 3853 in
3687 3800 3885 3856 disser-

2285 3889 2483 3942 tatione
2514 3888 2776 3957 agendum
2810 3890 2963 3944 nobis
2992 3891 3113 3944 erit.

2875 4023 3101 4081 CAPUT
3142 4025 3285 4081 XIX.

2275 4176 2672 4234 Expuaouxrun
2716 4195 3067 4247 ARGUMENTA,
3118 4196 3301 4244 QUIBUS
3345 4179 3611 4237 CECILIUS
3660 4199 3728 4238 ex
3792 4200 3880 4239 m-

2350 4286 2571 4326 RACULIS
2589 4313 2604 4336 ,
2648 4287 2936 4338 OBACULIS,
2981 4289 3231 4329 AUSPICIIS
3254 4316 3268 4339 ,
3311 4289 3550 4329 AUGURIIS
3571 4317 3586 4342 ,
3629 4291 3835 4331 SOMNIIS
3862 4319 3878 4344 ,

2352 4380 2523 4428 ATQUE
2575 4380 2710 4419 ALIIS
2755 4381 3204 4422 PRzEDICTIONlBUS
3249 4382 3378 4424 DEOS
3417 4383 3712 4425 EXSISTERB
3756 4387 3882 4428 PRO-

2349 4471 2470 4510 BARI
2502 4471 2657 4511 POSSE
2686 4473 3014 4514 ARBITRATUS
3044 4475 3162 4514 EST.

2805 4612 3100 4654 ARTICULUS
3139 4615 3350 4656 PRIMUS.

2281 4751 2464 4807 Utrum
2495 4750 2728 4806 Cive-ilius
2763 4754 2882 4810 deos
2911 4757 3151 4811 exsistere
3190 4758 3474 4827 probaverit
3512 4777 3575 4816 ex
3614 4761 3878 4818 miraculis

2349 4843 2579 4899 Claudia:
2609 4845 2863 4910 Quintiaz,
2893 4865 3006 4917 qua:
3035 4852 3233 4918 navim,
3270 4870 3370 4923 qua
3401 4851 3560 4908 Idtace
3603 4857 3779 4908 matris
3805 4858 3849 4910 si
3860 4886 3878 4897 -

2349 4938 2633 4991 mulacrum
2675 4939 2964 5006 vehebatur,
3007 4944 3114 4995 solo
3144 4960 3236 4996 suo
3266 4946 3470 5016 cingulo
3503 4948 3718 5001 traxisse
3743 4947 3876 5016 fere-

2349 5031 2526 5085 batur:
2559 5030 2783 5085 Castoris
2823 5044 2868 5086 et
2899 5034 3162 5101 Pollucis,
3195 5038 3281 5107 qui
3311 5055 3341 5090 a
3371 5039 3618 5094 Romanis
3645 5051 3876 5106 reporta-

2347 5134 2450 5177 tam
2491 5124 2552 5178 de
2594 5123 2749 5179 Perse
2786 5143 2901 5196 rege
2938 5127 3201 5182 victoriam
3243 5133 3648 5198 annuntiarunt;
3688 5133 3880 5187 Latiuii

2346 5217 2575 5282 somnio,
2618 5235 2716 5285 quo
2755 5219 2865 5272 ludi
2903 5222 3210 5289 instaurati;
3260 5223 3534 5277 Deciorum
3583 5225 3872 5290 devotione,

2346 5328 2445 5382 qua
2475 5313 2639 5368 hostes
2684 5315 2785 5382 fusi
2815 5323 2858 5366 et
2890 5316 3036 5379 victi;
3081 5333 3141 5370 ac
3183 5318 3338 5371 simili
3379 5317 3538 5372 Curtii
3583 5319 3874 5387 devotione,

2343 5423 2442 5476 qua
2472 5407 2638 5460 hiatus
2663 5417 2809 5460 terra:
2837 5409 3136 5463 mirabiliter
3162 5412 3442 5473 completus
3469 5423 3728 5466 narratur.

2343 5563 2589 5620 Omnium
2629 5578 3104 5636 argumentorum,
3138 5569 3331 5640 quibus
3361 5569 3558 5624 ethnici
3589 5570 3719 5625 deos
3747 5585 3875 5625 suos

2269 5673 2459 5713 revera
2485 5661 2743 5714 exsistere
2772 5660 3104 5729 probandum
3131 5672 3510 5731 susceperant,
3540 5662 3668 5715 illud
3699 5661 3872 5731 profe-

2269 5757 2356 5802 cto
2387 5750 2594 5804 videtttr
2631 5753 2986 5822 pratcipuum,
3031 5754 3174 5822 quod
3219 5771 3283 5808 cx
3325 5769 3512 5808 eorum
3564 5753 3868 5816 miraculis,

2269 5842 2532 5907 oraculis,
2574 5845 2852 5912 auSpiciis,
2906 5847 3177 5913 auguriis,
3225 5847 3451 5916 aliisque
3501 5845 3870 5916 hujuscemodi
