4264 6258
279 371 388 430 005

1715 371 2192 432 DlSSERTATIO.

3491 373 3599 430 606

280 491 717 563 prmdictionibus
754 489 950 544 elicere
989 489 1343 545 conabantur.
1390 488 1557 544 Nemo
1590 488 1734 545 enim
1767 490 1887 560 jure
1916 489 1965 548 A
1990 487 2295 556 Pollucem,
2324 503 2460 561 quos
2484 490 2570 546 alii
2599 489 2934 562 Tyndaridas
2986 498 3179 544 vocant
3207 488 3413 562 (Cicer.
3448 491 3537 546 lib.
3567 508 3601 546 ιι

282 603 537 658 umquam
578 588 772 642 merito
813 585 1026 654 negabit
1076 584 1217 646 hanc
1256 584 1769 654 argumentationem
1793 625 1806 649 ,
1850 585 1893 638 si

282 686 518 740 veritate
545 683 821 748 niteretur,
843 689 897 734 et
921 695 983 734 ea
1011 681 1186 734 omnia
1205 721 1219 744 ,
1246 693 1365 747 quae
1393 677 1590 732 ethnici
1618 677 1894 730 venditare

281 778 565 841 solebant,
596 776 638 829 si
667 781 928 828 creatura:
953 773 1095 826 vires
1125 779 1501 841 superassent,
1532 769 1745 822 maximi
1775 782 1895 822 esse

282 869 535 942 ponderis
557 883 620 921 ac
649 866 924 920 momenti.
950 864 1309 931 Quamobrem
1341 863 1430 916 illa
1459 861 1648 915 sedulo
1670 871 1722 915 et
1747 876 1895 913 more

282 973 469 1018 llOsU’O
500 963 568 1014 ita
603 958 959 1015 examinanda
989 967 1144 1019 sunt,
1176 965 1233 1008 ut
1260 955 1386 1009 nihil
1415 955 1703 1025 quidquam
1737 969 1802 1007 ex
1831 954 1894 1007 iis

282 1057 674 1119 dissimuletur,
713 1069 832 1125 qua:
878 1052 963 1108 vel
1002 1051 1214 1122 gentilis
1249 1049 1493 1104 Caecilius
1535 1048 1767 1120 profert,
1811 1045 1892 1100 vel

282 1148 573 1218 respondet
617 1147 942 1200 christianus
988 1142 1274 1209 Octavius,
1323 1158 1384 1195 ac
1427 1141 1668 1210 singula,
1721 1137 1894 1207 quoad

285 1240 402 1296 ﬁeri
445 1240 665 1309 poterit,
710 1247 764 1292 et
809 1244 1128 1306 augeantur,
1171 1243 1226 1289 et
1269 1233 1456 1302 majori
1507 1231 1895 1302 perfundantur

285 1333 514 1387 lumine.

359 1423 488 1478 Cum
531 1422 745 1477 Caecilio
786 1422 964 1490 itaque
1008 1436 1036 1472 a
1082 1417 1352 1472 miraculis
1397 1417 1732 1486 incipiamus.
1775 1416 1894 1483 Quo

286 1519 508 1588 majori,
554 1514 859 1586 inquiebat,
902 1511 1161 1566 miraculo
1202 1510 1332 1564 deos
1373 1509 1666 1569 exsistere,
1701 1517 1754 1562 et
1783 1509 1895 1562 suis

287 1625 442 1680 Opem
472 1609 612 1663 ferre
643 1607 854 1677 probari
884 1613 1084 1674 potest,
1117 1619 1273 1672 quam
1302 1618 1394 1668 eo,
1425 1618 1531 1670 quo
1557 1601 1723 1654 Mater
1754 1599 1891 1656 Idaea

293 1725 312 1756 ‹
333 1703 562 1758 adventu
588 1716 688 1756 suo
714 1710 766 1753 et
799 1698 1038 1768 probavit
1067 1706 1323 1750 matrona:
1349 1693 1646 1747 castitatem
1666 1735 1680 1757 ,
1710 1703 1762 1746 et
1792 1691 1891 1746 Ur-

287 1796 409 1850 bem
460 1804 602 1848 metu
633 1791 808 1846 hostili
844 1789 1162 1843 liberavit?»
1196 1787 1382 1842 Paucis
1414 1786 1496 1840 his
1527 1785 1704 1840 verbis
1725 1827 1739 1849 ,
1773 1799 1892 1854 qua:

1997 583 2060 637 de
2093 582 2284 637 Natur.
2317 601 2435 656 pag.
2465 583 2605 648 2M;
2640 594 2684 637 et
2714 583 2924 637 Tuscul.
2960 600 3010 650 ι,
3040 602 3159 654 pag.
3191 584 3313 650 119,
3347 584 3438 638 lin.
3471 582 3597 655 56).

1997 675 2268 731 Audacter
2300 693 2426 730 vero
2457 687 2724 731 asseverat
2757 675 2892 729 facta
2923 675 2990 730 ab
3019 677 3124 730 illis
3167 676 3275 730 duo
3305 677 3561 730 miracula
3590 717 3603 740 ,

1995 785 2058 824 ac
2099 770 2270 840 primo
2309 770 2522 838 quidem
2565 785 2751 824 eorum
2794 773 3046 838 praestari.
3087 771 3302 823 Persem
3350 785 3528 835 regem
3573 785 3605 824 a

1997 863 2256 918 Romanis
2300 864 2497 918 victum
2543 874 2597 917 et
2639 873 2884 931 captum;
2927 871 3084 932 atque
3116 863 3387 917 victoriam
3417 862 3605 917 Roma:

1999 956 2115 1024 ipso
2155 955 2276 1019 die,
2323 969 2428 1024 quo
2473 962 2740 1022 reportata
2782 954 2985 1019 fuerat,
3019 955 3225 1008 senatui
3261 955 3600 1019 nuntiatam;

1998 1048 2230 1117 denique
2271 1048 2321 1101 in
2367 1047 2498 1101 tanti
2541 1046 2784 1101 miraculi
2831 1047 3143 1100 memoriam
3178 1058 3387 1102 erectas
3417 1064 3606 1103 eorum

1998 1151 2221 1196 statuas.
2277 1141 2477 1195 Eadem
2529 1149 2750 1193 narrant
2800 1139 3040 1193 Valerius
3077 1140 3345 1194 Maximus
3377 1140 3395 1211 (
3427 1139 3600 1194 ναῖεν.

2002 1233 2150 1287 Max.
2184 1234 2273 1286 lib.
2305 1250 2356 1295 ι,
2391 1249 2506 1302 cap.
2540 1235 2571 1284 8
2593 1274 2607 1296 ,
2639 1230 2666 1301 §
2700 1233 2760 1295 1,
2797 1249 2912 1302 pag.
2947 1230 3040 1295 δὲ,
3074 1241 3120 1283 et
3148 1248 3285 1300 seqq.
3315 1231 3369 1302 ),
3413 1232 3606 1287 Florus

2001 1325 2240 1397 (Florus
2293 1325 2380 1378 lib.
2437 1340 2483 1387 t,
2537 1340 2652 1387 cap.
2699 1324 2848 1391 11),
2901 1322 3216 1376 Ammianus
3266 1323 3611 1379 Marcellinus

1999 1417 2017 1489 (
2048 1418 2286 1471 Marcell.
2326 1417 2415 1470 lib.
2450 1432 2622 1470 xxvtn
2647 1458 2658 1476 .
2692 1432 2808 1484 cap.
2842 1416 2874 1468 4
2896 1457 2908 1478 ,
2940 1431 3057 1484 pag.
3091 1416 3196 1470 59.8
3223 1413 3276 1486 ),
3328 1418 3612 1486 Dionysius

1998 1511 2436 1565 Halicarnasseus
2470 1508 2731 1579 (Diouys.
2789 1507 2961 1561 llulic.
3000 1508 3086 1560 lib.
3124 1525 3175 1561 vt
3199 1551 3213 1572 ,
3247 1509 3421 1578 Antiq.
3457 1509 3607 1565 Rom.

1998 1623 2097 1674 pag
2150 1605 2254 1661 550
2282 1607 2298 1672 )
2323 1645 2336 1668 ,
2387 1603 2705 1657 Plutarchus
2756 1601 3073 1672 (Plutarch.
3109 1603 3161 1654 in
3201 1601 3300 1655 Vit.
3339 1601 3601 1657 Coriulau.

1998 1715 2118 1767 pag.
2151 1697 2259 1751 215
2287 1697 2303 1766 )
2327 1737 2341 1764 ,
2373 1707 2428 1750 et
2456 1696 2543 1749 alii
2578 1697 2778 1765 plures.
2812 1695 3008 1750 Verum
3043 1711 3106 1749 ex
3143 1696 3247 1749 illis
3277 1698 3439 1766 aliqui
3483 1698 3610 1751 illud

1998 1790 2154 1843 nobis
2205 1789 2472 1842 tradidere
2519 1803 2622 1842 non
2675 1774 2941 1857 tamquam
2993 1788 3212 1841 omnino
3255 1798 3483 1856 certmn,
3518 1790 3612 1844 scd

293 1885 567 1942 nonnullis
587 1884 813 1938 obscura
839 1897 958 1934 esse
985 1888 1234 1948 possunt,
1259 1879 1495 1947 designat
1522 1877 1734 1932 celebre
1755 1875 1895 1945 apud
1927 1871 1972 1933 Β
2003 1897 2221 1935 rumore
2261 1881 2472 1949 publico
2502 1879 2856 1933 venditatnm.
2891 1879 3028 1946 Quin
3063 1880 3226 1932 immo
3253 1879 3448 1934 Cicero
3477 1881 3613 1935 duos

291 1979 540 2035 ethnicos
569 1977 854 2042 scriptores
881 1972 1114 2028 Claudia:
1143 1973 1371 2038 Quintia:
1413 1972 1632 2025 factum.
1664 1970 1898 2023 Narrant

293 2073 574 2128 enimvero
615 2067 879 2137 lapideum
925 2066 1112 2127 lilzieie,
1160 2078 1253 2117 seu
1287 2063 1508 2117 deorum
1540 2062 1760 2127 manis,
1796 2060 1900 2114 hoc

293 2173 410 2230 est,
439 2162 692 2234 Cybeles,
717 2175 812 2214 seu
837 2158 1048 2212 Cereris
1077 2157 1419 2210 simulacrum
1446 2155 1763 2208 Pessinunte
1787 2151 1895 2206 Ro-

296 2273 473 2322 mani,
507 2263 564 2308 ul.
593 2251 823 2307 Annibal
854 2251 1057 2312 Punico
1101 2249 1241 2303 bello
1283 2263 1348 2301 ex
1391 2246 1537 2301 Italia
1585 2246 1898 2315 pelleretur,

292 2349 522 2419 quodam
565 2354 684 2400 vate
723 2343 1016 2407 suadente,
1060 2343 1369 2396 advectum.
1418 2339 1494 2393 Ad
1541 2339 1675 2392 ostia
1719 2348 1898 2394 autem

292 2443 539 2498 Tiberina
585 2455 706 2494 cum
746 2437 901 2492 navis
923 2478 935 2498 ,
967 2453 1069 2504 qua
1099 2435 1442 2488 simulacrum
1475 2431 1767 2492 ferebatur,
1801 2445 1898 2498 ap-

293 2535 548 2606 pulisset,
582 2532 652 2586 ita
682 2531 964 2584 immotum
998 2526 1333 2596 permansit,
1367 2533 1423 2577 ut
1451 2524 1592 2576 nulla
1627 2522 1898 2576 hominum

296 2628 341 2680 vi
378 2625 607 2696 potuerit
637 2623 756 2677 loco
784 2635 882 2674 suo
909 2619 1190 2673 dimoveri.
1225 2617 1360 2671 Tum
1391 2631 1518 2670 vero
1544 2613 1786 2677 Claudia,
1815 2615 1901 2668 cui

295 2719 554 2773 hactenus
584 2715 742 2770 dubia
774 2713 1036 2783 pudicitim
1066 2711 1202 2764 fama
1233 2709 1405 2763 fuerat
1425 2751 1438 2773 ,
1466 2724 1583 2762 eam
1614 2707 1903 2761 evidentis~

295 2813 429 2864 sime
465 2809 746 2879 probavit,
776 2822 897 2860 cum
932 2814 1050 2870 post
1083 2804 1226 2856 fusas
1255 2803 1319 2855 ad
1351 2802 1542 2863 deam,
1577 2811 1632 2853 ut
1663 2801 1894 2865 aiebant,

295 2919 487 2976 preces
528 2901 870 2957 simulacrum
901 2899 1044 2954 illius
1070 2914 1188 2953 cum
1221 2899 1332 2967 ipsa
1369 2897 1486 2950 navi
1517 2897 1662 2959 sola,
1697 2909 1900 2962 suoque

298 3008 504 3052 tantum
535 2995 765 3065 cingulo,
795 3009 900 3063 quo
932 2993 1158 3046 Romani
1192 2990 1438 3043 volebant
1459 3031 1472 3053 ,
1505 2990 1556 3042 in
1589 2998 1784 3042 terram
1812 2988 1900 3042 de-

297 3091 466 3143 duxit.
515 3090 580 3144 Et
611 3090 724 3143 hinc
753 3086 967 3157 quidem
1001 3085 1230 3154 posteris
1261 3084 1652 3137 mamlaverunt
1683 3083 1860 3137 Livius
1881 3124 1896 3142 ,

255 3169 549 3246 ‘(lvidius,
604 3197 666 3235 ac
720 3181 878 3249 paulo
925 3179 1205 3231 obscurius
1253 3176 1472 3234 Cicero;
1528 3186 1686 3244 atque
1737 3177 1897 3228 etiam

2003 1985 2318 2041 persmiatos
2353 1973 2600 2027 homines
2640 1971 2886 2038 induxit,
2931 1973 3152 2025 Balbum
3197 1972 3475 2041 Stoicum,
3519 1975 3612 2044 qui

2005 2067 2108 2123 hoc
2137 2067 2387 2137 exemplo
2419 2067 2646 2136 probare
2673 2077 2898 2120 conatur
2940 2065 3164 2120 deorum
3210 2082 3427 2121 suorum
3476 2085 3612 2137 pra»

2000 2162 2228 2215 sentiam
2249 2204 2262 2222 .
2293 2161 2487 2215 deinde
2519 2175 2646 2214 vero
2693 2160 2904 2213 Cottam
2938 2159 3316 2214 Academicum
3337 2199 3351 2224 ,
3383 2160 3498 2214 lucc
3548 2159 3613 2214 ad

2003 2255 2174 2308 aniles
2219 2253 2433 2307 fabulas
2481 2253 2814 2322 rejicientem
2873 2251 3080 2325 (Cicer.
3131 2253 3218 2305 lib.
3255 2268 3290 2306 ιι
3320 2253 3382 2306 de
3416 2251 3606 2307 Natur.

2007 2347 2302 2418 Deor.pag.
2325 2347 2454 2411 9.14,
2485 2347 2576 2400 lin.
2610 2347 2710 2412 28;
2745 2355 2788 2398 et
2819 2346 2905 2399 lib.
2937 2362 3025 2410 ιιι,
3053 2363 3171 2416 pag.
3206 2345 3445 2413 24!,lin.
3477 2345 3606 2414 30).

2078 2440 2230 2494 Aliud
2250 2439 2497 2493 Cascilius
2523 2440 3004 2509 urgetmiraculum
3027 2457 3038 2492 :
3069 2439 3599 2506 «Testisludurum,»

2007 2534 2198 2602 inquit,
2236 2552 2253 2584 ι
2282 2530 2743 2595 olfensiJoi‘is,de
2773 2533 2984 2584 somnio
3012 2529 3210 2599 plebeii
3248 2531 3478 2585 hominis
3512 2535 3613 2586 ite-

2007 2629 2163 2681 ratio.
2199 2646 2216 2678 ›
2250 2626 2307 2681 Si
2339 2625 2424 2680 cui
2455 2641 2582 2699 vero
2613 2626 2726 2678 haec
2753 2639 2857 2693 quo
2889 2625 3131 2679 breviora
3153 2666 3166 2688 ,
3201 2639 3266 2678 eo
3296 2623 3611 2680 obscuriora

2007 2720 2308 2783 videantur,
2341 2718 2606 2786 esplicata
2639 2717 2870 2770 inveniet
2897 2717 3046 2771 hisce
3072 2713 3353 2770 Ciceronis
3395 2717 3611 2770 verbis:

2009 2831 2026 2862 ‹
2057 2811 2192 2866 Cum
2225 2810 2374 2865 bello
2413 2810 2579 2863 latino
2617 2809 2728 2863 ludi
2772 2808 2934 2862 votivi
2977 2807 3196 2861 maximi
3239 2805 3467 2876 primum
3511 2806 3608 2861 lie-

2003 2915 2152 2969 rent,
2183 2905 2373 2960 civitas
2399 2915 2623 2973 repente
2653 2903 2717 2957 ad
2745 2917 2894 2956 arma
2924 2910 3008 2957 est
3035 2903 3282 2956 excitata.
3317 2903 3500 2970 Itaque
3531 2900 3612 2953 Iu-

2003 3000 2084 3052 dis
2118 2998 2470 3060 intermissis,
2505 2996 2842 3050 instaurativi
2876 2995 3152 3049 constituti
3185 3003 3328 3048 sunt.
3373 2995 3472 3061 Qui
3517 3009 3614 3046 an-

2006 3102 2222 3160 tequam
2277 3093 2500 3151 tierent,
2543 3105 2774 3158 eumque
2808 3089 2917 3158 jam
2961 3087 3190 3156 populus
3240 3085 3610 3150 consedisset,

2003 3200 2192 3238 servus
2224 3199 2322 3252 per
2349 3184 2553 3237 circum
2587 3198 2706 3234 eum
2741 3181 2904 3249 virgis
2935 3179 3254 3242 czrderetur,
3290 3180 3488 3231 furcam
3534 3179 3615 3230 fe-

296 3277 582 3330 (Zhristiani
612 3275 902 3342 scriptorcs
925 3315 938 3335 ,
973 3272 1238 3328 Arnobius
1264 3315 1278 3335 ,
1312 3272 1620 3326 Lactantius
1641 3313 1656 3335 ,
1691 3272 1898 3339 Angus-

2006 3293 2128 3332 rens
2148 3320 2160 3342 ,
2197 3276 2388 3330 ductus
2419 3285 2520 3329 est.
2565 3272 2702 3328 Exin
2731 3272 2946 3326 cuidam
2980 3272 3182 3324 rustico
3215 3270 3456 3323 llonmno
3487 3268 3615 3321 dor-

301 3370 441 3422 linus
487 3378 542 3423 et
586 3367 672 3422 alii
724 3365 874 3437 (Liv.
909 3365 1105 3418 Darad.
1141 3367 1210 3431 5,
1253 3364 1345 3418 lib.
1399 3380 1452 3418 Ix
1479 3407 1491 3429 ,
1535 3375 1646 3434 post
1675 3364 1899 3416 initium.

302 3461 452 3514 Ovid.
511 3461 598 3514 lib.
632 3477 682 3513 IV
727 3459 874 3513 Fast.
911 3459 938 3530 ς
969 3460 1022 3513 5.
1066 3458 1227 3512 Cicer.
1267 3458 1412 3510 Orat.
1447 3457 1548 3521 ΞΟ,
1592 3473 1683 3526 ριό
1712 3459 1901 3524 Artisp.

303 3555 528 3625 Rapon.
591 3570 712 3624 pag.
767 3553 896 3609 438.
952 3550 1257 3604 Tertulliau.
1317 3551 1582 3621 Apologet.
1639 3567 1753 3620 cap.
1811 3549 1902 3605 2‘2.

300 3649 491 3704 Arnob.
524 3648 614 3702 lib.
668 3663 737 3700 vn
776 3647 894 3699 adv.
929 3643 1079 3698 Geni.
1113 3660 1230 3712 pag.
1265 3643 1393 3710 25⁵5,
1424 3653 1471 3697 et
1498 3659 1631 3713 seqq.
1666 3641 1900 3700 Lactant.

301 3740 388 3792 lib.
423 3755 495 3804 ιι,
530 3756 648 3808 cap.
687 3738 737 3791 7.
772 3739 906 3807 Aug.
939 3737 1024 3790 lib:
1059 3752 1096 3788 ιι
1137 3737 1199 3788 de
1248 3733 1397 3792 Civil.
1433 3752 1547 3805 cap.
1579 3735 1646 3800 7;
1689 3734 1775 3789 lib.
1810 3751 1902 3801 ιιι,

301 3848 418 3898 cap.
455 3830 553 3894 12;
587 3839 632 3882 et
664 3831 750 3882 lib.
787 3845 814 3882 x
839 3871 851 3892 ,
885 3845 999 3898 cap.
1036 3828 1164 3897 16).

375 3921 482 3976 Sed
521 3919 788 3974 Arnobius
819 3920 1101 3988 respondet
1133 3921 1232 3973 hoe
1262 3920 1306 3973 si
1337 3934 1520 3975 verum
1561 3918 1658 3980 sit,
1703 3917 1900 3970 Roma-

304 4030 402 4069 nos
426 4014 623 4068 frustra
651 4013 940 4068 credidisse
966 4013 1121 4083 hujus
1143 4013 1408 4069 simulacri
1431 4055 1444 4079 ,
1469 4027 1560 4067 seu
1585 4011 1904 4067 Pessinuntii

304 4106 527 4176 lapidis,
560 4107 612 4160 in
641 4121 748 4177 quo
777 4107 980 4160 nullum
1023 4107 1195 4160 inerat
1235 4121 1464 4173 numen,
1499 4121 1662 4174 opera
1692 4104 1776 4159 vel
1806 4120 1902 4158 au-

305 4198 432 4252 xilio
463 4206 701 4267 partam,
732 4198 807 4253 uti
837 4199 1183 4254 venditabant
1209 4198 1438 4264 ethnici,
1469 4197 1777 4261 victoriam,
1809 4196 1908 4252 de-

306 4305 400 4344 cus
438 4289 601 4345 Urbis
646 4293 988 4358 restitutum,
1031 4307 1094 4345 ac
1136 4299 1410 4360 porrectos
1441 4291 1648 4361 imperii
1678 4289 1908 4346 Romani

308 4382 459 4436 lines.
503 4382 637 4436 Nam
681 4394 868 4453 postea
909 4385 1064 4438 caesis
1107 4384 1503 4454 profligatisque
1534 4394 1611 4439 tot
1642 4387 1908 4455 tantisque

307 4473 670 4529 Romanorum
697 4478 1041 4541 exercitibus,
1071 4478 1158 4531 illa
1184 4493 1312 4532 sane
1339 4477 1530 4530 exiu'iia
1554 4478 1712 4532 deum
1737 4486 1906 4532 mater

306 4566 569 4622 maximos
610 4568 735 4623 belli
781 4570 1010 4637 impetus
1055 4585 1152 4624 nec
1179 4568 1365 4639 fregit,
1398 4585 1498 4625 nec
1529 4571 1742 4640 repulit.
1786 4569 1902 4624 Jam

308 4676 440 4716 vero
481 4677 510 4714 a
554 4664 708 4718 nobis
748 4665 1094 4719 observatum
1127 4675 1208 4719 est
1234 4666 1394 4718 simili
1424 4665 1584 4719 modo
1611 4665 1900 4722 Minucium
1929 4634 1982 4696 Π

307 4761 512 4816 dixisse
564 4758 817 4813 tutelares
866 4758 1077 4812 urbium
1126 4766 1181 4811 et
1231 4758 1467 4826 gentium
1521 4757 1651 4812 deos
1703 4760 1903 4814 nullam

306 4856 471 4924 ipsis,
504 4863 596 4908 aut
623 4853 876 4908 Romanis
921 4852 1181 4907 adversus
1234 4852 1416 4906 hoSIes
1467 4867 1592 4907 suos
1630 4869 1785 4923 opem
1819 4867 1904 4908 tu-

306 4951 454 5006 lisse.
488 4948 640 5002 Nunc
667 4954 843 5002 autem
876 4945 1165 5015 respondet
1194 4945 1310 4999 inec
1340 4961 1442 4998 non
1473 4961 1618 5009 vera,
1648 4945 1742 5000 sed
1774 4946 1903 5001 falsa

305 5057 429 5097 esse
456 5041 732 5106 miracula,
768 5048 950 5110 utpote
977 5055 1097 5109 quae
1127 5054 1231 5092 non
1263 5039 1460 5094 virtute
1487 5040 1662 5109 aliqua
1691 5041 1869 5095 divina
1890 5083 1904 5106 ,

313 5136 406 5192 sed
454 5136 760 5190 darmonum
801 5134 1039 5198 artibus,
1077 5133 1308 5202 potentia
1350 5142 1403 5186 et
1448 5133 1730 5202 praestigiis
1775 5133 1910 5188 facta

304 5230 536 5284 fuerint.
558 5228 710 5296 Quod
741 5227 808 5280 ab
839 5227 961 5290 illo,
993 5236 1048 5280 ut
1077 5226 1235 5295 paulo
1265 5235 1383 5294 post
1409 5227 1786 5292 ostendemus,
1815 5241 1910 5280 co-

308 5324 456 5392 piose
487 5337 549 5376 ac
579 5318 858 5390 perspicue
887 5318 1302 5373 demonstratur.

380 5415 580 5470 Eadem
624 5429 841 5484 quoque
881 5412 1233 5483 responsione
1263 5412 1313 5466 id
1345 5413 1411 5468 ab
1440 5413 1555 5482 ipso
1584 5411 1909 5479 exploditur,

306 5507 448 5575 quod
470 5507 720 5562 ClBCillllS
742 5507 938 5561 deinde
964 5506 1041 5560 sic
1069 5505 1285 5574 objicit:
1312 5525 1330 5556 ι
1359 5506 1546 5560 Testes
1575 5505 1911 5574 Equestrium

309 5601 531 5653 fratrum
564 5600 615 5653 in
649 5601 766 5655 lacu
790 5641 803 5660 ,
835 5600 975 5653 sicut
1002 5598 1380 5662 ostenderant.
1411 5605 1602 5650 statum
1632 5611 1916 5650 consecra-

310 5703 401 5756 ιλιι,
433 5693 522 5761 qui
553 5692 763 5758 anheli,
792 5693 1166 5760 spumantibus
1193 5691 1348 5760 equis
1376 5701 1536 5758 atque
1563 5689 1911 5757 fumantibus,

308 5783 378 5838 de
425 5785 585 5838 Perse
626 5785 903 5839 victoriam
949 5799 1009 5838 ea
1054 5782 1171 5846 die,
1216 5799 1317 5852 qua
1363 5781 1599 5836 fecerant
1641 5782 1918 5836 nuntiave-

306 5889 448 5934 runt.
491 5897 510 5930 ι
547 5877 840 5949 Equestres
869 5886 1047 5933 autem
1077 5876 1272 5933 fratres
1299 5875 1532 5947 appellat
1557 5875 1833 5932 Castorem
1862 5884 1915 5933 et

2008 3371 2191 3425 mienli
2225 3370 2370 3423 visus
2395 3377 2482 3423 est
2512 3369 2714 3430 venire,
2747 3367 2835 3436 qzi
2867 3367 3070 3419 diceret
3097 3365 3475 3434 prmSttltnretn
3507 3363 3606 3416 Silii

2008 3481 2113 3518 non
2157 3464 2421 3533 placuisse
2461 3462 2630 3527 ludis,
2676 3462 2834 3531 idque
2873 3461 2941 3514 ab
2981 3476 3048 3514 eo
3083 3465 3291 3530 jussu‘m
3333 3475 3452 3513 esse
3492 3473 3614 3513 eum

2008 3559 2216 3613 senatui
2260 3555 2535 3619 nuntiare,
2579 3555 2725 3608 illum
2771 3565 2950 3608 autem
2996 3568 3102 3607 non
3149 3567 3376 3615 ausum;
3421 3552 3614 3605 iterum

2006 3665 2129 3706 esse
2159 3651 2297 3704 idem
2335 3649 2541 3718 jussnm
2567 3689 2579 3710 ,
2615 3657 2666 3699 ct
2699 3646 2993 3708 monitum,
3030 3661 3100 3699 ne
3131 3645 3236 3698 vim
3267 3659 3416 3696 suam
3447 3658 3614 3711 expe-

2007 3744 2101 3798 riri
2133 3744 2322 3806 vellet,
2361 3757 2426 3794 ne
2458 3750 2566 3796 tum
2607 3740 2822 3809 quidem
2865 3754 2986 3792 esse
3018 3754 3206 3791 ausum
3237 3755 3250 3802 ;
3284 3737 3408 3791 exin
3441 3737 3611 3789 lilium

2009 3836 2123 3904 ejus
2161 3849 2281 3888 esse
2321 3843 2623 3895 mortuum;
2657 3832 2901 3885 eamdem
2938 3831 2988 3884 in
3019 3830 3244 3883 suntniis
3287 3830 3609 3882 admonitio-

2011 3944 2132 3982 nem
2169 3926 2339 3980 fuisse
2379 3925 2631 3979 tertiam:
2677 3932 2786 3976 tmn
2827 3923 2976 3975 illum
3027 3923 3188 3974 etiam
3243 3921 3478 3974 debilem
3532 3919 3613 3973 fa-

2008 4030 2182 4080 ctum,
2217 4033 2329 4074 rem
2356 4017 2422 4070 ad
2451 4015 2650 4083 amicos
2675 4015 2964 4076 detulisse.
2994 4029 3220 4083 quorum
3247 4013 3315 4068 de
3341 4015 3609 4067 sententia

2009 4111 2256 4168 lecticula
2299 4111 2350 4164 in
2391 4111 2595 4163 curiam
2633 4121 2757 4162 esse
2795 4107 3064 4171 delatmn,
3117 4117 3364 4173 cumque
3401 4105 3614 4158 senatui

2011 4203 2279 4260 somnium
2321 4200 2714 4261 enarravisset,
2757 4197 2982 4267 pedibus
3021 4195 3134 4251 suis
3173 4195 3392 4250 domum
3433 4211 3618 4250 rever-

2013 4301 2160 4354 tisse.
2201 4297 2385 4366 ltaque
2422 4291 2634 4362 somnio
2660 4290 3012 4362 comprobato
3043 4307 3068 4342 λι
3099 4297 3286 4342 senatu
3307 4328 3322 4353 ,
3359 4287 3514 4340 ludos
3544 4287 3614 4340 il-

2008 4395 2086 4448 los
2120 4395 2313 4447 iterum
2346 4391 2667 4444 instauratos
2697 4388 2974 4444 memoriae
3001 4384 3272 4456 proditum
3303 4391 3386 4438 est
3415 4401 3432 4435 ι
3465 4382 3483 4451 (
3510 4382 3614 4437 Cic.

2006 4486 2093 4541 lib.
2129 4503 2145 4541 ι
2193 4486 2256 4540 de
2285 4485 2459 4540 Divin.
2491 4501 2610 4555 pag.
2643 4481 2780 4546 264,
2817 4483 2908 4535 lin.
2943 4481 3011 4536 49
3033 4478 3076 4550 ).

2081 4580 2211 4634 Rem
2251 4579 2426 4633 adhuc
2467 4577 2626 4647 paulo
2670 4577 2887 4630 uberius
2932 4573 3192 4630 describit
3235 4572 3414 4629 Livius
3457 4570 3614 4644 (Liv.

2010 4675 2099 4729 lib.
2134 4690 2201 4739 ιι,
2233 4691 2349 4744 cap.
2384 4672 2525 4741 56),
2560 4682 2613 4726 ct
2643 4687 2803 4740 quem
2835 4671 3054 4736 Orator,
3088 4678 3142 4723 et
3171 4668 3446 4723 Arnobius
3489 4665 3622 4738 (Ar-

2010 4769 2126 4822 nob.
2163 4767 2250 4822 lib.
2288 4783 2394 4831 vn,
2426 4766 2543 4820 adv.
2579 4765 2728 4820 Gem.
2765 4782 2883 4835 pag.
2914 4763 3041 4828 2M,
3075 4773 3118 4816 et
3147 4779 3281 4833 seqq.
3311 4763 3327 4830 )
3362 4759 3617 4815 rusticum

2011 4861 2286 4915 dumtaxat
2315 4868 2536 4923 vocant,
2570 4858 2636 4913 ab
2667 4859 2785 4920 illo,
2815 4869 2974 4926 atque
3003 4857 3070 4910 ab
3099 4853 3394 4924 Augustino
3422 4851 3484 4904 T.
3518 4851 3619 4902 La.

2013 4953 2170 5004 tittius
2213 4950 2472 5025 (August.
2508 4950 2591 5003 lib.
2630 4965 2708 5013 Iv,
2745 4951 2806 5001 de
2836 4948 2982 5003 Civil.
3018 4963 3135 5015 cap.
3182 4946 3282 5010 :26,
3319 4959 3434 5012 pag.
3469 4941 3621 5012 2207)

2012 5042 2064 5097 in
2115 5045 2343 5112 quadam
2378 5042 2536 5110 hujus
2565 5041 2802 5096 editione
2834 5039 2949 5094 Tib.
2984 5040 3184 5092 Atinius
3207 5078 3220 5101 ,
3258 5037 3499 5104 plebeius
3523 5032 3626 5086 ho-

2013 5151 2133 5199 mo,
2177 5136 2265 5204 qui
2305 5151 2333 5188 a
2376 5135 2633 5205 Dionysio
2676 5133 3098 5187 Halicarnassmo
3139 5126 3400 5200 (Diouys.
3448 5125 3622 5179 Halic.

2015 5226 2103 5284 lib.
2138 5243 2208 5281 vn
2260 5227 2434 5296 Autiq.
2467 5225 2620 5278 Rom.
2654 5243 2774 5295 pag.
2815 5224 2913 5278 £72
2938 5224 2989 5294 ),
3032 5235 3082 5276 et
3125 5220 3442 5286 Plutarcho,
3481 5224 3626 5280 Τῖτος

2017 5329 2218 5378 Λατῖνος
2245 5317 2540 5389 (Plutarch.
2569 5319 2621 5368 in
2662 5315 2775 5369 Vita
2798 5313 3060 5370 Coriolan.
3093 5324 3212 5366 tam.
3241 5329 3287 5370 ι.
3321 5328 3439 5382 pag.
3469 5309 3623 5380 225),

2017 5415 2146 5469 satis
2189 5413 2373 5469 dives.
2407 5427 2436 5464 a
2468 5410 2683 5464 Valerio
2723 5419 2901 5463 autem
2945 5409 3176 5462 Maximo
3219 5405 3436 5478 (fater.
3475 5405 3620 5458 Maa‘.

2019 5505 2107 5560 lib.
2141 5521 2192 5563 ι.
2229 5521 2344 5572 cap.
2376 5504 2427 5568 7,
2466 5502 2492 5572 §
2528 5503 2557 5558 4
2582 5502 2598 5571 )
2625 5543 2638 5563 ,
2667 5503 2768 5556 nisi
2801 5501 2855 5555 in
2886 5501 3002 5572 ejus
3030 5502 3188 5555 editis
3222 5514 3284 5554 ac
3324 5497 3626 5553 manuscri-

2020 5598 2124 5668 ptis
2187 5604 2426 5651 erratum
2467 5598 2571 5662 sit,
2618 5594 2699 5649 Ti.
2745 5595 2980 5663 Atinius,
3026 5604 3080 5650 et
3119 5610 3146 5646 a
3192 5594 3466 5647 Lactantio
3507 5590 3624 5646 Tib.

2024 5692 2248 5744 Atinius
2281 5688 2553 5760 (Lactant.
2587 5688 2673 5741 lib.
2701 5704 2758 5753 ιι,
2782 5704 2897 5757 cap.
2929 5689 2981 5749 7,
3016 5704 3133 5758 pag.
3172 5685 3330 5755 176),
3362 5700 3389 5737 a
3419 5683 3628 5736 Macro-

2019 5783 2109 5840 bio
2143 5780 2410 5853 (Macrob.
2443 5781 2530 5835 lib.
2566 5796 2579 5834 ι
2628 5779 2900 5836 Saturual.
2951 5797 3069 5851 cap.
3105 5781 3162 5834 11
3197 5776 3252 5849 ),
3284 5777 3370 5848 qui
3404 5775 3452 5830 id
3483 5789 3626 5828 anno
