4242 6222
680 267 782 328 607

2355 217 2386 249 Ο

1964 290 2052 345 DE
2093 289 2348 348 MINUCII
2386 291 2686 351 OCTAVIO

3877 305 3978 362 (308

677 386 747 441 ab
785 387 915 444 urbe
953 390 1164 448 condita
1203 395 1310 451 475
1351 399 1640 470 contigisse
1691 403 1911 471 scribit,
1945 406 2139 460 Annius
2178 421 2272 477 ap-
2300 408 2353 466 Α
2453 407 2606 477 Apud
2629 410 2874 468 eumdem
2917 427 3075 483 porro
3106 415 3313 470 Livium
3348 417 3592 488 legimus,
3625 435 3746 475 cum
3792 437 3983 492 repen-

678 479 928 551 pellatur.

747 571 948 628 Verum
992 577 1137 632 citati
1181 595 1210 633 a
1257 582 1410 637 nobis
1461 585 1770 644 Lactantius
1813 599 1866 644 et
1912 591 2272 660 Augustinus,

676 668 1126 734 quemadmodum
1149 672 1430 742 Minucius,
1456 682 1811 744 contendunt,
1835 683 1949 737 haec
1971 684 2273 740 dzemonum

674 755 812 812 dolis
827 775 888 814 ac
910 765 1191 833 praesugiis
1220 782 1339 822 esse
1373 772 1693 828 tribuenda:
1730 795 1747 824 ι
1781 777 1853 829 lie
1884 776 2067 845 ipsis,»
2106 777 2276 848 inquit

675 847 959 919 Minucius,
990 873 1009 907 ι
1033 855 1117 908 illa
1151 875 1270 926 qum
1305 863 1462 930 paulo
1488 876 1613 920 ante
1640 867 1778 921 dicta
1810 878 1953 931 sunt,
1978 878 2035 923 ut
2064 870 2272 940 Jupiter

675 939 832 998 ludos
859 959 1122 1016 repeteret
1148 967 1212 1007 ex
1241 959 1450 1010 somnio
1468 1000 1483 1024 ,
1515 971 1569 1013 ut
1595 976 1716 1015 cum
1745 964 1898 1033 equis
1924 965 2171 1021 Castores
2197 966 2272 1018 vi-

675 1034 954 1107 derentur,
986 1051 1044 1097 ut
1069 1045 1338 1114 cingulum
1370 1063 1627 1108 matronae
1660 1057 1898 1110 navicula
1930 1067 2268 1127 sequeretur.

674 1125 803 1183 Haec
832 1135 1011 1188 omnia
1043 1139 1217 1192 sciunt
1251 1141 1492 1212 plerique
1533 1161 1654 1214 pars
1694 1159 1927 1202 vestrum
1971 1151 2114 1219 ipsos
2157 1150 2270 1205 dm-

674 1233 864 1276 mones
893 1223 960 1278 de
989 1241 1048 1280 se
1081 1229 1209 1297 ipsis
1239 1232 1482 1287 conﬁteri
1509 1278 1521 1300 ,
1555 1238 1764 1305 quoties
1792 1254 1821 1291 a
1856 1240 2006 1293 nobis
2039 1250 2272 1296 tormen-

675 1309 743 1368 tis
785 1317 1105 1386 verborum,
1154 1333 1206 1377 et
1245 1327 1503 1382 orationis
1545 1329 1804 1386 incendiis
1846 1332 1912 1386 de
1956 1334 2271 1403 corporibus

673 1411 982 1477 exiguntur.
1015 1433 1032 1465 ι
1060 1414 1190 1482 Qua:
1217 1419 1432 1488 quidem
1467 1421 1602 1476 infra
1632 1423 2019 1494 explicabimus
2049 1427 2266 1492 clarius,

671 1507 724 1552 et
751 1515 910 1568 quam
943 1520 1065 1559 vera
1098 1507 1237 1574 sint,
1269 1509 1779 1570 demonstrabimus.

744 1592 879 1660 Quid
939 1597 1133 1653 deinde
1191 1598 1438 1657 Ca-cilius
1473 1622 1486 1658 :
1525 1623 1543 1656 ι
1580 1605 1646 1658 Ει
1678 1606 1982 1674 Deciorum,
2019 1628 2038 1660 ι
2075 1609 2266 1679 inquit,

680 1702 698 1735 ι
738 1685 852 1740 devi
878 1689 951 1743 tio
981 1701 1116 1744 rata.
1165 1713 1183 1745 ι
1221 1694 1312 1750 His
1345 1697 1451 1762 ille,
1486 1714 1584 1754 nec
1624 1701 1863 1769 pluribus
1893 1704 2067 1758 verbis
2100 1706 2270 1759 innuit

2383 499 2524 554 tinus
2553 504 2729 557 medio
2761 506 2812 559 in
2845 507 2990 561 urbis
3029 509 3142 562 foro
3182 508 3358 563 hiatus
3388 520 3542 566 terra:
3587 514 3791 581 expleri
3827 530 3855 568 a
3890 532 3982 570 ne-

2381 592 2522 644 mina
2573 596 2850 661 potuisset,
2901 598 2970 652 M.
3015 599 3257 655 Curtium
3292 643 3306 666 ,
3355 603 3976 676 bellicosun‘i-juvenem,

2381 697 2502 737 sese
2527 684 2627 737 diis
2654 685 2955 756 devovisse,
2987 701 3147 760 atque
3171 703 3458 760 armatum,
3500 711 3636 765 equo
3664 711 3979 765 conscenso,

2379 790 2496 829 eam
2541 777 2591 830 in
2632 793 2850 848 specum
2895 797 2953 836 se
2993 783 3209 839 dedisse
3237 788 3590 856 praicipitem,
3614 804 3676 842 ac
3702 790 3984 858 continuo,

2378 879 2434 922 ut
2481 871 2718 941 loquitur
2763 874 3006 931 Valerius
3054 877 3315 934 Maximus
3359 880 3560 953 (Valer.
3608 883 3768 947 Mam,
3812 885 3981 950 lih.v,

2375 975 2492 1029 cap.
2524 963 2574 1025 6,
2610 963 2660 1034 §.
2691 965 2769 1038 2).
2800 978 2993 1022 terram
3029 969 3238 1039 injectis
3268 971 3490 1027 honoris
3519 976 3684 1044 gratia
3720 977 3981 1047 frugibus,

2379 1054 2662 1121 pristinum
2693 1074 3040 1129 recuperasse
3069 1063 3330 1118 habitum.
3365 1065 3514 1134 Quod
3545 1067 3694 1122 Livio
3723 1071 3984 1138 quemad—

2377 1148 2593 1202 modum
2626 1152 2842 1207 Caccilio
2888 1171 2993 1210 non
3027 1159 3297 1214 mediocre
3345 1162 3643 1231 prodigium
3677 1165 3976 1222 videbatur.

2378 1237 2482 1294 Sed
2511 1241 2681 1297 Varro
2727 1246 2929 1316 (Vare,
2975 1250 3068 1304 lib.
3116 1268 3165 1306 iv
3203 1253 3265 1306 de
3298 1251 3452 1324 Ling.
3483 1257 3599 1320 lat.,
3645 1273 3760 1328 pag.
3812 1260 3879 1314 5G
3928 1271 3981 1315 ct

2375 1333 2554 1404 seqq.)
2581 1337 2840 1404 triplicem
2867 1357 2928 1396 ea
2953 1343 3019 1397 de
3045 1361 3103 1399 re
3132 1346 3403 1401 historiam
3433 1364 3461 1402 a
3489 1349 3735 1416 Procilio,
3761 1353 3974 1420 Pisone,

2375 1434 2428 1478 et
2457 1427 2601 1482 XElio
2630 1429 2858 1499 Stilone,
2890 1436 3097 1491 diversa
3140 1441 3504 1505 narrantibus,
3550 1444 3817 1512 proditam
3861 1463 3980 1517 per—

2377 1516 2538 1573 hibet.
2594 1523 2738 1606 Quid
2780 1541 2927 1594 vero,
2977 1530 3116 1597 quod
3189 1531 3423 1587 Zonaras
3478 1534 3722 1606 (Zonar.,
3768 1537 3859 1592 lib.
3909 1555 3977 1594 vn

2375 1610 2584 1678 AnnaL,
2622 1613 2672 1686 ᾗ.
2701 1597 2771 1670 *έὸ
2805 1659 2818 1682 ,
2849 1635 2967 1690 pag.
2997 1621 3126 1694 560)
3157 1624 3221 1677 iis
3247 1640 3304 1680 se
3336 1597 3554 1682 minime
3583 1597 3975 1701 refragaturum

2375 1718 2495 1759 esse
2527 1708 2825 1775 profitetur,
2875 1714 2962 1780 qui
3013 1714 3127 1770 hcce
3169 1733 3196 1770 a
3231 1717 3334 1772 fide
3366 1720 3473 1774 veri
3503 1720 3675 1775 aliena
3707 1724 3980 1778 existima—

674 1776 863 1834 Decios
896 1792 1103 1852 patrem
1125 1795 1178 1840 et
1204 1788 1391 1852 filium,
1416 1791 1779 1862 quibusaliqui
1812 1806 2061 1865 nepotem
2088 1798 2274 1866 adjun-
2308 1792 2351 1850 B
2383 1794 2531 1851 lnmt.
2565 1799 2785 1855 Orosius
2827 1820 2953 1859 vero
2983 1822 3348 1879 quoscumque
3379 1813 3492 1867 sive
3520 1813 3651 1869 deos
3686 1855 3701 1881 ,
3745 1816 3855 1870 sive
3883 1817 3979 1870 ho-

673 1881 826 1941 gunt,
882 1886 1160 1945 postquam
1200 1895 1261 1934 se
1302 1897 1398 1951 pro
1448 1882 1701 1940 Romanis
1731 1889 2085 1943 excercitibus
2115 1890 2277 1945 devo-

673 1966 894 2031 vissent,
928 1981 1165 2028 armatos
1192 1974 1412 2030 irruisse
1439 1978 1646 2033 medios
1673 1982 1722 2033 in
1753 1981 1960 2050 hostes,
1991 1999 2052 2037 ac
2082 1985 2276 2054 despe-

670 2071 842 2115 ratam
891 2063 1123 2132 gloriosa
1170 2079 1343 2123 morte
1384 2071 1659 2126 victoriam
1713 2073 1877 2128 fuisse
1919 2087 2259 2132 consecutos.

670 2156 849 2225 Atque
880 2155 996 2212 haec
1027 2162 1152 2214 varii
1182 2165 1494 2232 scriptores,
1527 2181 1590 2220 ac
1617 2167 1670 2220 in
1704 2170 1888 2238 primis
1919 2171 2130 2238 Cicero,
2168 2173 2272 2226 Va-

671 2248 835 2305 lerius
873 2250 1157 2323 Maximus,
1201 2256 1412 2324 Florus,
1459 2259 1681 2326 Plinius,
1724 2271 1777 2316 et
1810 2263 1988 2318 Livius
2020 2281 2270 2322 narrave-

671 2354 811 2399 runt.

744 2438 940 2495 Verum
956 2441 1121 2498 Balbo
1141 2443 1320 2500 Stoico
1340 2444 1454 2500 hmc
1471 2446 1611 2516 apud
1634 2445 1950 2503 Ciceronem
1973 2449 2267 2518 objicienti,

671 2530 825 2586 Cotta
869 2542 1139 2606 tamquam
1183 2537 1397 2593 cmteris
1421 2539 1668 2594 omnibus
1715 2540 1967 2605 ethnicis,
2011 2543 2270 2598 adversus

671 2623 1006 2682 Christianos
1035 2639 1217 2698 postea
1249 2632 1579 2701 pugnaturis,
1627 2633 1836 2687 obviam
1875 2635 1953 2688 ire
1991 2635 2266 2701 voluisset,

671 2717 754 2773 his
786 2721 1063 2790 respondit
1087 2723 1263 2778 verbis
1293 2745 1306 2778 :
1343 2744 1360 2775 ι
1398 2725 1478 2779 Tu
1509 2735 1685 2779 autem
1717 2727 1998 2781 Deciorum
2030 2728 2272 2782 devotio-

670 2811 827 2865 nibus
857 2815 1092 2881 placatos
1113 2829 1234 2871 esse
1254 2816 1382 2871 deos
1397 2833 1608 2873 censes.
1630 2818 1760 2886 Quze
1785 2820 1883 2874 fuit
1912 2836 2097 2875 eorum
2127 2830 2272 2875 tanta

671 2901 925 2974 iniquitas
979 2917 1034 2961 ut
1061 2909 1259 2978 placari
1289 2911 1483 2980 populo
1507 2912 1746 2967 Romano
1777 2924 2138 2980 nonpossent,
2173 2915 2271 2968 nisi

671 2998 772 3051 viri
817 2998 960 3053 tales
997 3001 1358 3057 occidissent?
1401 3002 1695 3059 Consilium
1727 3005 1852 3060 illud
1887 3005 2270 3075 [inpr-ratorum

672 3087 793 3156 fuit,
823 3092 911 3161 qui
943 3093 1130 3161 patriae
1158 3097 1520 3161 consulerent,
1555 3099 1675 3152 vitae
1705 3115 1808 3152 non
1843 3109 2137 3167 parcerent.
2171 3100 2274 3153 lle-

2383 1889 2556 1943 mines
2605 1895 2844 1960 corripit,
2897 1897 2985 1965 qui
3039 1909 3195 1953 terra:
3236 1903 3458 1967 hiatum,
3493 1905 3592 1958 nisi
3632 1907 3782 1960 vivus
3823 1907 3981 1962 homo

2379 1981 2680 2048 Sorbeatur,
2712 1989 2968 2055 compleri
3019 2005 3124 2044 non
3175 2008 3331 2061 posse
3371 1997 3566 2064 opinati
3612 2009 3736 2052 sunt
3774 1998 3978 2070 (Oros,

2377 2072 2468 2126 lib.
2506 2090 2559 2128 ιιι
2603 2075 2764 2144 llisL,
2823 2095 2942 2150 cap.
2977 2081 3050 2153 5).
3090 2083 3328 2156 Denique
3352 2071 3425 2143 ine
3453 2089 3832 2162 Hieronymum
3865 2111 3981 2148 om-

2385 2167 2510 2220 nino
2543 2181 2946 2238 praetereamus,
2989 2177 3276 2234 observare
3308 2181 3453 2250 juvat
3492 2198 3611 2236 eum
3651 2196 3835 2253 aperte
3873 2186 3978 2241 do-

2375 2258 2551 2314 coisse
2605 2260 2688 2315 his
2741 2262 2930 2326 Curtii,
2991 2267 3293 2335 Deciorum,
3345 2272 3673 2344 aliorumque
3721 2274 3978 2331 similium

2377 2349 2549 2417 factis,
2583 2356 2827 2423 quamvis
2859 2371 2984 2411 vera
3015 2374 3135 2414 esse
3163 2363 3477 2431 probentur,
3521 2364 3679 2419 fidem
3719 2367 3980 2421 Christia—

2378 2459 2571 2499 norum
2606 2463 2709 2501 non
2739 2450 2898 2502 modo
2930 2467 3035 2506 non
3069 2455 3254 2520 minui,
3284 2455 3380 2511 sed
3415 2458 3478 2512 iis
3507 2459 3622 2513 fieri
3655 2462 3933 2515 certiorem
3962 2480 3974 2515 :

2379 2556 2396 2587 ι
2437 2536 2490 2591 Si
2521 2538 2772 2605 historiis,
2799 2560 2818 2594 ι
2854 2544 3042 2613 inquit,
3074 2566 3089 2596 ι
3114 2548 3388 2615 gentilium
3408 2549 3853 2621 crcdimus,quod
3871 2551 3972 2607 Co-

2375 2628 2525 2692 drus,
2559 2642 2611 2684 et
2641 2632 2877 2700 (Iurlius,
2907 2647 2959 2689 et
2993 2638 3137 2692 Decii
3175 2656 3355 2695 mures
3384 2642 3712 2711 pestilentias
3748 2644 3972 2711 ttrbitun,

2374 2727 2425 2772 et
2451 2719 2635 2787 fames,
2669 2734 2721 2777 et
2753 2724 2890 2780 bella
2932 2727 3044 2781 suis
3077 2732 3336 2787 mortibus
3369 2737 3748 2802 represserint,
3779 2751 3978 2806 quanto

2382 2814 2552 2881 tnagis
2595 2814 2696 2869 hoc
2741 2817 2830 2870 Dei
2879 2819 2988 2872 lilio
3036 2821 3288 2890 possibile
3332 2826 3658 2881 credendum
3700 2838 3802 2894 est,
3835 2831 3978 2899 quod

2379 2922 2573 2963 cruore
2602 2927 2698 2962 suo
2728 2927 2831 2966 non
2866 2915 3049 2969 urbem
3082 2932 3260 2985 unam,
3293 2920 3383 2974 sed
3415 2929 3580 2975 totum
3613 2936 3862 2992 purgaret
3889 2940 3978 2978 οπο

2375 2998 2494 3053 hem
2528 3020 2545 3052 ι
2585 3003 2946 3076 (llieronym.
3001 3008 3050 3060 in
3117 3023 3235 3080 cap.
3280 3027 3292 3064 ι
3337 3011 3508 3082 Epist.
3564 3014 3633 3067 ad
3681 3013 3872 3086 Eplies.
3923 3033 3976 3070 v.

2379 3091 2408 3142 7
2442 3089 2483 3160 ).
2547 3093 2704 3148 Plura
2738 3097 2803 3150 de
2847 3098 2929 3153 his
2971 3099 3198 3155 insolitis
3232 3101 3527 3165 cli'ectibus,
3569 3124 3687 3178 qua:
3728 3110 3981 3164 miracula

673 3183 868 3239 bantur
908 3187 1050 3241 enim
1097 3187 1212 3244 fore.
1258 3200 1313 3244 ut
1358 3191 1625 3246 exercitus
1669 3191 2070 3262 Imperatorem,
2128 3209 2268 3263 equo

2378 3184 2602 3240 ethnicis
2633 3190 2966 3259 videbantur,
3001 3194 3238 3265 diSputat
3267 3201 3611 3269 Augustinus,
3635 3217 3793 3271 quem
3833 3204 3987 3258 facile

672 3277 894 3334 incitato
937 3294 996 3335 se
1044 3281 1094 3336 in
1138 3281 1320 3338 hostes
1361 3285 1731 3341 imminentem
1796 3297 2264 3357 perseqttercntur.

673 3371 728 3425 ld
754 3373 895 3441 quod
919 3375 1096 3428 evenit
1129 3373 1323 3444 (Cicer.
1351 3376 1442 3431 lib.
1470 3393 1504 3431 ιι
1533 3380 1594 3432 de
1626 3377 1822 3444 Finib.,
1860 3396 1978 3450 pag.
2007 3380 2065 3435 6|
2092 3398 2104 3443 ;
2136 3381 2228 3435 lib.
2255 3397 2267 3434 ι

673 3462 867 3518 Tuscul
895 3506 910 3527 ,
941 3481 1060 3535 pag.
1093 3467 1228 3532 150;
1258 3469 1349 3523 lib.
1382 3486 1458 3538 ιιι,
1484 3487 1600 3541 pag.
1638 3474 1771 3538 HG;
1799 3474 1860 3527 de
1891 3475 2118 3538 Senect.,
2148 3491 2267 3545 pag.

671 3555 812 3620 M6;
853 3554 1047 3610 Parad.
1079 3557 1134 3624 2,
1167 3574 1287 3630 pag.
1319 3562 1448 3618 454.
1476 3562 1654 3619 Valcr.
1691 3565 1829 3620 Max.
1861 3567 1953 3620 lib.
1987 3584 2038 3632 v,
2059 3583 2185 3636 cap.
2214 3569 2267 3632 ϐ,

677 3644 705 3716 §
740 3647 774 3701 5
798 3657 852 3702 et
877 3649 930 3704 6.
958 3648 1146 3704 Florus
1192 3652 1282 3706 lib.
1313 3669 1371 3721 ιι,
1396 3671 1514 3725 cap.
1547 3657 1611 3710 Μ
1641 3668 1693 3712 ct
1722 3660 1808 3713 17.
1839 3660 1976 3713 Plin.
2011 3662 2100 3716 lib.
2135 3679 2271 3727 xxn,

680 3738 815 3794 Hist.
843 3753 1041 3807 natur.,
1075 3759 1190 3815 pag.
1222 3746 1358 3810 180;
1388 3763 1502 3816 cap.
1535 3750 1589 3816 2,
1623 3767 1739 3821 pag.
1772 3752 1896 3808 557.
1927 3753 2042 3807 Liv.
2076 3756 2269 3809 Dccad.

675 3847 712 3895 ι,
767 3833 859 3887 lib.
915 3850 1060 3901 xvm,
1111 3852 1229 3907 pag.
1276 3837 1395 3893 121.
1428 3838 1541 3895 Cic.
1592 3842 1682 3897 lib.
1717 3859 1752 3898 ιι
1779 3844 1840 3896 de
1869 3843 2060 3899 Natnr.
2093 3845 2271 3910 Deor.,

675 3938 798 3995 pag.
845 3924 984 3992 ‘215;
1027 3937 1082 3981 et
1134 3929 1224 3984 lib.
1279 3947 1356 3997 ιιι,
1407 3947 1526 4002 pag.
1568 3932 1723 4004 ⁸242).
1775 3957 1791 3986 ι
1847 3936 2073 3991 Tantum
2118 3939 2276 4008 igitur

675 4017 848 4087 abest,
880 4029 937 4075 ut
964 4021 1016 4075 in
1048 4021 1146 4076 hac
1169 4023 1389 4078 victoria
1422 4025 1693 4095 quidpiam
1724 4029 1986 4093 miraculi,
2030 4041 2121 4084 aut
2148 4030 2274 4085 deo-

673 4123 793 4164 rum
826 4115 1168 4181 praesentium
1201 4117 1383 4170 auxilii
1414 4117 1576 4173 fuisse
1609 4122 1898 4189 putaverit;
1937 4123 2060 4191 quin
2097 4125 2273 4192 potius

675 4205 963 4258 maximam
999 4206 1233 4274 illorum,
1269 4208 1313 4262 si
1344 4210 1393 4263 id
1439 4213 1707 4275 fecissent,
1757 4215 2087 4284 iniquitatem
2131 4215 2272 4271 haud

675 4291 944 4350 immerito
973 4307 1245 4366 coarguat.
1278 4300 1442 4354 Docet
1476 4301 1654 4372 itaque
1691 4305 1828 4359 hanc
1866 4306 2148 4362 Deciorum
2178 4309 2272 4361 de-

677 4387 949 4442 votionem
1001 4389 1130 4444 nihil
1181 4392 1320 4446 aliud
1365 4394 1527 4450 fuisse
1573 4398 1673 4450 nisi
1717 4398 2100 4469 Imperatorqu
2131 4429 2275 4474 aspa-

676 4493 890 4550 τνζγημει,
925 4494 1314 4554 consuctasque
1359 4497 1501 4542 artes
1541 4502 1593 4543 et
1638 4491 1810 4554 dolos.
1857 4496 2049 4563 quibus
2095 4497 2275 4552 hostes

2373 3276 2521 3334 adire
2575 3283 2778 3349 poteris
2816 3284 3060 3355 (August.
3117 3288 3204 3341 lib.
3255 3306 3284 3343 χ
3329 3292 3390 3343 de
3420 3290 3550 3358 Civ.,
3597 3309 3715 3364 pag.
3747 3295 3884 3360 9.52;
3925 3306 3986 3351 ct

2377 3370 2471 3424 lih.
2503 3388 2618 3438 im,
2649 3391 2764 3444 cap.
2803 3378 2835 3430 ϐ
2863 3389 2914 3430 ct
2951 3394 3124 3447 seqq.,
3156 3395 3272 3450 pag.
3308 3380 3413 3436 624
3437 3392 3490 3438 et
3514 3387 3684 3454 seqq).

2450 3468 2714 3522 (Σιιτιιιιιιιιι
2774 3488 2833 3526 ea
2884 3474 3060 3527 omnia
3108 3475 3422 3532 Christianis
3451 3477 3652 3547 objecta
3693 3496 3722 3534 a
3760 3479 3986 3536 Caecilio

2377 3560 2564 3616 aliisve
2591 3565 2877 3632 gentilibus
2908 3568 3173 3637 exempla,
3209 3571 3320 3624 sive
3347 3583 3674 3642 argumenta,
3721 3573 3829 3643 jam
3875 3575 3987 3629 Μι-

2382 3655 2571 3708 nucius
2603 3658 2968 3713 invictissimis
2999 3661 3105 3714 illis
3148 3663 3442 3719 rationibus
3485 3665 3716 3720 funditus
3754 3667 3988 3723 subver-

2380 3755 2535 3814 terat,
2567 3750 2757 3816 quibus
2792 3769 2951 3806 unum
3005 3757 3374 3810 tantummodo
3424 3757 3609 3824 Deum,
3658 3774 3757 3813 nec
3804 3761 3986 3828 plures

2380 3854 2499 3894 esse
2527 3841 2934 3898 demonstravit.
2967 3846 3161 3900 Verum
3196 3849 3292 3902 hac
3326 3850 3677 3919 responsione
3705 3867 3810 3905 non
3846 3867 3985 3906 con-

2383 3945 2579 4001 tentus,
2617 3939 2787 4004 palam
2818 3939 3038 3994 cuilibet
3079 3941 3203 3994 facit
3241 3957 3301 3996 ea
3341 3945 3544 4008 omnia,
3580 3955 3634 3997 ut
3675 3945 3830 4012 paulo
3858 3956 3988 4000 ante

2382 4026 2636 4094 diximus,
2668 4045 2731 4083 ac
2770 4033 3013 4099 sequenti
3045 4033 3219 4102 capite
3257 4034 3622 4099 ostendemus,
3655 4035 3789 4090 facta
3821 4035 3990 4091 fuisse

2379 4119 2682 4175 dannonum
2715 4122 3068 4177 fraudulentis
3094 4126 3298 4180 artibus
3324 4136 3376 4181 et
3410 4127 3712 4198 prtestigiis.

2979 4253 3269 4294 AliTlCULl'S
3307 4255 3364 4293 ll.

2381 4372 2608 4443 Deorum
2659 4380 2981 4444 prwsentiam
3019 4397 3050 4432 α
3099 4379 3302 4436 chilio
3349 4399 3450 4437 non
3495 4385 3700 4452 probari
3737 4385 3988 4450 oraculis,

2457 4479 2731 4537 vatumque
2776 4480 3051 4540 responsis,
3093 4473 3271 4542 quibus
3312 4473 3566 4528 Minucius
3605 4478 3814 4545 opponit
3856 4479 3994 4528 Am-

675 4569 952 4639 fuderunt,
983 4591 1044 4630 ac
1071 4575 1138 4630 de
1168 4577 1230 4630 iis
1253 4590 1590 4648 reportarunt
1619 4555 1912 4640 victoriam.
1938 4587 2032 4640 Cui
2059 4575 2272 4658 quidem
2302 4555 2353 4614 D
2456 4563 2676 4658 Ρ¹¹ίαναίτ
2729 4563 2957 4658 Τίνίέδίαδ
3010 4566 3262 4636 Αρθηίηίδ
3313 4566 3488 4638 Pylhﬁ
3530 4571 3785 4638 exempla’
3838 4580 4000 4641 atque

675 4663 868 4730 Cottze,
899 4682 993 4723 seu
1024 4671 1197 4736 malis,
1227 4671 1499 4729 Ciceronis
1545 4680 1822 4734 sententia:
1866 4680 2100 4735 Zonaras
2145 4684 2274 4738 sub-

675 4759 957 4828 scripsisse
1010 4764 1152 4819 visus
1194 4774 1277 4820 est
1318 4766 1533 4837 (Zonar.
1577 4770 1670 4825 lib.
1727 4787 1794 4824 vn
1841 4775 2027 4826 Annal.
2080 4773 2127 4845 §.
2180 4775 2271 4843 26,

677 4869 795 4924 pag.
828 4855 976 4928 365).

747 4948 1027 5005 Postremo
1055 4953 1203 5008 addit
1233 4954 1519 5010 Caecilius:
1566 4975 1584 5008 ‹
1620 4957 1795 5014 Testis
1827 4970 1882 5014 et
1919 4961 2148 5027 Curtius,
2185 4964 2275 5032 qui

675 5041 870 5110 equitis
919 5044 998 5096 sui
1029 5045 1109 5098 vel
1151 5046 1292 5100 mole
1319 5088 1334 5111 ,
1381 5047 1462 5102 vel
1504 5047 1705 5105 honore
1751 5050 1952 5105 hiatum
1999 5054 2274 5123 profundae

675 5136 942 5205 voraginis
968 5141 1285 5208 coarquavit.
1313 5160 1330 5192 ›
1366 5141 1593 5209 Quidam
1626 5155 1810 5211 putant
1836 5145 1904 5199 ibi
1935 5148 2131 5217 duplex
2155 5164 2275 5205 esse

673 5225 877 5281 librarii
910 5231 1180 5297 mendum,
1210 5247 1273 5286 ac
1303 5247 1399 5300 pro
1434 5252 1451 5284 ι
1494 5235 1806 5302 cquitis.....
1835 5237 2055 5307 honore,
2096 5261 2112 5291 ι
2143 5242 2276 5295 scri-

670 5317 905 5373 bendum
943 5339 960 5372 ι
999 5325 1287 5391 equi.......
1315 5340 1500 5380 onere.
1546 5348 1562 5376 ι
1599 5326 1704 5383 Sed
1739 5335 2114 5402 nequicquam.
2154 5334 2276 5387 Ete-

672 5411 781 5465 nim
813 5413 1000 5469 scribit
1027 5414 1207 5472 Livius
1231 5418 1466 5473 Curtium
1503 5439 1520 5470 ι
1558 5436 1696 5490 equo
1724 5438 1877 5492 quam
1912 5423 2148 5477 maxime
2181 5442 2276 5494 po-

672 5513 806 5559 terat
856 5519 1050 5564 ornato
1103 5511 1383 5566 insedisse.
1451 5534 1468 5564 ›
1523 5513 1786 5568 Obscrvat
1833 5524 2008 5570 autem
2059 5516 2275 5572 Servius

673 5614 690 5646 ι
727 5600 984 5668 equitem,
1047 5620 1064 5651 ι
1112 5603 1398 5674 aliquando
1437 5605 1574 5674 apud
1609 5603 1887 5676 Virgilium
1931 5609 2069 5662 idem
2116 5617 2274 5678 atque

661 5703 853 5756 equum
885 5693 1196 5771 significare
1238 5697 1376 5768 (Liv.
1418 5699 1612 5754 Decad.
1657 5713 1690 5760 1,
1725 5698 1822 5763 lib.
1867 5717 1958 5766 vn,
1999 5717 2116 5773 pag.
2147 5700 2268 5756 106.

661 5777 839 5851 Virgil.
874 5783 974 5850 lib,
1020 5798 1073 5838 ιιι
1105 5786 1289 5859 Georg.
1323 5801 1375 5842 V.
1413 5789 1560 5850 “6)-

2451 4657 2778 4709 oraculornm
2810 4657 3274 4727 Amp/cibologiam,
3315 4670 3360 4713 et
3387 4663 3654 4730 defection.

2454 4768 2689 4822 'l‘ametsi
2714 4769 2777 4822 ad
2804 4770 3131 4839 probandam
3164 4773 3387 4826 deorum
3411 4775 3750 4842 prmsentiam
3778 4791 3885 4829 non
3912 4776 3999 4830 in-

2383 4859 2492 4913 fimi
2535 4864 2787 4915 momenti
2836 4865 2939 4914 sint
2979 4865 3212 4928 oracula,
3246 4866 3437 4935 quibus
3478 4882 3563 4920 res
3603 4867 3792 4922 futura:
3823 4872 3999 4925 modo

2382 4955 2561 5024 aliquo
2593 4972 2768 5009 rermn
2810 4967 3110 5010 creatarum
3143 4961 3248 5011 vim
3290 4971 3579 5029 superante
3618 4965 4004 5031 prmnuntian-

2377 5059 2495 5114 tur;
2528 5051 2774 5106 Ctecilius
2805 5054 3151 5108 nihilominus
3183 5072 3194 5107 :
3235 5072 3252 5104 ι
3292 5054 3608 5120 Prtedicta,»
3645 5057 3834 5126 inquit,
3877 5078 3896 5111 ι
3924 5060 4006 5114 de

2378 5144 2611 5197 oraculis
2643 5144 2745 5199 fata
2781 5147 3042 5201 transilio.
3080 5167 3096 5197 ι
3134 5147 3414 5204 Rationem
3439 5162 3614 5206 autem
3648 5154 4011 5211 continenter

2381 5234 2581 5302 reddit,
2606 5251 2702 5289 cur
2731 5240 2860 5291 tanti
2891 5239 3146 5307 ponderis
3171 5253 3542 5309 argumentum
3569 5247 3942 5313 prmtermittat
3981 5266 4001 5278 ·

2385 5348 2403 5380 ι
2442 5327 2517 5381 Ne
2543 5327 2716 5394 vobis,
2747 5350 2764 5380 ›
2797 5332 2863 5382 ait
2898 5331 3004 5396 ille,
3033 5349 3050 5380 ι
3084 5334 3372 5402 antiquitas
3395 5336 3616 5389 nimium
3647 5337 3886 5393 fabulosa
3914 5340 3977 5394 vi
3997 5373 4020 5383 ς

2378 5418 2569 5474 deatur
2603 5438 2616 5474 :
2650 5431 2703 5476 et
2734 5422 3275 5492 rectequidem.Nam
3296 5436 3494 5494 quanto
3523 5429 3830 5483 validiuscx
3852 5434 4013 5489 veris

2379 5515 2650 5583 Sacrisque
2675 5515 3059 5583 Prophetarum
3087 5527 3390 5572 nostrorum
3413 5523 3794 5592 oraculis,qu:c
3827 5524 4012 5579 οπερ-

2379 5615 2488 5660 tum
2523 5623 2676 5661 suum
2700 5609 2884 5662 sortita
2917 5619 3061 5675 sunt,
3090 5608 3155 5663 ad
3181 5611 3524 5666 asserendam
3553 5615 3865 5670 christiana:
3894 5631 3998 5670 re-

2381 5698 2592 5768 ligionis
2627 5701 2903 5755 veritatem
2946 5711 3344 5770 argumentum,
3393 5712 3450 5758 ut
3494 5705 3618 5760 alibi
3660 5705 4014 5780 videbimus,

2380 5792 2607 5856 eruitur,
2644 5802 2790 5846 tanto
2821 5791 2989 5846 levius
3019 5800 3072 5845 et
3105 5791 3332 5846 debilius
3362 5805 3465 5859 est,
3497 5795 3539 5848 si
3577 5797 3797 5850 oracula
3831 5797 4015 5854 fahu.
