4264 6258
309 250 424 306 600

1753 245 2224 304 IilSSER'l‘ATIO.

3523 250 3628 305 6l0

311 361 452 428 lusa,
476 360 659 429 dubia,
683 369 738 418 et
759 359 1174 432 amphibologia:
1201 360 1354 432 plena
1379 360 1502 415 sint.
1528 361 1737 417 Attalia
1763 363 1928 420 fuisse
1955 366 2003 425 Α
2035 363 2207 433 Pythii
2253 374 2507 431 responsa
2535 359 2812 427 conﬁnxit,
2841 375 2960 416 cum
2988 361 3096 431 jam
3122 361 3313 433 Apollo
3335 376 3524 421 versus
3553 368 3630 420 fa-

319 461 665 515 etlmicorum
695 459 915 514 oracula
943 459 1020 513 sic
1051 469 1275 514 eventus
1304 459 1568 530 probavit,
1597 470 1651 514 ut
1683 461 1732 514 id
1759 464 1925 516 threi-

308 555 416 609 lius
446 571 553 610 non
582 556 816 626 pomerii
845 554 1092 609 inticiari.

391 647 472 702 Ad
529 646 672 702 aliud
732 647 908 716 itaque
965 646 1203 716 confugit
1256 649 1730 719 propugnaculum,
1787 651 1928 705 unde

311 750 504 797 contra
549 739 974 795 Christianorum
1017 741 1247 810 impetus
1276 741 1407 796 deos
1446 757 1592 807 suos,
1635 758 1927 814 eorumque

311 835 726 905 superstitiosos
757 833 932 889 cultus
965 832 1172 888 felicius
1211 850 1268 888 se
1308 834 1652 890 defensurum
1699 838 1926 892 arbitra-

315 936 421 982 tur.
458 926 626 997 Urget
655 941 786 996 ergo
820 940 1100 994 reSponsa,
1131 941 1249 996 qum
1280 937 1428 981 vates
1457 928 1507 980 in
1549 930 1759 998 templis
1800 929 1926 984 red-

312 1019 446 1075 dere
489 1019 755 1073 solebant.
794 1018 1083 1073 Contendit
1133 1019 1274 1073 enim
1320 1019 1440 1073 illos
1486 1023 1536 1072 in
1589 1021 1774 1076 iisdem
1817 1023 1928 1076 suis

317 1110 553 1178 templis,
579 1110 667 1164 tibi
692 1109 822 1165 deos
853 1109 1095 1163 habitare
1116 1111 1496 1180 opinabantur,
1527 1112 1709 1167 divino
1739 1129 1924 1168 emunt

319 1202 502 1256 alllatu
523 1217 584 1256 ac
613 1202 832 1256 numine
856 1201 1042 1272 plenos
1069 1200 1243 1255 futura
1269 1203 1600 1269 praedixisse,
1627 1220 1687 1258 ac
1714 1205 1928 1262 dedisse

318 1293 583 1349 cautelam
617 1293 891 1362 periculis,
933 1292 1134 1346 morbis
1175 1292 1456 1358 medelam,
1502 1311 1651 1364 spem
1691 1296 1922 1362 affliCtis,

318 1396 374 1441 et
402 1386 520 1440 aliis
567 1385 817 1439 solatium
869 1393 962 1438 aut
1009 1386 1273 1438 levamen.
1311 1383 1502 1439 Verum
1545 1388 1815 1456 quomodo
1854 1389 1925 1442 dii

320 1479 398 1534 illi
446 1478 561 1533 lucc
614 1487 871 1548 prmstare
919 1478 1240 1547 potuissent,
1286 1495 1421 1548 quos
1464 1481 1723 1536 Minucius
1769 1483 1926 1552 plane

320 1573 534 1628 fictitios
564 1614 578 1637 ,
623 1573 907 1643 nullosque
935 1587 1055 1628 esse
1107 1589 1360 1642 perquam
1401 1575 1801 1631 evidentissime
1833 1579 1926 1632 de-

319 1674 716 1721 monstraverat
737 1665 759 1716 ?

393 1758 470 1814 Ne
500 1769 674 1813 tamen
721 1759 939 1828 petitam
978 1777 1042 1814 ex
1080 1759 1365 1825 vaticiniis,
1405 1761 1613 1815 illorum
1659 1761 1732 1814 uti
1776 1773 1922 1830 puta-

319 1849 446 1908 bant
475 1851 696 1916 ethnici,
737 1851 917 1905 afflatu
951 1853 1129 1917 editis,
1164 1855 1701 1923 argumentationem,
1736 1872 1924 1924 quam-

319 1946 404 1999 vis
427 1944 537 2014 jant
561 1959 822 2010 eversam,
856 1944 1110 2000 declinari
1138 1945 1385 2000 Car-cilius
1411 1959 1742 2009 causaretur,
1774 1949 1924 2017 plura

321 2035 528 2090 idcirco
567 2044 726 2103 atque
757 2035 1050 2090 celebriora
1089 2047 1266 2090 vatum
1308 2053 1562 2106 responsa
1616 2040 1922 2108 singillatim

320 2129 579 2190 conftttat.
633 2144 694 2184 ac
739 2128 1058 2184 Christianis
1101 2146 1378 2200 perperam
1423 2131 1581 2200 objici
1636 2133 1869 2188 ostendit
1912 2156 1923 2188 :

326 2241 344 2274 ι
393 2223 522 2289 Quae
551 2238 678 2277 vero
712 2263 726 2288 ,
759 2233 813 2277 et
842 2232 1038 2294 quanta
1074 2224 1142 2277 de
1166 2225 1396 2278 oraculis
1426 2242 1716 2296 prosequar
1742 2230 1764 2280 Υ
1803 2227 1931 2282 Post

324 2332 428 2372 ιιιοι
444 2326 548 2371 tem
581 2316 945 2387 Amphiaraus
972 2328 1197 2374 ventura
1224 2320 1516 2387 respontltt,
1547 2322 1634 2388 qui
1663 2322 1928 2388 proditum

325 2408 389 2463 iri
413 2424 471 2464 se
503 2409 569 2464 ob
594 2410 794 2464 monile
819 2411 887 2464 ab
909 2426 1076 2464 uxore
1103 2411 1345 2465 nescivit.
1388 2431 1406 2462 ι
1441 2411 1710 2483 Eriphyla:
1734 2431 1928 2469 nomen

323 2502 447 2557 huic
483 2503 582 2558 fuit
623 2504 937 2572 Amphiarai
973 2504 1144 2569 uxori,
1191 2503 1260 2559 de
1309 2520 1411 2575 qua
1461 2505 1700 2560 Cicero:
1747 2525 1765 2558 ι
1814 2507 1934 2562 Eri-

323 2596 539 2668 phylam
567 2598 879 2667 accepimus
920 2598 970 2652 in
1012 2597 1207 2652 fabulis
1247 2613 1308 2652 ea
1349 2598 1661 2668 cupiditate,
1709 2611 1763 2654 ιιι
1807 2617 1925 2656 cum

326 2689 551 2745 vidisset
596 2692 820 2756 monile,
855 2700 912 2744 ut
939 2691 1150 2758 Opinor,
1176 2705 1240 2745 ex
1268 2706 1400 2746 auro
1442 2700 1496 2746 et
1536 2695 1784 2762 gemmis,
1837 2715 1854 2746 ι
1900 2711 1928 2748 a

322 2782 578 2852 Polynice
605 2782 865 2846 oblatum,
889 2800 907 2833 ι
948 2783 1346 2853 pulchritudine
1373 2784 1488 2853 ejus
1517 2786 1754 2852 incensa,
1787 2786 1930 2842 Salu-

325 2885 431 2930 tem
481 2876 580 2929 viri
625 2875 879 2943 proderet
909 2876 1150 2947 iltjicer.
1192 2877 1286 2931 lib.
1327 2893 1402 2944 ιιι,
1433 2879 1484 2931 in
1518 2877 1769 2944 Verrem,
1810 2895 1928 2950 pag.

323 2973 452 3037 167,
487 2974 580 3028 lin.
616 2973 710 3045 5).
770 2974 876 3030 Sed
918 2975 987 3029 de
1033 2975 1362 3043 Amphiarao
1395 2976 1504 3044 jam
1545 2975 1932 3044 disputavimus

2029 470 2152 510 cere
2173 455 2442 508 desiisset.
2485 476 2502 506 ι
2539 455 2669 523 Qua?
2693 455 2876 525 procul
2905 454 3068 509 dubio
3097 455 3382 526 desumpta
3407 468 3536 513 sunt
3561 475 3628 514 ex

2033 547 2116 601 bis
2161 547 2438 602 Ciceronis
2477 549 2652 603 verbis
2697 567 2709 602 :
2751 569 2769 602 ι
2819 549 3143 604 Herodotum
3195 567 3260 603 an
3303 553 3628 608 veraciorem

2030 642 2223 694 ducam
2257 642 2462 695 Ennio?
2491 642 2626 695 Ntttn
2652 643 2827 696 minus
2851 642 2937 696 ille
2963 643 3136 711 potuit
3163 641 3229 696 de
3244 641 3446 711 Crasso,
3471 660 3630 714 quam

2030 733 2098 788 de
2129 734 2332 804 Pyrrho
2363 737 2560 804 tingere
2597 735 2834 789 Ennius?
2856 735 2986 801 Quis
3017 736 3156 789 enim
3190 745 3292 802 εει,
3326 737 3415 806 qui
3445 737 3632 793 credat

2033 826 2298 893 Apollinis
2322 841 2384 879 ex
2413 827 2634 881 oraculo
2667 827 2769 880 hoc
2795 842 2914 881 esse
2940 842 3289 896 rCSponsum:

2280 939 2371 988 Aio
2397 946 2466 999 te,
2489 940 2702 999 zEacida,
2723 940 2966 991 Romanos
2990 944 3194 992 vincere
3219 956 3381 1006 posse.

2033 1047 2269 1100 Primum
2296 1049 2455 1103 latine
2485 1066 2773 1119 numquam
2815 1050 3008 1120 Apollo
3047 1053 3259 1108 locutus
3289 1062 3393 1108 est.
3431 1054 3634 1110 Deinde

2035 1142 2132 1193 ista
2166 1155 2285 1194 sors
2313 1142 2544 1195 inaudita
2575 1141 2781 1197 Graecis
2823 1153 2924 1196 est.
2979 1144 3249 1198 Prmterea
3279 1145 3466 1216 Pyrrhi
3495 1157 3631 1202 tem-

2028 1232 2246 1301 poribus
2272 1233 2380 1301 jam
2406 1235 2597 1303 Apollo
2626 1249 2813 1288 versus
2835 1234 3016 1290 facere
3044 1236 3298 1291 desierat.
3325 1237 3631 1306 Postremo,

2033 1338 2353 1392 quamquam
2384 1339 2598 1394 semper
2627 1324 2725 1379 fttit
2751 1368 2764 1391 ,
2797 1335 2853 1379 ut
2883 1327 3023 1396 apud
3059 1328 3284 1382 Ennium
3318 1339 3401 1385 est
3431 1372 3443 1395 ,
3486 1332 3632 1386 stoli-

2033 1416 2159 1469 dunt
2192 1416 2531 1471 {liaculorum
2584 1435 2879 1487 genus.....
2923 1431 3099 1476 tamen
3133 1423 3271 1477 hanc
3299 1424 3636 1494 amphibolo-

2031 1510 2170 1578 giam
2209 1526 2392 1564 versus
2423 1512 2723 1583 intelligere
2764 1516 3029 1584 potuisset
3053 1557 3066 1578 ,
3101 1517 3317 1572 vincere
3354 1530 3404 1574 te
3433 1519 3635 1576 Itoma-

2034 1619 2153 1669 nos,
2187 1604 2352 1657 nihilo
2382 1608 2551 1675 magis
2581 1605 2633 1660 ιιι
2670 1622 2747 1670 se,
2779 1623 2938 1678 quam
2973 1609 3023 1662 in
3057 1609 3330 1665 Romanos
3358 1612 3631 1670 valere....

1955 1715 2000 1773 Β
2033 1693 2138 1750 Sed
2167 1697 2307 1765 quod
2351 1710 2511 1767 caput
2538 1713 2638 1764 est,
2673 1716 2769 1754 cur
2801 1704 2901 1755 isto
2932 1701 3093 1757 modo
3118 1704 3226 1772 jam
3260 1709 3472 1762 oracula
3511 1709 3633 1763 Del-

2029 1787 2150 1856 phis
2196 1805 2300 1842 non
2344 1790 2597 1857 eduntur,
2628 1808 2730 1847 non
2766 1794 2926 1849 modo
2961 1805 3139 1850 nostra
3171 1808 3349 1864 astate,
3393 1801 3485 1855 sed
3523 1801 3634 1872 jam

2028 1882 2153 1948 ditt;
2199 1883 2309 1953 jam
2363 1895 2418 1938 ttt
2473 1885 2600 1941 nihil
2643 1893 2812 1953 possit
2843 1904 2963 1945 esse
2991 1894 3352 1964 contemptius
3387 1915 3406 1949 ι
3437 1896 3632 1968 (Cicer.

2031 1975 2123 2030 lib.
2149 1993 2184 2030 ιι
2216 1977 2278 2030 de
2308 1976 2504 2047 Divin.,
2537 1997 2653 2051 pag.
2680 1981 2809 2048 296,
2845 1983 2941 2036 litt.
2977 1983 3093 2055 21).

2109 2069 2365 2140 lntelligis
2420 2087 2548 2127 sane
2601 2085 2854 2142 quantum
2906 2076 3128 2132 deducta
3183 2095 3244 2132 ex
3297 2080 3634 2139 etlmicorum

2030 2161 2261 2216 oraculis
2306 2163 2356 2216 in
2399 2164 2612 2218 illorum
2665 2167 2938 2237 religionis
2977 2170 3203 2239 gratiam
3242 2177 3636 2244 argumentatio

2034 2252 2102 2305 ab
2128 2253 2357 2320 ipsomet
2390 2257 2649 2311 Cicerone
2696 2260 3014 2316 inlirmctttr.
3047 2263 3111 2317 Et
3140 2275 3285 2320 certe
3315 2277 3510 2336 praeter
3552 2285 3638 2324 ra-

2036 2346 2208 2398 tiones
2254 2346 2323 2400 ab
2367 2362 2432 2401 eo
2477 2349 2689 2414 allatas,
2739 2353 2886 2407 solus
2913 2354 3000 2410 ille
3038 2359 3377 2414 oraculorum
3419 2371 3544 2419 ante
3581 2374 3636 2420 et

2035 2438 2202 2491 naulto
2254 2440 2423 2509 magis
2473 2450 2595 2510 post
2637 2443 2877 2500 Oratoris
2916 2457 3126 2503 a-tatem
3167 2450 3429 2519 defectus,
3474 2463 3636 2526 atque

2034 2543 2220 2583 eorum
2265 2531 2682 2604 ampltihologia,
2716 2537 3000 2593 manifeste
3037 2539 3367 2597 demonstrat
3399 2545 3530 2600 nihil
3566 2563 3635 2603 ex

2030 2623 2143 2677 illis
2174 2624 2224 2677 itt
2259 2626 2595 2680 ethnicorum
2640 2628 2913 2699 religionis
2953 2633 3176 2701 gratiam
3216 2650 3374 2704 posse
3415 2639 3630 2695 confici.

2033 2716 2199 2772 Recte
2231 2718 2390 2787 igitur
2418 2718 2540 2773 inde
2575 2730 2763 2775 contra
2795 2722 3069 2778 Caecilium
3107 2726 3350 2797 aliosque
3388 2730 3633 2786 ethnicos

2034 2825 2140 2863 non
2177 2810 2349 2863 solum
2382 2809 2664 2878 Minucius,
2697 2813 2788 2868 sed
2819 2815 2908 2869 alii
2935 2816 3480 2888 etiamantiquissimi
3512 2839 3634 2879 nos-

2037 2903 2102 2955 tri
2131 2902 2426 2971 scriptores
2456 2906 2811 2974 argumentati
2834 2918 2975 2974 sunt,
3005 2909 3078 2963 ttti
3111 2910 3236 2965 alibi
3265 2915 3632 2982 patefecimus.

2034 2995 2266 3050 Consule
2298 2996 2494 3062 adhuc,
2524 2997 2568 3052 si
2596 2997 2764 3060 lubet.
2797 3008 2956 3069 atque
2981 3011 3202 3068 attente,
3234 3005 3278 3058 si
3307 3015 3477 3069 vacat,
3523 3007 3636 3078 lege

324 3066 505 3140 (Tom.
541 3084 554 3122 ι
586 3068 834 3138 Apparat.
888 3067 984 3121 lib.
1034 3084 1110 3132 ιιι,
1144 3068 1359 3122 dissert.
1385 3067 1438 3133 2,
1472 3082 1589 3138 cap.
1623 3067 1713 3132 ‘20,
1742 3077 1845 3122 art.
1871 3067 1925 3134 2,

2035 3103 2154 3156 quae
2203 3088 2464 3142 Eusebius
2505 3089 2572 3143 de
2619 3092 2866 3158 oraculis,
2911 3108 3204 3164 eorumque
3243 3097 3636 3169 amphibologia

324 3176 445 3230 pag.
481 3159 666 3231 1117).
709 3159 900 3215 Citatis
947 3175 1109 3229 porro
1155 3160 1224 3214 ibi
1272 3160 1625 3228 scriptoribus
1671 3160 1928 3230 adjunge-

322 3270 442 3309 mus
493 3254 898 3326 Hieronymum,
942 3254 1034 3324 qui
1074 3254 1372 3320 Ciceronis,
1407 3253 1728 3324 Miauciique
1761 3255 1925 3309 nostri

323 3347 646 3402 sententiam
681 3347 762 3402 sic
787 3346 1102 3416 comprobat
1131 3363 1144 3400 :
1181 3363 1198 3395 ‹
1239 3345 1495 3417 Eripher
1525 3346 1720 3401 dicitur
1746 3348 1926 3416 prodi-

324 3441 469 3497 disse
494 3441 902 3510 Ampltiaraum,
928 3450 982 3496 et
1003 3441 1159 3495 saluti
1189 3441 1286 3495 viri
1317 3442 1516 3496 monile
1543 3458 1762 3496 aureum
1791 3459 1925 3512 pra:-

325 3535 507 3587 tulisse
547 3551 566 3584 ι
600 3533 965 3604 (Hieronym..
995 3533 1086 3588 lib.
1126 3549 1140 3586 ι
1171 3533 1288 3586 adv.
1317 3534 1578 3587 Jorinian.
1612 3537 1743 3588 circ.
1780 3535 1921 3605 litt.).

326 3625 456 3682 Vide
484 3626 683 3694 adhuc,
716 3627 759 3680 si
788 3627 988 3691 lubeat,
1021 3627 1072 3681 in
1114 3627 1304 3698 Odyss.
1358 3627 1574 3682 l-lomeri
1615 3629 1705 3683 lib.
1748 3645 1824 3698 iu,
1866 3645 1917 3684 ν.

322 3719 428 3774 525
455 3719 693 3783 scholia;
723 3728 777 3772 et
805 3719 856 3773 ιιι
880 3719 1088 3790 Virgilii
1117 3718 1208 3774 lib.
1234 3736 1286 3773 γι
1313 3718 1531 3775 ΔΕιιείά.
1587 3737 1637 3775 v.
1679 3722 1749 3776 44
1797 3724 1924 3778 Ser-

322 3813 393 3866 vii
429 3811 825 3866 annotationes.

395 3903 601 3958 Deinde
629 3918 755 3957 vero
787 3921 805 3954 ‹
841 3903 1092 3972 Tiresias,
1121 3927 1137 3957 ι
1162 3907 1236 3961 ait
1256 3914 1444 3961 auctor
1468 3915 1670 3974 noster,
1705 3928 1724 3959 ι
1747 3923 1922 3964 caicus

323 3998 499 4054 futura
548 3998 779 4062 videbat,
823 4000 909 4068 qui
951 4002 1232 4069 prazsentia
1281 4017 1385 4054 non
1430 4003 1661 4060 videbat.
1719 4024 1736 4054 ι
1769 4005 1925 4058 Prius

321 4100 499 4147 autem
533 4090 745 4156 Cicero,
790 4106 854 4145 cx
887 4108 992 4162 quo
1033 4109 1123 4146 sua
1159 4095 1246 4149 ille
1272 4094 1481 4148 videtur
1519 4095 1806 4161 delibasse,
1841 4097 1924 4150 di-

321 4194 462 4241 serte
492 4184 726 4240 aftirmat
757 4203 768 4238 :
815 4205 833 4236 ι
875 4189 1143 4256 Augurem
1191 4187 1477 4254 Tiresiam,
1515 4205 1672 4259 quem
1709 4193 1917 4260 sapien-

324 4289 428 4334 tem
477 4280 682 4349 lingunt
721 4289 914 4349 poetae,
963 4281 1529 4349 nttquamindttcunt
1558 4285 1925 4353 deplorantem

321 4372 615 4428 cazcitatem
659 4387 809 4426 suam
839 4393 858 4425 ›
891 4373 1024 4440 (Cic.
1057 4373 1148 4428 lib.
1184 4389 1213 4425 ν
1241 4372 1476 4440 Ἰἰιιιειιι.,
1511 4391 1629 4445 pag.
1670 4377 1788 4441 194,
1829 4377 1921 4430 lin.

325 4465 388 4518 17
419 4463 457 4534 ).
529 4464 814 4518 Poetarum
861 4475 1037 4518 autem
1096 4466 1313 4519 nomine
1351 4467 1392 4520 si
1434 4483 1642 4536 gnecos
1678 4449 1922 4539 compre-

325 4555 529 4617 hendit,
562 4556 852 4611 Homerum
886 4571 1070 4611 eorum
1100 4558 1395 4627 principem
1430 4558 1567 4613 haud
1592 4560 1750 4615 dubie
1781 4562 1924 4617 desi-

321 4660 465 4720 gnat,
513 4651 601 4720 qui
645 4650 866 4705 Tiresiae
908 4654 1200 4706 CtBCilulelll
1244 4652 1436 4722 Odyss.
1480 4667 1538 4715 Χ,
1569 4671 1619 4707 v.
1650 4654 1754 4709 492
1779 4655 1921 4711 θεοῖο

321 4743 420 4796 nit.
448 4742 615 4811 Hujus
644 4742 694 4796 in
723 4743 1110 4799 commentario
1137 4745 1258 4799 duae
1287 4745 1430 4800 illius
1461 4748 1718 4803 caecitatis
1746 4765 1922 4805 causa:

320 4837 691 4908 proferuntur.
734 4836 965 4892 Tertiam
995 4838 1214 4893 Ovidith
1245 4840 1547 4909 suppeditat
1582 4882 1594 4904 ,
1636 4843 1756 4910 quia
1800 4857 1921 4896 cum

319 4932 640 4988 sententiam
670 4931 735 4986 de
758 4933 999 4987 mulieris
1039 4934 1248 5002 virique
1296 4935 1571 5004 voluptate
1603 4947 1790 4991 contra
1832 4937 1924 4991 Ju-

321 5028 478 5082 nonis
530 5027 836 5097 opinionem
877 5029 1124 5094 tulisset,
1167 5031 1234 5082 ah
1269 5044 1332 5083 ea
1373 5038 1672 5084 excaecatus
1726 5030 1923 5085 dicitur

322 5118 614 5190 (0vid.lib.
642 5135 699 5173 ιιι
720 5118 1058 5191 ι11θιιιιιιονρ.,
1082 5120 1108 5191 §
1129 5121 1184 5185 .lt,
1213 5137 1331 5191 pag.
1355 5121 1458 5176 106
1480 5121 1923 5194 ctseqq.).Quar—

319 5221 424 5266 tam
466 5212 577 5275 alii,
618 5212 759 5283 quod
794 5212 1058 5268 lavantem
1089 5213 1379 5269 Minervam
1411 5214 1647 5269 vidisset.
1709 5217 1782 5271 De
1831 5217 1923 5270 illo

319 5306 442 5362 alibi
473 5307 830 5363 disseruimus
888 5309 1066 5380 (Tom.
1094 5327 1106 5364 l
1131 5310 1382 5380 Apparet.
1415 5310 1505 5364 lib.
1559 5328 1614 5364 ιιι
1641 5351 1654 5373 ,
1705 5311 1923 5367 dissert.

319 5400 374 5463 9..
404 5416 521 5472 cap.
549 5400 642 5465 20,
675 5411 780 5455 art.
810 5403 864 5466 4,
901 5419 954 5473 p.
979 5403 1165 5472 1186).
1191 5406 1258 5458 At
1290 5403 1413 5459 hinc
1454 5413 1602 5460 certe
1654 5405 1927 5474 intelliges

320 5510 425 5562 quo
469 5493 590 5562 jure
629 5493 891 5550 Minucius
941 5506 1122 5552 noster
1167 5497 1313 5551 illum
1367 5497 1713 5566 irrideat,qui
1751 5497 1919 5566 gloria

319 5587 478 5643 batur
521 5589 693 5643 futura
735 5589 1050 5659 prtevidcrc,
1082 5591 1174 5662 qui
1205 5591 1491 5661 praesentia
1534 5606 1639 5645 non
1680 5591 1917 5645 videbat.

394 5679 560 5749 Magis
600 5683 816 5745 serium,
869 5700 968 5740 nec
1008 5687 1182 5739 minus
1232 5701 1414 5741 verum
1463 5684 1590 5738 illttd
1637 5693 1738 5749 est,
1781 5683 1920 5750 quod

320 5771 660 5833 continenter
703 5775 898 5846 adjecit
941 5794 952 5831 :
995 5777 1068 5834 De
1092 5777 1300 5851 Pyrrho
1344 5796 1362 5829 ι
1413 5777 1618 5833 Ennius
1661 5776 1922 5848 Apollinis

2031 3197 2093 3235 ex
2129 3183 2374 3250 ipsismct
2399 3183 2628 3239 ethnicis
2655 3185 3007 3254 scriptoribus
3054 3189 3234 3244 retulit
3281 3191 3460 3261 (Tom.
3487 3209 3502 3246 ι
3531 3197 3638 3263 Αρ-

2028 3284 2226 3344 purat.,
2254 3289 2375 3344 pag.
2408 3275 2530 3330 770.
2565 3277 2761 3332 Euseb.
2798 3278 2890 3332 lib.
2923 3295 2951 3332 v
2989 3278 3225 3351 Prwpar.
3261 3281 3482 3354 Evung.,
3512 3300 3631 3356 cap.

2030 3366 2117 3427 18,
2152 3368 2218 3421 19
2247 3376 2303 3422 et
2333 3383 2453 3438 pag.
2482 3367 2589 3423 208
2630 3378 2682 3424 ct
2708 3385 2857 3441 seqq.
2907 3371 2979 3428 lib
3029 3389 3100 3441 Vl,
3140 3389 3260 3446 cap.
3297 3376 3348 3443 1,
3384 3392 3503 3448 pag.
3525 3379 3635 3435 256

2028 3470 2080 3513 et
2110 3458 2310 3532 seqq.).
2513 3515 2515 3518 .

2102 3552 2277 3608 Unum
2323 3555 2406 3609 his
2445 3555 2680 3626 adjicere
2726 3557 2878 3612 nobis
2922 3557 3097 3625 liceat,
3139 3575 3206 3615 ex
3245 3560 3431 3616 eodem
3462 3561 3637 3620 adhuc

2027 3647 2284 3703 Cicerone
2326 3649 2576 3719 decerpta
2615 3650 2801 3716 fuisse,
2849 3667 2968 3720 quae
3011 3654 3267 3707 continuo
3296 3653 3431 3710 dixit
3461 3656 3634 3711 Minu-

2027 3742 2142 3795 cius
2188 3762 2199 3796 :
2255 3743 2643 3798 Demosthenes
2673 3744 2813 3812 quod
2856 3747 3018 3800 sciret
3061 3762 3318 3817 responsa
3363 3751 3631 3817 simulata,

2025 3841 2326 3906 φιλιππίζειν
2380 3837 2628 3908 Pythiam
2697 3839 3042 3908 querebatur.
3106 3859 3124 3890 ι
3197 3841 3352 3910 Apud
3412 3843 3633 3899 latinum

2027 3930 2305 3982 enimvero
2329 3930 2607 3983 Oratorem
2640 3930 2832 3984 litteris
2860 3931 3168 3984 mandatum
3191 3932 3451 4002 legimus:
3483 3954 3502 3986 ‹
3535 3936 3635 3992 De-

2030 4020 2342 4075 mosthenes
2368 4021 2606 4090 quident,
2639 4023 2727 4092 qui
2755 4023 2822 4075 ab
2848 4021 2975 4075 hinc
2998 4038 3168 4078 annos
3194 4039 3358 4093 prope
3385 4042 3480 4082 ccc
3511 4028 3632 4096 fuit,

2025 4115 2134 4184 jam
2182 4125 2289 4168 tum
2337 4119 2643 4184 φιλιππίζειν
2675 4114 2919 4185 Pythiam
2953 4114 3186 4180 dicebat,
3234 4116 3287 4170 id
3333 4129 3434 4182 est,
3481 4120 3630 4188 quasi

2031 4223 2150 4261 cum
2203 4207 2450 4277 Philippo
2493 4208 2686 4262 facere.
2742 4207 2854 4261 lloc
2896 4216 3073 4262 autem
3119 4222 3184 4262 eo
3233 4211 3542 4280 spectabat,
3577 4223 3634 4268 ut

2031 4316 2149 4355 eam
2187 4316 2217 4354 a
2264 4300 2510 4369 Philippo
2551 4310 2859 4370 corruptam
2893 4299 3099 4356 diceret
3130 4299 3325 4372 (Cicer.
3363 4303 3451 4359 lib.
3485 4319 3518 4358 tt
3571 4305 3634 4359 de

2033 4393 2231 4459 Diem,
2265 4407 2384 4463 pag.
2419 4390 2547 4456 296,
2589 4393 2683 4446 litt.
2713 4390 2826 4461 58).
2862 4391 2998 4460 Quid
3039 4404 3217 4447 autem
3251 4393 3316 4447 ad
3354 4395 3631 4463 explican-

2028 4488 2150 4542 dam
2180 4487 2415 4549 auctoris
2461 4486 2628 4540 nostri
2676 4495 2910 4540 metttem
2943 4485 3162 4552 clarius,
3195 4497 3250 4543 et
3274 4486 3342 4542 ad
3382 4489 3631 4546 refellen-

2026 4580 2125 4635 dos
2151 4579 2394 4636 Gentiles
2425 4578 2658 4633 validius
2690 4578 2919 4648 proferri
2947 4581 3165 4648 potest?

2600 4720 2893 4760 ARTICULUS
2932 4720 3010 4758 Ill.

2030 4803 2348 4894 Proponitur
2379 4821 2570 4877 chilii
2597 4830 2972 4891 argumentum,
3003 4837 3102 4890 quo
3128 4821 3344 4888 probare
3371 4823 3547 4879 nititur
3569 4824 3630 4880 ob

2103 4916 2330 4987 auspicia
2358 4925 2402 4968 et
2434 4914 2650 4985 auguria
2681 4931 2712 4966 a
2751 4912 2996 4982 Sttlpitio,
3026 4912 3262 4979 Claudio,
3295 4913 3473 4978 Jtmio,
3506 4915 3633 4970 Flu-

2103 5009 2258 5062 minio
2304 5016 2348 5061 el
2376 5006 2559 5060 Crasso
2586 5014 2874 5074 contempta
2899 5046 2912 5067 ,
2963 5003 3314 5057 Romanorum
3360 5007 3630 5073 exercitus,

2100 5104 2196 5158 diis
2224 5101 2613 5165 vindicantibus,
2634 5110 2786 5170 atque
2813 5099 2939 5152 adeo
2969 5097 3342 5163 exsistentibus,
3371 5114 3550 5167 cwsos,
3573 5116 3634 5154 ac

2102 5197 2423 5267 pro/ligatos.

2099 5311 2264 5363 Instat
2301 5307 2475 5362 adhuc
2499 5305 2766 5371 Caecilius,
2809 5314 2863 5361 et
2906 5312 3226 5376 argumento
3269 5321 3334 5362 ex
3377 5307 3632 5377 auSpiciis

2025 5415 2080 5460 et
2109 5401 2349 5473 auguriis
2379 5401 2632 5466 deducto,
2667 5400 2798 5455 deos
2829 5414 3020 5470 reapse
3049 5401 3316 5456 exsistere
3351 5400 3634 5457 evidenter

2027 5495 2242 5567 probari
2275 5509 2433 5563 posse
2464 5496 2735 5562 opinatus,
2769 5491 2898 5546 illud
2930 5491 3090 5546 variis
3116 5492 3377 5562 exemplis
3419 5491 3634 5549 firmare

2025 5604 2089 5643 ac
2123 5587 2366 5642 stabilire
2394 5585 2610 5639 molitur
2652 5603 2663 5638 :
2697 5602 2714 5636 ι
2744 5583 3096 5654 Frequentius
3134 5603 3153 5636 ι
3185 5585 3406 5646 etenim.
3440 5600 3636 5655 quent-

2025 5679 2312 5736 admodum
2343 5677 2432 5732 ille
2454 5677 2711 5747 loquitur,
2764 5696 2782 5728 ι
2814 5693 2972 5748 quam
3024 5676 3356 5744 volebamus,
3406 5678 3630 5733 deorum

2025 5773 2367 5848 prtnsentiam
2399 5778 2704 5842 contempta
2737 5771 2975 5842 auspicia
3006 5778 3306 5829 contestata
3339 5779 3490 5827 sunt.
3543 5769 3636 5831 Sic
