4264 6258
658 265 758 324 till

1939 266 2025 324 DE
2066 263 2318 325 MlNUCll
2359 267 2654 328 OCTAVIO

3865 275 3970 332 6l2

659 388 794 443 Allia
826 385 1345 442 nomeniufaustum.
1385 405 1404 439 ι
1435 385 1849 442 Celeberrimam
1884 385 1952 441 ibi
1987 394 2139 440 notat
2169 385 2258 439 Al-
2287 385 2337 445 A
2366 387 2548 441 irrisit.
2578 409 2596 439 ι
2642 387 2770 456 Quis
2801 388 2993 445 horum
3035 389 3318 446 verborum
3359 404 3550 445 sensus
3582 392 3671 455 sit,
3707 399 3764 444 ut
3794 394 3969 460 porci-

657 483 885 536 licnscm
919 481 1150 546 cladem,
1192 498 1292 550 qua
1327 481 1602 535 Romanus
1643 482 1933 548 exercitus,
1963 481 2048 535 cui
2080 478 2261 548 Sulpi-

658 574 763 627 tius
810 575 1054 628 tribunus
1092 575 1318 627 militum
1368 573 1686 644 prmpo‘itus
1732 573 1926 637 fuerat,
1955 574 2020 628 ad
2064 571 2260 628 Alliam

658 664 882 731 flumen,
940 674 992 719 et
1045 665 1276 733 lapidem
1328 666 1691 729 undecimum,
1741 681 1770 718 a
1815 663 2005 730 Gallis,
2052 662 2263 718 Brenno

660 757 820 817 duce.
873 771 1043 810 CII'SUS
1094 757 1373 828 fususque,
1418 769 1471 811 et
1521 753 1660 812 Urhs
1711 758 1779 812 ab
1838 758 1902 812 iis
1953 766 2106 827 capta
2158 765 2262 811 est.

657 850 1018 916 Quamobrem
1051 849 1191 904 diem
1218 852 1390 918 illum,
1417 853 1610 922 dequo
1637 863 1809 906 tamen
1831 868 1938 906 non
1965 869 2067 906 una
2094 852 2264 923 scrip-

657 951 834 996 lorum
867 945 1105 997 omnium
1135 954 1217 998 est
1263 946 1550 1009 sententia,
1598 945 1736 999 int-er
1771 946 2048 1010 infaustos,
2094 955 2262 1011 atros,

663 1036 1007 1104 nefastosque
1038 1036 1291 1106 deinceps
1322 1037 1644 1091 habuerunt.
1691 1037 1758 1091 Et
1786 1046 1934 1092 certe
1970 1036 2159 1091 Cicero
2198 1036 2265 1091 ad

660 1127 898 1181 Atticum
930 1129 1146 1196 scripsit
1178 1144 1191 1179 :
1228 1147 1246 1178 ς
1284 1128 1510 1197 lllajores
1538 1129 1704 1182 nostri
1739 1128 2081 1184 funestiorem
2123 1128 2265 1183 diem

655 1237 778 1277 esse
811 1223 1098 1277 voluerunt
1138 1223 1390 1277 Alliensis
1436 1238 1650 1292 pugnat,
1679 1238 1839 1292 quam
1877 1222 2038 1278 Urbis
2063 1233 2265 1291 captze;

656 1314 778 1381 quia
831 1314 932 1368 hoc
982 1316 1180 1368 malum
1232 1329 1295 1368 ex
1342 1314 1467 1368 alio.
1509 1334 1526 1365 ι
1579 1315 1739 1369 Plura
1782 1315 1870 1384 qui
1917 1313 2265 1380 desiderabit,

655 1405 814 1462 adeat
863 1405 1070 1460 Livium
1106 1406 1320 1461 Decade
1363 1408 1418 1470 l,
1453 1406 1545 1461 lib.
1579 1423 1632 1473 v,
1676 1421 1798 1476 pag.
1833 1406 1902 1461 85
1934 1415 1990 1460 et
2013 1421 2170 1476 seq.;
2219 1412 2275 1460 et

657 1497 753 1551 lib.
803 1514 876 1564 vn,
924 1498 1041 1552 init.
1092 1513 1211 1569 pag.
1264 1497 1355 1553 92.
1405 1498 1713 1553 Cornelium
1763 1499 2004 1553 Tacitum
2053 1498 2144 1552 lib.
2197 1513 2271 1552 xv

656 1593 851 1645 Annal.
885 1607 1008 1663 pag.
1046 1593 1166 1658 195,
1213 1601 1267 1648 et
1307 1593 1400 1648 lib.
1441 1609 1478 1646 ιι
1513 1592 1674 1658 Hist.,
1706 1608 1826 1661 cap.
1870 1592 1993 1647 250.
2033 1591 2267 1648 Gellium

657 1683 750 1738 lib.
782 1700 834 1747 ν,
883 1699 1003 1754 cap.
1037 1685 1124 1738 17.
1156 1685 1482 1739 Macrobium
1517 1684 1614 1739 lib.
1656 1701 1671 1737 1
1713 1684 1984 1739 Saturnal.
2021 1698 2139 1752 cap.
2177 1684 2266 1737 17.

2367 479 2561 546 piatur,
2596 481 2988 536 observandum
3022 493 3102 536 est
3127 483 3266 552 quod
3300 483 3590 538 Suetonius
3637 485 3689 538 in
3719 484 3838 537 Vita
3859 483 3965 540 Oc—

2367 574 2489 626 tavii
2511 576 2732 643 Augusti
2758 574 2978 628 tradidit
3008 593 3020 627 :
3056 595 3073 626 ‹
3104 575 3306 640 Parthi,
3336 594 3354 626 ι
3382 576 3573 646 inquit,
3608 595 3626 626 ‹
3654 577 3963 632 Armeniam

2369 667 2652 721 vindicanti
2704 668 2859 723 facile
2905 678 3207 731 cesserunt,
3261 678 3314 724 et
3354 670 3502 740 signa
3540 670 3815 737 militaria,
3848 687 3967 741 qua:

2367 760 2437 812 Μ.
2469 760 2684 824 Crasso,
2718 771 2770 814 et
2794 760 2862 813 Μ.
2891 760 3127 816 Antonio
3149 762 3482 826 ademerant,
3517 765 3820 832 reposcenti
3850 765 3970 819 red-

2366 853 2618 907 diderunt
2646 873 2663 905 ι
2701 853 2881 925 (Suet.
2917 856 2968 908 in
3007 853 3123 908 Vita
3153 854 3536 927 0ctuvia.Aug.
3645 855 3760 927 2l).
3781 857 3859 911 Ex
3887 858 3968 912 his

2368 950 2565 1018 quippe
2597 950 2776 1004 verbis
2799 951 2974 1021 colligi
3004 960 3177 1020 potest
3207 953 3348 1006 hunc
3379 966 3499 1006 esse
3528 953 3767 1008 auctoris
3799 957 3966 1009 nostri

2368 1054 2621 1094 sensum:
2657 1041 2723 1096 Et
2767 1053 2822 1096 ut
2861 1057 2890 1096 a
2925 1042 3140 1098 Parthis
3191 1044 3339 1109 signa
3383 1045 3634 1099 militaria
3699 1049 3970 1118 Augustus

2369 1145 2696 1203 reposceret,
2731 1151 2794 1190 ea
2823 1133 3077 1199 Crassus,
3113 1137 3309 1206 spretis
3349 1138 3582 1192 dirarum
3617 1139 3968 1209 imprecatioa

2371 1225 2548 1289 nibus,
2579 1227 2851 1281 amiserat.
2875 1226 3003 1282 Inde
3033 1226 3222 1283 Cicero
3251 1230 3591 1299 paucioribus
3619 1232 3797 1286 verbis
3826 1235 3965 1288 idem

2373 1319 2647 1374 memoria:
2689 1321 3078 1375 mandaverat:
3133 1340 3150 1372 ι
3190 1321 3257 1376 Μ.
3305 1321 3500 1378 Crasso
3539 1324 3664 1394 quid
3711 1326 3972 1382 acciderit

2371 1411 2635 1479 videmus,
2666 1412 2902 1467 dirarum
2933 1415 3343 1469 obnuntiatione
3373 1417 3612 1486 neglecta
3646 1438 3664 1469 ι
3699 1418 3838 1489 (Cic.
3870 1419 3965 1474 lib.

2372 1519 2407 1558 ιι
2438 1505 2501 1558 de
2532 1506 2723 1573 Divin.,
2769 1522 2887 1578 pag.
2921 1507 3047 1573 260,
3093 1508 3186 1561 lin.
3222 1509 3363 1580 26).
3431 1509 3537 1565 Sed
3588 1509 3758 1566 fusius
3803 1523 3967 1569 totam

2373 1602 2509 1655 hanc
2525 1601 2802 1655 historiam
2819 1603 3219 1673 descripserunt
3245 1603 3564 1659 Plutarchus
3593 1606 3643 1659 in
3672 1607 3784 1660 Vita
3810 1607 3972 1662 Cras-

2368 1695 2411 1747 si
2447 1704 2574 1748 tom.
2607 1711 2645 1762 ι,
2683 1711 2798 1766 pag.
2970 1706 3023 1750 et
3053 1711 3206 1767 seqq.
3261 1697 3394 1751 Dion
3427 1695 3645 1752 Cassius
3677 1699 3770 1754 lib.
3802 1716 3967 1754 XXXIX

655 1779 1004 1834 Plutarchum
1031 1788 1158 1834 tom.
1187 1782 1290 1835 uin
1312 1779 1432 1835 Vita
1461 1779 1672 1835 Camilli
1702 1795 1822 1848 pag.
1859 1780 1952 1833 157
1986 1788 2040 1834 et
2068 1787 2198 1833 tum.
2233 1792 2268 1831 ιι
2298 1765 2345 1825 Β
2376 1785 2575 1840 Hister.
2631 1787 2816 1852 Rom.,
2870 1803 2991 1858 pag.
3027 1765 3214 1843 l2-liet
3242 1804 3395 1859 seqq.
3445 1788 3635 1845 Florus
3675 1792 3768 1846 lib.
3811 1808 3863 1846 1v
3901 1793 3968 1848 de

656 1873 859 1940 Qumst.
900 1872 1056 1926 Rotn.
1091 1889 1210 1942 pag.
1243 1872 1374 1927 269.

734 1965 848 2019 Alia
881 1965 1076 2019 deinde
1118 1966 1324 2018 funesta
1356 1974 1658 2032 spretorum
1698 1963 2080 2033 auspiciorum,
2110 1971 2268 2030 alque

661 2057 1009 2126 auguriorum
1064 2057 1308 2124 exempla
1365 2058 1615 2125 proponit
1665 2064 1921 2125 urgetque
1967 2053 2264 2108 Caecilius:

662 2169 680 2200 ι
707 2149 913 2204 Claudii
941 2158 994 2203 et
1030 2148 1172 2203 Junii
1213 2165 1318 2202 nou
1355 2149 1592 2217 prtelium
1637 2149 1687 2203 in
1718 2149 1936 2213 Poenos,
1978 2146 2071 2201 sed
2106 2145 2268 2199 ferale

657 2241 989 2312 naufragium
1020 2252 1101 2296 est
1131 2259 1142 2292 :
1175 2251 1230 2296 et
1258 2251 1315 2295 ut
1343 2241 2122 2312 'l‘brasytneuusliomanorum
2141 2252 2264 2292 san-

658 2334 820 2402 guine
848 2333 1017 2402 major
1052 2343 1216 2398 esset,
1262 2343 1317 2388 et
1353 2334 1593 2394 decolor,
1629 2333 1836 2402 sprevit.
1873 2331 2093 2399 auguria
2139 2330 2263 2384 Fla-

655 2427 871 2478 minius.
892 2445 909 2476 ι
937 2427 1065 2492 Qua:
1096 2425 1310 2495 quidem
1344 2426 1522 2488 omnia
1544 2423 1733 2479 Cicero
1764 2424 1924 2494 paulo
1951 2423 2266 2493 explicatius

658 2535 721 2574 ac
749 2520 1058 2584 dilucidius,
1093 2521 1180 2573 ubi
1215 2520 1440 2576 Balbum
1472 2520 1711 2576 Stoicum
1741 2519 1949 2584 eodem,
1995 2532 2057 2572 ac
2098 2517 2270 2572 Caeci-

657 2613 780 2675 lius,
833 2611 994 2667 modo
1043 2627 1139 2682 pro
1191 2611 1294 2666 diis
1344 2613 1457 2666 suis
1507 2611 1866 2680 disputantem
1915 2609 2267 2678 introducit;

665 2723 684 2755 ι
723 2704 866 2758 Nihil
892 2720 989 2758 nos
1011 2705 1072 2758 P.
1098 2703 1330 2772 Claudii,
1365 2704 1505 2759 bello
1530 2704 1731 2758 Punico
1761 2705 1956 2772 primo,
1994 2702 2268 2758 temeritas

659 2797 915 2862 movebit,
950 2797 1041 2866 qui
1066 2797 1224 2851 etiam
1260 2812 1354 2866 per
1378 2798 1560 2866 jocqu
1582 2797 1717 2852 deos
1746 2796 1996 2860 irridens,
2025 2809 2144 2849 cum
2173 2810 2267 2848 ea-

661 2906 760 2944 vea
813 2890 1024 2944 liberati
1080 2890 1206 2960 pttlli
1263 2907 1369 2944 non
1419 2898 1793 2960 pascerentur,
1851 2889 2018 2958 mergi
2068 2902 2164 2942 eos
2214 2889 2267 2941 in

660 2999 853 3054 aquam
895 2983 1077 3052 jussit,
1118 2991 1174 3036 ut
1215 2983 1460 3038 biberent
1486 2982 1738 3052 quoniam
1770 2996 1891 3036 esse
1921 2980 2144 3034 nollent.
2167 2979 2270 3046 Qui

663 3073 826 3135 risus,
855 3074 1031 3128 classe
1067 3072 1302 3140 devicta,
1347 3073 1541 3128 multas
1571 3073 1670 3142 ipsi
1702 3073 1987 3144 lacrymas,
2021 3085 2268 3141 magnam

659 3166 856 3235 pupulo
904 3165 1149 3220 Romano
1194 3166 1399 3221 cladem
1464 3166 1662 3220 attulit.
1721 3165 1858 3232 Quid
1906 3165 2109 3234 collega
2153 3164 2271 3228 eius

655 3259 846 3313 Junius
876 3258 1063 3313 eodem
1097 3259 1281 3314 bello?
1309 3259 1495 3313 Nonne
1523 3267 1841 3329 tempestate
1871 3259 2096 3313 classem
2127 3258 2265 3310 ami-

655 3351 744 3416 sit,
783 3367 904 3406 cum
933 3352 1186 3422 auspiciis
1226 3368 1333 3406 non
1366 3351 1668 3421 paruisset?
1705 3352 1889 3422 Itaque
1919 3351 1981 3405 P.
2013 3351 2270 3407 Claudius

663 3460 690 3497 a
738 3445 936 3514 populo
980 3445 1368 3499 condemnatus
1407 3456 1522 3510 est;
1554 3446 1742 3500 .lunius
1785 3461 1969 3501 necem
2013 3447 2126 3515 ipse
2168 3445 2270 3499 sibi

655 3537 938 3591 conscivit.
960 3534 1020 3592 C.
1066 3537 1388 3591 Flaminium
1416 3536 1686 3600 Caecilius,
1717 3537 1975 3608 religione
2002 3538 2268 3607 neglecta,

662 3629 924 3685 cecidisse
976 3629 1114 3699 apud
1162 3629 1592 3699 Thrasymenum
1643 3630 1848 3696 scribit,
1897 3646 2018 3684 cum
2073 3645 2266 3699 magno

658 3722 972 3792 reipublica:
1021 3721 1265 3776 vulnere.
1317 3720 1559 3790 Quorum
1605 3722 1769 3778 exitio
1821 3723 2041 3794 intelligi
2095 3732 2271 3793 potest

659 3831 845 3871 eorum
881 3816 1121 3887 imperiis
1162 3809 1568 3886 Ret'npublicam
1610 3815 2010 3886 amplificatam,
2044 3817 2131 3887 qui
2176 3833 2267 3872 re-

657 3909 942 3979 ligionibus
982 3909 1290 3979 paruissent
1341 3929 1360 3961 ι
1401 3907 1598 3980 (Cicer.
1632 3909 1724 3963 lib.
1757 3924 1792 3963 ιι
1839 3909 1901 3963 de
1945 3907 2076 3963 Nat.
2121 3909 2264 3965 deor.

658 4017 778 4072 pag.
809 4002 936 4067 2M,
982 4003 1076 4057 lin.
1118 4003 1231 4076 45).
1261 4003 1526 4074 Numquid
1567 4018 1697 4059 vero
1741 4003 1938 4058 auditis
1981 4003 2066 4058 his
2097 4003 2261 4058 Tullii

663 4094 864 4161 verbis,
893 4095 1085 4164 quibus
1110 4099 1288 4150 omnia
1318 4111 1347 4150 a
1376 4095 1590 4150 Caecilio
1619 4095 1759 4150 dicta
1791 4095 1952 4150 simul
1978 4096 2263 4150 continen-

663 4199 766 4251 tur,
798 4189 847 4243 ei
889 4204 1106 4259 prorsus
1137 4189 1508 4262 refragaberis,
1541 4189 1629 4260 qui
1659 4188 1723 4244 ad
1757 4190 1842 4244 illa
1872 4190 2120 4245 eumdem
2146 4189 2264 4244 Cae-

661 4281 843 4335 cilium
889 4283 1193 4351 respexisse
1228 4281 1623 4353 suspicabitur?
1664 4281 1818 4349 Quod
1857 4283 1900 4336 si
1933 4291 2113 4338 tamen
2142 4298 2266 4353 per-

659 4388 876 4427 suasum
911 4372 1108 4428 habeas
1136 4389 1258 4429 eum
1288 4373 1355 4428 ad
1398 4373 1500 4427 alia
1531 4385 1805 4443 spectasse
1834 4374 2075 4443 ejusdem
2107 4376 2262 4430 Cice-

2371 1879 2549 1934 Gestis
2570 1868 2751 1945 Retia,
2782 1895 2900 1950 cap.
2934 1881 3019 1935 11.
3044 1881 3330 1951 Eutropius
3353 1884 3443 1938 lib.
3473 1899 3528 1937 vt
3557 1884 3755 1938 Histor.
3783 1885 3967 1950 30:11.,

2370 1983 2496 2028 ante
2520 1973 2704 2029 finem.
2733 1973 2971 2029 Velleius
3001 1974 3317 2030 Paterculus
3347 1977 3438 2032 lib.
3472 1994 3508 2031 ιι
3534 1979 3666 2033 Hist.
3703 1989 3828 2035 ante
3859 1996 3972 2035 me-

2369 2067 2535 2132 dium,
2565 2075 2725 2135 at'pte
2755 2067 2845 2121 alii
2868 2068 3061 2137 quibus
3089 2068 3463 2138 adjuugendus
3487 2078 3570 2124 est
3596 2070 3841 2125 Valerius
3862 2071 3972 2125 Ma-

2370 2161 2799 2229 ximus,quieam
2817 2159 3328 2217 sicutiCaeciliushis
3344 2162 3519 2216 verbis
3543 2163 3770 2217 absolvit
3796 2181 3809 2216 :
3837 2182 3854 2212 ι
3881 2163 3974 2219 Sic

2365 2252 2438 2306 dii
2457 2252 2622 2322 spreti
2636 2253 3056 2320 excandescunt,
3077 2255 3153 2308 sic
3171 2253 3396 2308 humana
3411 2255 3628 2309 consilia
3642 2256 3975 2325 castigantur

2369 2345 2456 2400 ubi
2476 2346 2856 2400 secmlestibus
2871 2343 3165 2415 praeferunt
3199 2365 3214 2398 ι
3243 2345 3543 2418 (Val.Max.
3563 2347 3649 2401 lib.
3669 2363 3706 2412 ι,
3728 2363 3770 2401 c.
3795 2345 3824 2417 §
3853 2345 3970 2416 ll).

2976 2476 3263 2516 ARTICULUS
3294 2479 3367 2516 ιν.

2374 2574 2640 2640 Quomodo
2669 2574 2928 2629 Minucius
2956 2577 3187 2645 superius
3227 2576 3420 2632 chilii
3470 2587 3826 2648 argumentum
3855 2578 3971 2632 aliis

2445 2667 2651 2740 Reguli,
2704 2669 2958 2733 Mancini,
2999 2667 3174 2737 Pauli,
3208 2687 3266 2722 ac
3291 2668 3426 2724 Julii
3453 2670 3672 2726 Cwsaris
3702 2672 3969 2742 exetnplis,

2443 2767 2677 2834 funditus
2707 2773 2912 2830 evertat,
2955 2763 3037 2816 ubi
3078 2765 3140 2818 de
3179 2765 3429 2820 solistimo
3476 2767 3721 2836 tripudio.

2448 2876 2709 2946 Superius
2756 2876 2953 2932 Caecilii
3013 2887 3386 2947 argumentum
3442 2878 3751 2949 priusquam
3796 2878 3974 2934 solvat

2375 2967 2659 3033 Minucius,
2713 2969 2841 3022 illud
2873 2970 2950 3022 sic
2980 2969 3176 3038 repetit
3203 2987 3214 3022 :
3247 2990 3264 3021 ι
3290 2969 3544 3024 Claudius
3570 2980 3626 3025 et
3655 2968 3968 3035 Flaminius,

2375 3062 2638 3118 etJunius
2670 3061 2790 3116 ideo
2821 3063 3090 3118 exercitus
3119 3063 3492 3133 perdiderunt,
3527 3064 3670 3133 quod
3694 3065 3964 3134 pullorum

2376 3155 2694 3209 solistimum
2754 3154 3044 3225 tripudium
3102 3156 3521 3225 exspectandum
3580 3173 3686 3211 non
3747 3168 3967 3226 putave-

2376 3257 2520 3303 runt.
2546 3267 2564 3300 ›
2596 3248 2732 3316 Quid
2772 3250 2842 3302 sit
2879 3260 3057 3305 autem
3103 3249 3428 3304 solistimum
3463 3250 3751 3320 tripudium
3784 3266 3846 3305 ex
3879 3248 3972 3303 Ci-

2375 3357 2592 3406 cerone,
2625 3343 2713 3412 qui
2743 3341 2877 3397 illud
2906 3341 3181 3397 divinandi
3234 3358 3406 3413 genus
3445 3343 3713 3412 repudiat,
3761 3344 3971 3398 discere

2374 3436 2549 3505 quivis
2577 3435 2796 3506 poterit.
2827 3436 2918 3491 Sic
2944 3445 3121 3492 autem
3163 3435 3396 3492 Orator:
3436 3456 3454 3488 ι
3481 3437 3678 3492 Attulit
3716 3438 3770 3492 in
3807 3453 3968 3494 cavea

2373 3528 2546 3596 pullos
2600 3528 2662 3594 is,
2696 3531 2792 3596 qui
2812 3543 2879 3583 ex
2928 3545 2992 3584 eo
3031 3529 3147 3599 ipso
3188 3531 3497 3584 nominatur
3535 3529 3812 3599 pullarius.
3871 3531 3966 3586 Hac

2370 3633 2495 3677 sunt
2538 3623 2696 3693 igitur
2729 3637 2857 3677 aves
2909 3624 3251 3678 internuntia:
3301 3624 3481 3689 Jovis,
3526 3639 3648 3693 qua:
3683 3635 3968 3694 pascantur

2367 3730 2539 3771 necne
2568 3715 2698 3786 quid
2740 3714 2942 3771 refert?
2971 3717 3112 3770 Nihil
3144 3717 3212 3771 ad
3243 3716 3502 3787 auspicia.
3534 3717 3640 3772 Sed
3672 3718 3795 3787 quia
3832 3732 3954 3772 cum

2370 3819 2660 3877 pascuntur
2689 3822 2910 3863 necesse
2953 3818 3036 3862 est
3074 3808 3276 3878 aliquid
3305 3824 3374 3864 ex
3405 3823 3500 3864 ore
3530 3809 3748 3876 cadere,
3778 3819 3831 3863 et
3858 3819 3964 3863 ter-

2371 3919 2483 3959 ram
2543 3904 2743 3972 pavire,
2795 3905 3140 3974 terripavium
3201 3908 3395 3975 primo,
3440 3915 3558 3975 post
3616 3904 3969 3976 terripudium

2368 3996 2568 4052 dictum
2593 4006 2705 4063 est;
2743 3999 2845 4052 hoc
2869 3997 3082 4067 quidem
3106 3999 3216 4067 jam
3257 3998 3545 4069 tripudium
3579 3998 3794 4052 dicitur.
3827 3998 3963 4052 Cum

2368 4090 2525 4159 igitur
2573 4090 2676 4144 offa
2729 4091 2838 4160 jam
2895 4091 3039 4146 cadit
3066 4107 3131 4146 ex
3173 4108 3265 4148 ore
3309 4093 3464 4162 pulli,
3511 4100 3624 4146 tum
3666 4093 3967 4162 auspicanti

2369 4186 2655 4254 tripudium
2707 4187 3030 4242 solistimum
3083 4189 3342 4244 nuntiavit
3377 4208 3395 4240 ι
3432 4186 3644 4260 (Cicer.
3680 4191 3775 4244 lib.
3811 4204 3848 4242 ιι
3902 4189 3970 4242 de

2373 4277 2564 4343 Divin.,
2598 4296 2717 4352 pag.
2747 4281 2872 4346 289,
2908 4281 3000 4335 lin.
3045 4285 3114 4339 55
3146 4283 3186 4353 ).
3214 4283 3432 4338 Frustra
3474 4282 3636 4352 igitur
3661 4283 3879 4352 quidam
3911 4284 3966 4338 in

2367 4367 2600 4426 auctoris
2633 4376 2798 4428 nostri
2831 4385 2995 4440 textu,
3028 4376 3455 4430 solenmissimum
3489 4390 3586 4446 pro
3615 4376 3959 4442 solistimum,

661 4465 809 4519 ronis
842 4465 977 4531 loca,
1009 4466 1100 4520 ubi
1125 4481 1309 4521 rursus
1331 4465 1397 4520 de
1420 4467 1588 4520 tribus
1613 4467 1718 4520 illis
1742 4466 1988 4534 ducibus,
2020 4471 2113 4523 sed
2145 4469 2263 4524 bre-
2289 4458 2346 4518 Β
2368 4464 2563 4534 corrigi
2595 4466 2896 4523 voluerunt.
2940 4467 3071 4521 Nam
3103 4468 3205 4522 hoc
3236 4470 3449 4522 nomine
3474 4468 3693 4538 proprie
3716 4469 3849 4522 illud
3879 4470 3964 4523 si-

662 4556 780 4607 vius
809 4556 1011 4621 retulit,
1046 4556 1130 4610 vel
1162 4557 1250 4610 ubi
1279 4571 1523 4612 seorsum
1563 4557 1630 4612 de
1660 4557 1820 4612 Junio
1850 4572 1903 4612 et
1939 4559 2184 4627 Claudio,
2212 4571 2267 4616 et

661 4645 788 4699 alibi
819 4645 886 4699 de
912 4645 1172 4700 Flaminio
1211 4647 1396 4702 eadem
1439 4651 1688 4720 copiosus
1730 4654 1982 4712 narravit,
2021 4652 2112 4705 tibi
2157 4670 2261 4708 non

661 4740 880 4794 omnino
911 4742 1326 4812 repugnabimus
1350 4743 1540 4813 (Idem,
1581 4744 1674 4798 lib.
1711 4761 1743 4798 ιι
1763 4746 1824 4798 de
1853 4745 2106 4815 Divinat.,
2136 4765 2256 4822 pag.

661 4833 762 4889 281
801 4847 853 4889 et
879 4834 1010 4898 289,
1042 4852 1104 4891 ac
1132 4836 1225 4890 lib.
1260 4853 1307 4901 ι.,
1339 4852 1457 4906 pag.
1480 4837 1630 4910 268).
1669 4839 1742 4894 De
1767 4840 1870 4894 illis
1895 4851 2073 4896 autem
2101 4855 2266 4914 agunt

659 4945 874 5000 quoque
903 4928 1149 4985 Valerius
1175 4929 1455 4992 Maximus,
1486 4931 1936 5000 quemadmodum
1966 4932 2032 4988 de
2062 4935 2262 4991 Flami-

661 5024 749 5077 nio
780 5022 959 5076 Livius
981 5064 994 5087 ,
1027 5022 1366 5089 Plut-archus,
1405 5022 1619 5090 Florus,
1648 5035 1805 5094 atque
1838 5025 1888 5082 in
1917 5027 2102 5096 primis
2139 5027 2257 5084 Ovi-

659 5118 798 5181 dius,
829 5118 918 5186 qui
954 5117 1091 5172 hanc
1121 5119 1171 5172 in
1196 5133 1308 5172 rem
1342 5131 1608 5187 expresse
1638 5121 1834 5174 cecinit
1865 5138 1876 5173 :

785 5236 894 5301 Sint
918 5238 1000 5287 tibi
1023 5237 1292 5287 Flaminius
1311 5237 1748 5301 'l‘hrasymenaque
1768 5237 1932 5288 littora
1955 5243 2132 5301 testes,

844 5300 941 5349 Per
968 5301 1194 5351 volucres
1214 5315 1382 5363 {equos
1405 5300 1556 5351 multa
1576 5300 1786 5352 monere
1803 5302 1944 5352 deos.

1154 5383 1339 5449 (Ovid.,
1365 5385 1396 5433 Ι.
1420 5399 1467 5435 Vl
1489 5391 1616 5436 Fast.
1644 5401 1693 5448 p.
1713 5385 1849 5450 685.)

730 5487 836 5542 Sed
871 5488 937 5541 de
977 5488 1077 5542 hac
1106 5488 1329 5543 historia
1381 5489 1557 5544 adhuc
1598 5491 1650 5544 in
1705 5491 1953 5563 sequenti
1987 5491 2251 5549 disserta-

659 5579 825 5644 tione,
858 5578 1058 5649 aliquid
1087 5579 1241 5633 nobis
1285 5579 1594 5635 dicendum.

730 5671 1008 5724 Postremo
1039 5671 1317 5725 Caecilius:
1353 5689 1370 5722 ι
1400 5673 1464 5727 Et
1492 5681 1547 5726 ut
1587 5673 1816 5728 Parthos
1863 5675 2012 5745 signa
2046 5686 2254 5746 repeta-

658 5779 814 5830 mus,
856 5764 1098 5818 diraruut
1149 5764 1562 5831 imprecationes
1612 5764 1836 5820 Crassus
1886 5778 1940 5821 et
1971 5771 2165 5824 meruit
2203 5778 2256 5824 ct

2368 4557 2709 4626 gniticabant,
2746 4561 2884 4630 quod
2918 4576 2981 4615 ex
3014 4577 3109 4616 ore
3149 4562 3278 4630 pulli
3333 4562 3386 4615 in
3440 4562 3667 4616 solidum
3707 4561 3955 4617 cadebat.

2367 4651 2551 4722 Neque
2582 4654 2651 4708 ibi
2687 4663 2910 4720 tantum,
2945 4655 3041 4710 sed
3074 4657 3218 4724 prius
3248 4655 3440 4712 Cicero
3489 4655 3694 4712 dixerat
3727 4675 3740 4710 :
3771 4675 3788 4708 ‹
3825 4655 3966 4711 Nus-

2371 4748 2434 4802 tri
2462 4749 2676 4819 quidem
2707 4751 3047 4819 magistratus
3075 4750 3329 4820 auspiciis
3356 4760 3581 4805 utuntur
3611 4751 3842 4814 coactis;
3879 4765 3968 4805 ne-

2367 4858 2518 4897 cesse
2551 4844 2694 4897 enim
2719 4852 2821 4908 est,
2853 4843 2955 4897 oll'a
2978 4844 3208 4912 objecta,
3245 4845 3443 4898 cadere
3473 4844 3702 4898 frustum
3734 4860 3799 4897 ex
3837 4844 3964 4913 pulli

2367 4951 2480 4998 ore,
2512 4951 2632 4990 cum
2665 4937 2917 5005 pascitur.
2939 4936 3092 5000 Quod
3111 4945 3288 4991 autem
3316 4938 3576 5004 scriptum
3608 4936 3837 5001 habetis,
3867 4948 3959 4990 aut

2368 5030 2656 5101 tripudium
2689 5032 2823 5096 fieri,
2857 5031 2902 5085 si
2944 5047 3009 5084 ex
3036 5046 3098 5085 ea
3129 5029 3256 5101 quid
3297 5030 3349 5083 in
3402 5029 3636 5084 solidum
3667 5029 3957 5094 ceciderit,

2366 5121 2467 5176 hoc
2488 5139 2697 5194 quoque
2719 5123 2860 5193 quod
2885 5123 2992 5177 dixi
3016 5132 3284 5186 coactum,
3317 5121 3608 5189 tripudium
3635 5122 3962 5176 solistimum

2369 5213 2544 5268 dicitis
2583 5233 2601 5265 ι
2627 5213 2872 5286 (ibidem,
2910 5230 3031 5284 pag.
3063 5213 3192 5280 260,
3219 5213 3317 5268 lin.
3350 5213 3460 5283 15).
3480 5212 3584 5267 Sed
3607 5213 3675 5268 de
3703 5213 3784 5268 his
3812 5215 3963 5283 plura

2366 5307 2688 5373 Brissonius,
2722 5323 2842 5377 quat
2875 5319 2927 5363 te
2977 5308 3173 5378 legisse
3206 5305 3566 5377 proculdubio
3595 5321 3700 5360 non
3735 5307 3965 5376 paenite-

2358 5401 2433 5456 bit
2467 5400 2730 5471 (Brisson.
2775 5400 2866 5454 lib.
2902 5416 2919 5454 1
2950 5399 3211 5466 FormaL,
3261 5416 3382 5471 pag.
3417 5398 3566 5470 157).

2430 5491 2674 5547 Posdtaac
2703 5491 2967 5546 Minucius
2995 5491 3205 5561 objecta
3238 5508 3268 5547 a
3308 5491 3533 5547 Czecilio
3563 5493 3810 5562 exempla
3841 5492 3963 5547 aliis

2357 5585 2512 5656 plane
2541 5586 2822 5655 oppositis,
2846 5601 2964 5655 quac
2991 5600 3020 5639 a
3046 5583 3316 5657 Cypriano
3345 5585 3571 5640 totidem
3607 5600 3746 5655 pene
3774 5586 3960 5641 verbis

2361 5695 2458 5749 pro
2511 5694 2662 5734 more
2711 5678 2979 5750 descripta
3020 5687 3164 5745 sunt,
3209 5679 3448 5734 infirmat
3500 5679 3824 5748 penitusque
3873 5678 3967 5734 de-

2361 5772 2518 5827 struit
2563 5771 2840 5844 (Cyprian.
2887 5773 2977 5829 lib.
3024 5772 3087 5826 de
3141 5771 3279 5827 ldol.
3310 5773 3495 5841 ranit.,
3534 5788 3651 5842 pag.
3687 5772 3800 5842 15).
3835 5773 3968 5830 Nam
