4264 6258
365 313 470 378 613

1783 311 2250 371 DISSERTATIO.

3571 321 3678 384 6M

366 441 431 493 iis
473 438 756 508 perspicue
796 437 1131 494 demonstrat
1162 440 1276 494 sive
1307 433 1533 493 servatis
1587 431 1961 500 hujuscemodi
1992 432 2040 489 Α
2073 429 2276 496 (Aurel.
2335 428 2474 485 Vict.
2529 431 2592 485 de
2645 431 2781 487 Viris
2827 433 3040 500 illustr.,
3089 451 3207 505 cap.
3256 437 3394 508 59.)
3464 439 3672 495 l-Ttrnim

365 532 621 602 au-piciis
654 542 706 588 et
739 534 995 601 auguriis,
1047 535 1158 588 sive
1217 533 1411 598 spretis
1461 544 1521 582 ac
1554 526 1840 596 neglectis,
1880 537 1965 576 res

367 641 474 678 non
506 626 679 678 minus
719 623 966 688 feliciter,
1020 636 1112 678 aut
1141 624 1426 678 infeliciter
1480 619 1704 674 ducibus
1737 615 1962 684 quibus-

366 717 491 771 dam
553 716 796 771 cessisse.
853 716 1020 772 Recte
1066 733 1192 787 ergo
1246 717 1369 771 inde
1419 713 1593 782 arguit
1631 726 1697 765 ex
1752 710 1816 763 iis
1858 723 1962 761 non

368 825 529 879 posse
570 810 790 863 deorum
826 813 1168 880 praesentiam
1201 807 1581 865 demonstrari.
1614 805 1689 859 Ac
1733 804 1962 873 primum

364 902 616 972 quidem:
655 921 673 952 ‹
698 901 860 969 Quid,
885 923 902 952 ι
939 903 1128 972 inquit,
1176 923 1192 954 ‹
1215 901 1486 971 Regulus?
1521 898 1708 953 Nonne
1744 893 1963 960 auguria

364 995 618 1056 servavit,
651 1005 908 1064 etcaptus
931 996 1045 1049 est?
1072 1015 1089 1047 ι
1125 995 1239 1049 Jam
1269 1011 1396 1048 vero
1419 991 1753 1045 ostendzmus
1771 987 1836 1041 Μ.
1868 989 1965 1041 At-

365 1087 536 1141 tilium
569 1086 833 1156 Regulum
866 1101 894 1139 a
927 1086 1132 1151 Pcenis,
1165 1100 1298 1155 quos
1333 1084 1471 1137 haud
1519 1083 1684 1137 semel
1741 1081 1966 1142 vicerat,

363 1192 597 1250 captum,
639 1180 1118 1250 crudelissimaque
1145 1190 1316 1233 morte
1358 1180 1734 1245 interemptum
1781 1173 1965 1227 fuisse.

365 1270 527 1341 Atqui
567 1272 636 1326 ab
680 1272 772 1325 illo
818 1283 944 1326 ante
988 1272 1126 1326 hanc
1173 1286 1399 1341 pugnam
1433 1271 1650 1339 auguria
1695 1283 1844 1320 more
1877 1279 1964 1319 so-

365 1364 460 1418 lito
490 1365 795 1432 observata,
834 1379 900 1418 ex
930 1363 1078 1418 hisce
1104 1364 1277 1434 colligi
1312 1371 1485 1432 potest
1517 1360 1715 1415 Valerii
1746 1358 1966 1413 Maximi

368 1456 566 1519 verbis,
598 1456 797 1526 quibus
826 1455 997 1524 palam
1031 1455 1311 1524 profitetur
1341 1469 1398 1508 se
1431 1455 1640 1507 nescire
1671 1461 1844 1505 utrum
1878 1451 1966 1504 ille

372 1568 390 1602 ι
420 1551 471 1603 in
504 1551 608 1613 bis,
639 1565 757 1619 qua:
787 1549 852 1603 ad
881 1549 1176 1603 custodiam
1217 1549 1491 1619 religionis
1532 1547 1820 1614 pertinent,
1851 1560 1967 1599 om-

365 1657 460 1697 nes
502 1657 607 1696 non
656 1643 991 1711 pra‘cesscrit
1026 1661 1044 1693 ›
1083 1640 1284 1713 (Valer.
1322 1641 1485 1706 Μυκη
1531 1640 1621 1693 lib.
1661 1655 1697 1703 ι,
1756 1653 1872 1708 cap.
1911 1637 1964 1700 sl,

364 1734 392 1806 §
422 1736 530 1805 Μ).
561 1734 822 1802 Quocirca
854 1735 1182 1804 Augustinus
1215 1733 1338 1788 inde
1370 1747 1490 1786 cum
1525 1743 1746 1785 auctore
1774 1739 1963 1783 nostro

365 1829 636 1883 concludit
683 1827 944 1896 Regulum
985 1828 1232 1895 exemplo
1284 1841 1382 1879 suo
1431 1825 1719 1878 docuisse:
1769 1820 1958 1875 «Nihil

367 1922 499 1978 deos
542 1923 604 1976 ad
635 1924 787 1976 istam
833 1922 1180 1990 temporalem
1214 1921 1524 1975 felicitatem
1568 1919 1680 1974 suis
1710 1917 1966 1986 prodesse

372 2014 706 2077 cultoribus;
735 2013 1166 2083 quandoquidem
1200 2013 1288 2066 ille
1315 2027 1498 2066 eorum
1528 2010 1740 2065 deditus
1772 2010 1958 2073 cultui,

371 2113 428 2159 et
456 2105 650 2171 victus,
680 2113 732 2158 et
760 2104 1000 2172 captivus
1036 2104 1298 2157 abductus
1326 2120 1337 2155 :
1373 2112 1427 2157 et
1454 2103 1542 2172 qui
1578 2102 1746 2155 noluit
1789 2101 1960 2165 aliter,

365 2214 524 2268 quam
555 2213 647 2266 per
672 2211 765 2251 eos
787 2196 1083 2265 iuraverat,
1120 2196 1317 2259 facere,
1353 2210 1492 2249 uovo
1532 2210 1593 2249 ac
1634 2195 1778 2263 prius
1811 2195 1963 2246 inau-

365 2290 496 2355 dito,
527 2289 856 2357 niminun'pie
880 2289 1118 2342 horribili
1163 2288 1409 2358 supplicii
1439 2303 1638 2358 genere
1669 2287 1958 2350 cruciatus,

365 2382 661 2437 exstinctus
689 2390 771 2436 est
803 2381 1086 2450 i(August.
1120 2381 1208 2434 lib.
1240 2397 1253 2434 ι
1282 2381 1344 2434 de
1365 2378 1539 2446 Civit.,
1571 2393 1690 2449 cap.
1724 2379 1810 2442 15,
1846 2395 1964 2449 pag:

370 2472 495 2543 is).

437 2565 741 2623 Secundum
768 2566 1027 2620 Minucius
1053 2567 1356 2634 exemplum
1389 2565 1575 2619 statuit
1603 2565 1652 2618 in
1684 2563 1959 2618 Mancino:

372 2677 390 2710 ‹
419 2659 518 2725 Qui
551 2658 888 2727 religionem,
931 2678 948 2709 ι
985 2669 1038 2710 ιιι
1070 2658 1162 2711 ill‘e
1195 2659 1451 2728 loquitur,
1494 2677 1510 2708 ι
1549 2659 1735 2724 tenuit,
1782 2667 1835 2711 et
1866 2659 1966 2712 sub

361 2751 548 2822 jugum
580 2751 776 2803 missus
801 2760 903 2815 esr,
941 2760 993 2804 et
1042 2750 1274 2804 deditus.
1306 2769 1323 2801 ι
1356 2753 1425 2804 At
1453 2765 1581 2806 sane
1623 2763 1730 2820 quo
1771 2752 1967 2803 certius

366 2852 451 2898 est
497 2843 802 2897 Mancinum
859 2851 980 2912 post
1024 2843 1251 2895 infausta
1306 2842 1563 2898 adversus
1613 2841 1968 2896 Numantinos

368 2939 570 3007 prmlia,
619 2938 672 2991 in
717 2953 910 2992 eorum
948 2936 1232 2990 addnctuin
1295 2936 1457 2991 fuisse
1508 2938 1842 3001 servitutem,
1902 2951 1968 2990 eo

367 3029 515 3085 dictu
541 3025 836 3094 difficilius,
883 3044 985 3098 qua
1031 3030 1236 3082 ratione
1269 3029 1583 3097 religionem
1626 3027 1859 3081 tenuisse
1887 3027 1970 3081 di-

2082 541 2094 572 ι
2123 535 2338 578 senatus
2362 545 2378 576 ι
2417 535 2550 580 teste
2573 529 2730 580 etiam
2760 529 3150 595 PauloOrtisio,
3183 550 3199 580 ί
3225 531 3443 585 dissolvi
3477 533 3670 598 furius,

2070 627 2121 670 et
2164 617 2460 672 Mancinum
2507 621 2627 675 dedi
2659 621 2996 677 Numantinis
3031 627 3311 695 prarcepit,
3346 627 3435 697 qui
3468 627 3667 681 nudato

2069 722 2316 777 corpore,
2353 712 2595 766 manibus
2625 724 2745 782 post
2788 723 2992 783 tergum
3028 717 3302 781 revinctis,
3337 726 3460 772 ante
3491 729 3672 786 portas

2071 799 2514 857 Numantinorum
2569 807 2868 872 expositus,
2928 807 3103 876 ibique
3147 824 3315 878 usque
3363 811 3412 864 in
3461 821 3671 866 noctem

2073 910 2315 954 manens,
2350 911 2376 947 a
2412 896 2521 949 suis
2551 897 2818 963 desertus,
2848 899 2917 952 ab
2950 899 3190 954 hostibus
3211 914 3385 956 autem
3420 919 3524 957 non
3559 920 3676 958 sus-

2067 996 2277 1054 ceptus,
2339 989 2682 1058 lacrymabile
2725 992 2964 1061 utrisque
2993 995 3354 1061 spectaculum
3389 997 3618 1065 praabuit'
3651 1016 3668 1046 ι

2071 1078 2262 1146 (Oros.
2299 1080 2391 1134 lib.
2423 1097 2454 1133 v
2501 1081 2662 1147 Hist.,
2689 1098 2807 1152 cap.
2840 1085 2872 1138 4
2904 1082 2946 1156 )‘.
2997 1085 3184 1140 Nonne
3218 1103 3343 1157 ergo
3375 1097 3482 1141 tam
3517 1091 3675 1142 misc-

2070 1172 2257 1226 rabilis
2285 1173 2522 1227 consulis
2569 1176 2873 1244 exemplum
2921 1180 3090 1248 magis
3124 1180 3246 1234 l‘acit
3277 1195 3374 1249 pro
3419 1179 3636 1237 Ctecilio
3659 1225 3671 1246 ,

2071 1265 2160 1333 qui
2201 1281 2265 1319 eo
2322 1267 2591 1322 conficere
2639 1279 2850 1340 poterat
2901 1271 3202 1326 Mancinum
3256 1276 3417 1327 tantis
3472 1290 3671 1330 caesum

2070 1358 2235 1414 fuisse
2281 1361 2470 1431 plagis,
2514 1362 2635 1432 quia
2678 1362 2900 1418 deorum
2955 1363 3190 1434 au’spicia
3242 1377 3298 1422 et‘
3349 1368 3668 1438 religionem

2071 1453 2386 1522 Spreveral?

2146 1545 2343 1599 Verum
2396 1547 2617 1602 Orosius
2647 1548 2844 1604 ibidem
2890 1565 2987 1604 nos
3015 1552 3271 1607 admonet
3311 1553 3451 1609 hunc
3474 1571 3538 1609 ex
3568 1556 3674 1612 illis

2071 1653 2236 1691 unum
2267 1653 2407 1705 esse,
2434 1656 2462 1694 a
2512 1643 2704 1710 quibus
2739 1660 2758 1692 ‹
2780 1654 3038 1710 quantum
3079 1646 3128 1698 in
3163 1646 3290 1715 ipsis
3343 1645 3459 1709 fuit.
3493 1651 3673 1719 prodi-

2069 1731 2152 1799 gia
2185 1746 2249 1784 ex
2288 1746 2438 1785 more
2464 1741 2647 1786 curata
2691 1742 2818 1787 sunt
2850 1753 2869 1786 ›
2906 1733 3113 1807 (Ibid),
3136 1747 3190 1791 et
3221 1748 3396 1792 tamen
3425 1741 3492 1795 ab
3520 1757 3674 1795 arus-

2071 1821 2276 1891 picibus
2300 1822 2628 1878 fallaciarum
2661 1827 3018 1883 structoribus
3042 1827 3298 1899 deceptus
3331 1842 3435 1884 est.
3469 1833 3666 1900 Quam-

2070 1914 2256 1967 ohrein
2306 1917 2634 1984 Augustinus
2667 1916 2803 1972 ridet
2853 1919 2967 1973 lucc
2997 1921 3107 1988 ipsa
3140 1923 3381 1990 auguria,
3433 1925 3670 1994 petitque

2069 2020 2135 2057 an
2164 2005 2254 2058 alii
2290 2007 2414 2074 pulli
2447 2017 2638 2061 contra:
2665 2008 3002 2063 Numantiam
3036 2025 3410 2079 processerant
3433 2016 3667 2085 (Augus-

2071 2099 2166 2151 tin.
2195 2100 2287 2153 lib.
2314 2117 2368 2153 ιιι
2399 2101 2460 2154 de
2484 2100 2656 2164 Cwit.,
2682 2118 2800 2173 cap.
2831 2104 2892 2158 2|
2910 2148 2922 2170 ,
2959 2121 3078 2176 pag.
3104 2108 3220 2176 80).
3245 2109 3521 2178 Perpende
3541 2128 3670 2182 ergo

2070 2208 2136 2245 an
2167 2193 2441 2248 Mancinus
2478 2210 2541 2248 eo
2587 2211 2747 2250 sensu
2799 2198 3113 2268 religionem
3170 2201 3404 2256 tenuisse
3441 2202 3670 2270 dicatur,

2065 2287 2185 2355 quia
2222 2301 2370 2341 more
2403 2287 2561 2340 solito
2612 2289 3026 2354 sacrificaverat,
3056 2308 3119 2346 ae
3150 2290 3463 2350 fallentibus
3491 2312 3630 2368 augu
3657 2328 3666 2337 ς

2066 2379 2232 2443 ribus,
2285 2379 2520 2447 auspicia
2554 2380 2653 2433 sibi
2705 2386 2930 2449 prOpitia
2971 2398 3093 2437 esse
3137 2384 3454 2441 crediderit.

2137 2469 2350 2523 Certius
2402 2472 2580 2539 itaque
2635 2482 2717 2525 est
2765 2475 3100 2543 preposituni
3155 2476 3406 2531 deindea
3438 2477 3671 2534 Minucio

2069 2565 2378 2632 exemplum
2423 2564 2597 2628 Pauli,
2632 2565 2724 2633 qui
2768 2566 2906 2618 sicut
2954 2567 3040 2621 ille
3085 2568 3178 2630 ait,
3241 2587 3260 2618 ‹
3287 2570 3456 2638 pullos
3483 2571 3677 2628 edaces

2073 2657 2279 2722 habuit,
2307 2678 2323 2709 ι
2383 2669 2544 2727 atque
2593 2659 2712 2710 ideo
2755 2659 2964 2713 felicem
3020 2663 3220 2715 exitum
3264 2665 3674 2733 prmsagientcs,

2080 2771 2096 2802 ι
2123 2763 2295 2807 tamen
2321 2768 2441 2806 cum
2469 2753 2670 2822 majore
2693 2754 3004 2822 reipublicae
3034 2765 3180 2823 parte
3204 2768 3502 2825 prostratus
3526 2771 3624 2812 est.
3652 2780 3668 2810 μ

2079 2847 2148 2898 Ile
2181 2845 2448 2898 Cannensi
2491 2860 2663 2915 pugna
2698 2845 2955 2914 loquitur,
2994 2863 3153 2916 quam
3193 2866 3381 2902 oinnes
3419 2851 3676 2906 Romana:

2076 2937 2332 3001 bistorim,
2369 2939 2564 3006 aliique
2606 2939 2896 3006 scriptores
2928 2947 2979 2992 et
3010 2939 3193 3003 Paulo,
3228 2951 3282 2995 et
3307 2941 3563 2996 Romanis
3593 2942 3674 2996 fu-

2077 3029 2438 3083 nestissimam
2487 3029 2650 3082 fuisse
2683 3030 2932 3094 fatentur,
2981 3045 3042 3084 ac
3089 3031 3276 3085 Livius
3314 3032 3535 3087 Alliensi
3579 3050 3677 3088 no-

367 3133 539 3180 catur.
572 3121 783 3177 Ethnici
811 3121 1074 3191 siquidem
1106 3122 1396 3191 scriptores
1430 3122 1567 3173 haud
1597 3122 1826 3174 obscure
1857 3131 1964 3175 tes-
1993 3125 2038 3186 C
2074 3124 2276 3178 bilitate
2297 3139 2482 3192 parem
2530 3140 2651 3179 esse
2694 3136 2972 3180 asseverat
3008 3125 3148 3197 (Liv.
3205 3129 3300 3183 lib.
3330 3146 3457 3196 xxn,
3486 3132 3535 3203 §.
3562 3132 3676 3202 50).

371 3219 640 3273 tificantur
667 3218 816 3271 illum
840 3215 1039 3269 idcirco
1073 3215 1233 3267 tantis
1264 3214 1656 3267 ealamitatilms
1684 3213 1963 3278 afflictum,

367 3311 491 3382 quia
526 3311 710 3364 invitis
758 3323 819 3362 ac
853 3308 1240 3362 reluctantibus
1281 3308 1531 3376 auspiciis
1561 3307 1769 3377 diisqu'e
1823 3310 1964 3374 suis,

368 3402 565 3457 bellum
612 3409 944 3469 susceperat.
989 3399 1158 3461 Audi,
1211 3413 1424 3467 qumso,
1478 3399 1653 3452 Titum
1713 3399 1962 3453 Livium:

376 3499 476 3552 «Ο.
529 3495 752 3551 Hostilio
800 3494 1046 3548 Mancino
1075 3493 1295 3546 consule
1342 3493 1697 3556 sacrificante,
1735 3495 1858 3563 pulli
1892 3509 1960 3547 ex

369 3604 528 3644 cavea
567 3588 943 3649 evolaverunt;
1003 3584 1387 3639 conscendenli
1436 3585 1486 3638 in
1543 3601 1760 3647 navem,
1807 3595 1860 3639 ut
1915 3587 1966 3639 in

373 3681 682 3751 Hispaniam
707 3678 1160 3748 proficisceretur,
1190 3676 1384 3730 accidit
1409 3677 1578 3730 audiri
1611 3695 1622 3729 ;
1657 3673 1828 3738 Mane,
1856 3693 1970 3730 ma-

375 3792 462 3839 ne,
495 3774 773 3835 Mancine;
807 3788 924 3840 qua:
957 3771 1189 3840 auspicia
1227 3771 1395 3823 tristia
1431 3770 1594 3825 fuisse
1626 3781 1819 3825 eventu
1851 3786 1970 3839 pro-

374 3867 558 3920 batum
590 3874 669 3919 est
699 3882 715 3914 ι
756 3864 895 3934 (Liv.
927 3864 1076 3933 epit.,
1110 3863 1202 3917 lib.
1234 3862 1342 3930 Lv).
1377 3862 1616 3916 Valerius
1647 3873 1822 3916 autem
1867 3863 1976 3916 Ma-

374 3962 551 4014 ximus
593 3960 706 4012 luec
760 3957 914 4028 paulo
967 3958 1202 4020 uberius,
1254 3958 1446 4026 bisque
1500 3957 1678 4010 verbis
1733 3967 1972 4024 enarrat,

379 4054 642 4110 «COusuli
688 4053 949 4118 Mancino,
1011 4054 1061 4105 in
1122 4049 1426 4120 Hispaniain
1477 4052 1636 4113 ituro,
1683 4051 1797 4106 barc
1846 4066 1969 4118 pro-

373 4149 510 4219 digia
570 4148 904 4203 acciderunt.
965 4146 1094 4200 Cum
1156 4145 1356 4199 Lavinii
1410 4145 1729 4198 sacrificium
1788 4144 1970 4199 facere

374 4243 551 4306 vellet,
587 4239 712 4311 pulli
763 4255 922 4293 cavea
955 4240 1158 4301 et‘nissi,
1214 4239 1264 4290 in
1316 4239 1610 4307 proximam
1644 4237 1845 4308 sylvam
1892 4236 1972 4290 fu-

373 4343 586 4406 gerunt,
627 4348 946 4402 summaque
988 4331 1260 4402 diligentia
1316 4332 1546 4400 qttmsiti,
1606 4331 1829 4400 reperiri
1880 4346 1973 4385 ne-

372 4431 674 4500 quiverunt.
719 4428 960 4496 Cumque
987 4427 1054 4479 ab
1111 4427 1356 4480 Herculis
1386 4435 1562 4495 portu,
1595 4441 1702 4495 quo
1744 4425 1969 4496 pedibus

2077 3217 2170 3270 Rei
2220 3216 2380 3286 igitur
2420 3227 2582 3270 certa:
2632 3218 2944 3288 neminiqne
2995 3220 3279 3290 incognita:
3328 3223 3510 3290 plures
3560 3224 3674 3278 dari

2078 3317 2242 3363 testes
2289 3308 2422 3362 nihil
2475 3324 2697 3364 necesse
2746 3321 2848 3364 e5t.
2901 3311 3005 3366 Sed
3037 3313 3336 3369 audiendus
3374 3314 3552 3383 Cotta,
3589 3320 3676 3386 qui

2073 3401 2212 3470 apud
2241 3400 2557 3456 Ciceronem
2589 3402 2710 3456 inde
2733 3403 2906 3472 arguit
2932 3403 3128 3458 nullam
3160 3420 3282 3460 esse
3302 3405 3524 3462 deorum
3557 3423 3680 3477 pro-

2074 3493 2366 3546 videntiam
2409 3511 2421 3546 :
2466 3490 2522 3546 Si
2578 3494 2720 3547 enim
2759 3512 2776 3544 ‹
2803 3495 3111 3562 hominum,
3165 3498 3373 3567 generi,
3402 3517 3418 3548 ›
3472 3501 3678 3569 inquit,

2076 3591 2453 3655 consulebant,
2512 3607 2648 3645 «cur
2691 3592 2913 3646 Paulum
2948 3591 3147 3648 Canna‘.
3191 3595 3559 3650 sustulerunt?
3588 3612 3684 3652 cur

2077 3683 2365 3738 Pteuoruin
2406 3681 2706 3737 crudelitati
2739 3683 2952 3753 Reguli,
2993 3684 3058 3740 de
3101 3701 3207 3755 quo
3249 3702 3374 3741 mox
3417 3689 3678 3758 loqueba-

2076 3794 2215 3842 mur,
2268 3792 2464 3846 corpus
2487 3785 2570 3830 est
2623 3777 2992 3845 prtebitum?»
3045 3778 3180 3852 (Cic.
3243 3781 3316 3836 lib
3348 3798 3400 3835 ιιι
3446 3781 3508 3834 de
3551 3781 3681 3836 Nat.

2078 3869 2260 3934 Deor.,
2296 3885 2414 3940 pag.
2446 3869 2574 3936 252,
2606 3869 2702 3926 liti.
2737 3871 2768 3924 7
2795 3880 2841 3924 et
2874 3870 3052 3941 seqq.)
3093 3872 3230 3939 Quin
3263 3875 3422 3929 etiam
3457 3877 3687 3945 ipsemet.

2078 3961 2269 4018 Cicero
2299 3962 2424 4016 hinc
2452 3962 2724 4016 ceucludit
2757 3965 2904 4016 nulla
2956 3978 3077 4018 esse
3132 3964 3357 4021 deorum
3407 3971 3681 4038 auspicia,

2074 4056 2267 4126 quibus
2311 4055 2505 4108 Paulus
2535 4057 2727 4122 paruit,
2759 4070 2857 4108 nec
2887 4055 3064 4109 minus
3103 4056 3296 4110 cecidit
3327 4061 3378 4112 in
3414 4061 3684 4117 Cannensi

2077 4164 2247 4218 pugna
2272 4162 2391 4201 cum
2414 4147 2652 4200 exercitu
2677 4144 2868 4216 (Idem,
2891 4147 2981 4202 lib.
3008 4163 3042 4200 ιι
3062 4148 3125 4200 de
3150 4148 3386 4217 divinat.,
3406 4167 3526 4222 pag.
3553 4154 3681 4223 289,

2076 4241 2169 4295 lin.
2204 4238 2315 4311 2i).

2146 4334 2347 4389 Eodem
2388 4330 2564 4385 adhuc
2592 4331 2752 4386 modo
2785 4348 2845 4387 ea
2879 4332 3076 4388 ibidem
3104 4333 3411 4404 confirmat,
3445 4354 3562 4407 quat:
3591 4341 3676 4394 ul-

2077 4427 2206 4480 timo
2256 4426 2376 4479 loco
2415 4424 2483 4479 de
2532 4423 2672 4478 Julio
2719 4421 2931 4480 Czesare
2976 4436 3164 4480 auctor
3221 4439 3506 4496 memorat,
3558 4446 3680 4486 eum

373 4532 709 4592 pervenerat,
743 4536 935 4575 navem
981 4520 1390 4584 conscenderet,
1422 4520 1542 4573 talis
1577 4536 1677 4573 vox
1708 4521 1824 4574 sine
1856 4520 1966 4574 ullo
1995 4509 2048 4570 D
2076 4519 2427 4574 renitentibus
2485 4518 2784 4587 spretisque
2843 4520 3082 4589 auguriis
3135 4528 3186 4575 et
3235 4523 3517 4591 auspiciis,
3559 4534 3684 4580 ante

373 4626 588 4670 auctore
609 4615 675 4670 ad
707 4630 863 4668 aures
898 4613 1012 4682 ejus
1045 4613 1319 4682 pervenit:
1354 4611 1614 4679 Mancine,
1648 4629 1824 4666 mane.
1854 4613 1967 4680 Qua

374 4707 594 4762 territus
636 4723 755 4762 cum
806 4705 996 4759 itinere
1037 4720 1322 4767 converso,
1357 4703 1596 4760 Genuam
1633 4707 1885 4775 petisset,
1915 4715 1970 4759 et

375 4815 426 4853 ιιι
459 4798 710 4866 scapham
739 4808 879 4852 esset
915 4799 1207 4867 ingreSsus,
1240 4798 1427 4868 anguis
1457 4798 1667 4851 exin'iia:
1701 4799 1968 4868 magnitu—

373 4889 517 4945 dinis
555 4891 718 4952 visus,
769 4905 798 4944 e
839 4898 1130 4958 conspectu
1160 4890 1306 4942 abiit.
1370 4889 1506 4956 Ergo
1535 4905 1815 4942 numerum
1847 4905 1968 4957 pro-

373 4984 637 5056 digiorum
662 5000 884 5038 numero
904 4985 1267 5038 ealainitatum
1296 4984 1748 5053 :rquavit,infelici
1773 4999 1966 5054 pugna,

373 5079 511 5148 turpi
551 5077 773 5142 findere,
807 5077 1079 5138 deditione
1121 5075 1329 5130 funesta
1368 5075 1601 5148 i(V:iler.
1628 5076 1790 5140 Max.,
1818 5077 1968 5142 lib.l,

371 5182 488 5236 cap.
526 5166 642 5239 ας
697 5167 795 5237 7).
859 5167 1192 5236 Praecipitem
1238 5169 1451 5237 itaque,
1485 5168 1633 5222 addit
1677 5169 1797 5234 ille,
1853 5165 1976 5221 Fla-

373 5261 544 5326 minii,
576 5260 644 5315 de
689 5274 798 5330 quo
850 5261 1007 5329 paulo
1045 5270 1169 5315 ante
1204 5261 1579 5328 disseruimus,
1615 5276 1976 5330 vesanumque

373 5357 828 5425 perseverantiam
873 5353 1198 5408 subsecutus
1231 5365 1331 5408 est.

443 5448 726 5516 Quomodo
757 5449 916 5518 igitur
965 5450 1285 5520 religionem
1329 5450 1580 5514 servavit,
1614 5450 1702 5518 qui
1741 5467 1758 5498 ε
1782 5448 1972 5502 adver-

372 5555 491 5594 sum
535 5539 925 5605 Numantinos,
960 5559 975 5589 ι
1011 5542 1147 5594 sicut
1173 5541 1423 5596 Aurelius
1453 5540 1638 5595 Victor
1669 5539 1842 5594 adhuc
1866 5555 1980 5610 per-

373 5631 543 5692 bibet,
585 5650 602 5681 ι
627 5632 930 5686 venantibus
977 5631 1188 5696 avibus,
1217 5641 1272 5687 et
1305 5633 1484 5686 nescio
1517 5647 1620 5701 qua
1647 5647 1778 5686 voce
1819 5646 1978 5686 revo-

376 5726 535 5777 Cante
564 5722 927 5791 profectus....
961 5725 1012 5778 in
1047 5724 1193 5795 leges
1221 5723 1452 5779 hostium
1488 5724 1661 5778 foedus
1693 5724 1976 5794 percussit,

379 5829 486 5885 quo
516 5829 612 5885 per
640 5825 884 5872 senatum
903 5818 1225 5888 improbato,
1251 5816 1585 5874 Numantinis
1600 5815 1974 5874 deditusest?»

2074 4615 2319 4669 brumam
2367 4614 2417 4666 in
2464 4611 2702 4666 Africam
2752 4613 2982 4668 feliciter
3039 4616 3326 4687 navigasse
3369 4633 3432 4673 ac
3463 4619 3678 4674 vicisse.

2075 4705 2222 4759 Hanc
2284 4705 2565 4759 enimvero
2617 4704 2669 4758 in
2725 4720 2837 4759 rem
2882 4707 2998 4760 haec
3047 4707 3314 4776 ipsissima
3365 4720 3490 4766 sunt
3546 4712 3685 4768 illius

2074 4797 2316 4852 Oratoris
2361 4798 2560 4852 verba:
2602 4817 2618 4846 ι
2645 4797 2782 4865 Quid
2829 4798 2944 4868 ipse
2989 4795 3205 4854 Caesar?
3235 4802 3364 4855 Cum
3411 4819 3441 4856 a
3472 4820 3686 4860 summo

2077 4889 2360 4960 haruspice
2397 4901 2727 4953 moueretur,
2773 4908 2839 4946 ne
2889 4897 2938 4946 in
2985 4893 3220 4948 Africam
3266 4905 3392 4951 ante
3436 4899 3681 4954 brumam

2077 4984 2485 5048 transmitteret,
2538 4999 2720 5038 nonne
2775 4985 3108 5038 transmisit?
3153 4987 3303 5053 Quod
3335 4989 3386 5041 ni
3446 4991 3685 5062 fecisset,

2079 5092 2239 5130 unum
2274 5077 2323 5129 in
2359 5077 2532 5130 locum
2574 5092 2763 5131 omnes
2804 5077 3234 5132 adversariorum
3270 5081 3440 5147 cepim
3485 5099 3685 5140 eonve-

2080 5168 2286 5221 nisseut
2330 5188 2348 5220 ›
2377 5167 2588 5236 (Cicer.
2632 5169 2786 5234 ibid.,
2823 5184 2945 5238 pag.
2984 5170 3113 5233 286,
3157 5171 3255 5228 lin.
3295 5173 3362 5228 15
3392 5185 3445 5229 et
3475 5177 3682 5253 scqq.).

2079 5259 2215 5312 Tum
2251 5260 2336 5313 ille
2379 5261 2718 5314 continenter
2762 5262 2898 5326 btec,
2953 5277 3072 5331 qute
3111 5263 3178 5317 ad
3223 5267 3460 5322 auctoris
3511 5272 3682 5326 nostri

2084 5353 2418 5420 propositum
2445 5353 2673 5406 maxime
2714 5353 2935 5419 faciunt,
2974 5355 3169 5425 adjecit
3199 5375 3210 5411 :
3247 5377 3265 5408 ι
3289 5359 3424 5426 Quid
3454 5377 3554 5432 ego
3590 5363 3686 5416 ba-

2081 5447 2352 5516 ruspicum
2397 5461 2670 5515 responsae
2699 5461 3116 5504 commemorem
3152 5450 3400 5524 (possem
3432 5457 3686 5526 equidem

2081 5537 2532 5610 innumerabilia)
2576 5555 2695 5609 qua:
2726 5549 2816 5594 aut
2850 5541 3024 5597 nullos
3055 5543 3360 5602 habuerunt
3385 5551 3562 5607 exitus
3591 5565 3688 5610 aut

2082 5634 2420 5687 contrarios?
2449 5652 2466 5681 ›
2521 5631 2689 5686 Totus
2717 5649 2876 5702 porro
2908 5634 2994 5691 Iiic
3041 5647 3093 5692 et
3124 5637 3263 5694 alius
3299 5641 3690 5702 describendus

2086 5736 2228 5781 esset
2261 5728 2534 5782 Ciceronis
2563 5727 2721 5796 liber,
2753 5729 2795 5783 si
2829 5731 3009 5785 omnia
3037 5733 3239 5790 referre
3271 5737 3551 5806 vellemus,
3581 5742 3691 5810 qui-

2087 5819 2186 5876 bus
2211 5819 2516 5890 hujusmodi
2541 5821 2926 5893 auspiciorum,
2947 5825 3279 5900 aliarumque
3301 5831 3691 5900 divinationum
