4242 6222
607 190 666 247 61
677 190 709 243 ὃ

1884 185 1972 241 DE
2010 180 2270 241 MINUCII
2300 181 2601 239 OCTAVIO

3808 173 3913 231 616

607 304 896 360 vanitatem
936 302 1287 359 demonstrat.
1318 300 1424 359 Sed
1450 300 1573 373 quia
1600 300 1651 358 id
1680 299 1889 372 longius
1927 301 2082 367 foret,
2132 300 2196 354 ad
2226 310 2273 364 Α
2302 298 2446 368 guit?
2467 298 2656 351 Nonne
2682 293 2813 350 satis
2843 300 3027 364 aperte
3060 290 3339 349 declarare
3366 290 3583 347 videtur
3609 289 3909 362 prioribus,

610 397 752 452 hunc
799 397 1012 463 librum,
1042 395 1394 463 eamdemque
1423 397 1492 450 ob
1519 410 1733 449 causam
1766 395 1831 448 ad
1874 394 2162 447 Eusebium
2185 436 2198 459 ,

610 500 664 546 ct
712 490 1087 561 Augustinum,
1133 489 1388 544 adversus
1420 489 1506 543 illa
1548 489 1794 542 similiter
1830 488 2200 558 disputantes,

611 585 931 640 mittendum
958 595 1010 638 te
1036 598 1155 638 esse
1176 583 1340 638 satius
1361 583 1611 637 duximus
1633 583 1855 655 (Euseb.
1883 583 1974 637 lib.
1998 598 2035 637 ιι
2059 581 2205 636 Prw—

612 694 725 749 par.
759 676 983 747 Evang.,
1018 691 1136 743 cap.
1178 678 1199 728 ’i
1228 686 1284 731 et
1328 692 1502 746 seqq.,
1537 690 1653 745 eap.
1694 677 1760 730 15
1793 685 1845 730 et
1873 692 2059 746 seqq.;
2093 678 2203 729 At:-

608 771 807 842 gustin.
851 770 945 825 lib.
980 785 1031 823 tv
1061 771 1123 822 de
1152 769 1326 833 Civit.,
1354 784 1453 838 cap
1478 768 1567 836 ‘29,
1603 784 1719 839 pag.
1756 769 1857 824 109
1888 778 1941 823 et
1971 784 2122 839 seqq.
2154 778 2208 823 ct

605 863 700 917 lib.
722 863 786 917 de
812 861 952 926 Din,
973 870 1104 916 tom.
1141 877 1211 927 vt,
1238 876 1358 931 pag.
1382 861 1486 915 505
1506 872 1560 916 et
1584 859 1787 932 seqq.).
1819 862 1892 915 Ex
1924 861 1986 915 iis
2007 870 2209 930 autem,

607 967 767 1028 atque
789 974 853 1011 ex
883 957 1139 1012 hactenus
1162 956 1468 1026 disputatis,
1497 955 1602 1010 cito
1631 956 1891 1025 facileque
1911 954 2204 1024 perspicies

607 1068 764 1122 quam
797 1052 1005 1105 infirma
1036 1047 1319 1104 sitCmcilii
1346 1059 1401 1104 et
1424 1049 1650 1102 aliorum
1678 1048 1955 1118 gentilium
1983 1047 2048 1101 ad
2080 1062 2205 1116 pro-

606 1145 835 1201 bandam
861 1144 1083 1200 deorum
1115 1158 1334 1198 suorum
1367 1142 1707 1211 praesentiam
1738 1140 1965 1196 deducta
2006 1156 2076 1195 ex
2108 1156 2202 1194 au-

605 1242 772 1315 guriis
806 1250 861 1297 et
889 1240 1140 1311 auSpiciis
1189 1239 1601 1310 argumentatio.

1213 1370 1440 1427 CAPUT
1469 1371 1589 1425 ΧΧ.

612 1525 944 1567 EXPENDITUB
988 1523 1281 1565 GENEBALIS
1315 1522 1515 1562 MINUCII
1552 1521 1854 1572 RESPONSIO,
1907 1522 2010 1569 QUA
2054 1521 2202 1561 MIRA-

680 1625 835 1671 CULA,
869 1623 1129 1671 ORACULA,
1164 1620 1420 1668 AUSPICIA,
1452 1620 1700 1667 AUGURIA,
1733 1618 1943 1663 SOMNIA.
1978 1618 2045 1656 ET
2080 1617 2199 1655 ALIA

2309 392 2398 462 qui
2447 392 2497 444 iit
2543 406 2627 454 ea,
2676 404 2779 459 qua
2822 388 2990 443 creati
3036 387 3266 451 fuerant,
3309 385 3591 440 sanctitate
3635 394 3691 439 et
3741 386 3913 454 gratia

2311 492 2744 556 perseverarunt,
2780 481 3079 550 simplicem
3109 480 3329 533 omnino
3348 478 3530 543 fuisse,
3554 478 3911 547 spiritualem,

2310 586 2363 633 et
2388 576 2455 631 ab
2471 578 2615 631 omni
2638 590 2858 645 prorsus
2880 590 2937 629 re
2960 587 3217 641 corporea
3237 580 3498 626 secretam
3528 563 3912 626 substantiam?

2312 671 2442 739 Qua:
2468 658 2610 725 enim
2663 669 2767 724 alia
2805 683 2835 722 a
2865 668 3013 732 mali,
3061 667 3151 735 qui
3205 664 3447 735 ejusdem
3484 680 3605 719 cum
3660 664 3766 719 illis
3814 680 3913 718 na-

2316 776 2450 822 tura:
2496 775 2688 831 erant,
2742 766 2844 819 nisi
2872 763 3186 834 simplicitas
3225 760 3524 815 sanctitatis
3561 760 3759 814 amissa
3809 760 3915 816 dici

2315 864 2532 931 potest?
2558 860 2691 915 Nattt
2732 874 2827 914 eos
2874 868 2993 927 post
3038 866 3314 924 peccatum
3361 862 3523 908 vocat
3551 853 3727 908 adhuc
3760 872 3778 903 ι
3806 854 3919 922 spi-

2311 955 2476 1019 ritus,
2512 972 2529 1003 i
2573 952 2668 1007 sed
2701 950 2931 1006 terrenis
2984 948 3191 1002 labibus
3223 956 3277 1001 et
3318 944 3706 1015 cupiditatibus
3732 945 3917 1015 degra-

2312 1054 2480 1098 vatos.
2512 1043 2629 1097 Nntt
2662 1045 2810 1112 plura
2838 1042 2913 1096 ibi
2952 1040 3041 1095 ille
3075 1038 3295 1093 tradidit
3334 1038 3403 1093 de
3448 1037 3662 1092 illorutn
3694 1048 3879 1092 natura
3900 1081 3915 1105 ,

2308 1137 2376 1192 de
2424 1152 2526 1207 qua
2554 1153 2652 1191 nos
2698 1138 2748 1191 in
2793 1135 2956 1205 priori
2988 1134 3288 1203 Apparatus
3319 1140 3488 1199 tomo,
3527 1141 3582 1187 et
3612 1132 3664 1185 in
3692 1146 3918 1202 sequeno

2304 1228 2447 1283 tibus
2485 1226 2951 1282 dissertationibus
2983 1224 3172 1296 (Tom.
3228 1239 3244 1277 ι
3290 1224 3571 1293 Apparat.,
3625 1238 3745 1293 pag.
3782 1223 3919 1279 191-

2305 1320 2411 1374 555
2440 1330 2491 1373 et
2514 1334 2663 1388 seqq.
2696 1318 2801 1372 938
2829 1326 2883 1371 et
2913 1313 3112 1386 seqq.).
3140 1314 3250 1370 Nec
3280 1314 3448 1385 magis
3473 1314 3755 1370 enucleate
3776 1315 3921 1371 edis.

2307 1412 2495 1475 seruit,
2544 1426 2662 1480 quae
2692 1409 2799 1463 sint
2826 1409 2932 1462 illae
2957 1418 3183 1462 terrente
3216 1406 3383 1471 labes,
3411 1406 3605 1476 quibus
3630 1408 3905 1476 pristinam

2306 1506 2619 1561 substantia:
2650 1505 3047 1575 simplicitatem
3080 1505 3395 1559 amiserunt.
3422 1503 3561 1558 Nulli
3594 1514 3770 1559 tamen
3810 1506 3912 1559 mi-

2306 1613 2425 1651 rum
2455 1598 2506 1651 id
2539 1612 2658 1652 esse
2680 1596 2859 1662 debet,
2890 1595 3321 1667 quandoquidem
3352 1594 3419 1649 ad
3453 1593 3746 1651 refellenda
3777 1612 3916 1651 vana

677 1715 1143 1756 EXTRAORDINABIA
1170 1714 1305 1752 APUD
1343 1711 1600 1752 ETttNtcos
1630 1712 1944 1760 racra,sou
1975 1711 2043 1749 ex
2073 1708 2203 1749 nso-
2232 1711 2278 1768 B
2308 1691 2659 1745 Ethnicorum
2699 1699 3010 1760 argumenta
3059 1689 3158 1744 sibi
3203 1690 3333 1743 satis
3375 1702 3498 1744 esse
3540 1691 3744 1758 putavit
3776 1690 3915 1745 indi-

677 1812 782 1850 RUM
814 1809 1022 1849 SUORUM
1051 1807 1378 1856 POTESTATE,
1410 1806 1505 1845 SED
1528 1806 1795 1845 Dsl-ZHONIJM
1824 1803 2117 1844 FRAUDIBUS
2134 1802 2198 1842 AC

678 1900 983 1942 PKESTIGIIS
1022 1900 1288 1940 PROFECTA
1316 1898 1437 1937 ESSE
1467 1898 1841 1937 DEHONSTRAT.

1129 2038 1419 2078 ABTICULUS
1463 2038 1671 2076 PRIMUS.

610 2166 824 2232 Qualem
864 2163 1125 2218 Minucius
1157 2162 1403 2229 putaverit
1450 2176 1555 2213 esse
1595 2160 1884 2213 dwtitonum
1930 2167 2199 2222 naturam,

677 2271 721 2315 et
766 2276 919 2330 quam
960 2268 1093 2312 recte
1137 2255 1265 2309 dixit
1304 2255 1421 2307 illos
1461 2255 1639 2324 poetis,
1691 2252 2027 2323 philosophis,
2063 2268 2121 2303 ac
2150 2251 2203 2303 in

676 2353 855 2422 primis
896 2349 1104 2403 Platoni
1147 2358 1193 2402 et
1238 2348 1473 2411 Socrati,
1522 2356 1672 2414 atque
1727 2346 1879 2398 etiam
1930 2343 2097 2414 Magis
2144 2359 2204 2395 ac

679 2445 936 2515 praecipue
981 2441 1220 2495 Holstam'
1250 2440 1407 2509 fuisse
1437 2439 1688 2509 cognitos.

675 2607 818 2675 Quas
860 2604 1122 2659 Minucius
1148 2602 1454 2672 singillatim
1487 2607 1753 2654 everterat
1803 2596 2000 2652 Crecilii
2033 2605 2197 2652 etule-

604 2712 897 2768 rorumque
923 2695 1207 2767 gentilium
1249 2692 1760 2763 argumentationes,
1791 2689 1887 2743 has
1915 2690 2056 2759 ipsas
2087 2692 2200 2745 sive

603 2805 670 2846 ex
700 2789 951 2859 auspiciis
995 2798 1051 2841 et
1078 2785 1334 2857 auguriis,
1373 2787 1486 2837 sive
1528 2798 1596 2837 ex
1628 2781 1856 2836 oraculis
1885 2790 1939 2836 et
1971 2781 2198 2850 prmdic-

606 2882 858 2947 tionibus,
887 2880 999 2935 sive
1023 2896 1086 2935 ex
1123 2877 1347 2934 somniis
1392 2886 1446 2931 et
1497 2874 1616 2929 aliis
1646 2874 2073 2945 quibuscumque
2101 2889 2199 2928 ex-

606 2975 974 3031 traordinariis
1013 2972 1238 3037 ell‘ectis,
1284 2969 1557 3040 prodigiis,
1583 2979 1742 3037 atque
1774 2974 1946 3031 veris,
1994 2967 2069 3021 uti
2101 2982 2200 3036 pu-

2308 1797 2430 1837 Cill‘e
2459 1792 2670 1852 quantae
2698 1782 3027 1848 subtilitatis,
3056 1780 3311 1852 agilitatis
3338 1794 3402 1836 ac
3426 1782 3698 1837 tenuitatis
3716 1783 3786 1837 sit
3806 1782 3915 1838 dan-

2309 1891 2528 1930 monutn
2560 1885 2769 1940 natura,
2820 1876 2977 1946 idque
3009 1891 3116 1929 non
3162 1874 3323 1931 modo
3350 1875 3799 1945 phiIOSOphorum
3851 1892 3915 1932 ac

2309 1976 2608 2036 poetarum,
2649 1984 2834 2023 verum
2885 1968 3045 2023 etiam
3092 1967 3389 2038 Magorum,
3430 1968 3621 2037 quibus
3652 1969 3911 2041 refragari

2310 2074 2414 2114 non
2445 2068 2708 2128 poterant,
2760 2060 3079 2113 confirmare
3108 2058 3436 2114 testimonio.

2382 2154 2536 2208 Plato
2576 2163 2774 2217 autem,
2810 2152 2884 2207 ait
2907 2152 3018 2217 ille,
3055 2172 3073 2204 ‹
3109 2154 3159 2206 in
3204 2151 3483 2223 Symposio
3511 2160 3755 2206 naturam
3790 2152 3907 2207 dae-

2309 2259 2525 2298 monum
2568 2245 2869 2309 extirimere
2911 2244 3228 2298 connititur.
3275 2242 3400 2297 Vult
3438 2245 3581 2298 enim
3615 2258 3739 2299 esse
3768 2244 3905 2299 sub-

2306 2338 2557 2393 stantiam
2609 2338 2746 2392 inter
2802 2338 3081 2393 mortalem
3131 2337 3635 2407 imntortalemqtte,
3689 2337 3742 2392 id
3797 2346 3904 2405 est,

2306 2431 2447 2485 inter
2476 2446 2672 2500 corpus
2710 2441 2763 2486 et
2790 2432 3036 2502 spiritum
3076 2432 3339 2496 mediam,
3371 2432 3567 2487 terreni
3620 2432 3905 2502 ponderis,

2304 2532 2359 2577 et
2390 2524 2626 2578 cmlestis
2667 2523 2901 2579 levitatis
2937 2524 3265 2601 admixtione
3302 2535 3636 2580 concretam.
3675 2544 3692 2574 ι
3748 2525 3814 2579 Et
3850 2540 3909 2581 re

2304 2616 2520 2686 quidem
2542 2632 2668 2672 vera
2692 2616 2807 2671 haec
2830 2628 2956 2671 sunt
2983 2617 3126 2671 illius
3149 2618 3200 2671 in
3223 2617 3385 2671 citato
3402 2616 3688 2689 Symposio
3711 2615 3905 2671 verba:

2312 2726 2330 2759 (
2374 2708 2534 2763 Vides
2589 2719 2639 2763 te
2680 2724 2746 2762 eo
2792 2709 3094 2774 devenisse,
3156 2718 3214 2763 ut
3259 2709 3516 2763 Amorem
3569 2708 3731 2762 deum
3786 2723 3908 2764 esse

2308 2801 2528 2855 minime
2570 2801 2882 2858 existimes?
2917 2800 3054 2868 Quid
3098 2816 3249 2872 ergo,
3286 2802 3544 2871 inquam?
3576 2801 3710 2856 Nutn
3756 2817 3907 2856 mor-

2308 2892 2430 2945 talis
2480 2902 2563 2946 est
2623 2893 2837 2946 Amor?
2893 2891 3261 2962 Nequaquam.
3319 2892 3651 2962 Ecquidnam
3710 2894 3908 2964 igitur?

2309 2984 2479 3039 Sicuti
2517 2986 2567 3039 in
2609 2985 2979 3054 superioribus
3011 2985 3261 3050 diximus,
3295 2986 3493 3055 aliquid
3525 2986 3901 3043 intermedium

607 3069 810 3133 labant,
853 3067 1124 3122 miraculis
1176 3056 1509 3133 desumpta},
1565 3061 1804 3133 generali
1851 3062 2198 3131 responsione

2308 3078 2447 3132 inter
2500 3077 2729 3133 mortale
2782 3088 2835 3131 et
2890 3077 3213 3133 immortale.
3272 3078 3409 3145 Quid
3463 3094 3615 3149 ergo,
3675 3080 3903 3135 Diotime

605 3164 856 3219 dissolvit
895 3177 958 3217 ac
1010 3162 1225 3232 penitus
1271 3158 1507 3213 conficit.
1554 3156 1781 3211 Omissis
1831 3164 2009 3211 autem
2066 3155 2201 3208 bene

606 3257 811 3319 multis,
845 3270 963 3323 qua:
993 3251 1203 3308 etiamsi
1234 3266 1450 3321 prorsus
1474 3249 1685 3303 insolita
1715 3247 2052 3311 videbantur,
2081 3245 2201 3300 solo

605 3360 781 3406 tamen
813 3362 939 3403 casu
970 3347 1104 3401 facta
1134 3346 1366 3405 fuerant,
1407 3344 1458 3396 in
1493 3344 1778 3411 ipsummet
1818 3340 2019 3394 invadit
2052 3354 2201 3393 erro-

604 3443 700 3509 ris,
740 3442 1006 3510 totiusque
1036 3439 1311 3509 pravitatis
1346 3444 1544 3506 caput,
1593 3435 1678 3490 vel
1707 3444 1763 3488 ut
1792 3434 1907 3502 ipse
1936 3434 2196 3504 loquitur,

602 3536 668 3590 ad
700 3535 839 3589 illius
890 3532 1113 3598 fontem,
1160 3530 1301 3585 unde
1342 3528 1517 3584 omnis
1554 3528 1726 3598 caligo
1773 3529 2025 3591 manavit,
2074 3541 2199 3595 ape-

602 3627 846 3683 riendum
888 3624 1217 3696 aggreditur.
1257 3622 1416 3677 Docet
1446 3622 1626 3691 itaque
1662 3619 1923 3683 omnium,
1957 3634 2075 3688 quin
2106 3634 2200 3673 ex-

604 3729 685 3775 tra
714 3726 1028 3774 consuetum
1079 3731 1257 3770 rerum
1303 3713 1548 3768 ordinem
1591 3711 1729 3780 apud
1769 3710 2016 3765 etlmiCiis
2062 3710 2196 3764 facta

604 3810 1042 3883 perhibebantur,
1079 3823 1183 3863 non
1228 3807 1466 3873 ipsorum
1503 3804 1657 3870 deos,
1712 3803 1806 3859 sed
1858 3804 2026 3857 malos
2082 3803 2195 3857 drc—

602 3917 793 3959 niones
820 3918 941 3959 esse
983 3916 1169 3956 revera
1196 3910 1464 3953 auctores.
1511 3895 1777 3966 Quidquid
1804 3906 1981 3950 autem
2012 3890 2083 3951 ibi
2110 3896 2197 3950 ille

599 3999 784 4065 refert,
816 3997 868 4053 id
908 3996 1209 4068 Cyprianus
1231 3992 1507 4065 (Cyprian.
1535 3992 1597 4045 de
1623 3990 1823 4045 ldolor.
1857 3991 2040 4057 vanit.,
2074 4006 2191 4060 pag.

600 4096 671 4151 15
715 4106 769 4149 et
813 4096 1006 4163 seqq.)
1053 4106 1182 4154 suo,
1216 4099 1273 4143 ut
1314 4103 1457 4156 smne
1495 4086 1749 4153 vidimus,
1782 4101 1931 4140 more
1959 4085 2011 4139 in
2040 4100 2193 4139 suum

605 4207 624 4240 ι
645 4188 711 4243 de
734 4186 1001 4242 ldolnrutn
1032 4184 1265 4239 vanitate
1287 4202 1304 4233 ι
1353 4182 1544 4235 librum
1570 4180 1857 4235 transtulit.
1886 4179 2197 4233 Lactantius

601 4278 852 4352 (Lat-tan.
882 4277 976 4331 lib.
1007 4294 1063 4341 tt,
1106 4292 1223 4343 cap.
1258 4276 1324 4329 11
1356 4282 1410 4327 ct
1436 4289 1611 4342 seqq.,
1643 4288 1762 4342 pag.
1799 4271 1905 4325 216
1933 4282 1985 4325 ct
2012 4270 2189 4340 seqq.)

597 4387 811 4442 quoque
839 4370 980 4425 idem
1026 4376 1397 4439 argumentum
1446 4364 1614 4420 fusius
1661 4375 2010 4434 prosecutus,
2042 4364 2192 4433 plura

597 4466 761 4523 etiam
810 4480 874 4519 ex
919 4471 1141 4517 auctore
1183 4469 1367 4515 nostro
1395 4468 1665 4514 mutuatus
1693 4469 1805 4524 est;
1846 4454 2274 4530 quemadmo-D

597 4560 746 4623 dum,
772 4558 885 4624 ipse
912 4556 1170 4611 Minucius
1188 4572 1251 4610 ex
1270 4555 1598 4610 Tertulliano
1618 4554 1869 4627 (Tertull.
1896 4556 2190 4626 Apologet.,

595 4669 716 4723 cap.
768 4651 839 4706 2‘2
876 4660 930 4707 et
959 4652 1143 4722 seqq.)
1199 4665 1293 4704 sua
1323 4650 1685 4718 desumpsisse
1738 4648 1879 4702 haud
1926 4648 2194 4703 immerito

594 4746 824 4803 videtur.
854 4744 964 4800 Nec
992 4744 1189 4800 desunt
1237 4742 1397 4797 etiam
1438 4742 1529 4796 alii
1559 4743 1651 4795 illo
1700 4741 1876 4796 adhuc
1928 4742 2193 4811 antiqui0«

596 4854 684 4895 res
723 4838 978 4895 Ecclesiae
1024 4837 1232 4901 Patres,
1285 4835 1375 4906 qui
1405 4836 1486 4889 Itis
1530 4835 1723 4888 similia
1764 4834 1979 4904 scriptis
2025 4835 2191 4890 tradi-

595 4934 744 4995 dere.
771 4949 906 5005 qnos
928 4931 1063 4987 infra
1082 4947 1181 4987 suo
1204 4932 1323 4985 loco
1342 4928 1652 4983 citabimus.

666 5029 797 5097 Quae
837 5036 1019 5082 autem
1064 5025 1133 5080 ab
1164 5026 1281 5095 ipso
1328 5022 1550 5077 dicenda
1598 5031 1770 5084 erant,
1816 5030 1874 5076 ut
1903 5023 1971 5076 ab
2020 5023 2193 5081 omni-

594 5120 695 5177 bus
743 5118 951 5174 facilius
1008 5116 1233 5187 intelligi
1292 5124 1546 5185 possent,
1603 5116 1751 5185 prius
1812 5116 2189 5185 explicandum

594 5227 714 5269 esse
758 5211 911 5267 duxit
958 5210 1200 5281 quinam,
1238 5209 1460 5279 cujusve
1509 5217 1713 5263 naturae
1744 5208 1852 5262 sint
1893 5208 2187 5274 daemones,

592 5322 655 5362 ac
689 5305 757 5361 de
794 5304 898 5360 illis
925 5304 1002 5360 sic
1022 5305 1209 5360 statuit
1239 5321 1251 5358 :
1292 5323 1310 5356 ε
1346 5304 1579 5375 Spiritus
1605 5314 1747 5368 sunt,
1777 5323 1794 5356 ι
1831 5304 2021 5377 inquit,
2062 5325 2079 5359 ι
2112 5306 2189 5361 in-

591 5399 809 5463 sinceri,
840 5397 980 5468 vagi,
1007 5413 1037 5452 a
1065 5397 1273 5455 cmlesti
1300 5397 1484 5468 vigore
1515 5399 1743 5454 terrenis
1770 5397 1977 5455 labibus
2018 5409 2073 5455 et
2092 5414 2188 5455 cu-

591 5489 904 5563 piditatibus
947 5489 1241 5561 degravati.
1287 5488 1377 5544 Isti
1422 5489 1583 5559 igitur
1625 5491 1845 5560 spiritus
1881 5493 2193 5561 simplicita-

591 5594 703 5640 tem
728 5583 1042 5638 substantiae
1069 5596 1201 5656 sure,
1233 5581 1413 5640 onusti
1454 5592 1510 5639 et
1545 5582 1780 5638 immersi
1810 5584 1976 5650 vttiis,
2006 5584 2189 5657 perdi-

584 5678 798 5734 derunt.
834 5697 851 5729 ι
902 5679 1093 5737 Nonne
1130 5694 1317 5744 autem
1342 5678 1428 5732 his
1462 5678 1639 5734 verbis
1665 5677 1929 5738 bonorum
1976 5683 2193 5751 angelo-

579 5783 724 5838 ruin,
770 5770 1139 5836 malorumque
1172 5784 1312 5851 sive
1347 5768 1656 5827 daemonum
1708 5785 1953 5835 naturam
2003 5772 2194 5828 distin-

2303 3168 2543 3239 Magnus,
2573 3168 2899 3235 éSocrates,
2950 3169 3164 3224 daemon
3217 3188 3229 3223 :
3281 3178 3380 3224 Πᾶν
3427 3176 3522 3241 γὰρ
3570 3183 3624 3227 τὸ
3678 3176 3907 3241 anue-ian

2302 3270 2484 3329 μετειξὺ
2538 3270 2638 3317 (arri
2687 3270 2795 3317 θεοῦ
2845 3286 2937 3328 τε,
2991 3267 3073 3315 καὶ
3115 3266 3290 3323 θνητοῦ
3319 3280 3331 3315 ε
3362 3264 3549 3318 Omnis
3598 3268 3739 3319 enim
3791 3266 3905 3319 dae-

2304 3368 2524 3407 mOnum
2554 3361 2740 3407 natura
2765 3354 2904 3407 inter
2934 3352 3096 3408 deum
3146 3363 3202 3408 ct
3252 3354 3532 3410 mortalem
3588 3355 3907 3412 intermedia

2305 3446 2480 3518 (Plat.
2533 3447 2774 3517 Sympos.
2827 3460 2960 3502 tom.
2992 3464 3030 3514 ι,
3066 3464 3183 3517 pag.
3229 3447 3394 3519 902).
3432 3469 3451 3500 ι
3484 3449 3565 3503 Ab
3602 3450 3908 3519 Augustino

2303 3551 2483 3595 autem
2526 3540 2782 3596 discimus
2823 3540 3088 3596 daemonia
3124 3542 3193 3595 ab
3237 3542 3463 3610 Apuleio
3499 3540 3766 3596 Platonico
3802 3541 3906 3598 de-

2304 3630 2467 3697 finiri,
2529 3649 2547 3681 ‹
2580 3631 2827 3685 animalia
2871 3632 3052 3685 animo
3098 3630 3330 3701 passiva,
3368 3643 3545 3687 mente
3582 3632 3893 3699 rationalia,

2302 3740 2527 3795 corpore
2563 3725 2731 3790 aeria,
2771 3736 3013 3796 tempore
3040 3734 3264 3791 aeterna,
3312 3746 3330 3779 ›
3369 3735 3493 3796 post
3532 3742 3680 3782 suam
3711 3742 3909 3798 nempe

2300 3820 2651 3884 creationem,
2699 3819 2744 3873 si
2789 3819 2859 3873 ibi
2906 3819 2991 3874 ille
3023 3819 3263 3874 Platonis
3305 3820 3543 3891 magistri
3581 3821 3905 3891 Sniopinio-

2300 3928 2422 3968 nem
2465 3912 2726 3982 sequitur.
2780 3911 3027 3984 (August.
3082 3912 3173 3968 lib.
3236 3930 3286 3968 ix
3334 3913 3396 3968 de
3444 3911 3596 3968 Civil.
3648 3929 3767 3985 cap.
3824 3914 3901 3981 8,

2302 4022 2421 4077 pag.
2463 4006 2638 4077 ait.)

2371 4097 2490 4153 Non
2550 4099 2725 4154 mintts
2775 4108 2954 4155 autem
2994 4101 3105 4154 noti
3155 4108 3310 4156 erant
3351 4100 3626 4157 daemones
3668 4100 3903 4166 Socrati,

2305 4211 2325 4245 ι
2358 4192 2447 4261 qui
2493 4191 2557 4247 ad
2603 4200 2844 4258 nutum,»
2881 4192 2958 4247 ait
2986 4192 3267 4256 Minucius,
3307 4212 3325 4245 ‹
3352 4204 3407 4250 et
3432 4194 3742 4261 arbitrium,
3773 4194 3915 4248 assi-

2300 4285 2478 4341 dentis
2528 4285 2630 4341 sibi
2689 4285 2984 4351 daemonis,
3040 4287 3119 4342 vel
3176 4286 3482 4341 declinabat
3544 4288 3753 4358 negotia
3808 4288 3903 4343 vel

2300 4367 2543 4450 petebat:
2569 4400 2586 4432 ι
2617 4388 2708 4433 aut
2737 4380 2872 4434 sicut
2901 4388 3082 4449 postea
3107 4378 3577 4451 dixitCyprianus,
3602 4399 3619 4430 ι
3644 4381 3914 4437 instrnise

2300 4482 2354 4528 et
2384 4474 2492 4543 regi
2530 4473 2596 4527 ad
2634 4473 2897 4528 daemonis
2925 4473 3204 4528 arbitrium
3230 4474 3551 4543 praedicabat
3587 4494 3605 4525 ι
3630 4473 3912 4546 (Cyprian.

2298 4565 2361 4619 de
2405 4564 2543 4619 Idol.
2594 4564 2766 4619 Vanit.
2828 4580 2947 4636 pag.
2990 4568 3057 4621 15
3099 4578 3153 4622 et
3204 4565 3271 4620 M
3314 4564 3354 4635 ).
3406 4564 3734 4635 Augustinus
3777 4581 3911 4620 vero

2298 4673 2486 4712 rursus
2553 4668 2734 4712 narrat
2793 4657 2919 4727 quid
2985 4657 3052 4713 de
3120 4658 3211 4712 illo
3266 4657 3530 4726 Apuleius
3599 4657 3908 4713 Platonicus

2295 4750 2575 4819 scripserit
2615 4748 2865 4823 (August.
2914 4750 3009 4805 lib.
3052 4766 3125 4805 vn
3166 4750 3228 4803 de
3272 4749 3418 4804 Civit.
3464 4764 3586 4819 cap.
3653 4751 3741 4811 14.
3777 4766 3903 4821 pag.

2297 4842 2471 4912 202).
2522 4844 2590 4896 At
2639 4842 2706 4897 de
2761 4844 2861 4898 hoc
2906 4842 3047 4898 bello
3093 4843 3223 4896 tanti
3258 4841 3563 4911 pltilns0plti
3590 4843 3787 4896 comite
3841 4858 3905 4898 ac

2299 4933 2546 5001 custode,
2589 4934 2671 4989 vel
2709 4934 2851 4990 sicut
2877 4936 2951 4989 ait
2977 4934 3364 4997 Tertullianus,
3409 4934 3725 5005 ptcdagogo,
3767 4936 3906 4991 alibi

2300 5027 2676 5083 disseruimus.
2718 5030 2870 5083 Alios
2914 5044 3075 5097 porro
3110 5028 3458 5098 pltil050pltos
3500 5040 3689 5084 auctor
3717 5039 3909 5086 noster

2296 5135 2403 5175 non
2452 5121 2602 5187 citat,
2642 5120 2781 5175 haud
2822 5122 2982 5177 dubie
3025 5122 3148 5192 quia
3194 5123 3395 5177 nemini
3444 5123 3658 5178 ethnico
3724 5124 3907 5194 ignota

2296 5223 2410 5269 erat
2462 5214 2677 5268 illorum
2745 5216 2812 5269 de
2866 5215 3201 5271 daemOnibus
3249 5216 3455 5286 opinio,
3492 5232 3592 5271 nec
3632 5218 3741 5272 ulla
3785 5227 3911 5273 emt.

2296 5322 2488 5377 magna
2569 5305 2839 5377 fusiusque
2919 5308 3235 5378 explicanda
3316 5310 3588 5363 contentio
3644 5310 3825 5379 (Tom.
3888 5325 3907 5365 ι

2296 5402 2551 5473 Apparat.
2584 5417 2705 5472 pag.
2742 5403 2881 5457 1115
2908 5412 2964 5459 et
2992 5404 3185 5471 1115).

2368 5494 2514 5551 Idem
2571 5510 2701 5550 sane
2743 5494 3026 5551 dicendum
3082 5496 3149 5550 dc
3203 5497 3394 5566 poetis,
3443 5512 3578 5567 quos
3630 5496 3714 5550 his
3787 5508 3909 5550 tan-

2298 5599 2408 5646 tum
2455 5589 2665 5646 duobus
2693 5590 2892 5654 verbis,
2927 5608 2945 5641 (
2981 5590 3161 5645 Poetrc
3198 5592 3396 5658 sciunt,
3426 5608 3445 5642 ι
3492 5605 3592 5645 nec
3627 5590 3791 5644 ullius
3813 5604 3913 5644 no-

2298 5683 2442 5739 mine
2505 5684 2820 5755 designato,
2883 5692 3046 5739 testes
3106 5684 3345 5740 adhibet.
3423 5683 3528 5739 Sed
3584 5682 3653 5739 dc
3716 5690 3905 5751 poeta-

2296 5789 2441 5844 rum,
2487 5785 2646 5853 atque
2690 5776 2853 5834 etiam
2882 5775 3335 5852 pbilosotihorum
3373 5776 3443 5833 de
3472 5784 3663 5833 natura
3687 5775 3902 5835 daemo-
