  <div class='ocr_page' id='page_1' title='image "/cluster/home/n/w/nwhite01/storage/ocr_20150623/3/hvd.32044054086798/358.png"; bbox 0 0 4264 6258; ppageno 0'>
   <div class='ocr_carea' id='block_1_1' title="bbox 387 289 489 344">
    <p class='ocr_par' dir='ltr' id='par_1_1' title="bbox 387 289 489 344">
     <span class='ocr_line' id='line_1_1' title="bbox 387 289 489 344; baseline -0.01 -3"><span class='ocrx_word' id='word_1_1' title='bbox 387 289 489 344; x_wconf 68' lang='lat' dir='ltr'><strong>(il?</strong></span> 
     </span>
    </p>
   </div>
   <div class='ocr_carea' id='block_1_2' title="bbox 1796 288 2262 343">
    <p class='ocr_par' dir='ltr' id='par_1_2' title="bbox 1796 288 2262 343">
     <span class='ocr_line' id='line_1_2' title="bbox 1796 288 2262 343; baseline 0 -2"><span class='ocrx_word' id='word_1_2' title='bbox 1796 288 2262 343; x_wconf 59' lang='grc' dir='ltr'><strong>ιιιδδιῑῐιτλτιο.</strong></span> 
     </span>
    </p>
   </div>
   <div class='ocr_carea' id='block_1_3' title="bbox 3591 291 3693 343">
    <p class='ocr_par' dir='ltr' id='par_1_3' title="bbox 3591 291 3693 343">
     <span class='ocr_line' id='line_1_3' title="bbox 3591 291 3693 343; baseline 0.01 -1"><span class='ocrx_word' id='word_1_3' title='bbox 3591 291 3693 343; x_wconf 67' lang='lat' dir='ltr'><strong>CIR</strong></span> 
     </span>
    </p>
   </div>
   <div class='ocr_carea' id='block_1_4' title="bbox 388 401 3691 475">
    <p class='ocr_par' dir='ltr' id='par_1_4' title="bbox 388 401 3691 475">
     <span class='ocr_line' id='line_1_4' title="bbox 388 401 3691 475; baseline 0 -18"><span class='ocrx_word' id='word_1_4' title='bbox 388 419 512 457; x_wconf 89' lang='lat' dir='ltr'><strong>unm</strong></span> <span class='ocrx_word' id='word_1_5' title='bbox 544 401 908 472; x_wconf 90' lang='lat' dir='ltr'><strong>opinionibus,</strong></span> <span class='ocrx_word' id='word_1_6' title='bbox 941 402 990 455; x_wconf 93' lang='lat' dir='ltr'><strong>in</strong></span> <span class='ocrx_word' id='word_1_7' title='bbox 1016 401 1280 470; x_wconf 81' lang='lat' dir='ltr'><strong>superiori</strong></span> <span class='ocrx_word' id='word_1_8' title='bbox 1307 401 1608 470; x_wconf 78' lang='lat' dir='ltr'><strong>Apparatus</strong></span> <span class='ocrx_word' id='word_1_9' title='bbox 1635 409 1780 454; x_wconf 86' lang='lat' dir='ltr'><strong>tome</strong></span> <span class='ocrx_word' id='word_1_10' title='bbox 1805 411 1980 454; x_wconf 88' lang='lat' dir='ltr'><strong>actum</strong></span> <span class='ocrx_word' id='word_1_11' title='bbox 2011 405 2062 462; x_wconf 82' lang='grc' dir='ltr'>Α</span> <span class='ocrx_word' id='word_1_12' title='bbox 2090 402 2266 457; x_wconf 88' lang='lat' dir='ltr'><strong>Laert.</strong></span> <span class='ocrx_word' id='word_1_13' title='bbox 2316 402 2471 456; x_wconf 78' lang='lat' dir='ltr'><strong>l’roc.</strong></span> <span class='ocrx_word' id='word_1_14' title='bbox 2517 402 2543 473; x_wconf 59' lang='grc' dir='ltr'>ᾗ</span> <span class='ocrx_word' id='word_1_15' title='bbox 2593 418 2630 468; x_wconf 90' lang='lat' dir='ltr'><strong>I,</strong></span> <span class='ocrx_word' id='word_1_16' title='bbox 2665 402 2891 473; x_wconf 79' lang='lat' dir='ltr'><strong>Apulei;</strong></span> <span class='ocrx_word' id='word_1_17' title='bbox 2925 405 3141 475; x_wconf 75' lang='lat' dir='ltr'><strong>Apolog.</strong></span> <span class='ocrx_word' id='word_1_18' title='bbox 3175 417 3294 474; x_wconf 85' lang='lat' dir='ltr'><strong>pag.</strong></span> <span class='ocrx_word' id='word_1_19' title='bbox 3339 403 3460 470; x_wconf 85' lang='lat' dir='ltr'><strong>IOO,</strong></span> <span class='ocrx_word' id='word_1_20' title='bbox 3495 412 3620 460; x_wconf 86' lang='lat' dir='ltr'><strong>tum.</strong></span> <span class='ocrx_word' id='word_1_21' title='bbox 3655 422 3691 459; x_wconf 92' lang='lat' dir='ltr'><strong>I.</strong></span> 
     </span>
    </p>
   </div>
   <div class='ocr_carea' id='block_1_5' title="bbox 384 493 1979 569">
    <p class='ocr_par' dir='ltr' id='par_1_5' title="bbox 384 493 1979 569">
     <span class='ocr_line' id='line_1_5' title="bbox 384 493 1979 569; baseline 0 -20"><span class='ocrx_word' id='word_1_22' title='bbox 384 506 491 562; x_wconf 83' lang='lat' dir='ltr'><strong>est,</strong></span> <span class='ocrx_word' id='word_1_23' title='bbox 534 504 588 549; x_wconf 93' lang='lat' dir='ltr'><strong>et</strong></span> <span class='ocrx_word' id='word_1_24' title='bbox 630 495 1058 565; x_wconf 91' lang='lat' dir='ltr'><strong>insequentibus</strong></span> <span class='ocrx_word' id='word_1_25' title='bbox 1089 493 1263 569; x_wconf 86' lang='lat' dir='ltr'><strong>adhuc</strong></span> <span class='ocrx_word' id='word_1_26' title='bbox 1291 504 1476 562; x_wconf 88' lang='lat' dir='ltr'><strong>agetur</strong></span> <span class='ocrx_word' id='word_1_27' title='bbox 1513 493 1670 562; x_wconf 86' lang='lat' dir='ltr'><strong>(Ibid.</strong></span> <span class='ocrx_word' id='word_1_28' title='bbox 1732 509 1851 564; x_wconf 88' lang='lat' dir='ltr'><strong>pag.</strong></span> <span class='ocrx_word' id='word_1_29' title='bbox 1878 495 1979 549; x_wconf 75' lang='grc'>901</span> 
     </span>
    </p>
   </div>
   <div class='ocr_carea' id='block_1_6' title="bbox 385 585 1988 659">
    <p class='ocr_par' dir='ltr' id='par_1_6' title="bbox 385 585 1988 659">
     <span class='ocr_line' id='line_1_6' title="bbox 385 585 1988 659; baseline -0.001 -17"><span class='ocrx_word' id='word_1_30' title='bbox 385 598 441 642; x_wconf 89' lang='lat' dir='ltr'><strong>et</strong></span> <span class='ocrx_word' id='word_1_31' title='bbox 494 604 611 659; x_wconf 89' lang='lat' dir='ltr'><strong>seq.</strong></span> <span class='ocrx_word' id='word_1_32' title='bbox 640 587 915 644; x_wconf 87' lang='lat' dir='ltr'><strong>dissertat.</strong></span> <span class='ocrx_word' id='word_1_33' title='bbox 955 588 1009 641; x_wconf 82' lang='lat' dir='ltr'><strong>in</strong></span> <span class='ocrx_word' id='word_1_34' title='bbox 1038 585 1278 641; x_wconf 80' lang='lat' dir='ltr'><strong>Lactant.</strong></span> <span class='ocrx_word' id='word_1_35' title='bbox 1333 601 1451 656; x_wconf 91' lang='lat' dir='ltr'><strong>cap.</strong></span> <span class='ocrx_word' id='word_1_36' title='bbox 1494 585 1586 646; x_wconf 80' lang='lat'><strong>20.</strong></span> <span class='ocrx_word' id='word_1_37' title='bbox 1641 595 1741 639; x_wconf 91' lang='lat' dir='ltr'><strong>art.</strong></span> <span class='ocrx_word' id='word_1_38' title='bbox 1801 586 1881 654; x_wconf 67' lang='lat'><strong>4&#39;,</strong></span> <span class='ocrx_word' id='word_1_39' title='bbox 1933 595 1988 640; x_wconf 91' lang='lat' dir='ltr'><strong>et</strong></span> 
     </span>
    </p>
   </div>
   <div class='ocr_carea' id='block_1_7' title="bbox 386 679 1294 750">
    <p class='ocr_par' dir='ltr' id='par_1_7' title="bbox 386 679 1294 750">
     <span class='ocr_line' id='line_1_7' title="bbox 386 679 1294 750; baseline -0.003 -15"><span class='ocrx_word' id='word_1_40' title='bbox 386 682 440 735; x_wconf 84' lang='lat' dir='ltr'><strong>in</strong></span> <span class='ocrx_word' id='word_1_41' title='bbox 467 680 771 736; x_wconf 81' lang='lat' dir='ltr'><strong>Tertulliau.</strong></span> <span class='ocrx_word' id='word_1_42' title='bbox 805 695 924 750; x_wconf 93' lang='lat' dir='ltr'><strong>cap.</strong></span> <span class='ocrx_word' id='word_1_43' title='bbox 961 680 1048 743; x_wconf 82' lang='lat' dir='ltr'><strong>IO,</strong></span> <span class='ocrx_word' id='word_1_44' title='bbox 1079 689 1178 734; x_wconf 92' lang='lat' dir='ltr'><strong>art.</strong></span> <span class='ocrx_word' id='word_1_45' title='bbox 1215 679 1294 749; x_wconf 80' lang='grc'><strong>5).</strong></span> 
     </span>
    </p>
   </div>
   <div class='ocr_carea' id='block_1_8' title="bbox 462 773 1985 844">
    <p class='ocr_par' dir='ltr' id='par_1_8' title="bbox 462 773 1985 844">
     <span class='ocr_line' id='line_1_8' title="bbox 462 773 1985 844; baseline -0.001 -15"><span class='ocrx_word' id='word_1_46' title='bbox 462 775 697 844; x_wconf 83' lang='lat' dir='ltr'><strong>Denique</strong></span> <span class='ocrx_word' id='word_1_47' title='bbox 747 773 934 844; x_wconf 90' lang='lat' dir='ltr'><strong>Magis,</strong></span> <span class='ocrx_word' id='word_1_48' title='bbox 985 773 1061 828; x_wconf 89' lang='lat' dir='ltr'><strong>uti</strong></span> <span class='ocrx_word' id='word_1_49' title='bbox 1105 773 1369 828; x_wconf 84' lang='lat' dir='ltr'><strong>Minucius</strong></span> <span class='ocrx_word' id='word_1_50' title='bbox 1416 783 1620 841; x_wconf 89' lang='lat' dir='ltr'><strong>noster,</strong></span> <span class='ocrx_word' id='word_1_51' title='bbox 1666 783 1826 844; x_wconf 83' lang='lat' dir='ltr'><strong>atque</strong></span> <span class='ocrx_word' id='word_1_52' title='bbox 1855 774 1985 829; x_wconf 82' lang='lat' dir='ltr'><strong>&#39;l‘er-</strong></span> 
     </span>
    </p>
   </div>
   <div class='ocr_carea' id='block_1_9' title="bbox 389 867 1986 938">
    <p class='ocr_par' dir='ltr' id='par_1_9' title="bbox 389 867 1986 938">
     <span class='ocr_line' id='line_1_9' title="bbox 389 867 1986 938; baseline -0.002 -15"><span class='ocrx_word' id='word_1_53' title='bbox 389 869 679 934; x_wconf 87' lang='lat' dir='ltr'><strong>tullianus,</strong></span> <span class='ocrx_word' id='word_1_54' title='bbox 737 876 791 922; x_wconf 90' lang='lat' dir='ltr'><strong>ct</strong></span> <span class='ocrx_word' id='word_1_55' title='bbox 846 867 1154 922; x_wconf 89' lang='lat' dir='ltr'><strong>Lactantius</strong></span> <span class='ocrx_word' id='word_1_56' title='bbox 1205 867 1390 920; x_wconf 90' lang='lat' dir='ltr'><strong>aiunt.</strong></span> <span class='ocrx_word' id='word_1_57' title='bbox 1456 867 1651 938; x_wconf 88' lang='lat' dir='ltr'><strong>cogniti</strong></span> <span class='ocrx_word' id='word_1_58' title='bbox 1704 878 1827 922; x_wconf 80' lang='lat' dir='ltr'><strong>Sunt</strong></span> <span class='ocrx_word' id='word_1_59' title='bbox 1873 867 1986 921; x_wconf 80' lang='lat' dir='ltr'><strong>da:-</strong></span> 
     </span>
    </p>
   </div>
   <div class='ocr_carea' id='block_1_10' title="bbox 384 958 1982 1031">
    <p class='ocr_par' dir='ltr' id='par_1_10' title="bbox 384 958 1982 1031">
     <span class='ocr_line' id='line_1_10' title="bbox 384 958 1982 1031; baseline -0.003 -14"><span class='ocrx_word' id='word_1_60' title='bbox 384 976 594 1017; x_wconf 86' lang='lat' dir='ltr'><strong>iuoncs.</strong></span> <span class='ocrx_word' id='word_1_61' title='bbox 631 960 829 1031; x_wconf 83' lang='lat' dir='ltr'><strong>Ecquis</strong></span> <span class='ocrx_word' id='word_1_62' title='bbox 861 976 991 1015; x_wconf 90' lang='lat' dir='ltr'><strong>vero</strong></span> <span class='ocrx_word' id='word_1_63' title='bbox 1023 974 1114 1015; x_wconf 89' lang='lat' dir='ltr'><strong>eos</strong></span> <span class='ocrx_word' id='word_1_64' title='bbox 1143 958 1339 1014; x_wconf 87' lang='lat' dir='ltr'><strong>melius</strong></span> <span class='ocrx_word' id='word_1_65' title='bbox 1377 973 1704 1027; x_wconf 87' lang='lat' dir='ltr'><strong>cognoscere</strong></span> <span class='ocrx_word' id='word_1_66' title='bbox 1750 967 1982 1028; x_wconf 75' lang='lat' dir='ltr'><strong>poterat,</strong></span> 
     </span>
    </p>
   </div>
   <div class='ocr_carea' id='block_1_11' title="bbox 383 1051 1985 1126">
    <p class='ocr_par' dir='ltr' id='par_1_11' title="bbox 383 1051 1985 1126">
     <span class='ocr_line' id='line_1_11' title="bbox 383 1051 1985 1126; baseline -0.002 -18"><span class='ocrx_word' id='word_1_67' title='bbox 383 1071 546 1126; x_wconf 89' lang='lat' dir='ltr'><strong>quam</strong></span> <span class='ocrx_word' id='word_1_68' title='bbox 604 1053 765 1124; x_wconf 81' lang='lat' dir='ltr'><strong>Magi,</strong></span> <span class='ocrx_word' id='word_1_69' title='bbox 823 1053 912 1123; x_wconf 93' lang='lat' dir='ltr'><strong>qui</strong></span> <span class='ocrx_word' id='word_1_70' title='bbox 974 1052 1129 1108; x_wconf 90' lang='lat' dir='ltr'><strong>sicuti</strong></span> <span class='ocrx_word' id='word_1_71' title='bbox 1192 1051 1339 1106; x_wconf 80' lang='lat' dir='ltr'><strong>citati</strong></span> <span class='ocrx_word' id='word_1_72' title='bbox 1392 1065 1423 1104; x_wconf 88' lang='lat' dir='ltr'><strong>a</strong></span> <span class='ocrx_word' id='word_1_73' title='bbox 1487 1051 1640 1105; x_wconf 87' lang='lat' dir='ltr'><strong>nobis</strong></span> <span class='ocrx_word' id='word_1_74' title='bbox 1696 1053 1985 1119; x_wconf 72' lang='lat' dir='ltr'><strong>scriptores</strong></span> 
     </span>
    </p>
   </div>
   <div class='ocr_carea' id='block_1_12' title="bbox 384 1143 1986 1212">
    <p class='ocr_par' dir='ltr' id='par_1_12' title="bbox 384 1143 1986 1212">
     <span class='ocr_line' id='line_1_12' title="bbox 384 1143 1986 1212; baseline -0.004 -10"><span class='ocrx_word' id='word_1_75' title='bbox 384 1147 765 1212; x_wconf 82' lang='lat' dir='ltr'><strong>testiﬁcantur,</strong></span> <span class='ocrx_word' id='word_1_76' title='bbox 827 1143 1140 1202; x_wconf 88' lang='lat' dir='ltr'><strong>eorumdem</strong></span> <span class='ocrx_word' id='word_1_77' title='bbox 1198 1143 1502 1198; x_wconf 82' lang='lat' dir='ltr'><strong>daemonum</strong></span> <span class='ocrx_word' id='word_1_78' title='bbox 1557 1143 1733 1212; x_wconf 80' lang='lat' dir='ltr'><strong>impiis</strong></span> <span class='ocrx_word' id='word_1_79' title='bbox 1780 1144 1986 1198; x_wconf 88' lang='lat' dir='ltr'><strong>artibus</strong></span> 
     </span>
    </p>
   </div>
   <div class='ocr_carea' id='block_1_13' title="bbox 385 1235 1984 1309">
    <p class='ocr_par' dir='ltr' id='par_1_13' title="bbox 385 1235 1984 1309">
     <span class='ocr_line' id='line_1_13' title="bbox 385 1235 1984 1309; baseline -0.003 -16"><span class='ocrx_word' id='word_1_80' title='bbox 385 1255 449 1293; x_wconf 90' lang='lat' dir='ltr'><strong>ac</strong></span> <span class='ocrx_word' id='word_1_81' title='bbox 495 1238 782 1309; x_wconf 59' lang='lat' dir='ltr'><strong>praestigiis</strong></span> <span class='ocrx_word' id='word_1_82' title='bbox 843 1252 906 1293; x_wconf 89' lang='lat' dir='ltr'><strong>ea</strong></span> <span class='ocrx_word' id='word_1_83' title='bbox 967 1236 1192 1302; x_wconf 85' lang='lat' dir='ltr'><strong>faciunt,</strong></span> <span class='ocrx_word' id='word_1_84' title='bbox 1249 1237 1442 1307; x_wconf 86' lang='lat' dir='ltr'><strong>quibus</strong></span> <span class='ocrx_word' id='word_1_85' title='bbox 1494 1235 1725 1290; x_wconf 88' lang='lat' dir='ltr'><strong>illudunt</strong></span> <span class='ocrx_word' id='word_1_86' title='bbox 1757 1235 1984 1290; x_wconf 89' lang='lat' dir='ltr'><strong>incautis</strong></span> 
     </span>
    </p>
   </div>
   <div class='ocr_carea' id='block_1_14' title="bbox 385 1328 1984 1398">
    <p class='ocr_par' dir='ltr' id='par_1_14' title="bbox 385 1328 1984 1398">
     <span class='ocr_line' id='line_1_14' title="bbox 385 1328 1984 1398; baseline -0.002 -13"><span class='ocrx_word' id='word_1_87' title='bbox 385 1330 712 1395; x_wconf 89' lang='lat' dir='ltr'><strong>hominibus,</strong></span> <span class='ocrx_word' id='word_1_88' title='bbox 753 1344 817 1386; x_wconf 89' lang='lat' dir='ltr'><strong>ac</strong></span> <span class='ocrx_word' id='word_1_89' title='bbox 862 1331 1120 1385; x_wconf 87' lang='lat' dir='ltr'><strong>miracula</strong></span> <span class='ocrx_word' id='word_1_90' title='bbox 1161 1345 1220 1384; x_wconf 88' lang='lat' dir='ltr'><strong>se</strong></span> <span class='ocrx_word' id='word_1_91' title='bbox 1251 1329 1415 1385; x_wconf 89' lang='lat' dir='ltr'><strong>edere</strong></span> <span class='ocrx_word' id='word_1_92' title='bbox 1455 1328 1811 1398; x_wconf 87' lang='lat' dir='ltr'><strong>persuadent?</strong></span> <span class='ocrx_word' id='word_1_93' title='bbox 1846 1328 1984 1396; x_wconf 85' lang='lat' dir='ltr'><strong>Quin</strong></span> 
     </span>
    </p>
   </div>
   <div class='ocr_carea' id='block_1_15' title="bbox 384 1420 1985 1491">
    <p class='ocr_par' dir='ltr' id='par_1_15' title="bbox 384 1420 1985 1491">
     <span class='ocr_line' id='line_1_15' title="bbox 384 1420 1985 1491; baseline -0.001 -13"><span class='ocrx_word' id='word_1_94' title='bbox 384 1425 549 1478; x_wconf 89' lang='lat' dir='ltr'>immo</span> <span class='ocrx_word' id='word_1_95' title='bbox 577 1424 622 1478; x_wconf 90' lang='lat' dir='ltr'><strong>si</strong></span> <span class='ocrx_word' id='word_1_96' title='bbox 664 1422 933 1479; x_wconf 89' lang='lat' dir='ltr'><strong>Clementi</strong></span> <span class='ocrx_word' id='word_1_97' title='bbox 975 1422 1339 1477; x_wconf 74' lang='lat' dir='ltr'><strong>Alexandrino</strong></span> <span class='ocrx_word' id='word_1_98' title='bbox 1376 1420 1667 1485; x_wconf 79' lang='lat' dir='ltr'><strong>credimus,</strong></span> <span class='ocrx_word' id='word_1_99' title='bbox 1706 1420 1842 1491; x_wconf 88' lang='lat' dir='ltr'><strong>Magi</strong></span> <span class='ocrx_word' id='word_1_100' title='bbox 1906 1421 1985 1476; x_wconf 83' lang='lat' dir='ltr'><strong>illi</strong></span> 
     </span>
    </p>
   </div>
   <div class='ocr_carea' id='block_1_16' title="bbox 384 1513 1986 1587">
    <p class='ocr_par' dir='ltr' id='par_1_16' title="bbox 384 1513 1986 1587">
     <span class='ocr_line' id='line_1_16' title="bbox 384 1513 1986 1587; baseline -0.001 -16"><span class='ocrx_word' id='word_1_101' title='bbox 384 1518 559 1587; x_wconf 85' lang='lat' dir='ltr'><strong>palam</strong></span> <span class='ocrx_word' id='word_1_102' title='bbox 614 1515 933 1586; x_wconf 87' lang='lat' dir='ltr'><strong>jactitabant</strong></span> <span class='ocrx_word' id='word_1_103' title='bbox 984 1516 1261 1571; x_wconf 89' lang='lat' dir='ltr'><strong>ministros</strong></span> <span class='ocrx_word' id='word_1_104' title='bbox 1308 1515 1641 1585; x_wconf 76' lang='lat' dir='ltr'><strong>famulosque</strong></span> <span class='ocrx_word' id='word_1_105' title='bbox 1682 1529 1741 1570; x_wconf 85' lang='lat' dir='ltr'><strong>se</strong></span> <span class='ocrx_word' id='word_1_106' title='bbox 1785 1513 1986 1570; x_wconf 87' lang='lat' dir='ltr'><strong>habere</strong></span> 
     </span>
    </p>
   </div>
   <div class='ocr_carea' id='block_1_17' title="bbox 382 1608 1982 1679">
    <p class='ocr_par' dir='ltr' id='par_1_17' title="bbox 382 1608 1982 1679">
     <span class='ocr_line' id='line_1_17' title="bbox 382 1608 1982 1679; baseline 0 -15"><span class='ocrx_word' id='word_1_107' title='bbox 382 1609 681 1675; x_wconf 72' lang='lat' dir='ltr'><strong>daemones,</strong></span> <span class='ocrx_word' id='word_1_108' title='bbox 709 1623 846 1679; x_wconf 91' lang='lat' dir='ltr'><strong>quos</strong></span> <span class='ocrx_word' id='word_1_109' title='bbox 885 1608 1214 1664; x_wconf 86' lang='lat' dir='ltr'><strong>carminibus</strong></span> <span class='ocrx_word' id='word_1_110' title='bbox 1241 1609 1353 1664; x_wconf 87' lang='lat' dir='ltr'><strong>suis</strong></span> <span class='ocrx_word' id='word_1_111' title='bbox 1383 1609 1624 1664; x_wconf 84' lang='lat' dir='ltr'><strong>fecerant</strong></span> <span class='ocrx_word' id='word_1_112' title='bbox 1662 1609 1982 1664; x_wconf 81' lang='lat' dir='ltr'><strong>necessitate</strong></span> 
     </span>
    </p>
   </div>
   <div class='ocr_carea' id='block_1_18' title="bbox 382 1701 1986 1772">
    <p class='ocr_par' dir='ltr' id='par_1_18' title="bbox 382 1701 1986 1772">
     <span class='ocr_line' id='line_1_18' title="bbox 382 1701 1986 1772; baseline 0.001 -15"><span class='ocrx_word' id='word_1_113' title='bbox 382 1703 622 1758; x_wconf 89' lang='lat' dir='ltr'><strong>adactos.</strong></span> <span class='ocrx_word' id='word_1_114' title='bbox 677 1702 835 1767; x_wconf 81' lang='lat' dir='ltr'><strong>Vide,</strong></span> <span class='ocrx_word' id='word_1_115' title='bbox 891 1703 934 1757; x_wconf 91' lang='lat' dir='ltr'><strong>si</strong></span> <span class='ocrx_word' id='word_1_116' title='bbox 973 1702 1161 1768; x_wconf 89' lang='lat' dir='ltr'><strong>lubet,</strong></span> <span class='ocrx_word' id='word_1_117' title='bbox 1230 1717 1349 1772; x_wconf 82' lang='lat' dir='ltr'><strong>quae</strong></span> <span class='ocrx_word' id='word_1_118' title='bbox 1403 1702 1456 1756; x_wconf 90' lang='lat' dir='ltr'><strong>in</strong></span> <span class='ocrx_word' id='word_1_119' title='bbox 1506 1701 1647 1758; x_wconf 92' lang='lat' dir='ltr'><strong>hunc</strong></span> <span class='ocrx_word' id='word_1_120' title='bbox 1693 1702 1986 1758; x_wconf 84' lang='lat' dir='ltr'><strong>Clementis</strong></span> 
     </span>
    </p>
   </div>
   <div class='ocr_carea' id='block_1_19' title="bbox 383 1794 2056 1860">
    <p class='ocr_par' dir='ltr' id='par_1_19' title="bbox 383 1794 2056 1860">
     <span class='ocr_line' id='line_1_19' title="bbox 383 1794 2056 1860; baseline 0 -11"><span class='ocrx_word' id='word_1_121' title='bbox 383 1795 732 1851; x_wconf 83' lang='lat' dir='ltr'><strong>Alexandrini</strong></span> <span class='ocrx_word' id='word_1_122' title='bbox 801 1795 975 1850; x_wconf 91' lang='lat' dir='ltr'><strong>locum</strong></span> <span class='ocrx_word' id='word_1_123' title='bbox 1041 1794 1454 1860; x_wconf 87' lang='lat' dir='ltr'><strong>annotavimus,</strong></span> <span class='ocrx_word' id='word_1_124' title='bbox 1511 1805 1565 1849; x_wconf 88' lang='lat' dir='ltr'><strong>et</strong></span> <span class='ocrx_word' id='word_1_125' title='bbox 1631 1795 1848 1850; x_wconf 91' lang='lat' dir='ltr'><strong>citatum</strong></span> <span class='ocrx_word' id='word_1_126' title='bbox 1907 1794 2056 1860; x_wconf 83' lang='lat' dir='ltr'><strong>ibi&#39;B</strong></span> 
     </span>
    </p>
   </div>
   <div class='ocr_carea' id='block_1_20' title="bbox 384 1886 1980 1958">
    <p class='ocr_par' dir='ltr' id='par_1_20' title="bbox 384 1886 1980 1958">
     <span class='ocr_line' id='line_1_20' title="bbox 384 1886 1980 1958; baseline 0.001 -18"><span class='ocrx_word' id='word_1_127' title='bbox 384 1903 414 1940; x_wconf 89' lang='lat' dir='ltr'><strong>a</strong></span> <span class='ocrx_word' id='word_1_128' title='bbox 458 1887 614 1942; x_wconf 91' lang='lat' dir='ltr'><strong>nobis</strong></span> <span class='ocrx_word' id='word_1_129' title='bbox 654 1886 968 1952; x_wconf 84' lang='lat' dir='ltr'><strong>Eusebium,</strong></span> <span class='ocrx_word' id='word_1_130' title='bbox 1016 1887 1104 1958; x_wconf 88' lang='lat' dir='ltr'><strong>qui</strong></span> <span class='ocrx_word' id='word_1_131' title='bbox 1147 1903 1211 1942; x_wconf 79' lang='lat' dir='ltr'><strong>ex</strong></span> <span class='ocrx_word' id='word_1_132' title='bbox 1260 1887 1422 1941; x_wconf 87' lang='lat' dir='ltr'><strong>variis</strong></span> <span class='ocrx_word' id='word_1_133' title='bbox 1462 1886 1814 1957; x_wconf 80' lang='lat' dir='ltr'><strong>scriptoribus</strong></span> <span class='ocrx_word' id='word_1_134' title='bbox 1860 1888 1980 1957; x_wconf 85' lang='lat' dir='ltr'><strong>plu-</strong></span> 
     </span>
    </p>
   </div>
   <div class='ocr_carea' id='block_1_21' title="bbox 387 1978 1982 2049">
    <p class='ocr_par' dir='ltr' id='par_1_21' title="bbox 387 1978 1982 2049">
     <span class='ocr_line' id='line_1_21' title="bbox 387 1978 1982 2049; baseline -0.001 -15"><span class='ocrx_word' id='word_1_135' title='bbox 387 1979 522 2034; x_wconf 85' lang='lat' dir='ltr'><strong>rima</strong></span> <span class='ocrx_word' id='word_1_136' title='bbox 571 1979 639 2035; x_wconf 92' lang='lat' dir='ltr'><strong>de</strong></span> <span class='ocrx_word' id='word_1_137' title='bbox 686 1979 1021 2034; x_wconf 72' lang='lat' dir='ltr'><strong>dtBII&#39;ItlllilllIS</strong></span> <span class='ocrx_word' id='word_1_138' title='bbox 1065 1979 1364 2049; x_wconf 71' lang='lat' dir='ltr'><strong>congessit.</strong></span> <span class='ocrx_word' id='word_1_139' title='bbox 1424 1980 1497 2033; x_wconf 90' lang='lat' dir='ltr'><strong>De</strong></span> <span class='ocrx_word' id='word_1_140' title='bbox 1557 1978 1834 2034; x_wconf 85' lang='lat' dir='ltr'><strong>Lactantio</strong></span> <span class='ocrx_word' id='word_1_141' title='bbox 1884 1996 1982 2034; x_wconf 84' lang='lat' dir='ltr'><strong>au-</strong></span> 
     </span>
    </p>
   </div>
   <div class='ocr_carea' id='block_1_22' title="bbox 389 2069 1987 2140">
    <p class='ocr_par' dir='ltr' id='par_1_22' title="bbox 389 2069 1987 2140">
     <span class='ocr_line' id='line_1_22' title="bbox 389 2069 1987 2140; baseline 0 -16"><span class='ocrx_word' id='word_1_142' title='bbox 389 2079 495 2124; x_wconf 89' lang='lat' dir='ltr'><strong>tem</strong></span> <span class='ocrx_word' id='word_1_143' title='bbox 537 2081 590 2124; x_wconf 91' lang='lat' dir='ltr'><strong>et</strong></span> <span class='ocrx_word' id='word_1_144' title='bbox 612 2070 939 2125; x_wconf 86' lang='lat' dir='ltr'><strong>Tertulliano</strong></span> <span class='ocrx_word' id='word_1_145' title='bbox 964 2085 1062 2124; x_wconf 91' lang='lat' dir='ltr'><strong>nos</strong></span> <span class='ocrx_word' id='word_1_146' title='bbox 1092 2086 1191 2126; x_wconf 92' lang='lat' dir='ltr'><strong>suo</strong></span> <span class='ocrx_word' id='word_1_147' title='bbox 1234 2070 1354 2124; x_wconf 91' lang='lat' dir='ltr'><strong>Ioco</strong></span> <span class='ocrx_word' id='word_1_148' title='bbox 1383 2069 1778 2140; x_wconf 89' lang='lat' dir='ltr'><strong>disputabimus</strong></span> <span class='ocrx_word' id='word_1_149' title='bbox 1835 2070 1987 2140; x_wconf 88' lang='lat' dir='ltr'><strong>(Ter-</strong></span> 
     </span>
    </p>
   </div>
   <div class='ocr_carea' id='block_1_23' title="bbox 383 2161 1980 2236">
    <p class='ocr_par' dir='ltr' id='par_1_23' title="bbox 383 2161 1980 2236">
     <span class='ocr_line' id='line_1_23' title="bbox 383 2161 1980 2236; baseline 0 -20"><span class='ocrx_word' id='word_1_150' title='bbox 383 2163 480 2217; x_wconf 92' lang='lat' dir='ltr'><strong>tul.</strong></span> <span class='ocrx_word' id='word_1_151' title='bbox 521 2163 737 2236; x_wconf 76' lang='lat' dir='ltr'><strong>Apolog.</strong></span> <span class='ocrx_word' id='word_1_152' title='bbox 768 2179 887 2233; x_wconf 90' lang='lat' dir='ltr'><strong>cap.</strong></span> <span class='ocrx_word' id='word_1_153' title='bbox 917 2162 1019 2229; x_wconf 74' lang='lat'><strong>2&#39;2;</strong></span> <span class='ocrx_word' id='word_1_154' title='bbox 1072 2163 1313 2218; x_wconf 83' lang='lat' dir='ltr'><strong>Lactant.</strong></span> <span class='ocrx_word' id='word_1_155' title='bbox 1358 2163 1448 2218; x_wconf 89' lang='lat' dir='ltr'><strong>lib.</strong></span> <span class='ocrx_word' id='word_1_156' title='bbox 1491 2179 1550 2216; x_wconf 89' lang='lat' dir='ltr'><strong>ll.</strong></span> <span class='ocrx_word' id='word_1_157' title='bbox 1587 2161 1818 2216; x_wconf 83' lang='lat' dir='ltr'><strong>Institut.</strong></span> <span class='ocrx_word' id='word_1_158' title='bbox 1861 2180 1980 2233; x_wconf 88' lang='lat' dir='ltr'><strong>cap.</strong></span> 
     </span>
    </p>
   </div>
   <div class='ocr_carea' id='block_1_24' title="bbox 383 2255 1978 2328">
    <p class='ocr_par' dir='ltr' id='par_1_24' title="bbox 383 2255 1978 2328">
     <span class='ocr_line' id='line_1_24' title="bbox 383 2255 1978 2328; baseline -0.001 -17"><span class='ocrx_word' id='word_1_159' title='bbox 383 2257 468 2324; x_wconf 66' lang='lat' dir='ltr'><strong>Ili,</strong></span> <span class='ocrx_word' id='word_1_160' title='bbox 500 2272 620 2328; x_wconf 87' lang='lat' dir='ltr'><strong>pag.</strong></span> <span class='ocrx_word' id='word_1_161' title='bbox 658 2258 799 2322; x_wconf 74' lang='lat'><strong>216;</strong></span> <span class='ocrx_word' id='word_1_162' title='bbox 833 2258 1086 2312; x_wconf 68' lang='lat' dir='ltr'><strong>Clemens</strong></span> <span class='ocrx_word' id='word_1_163' title='bbox 1131 2255 1422 2312; x_wconf 71' lang='lat' dir='ltr'><strong>Alevaudr.</strong></span> <span class='ocrx_word' id='word_1_164' title='bbox 1455 2255 1716 2309; x_wconf 78' lang='lat' dir='ltr'><strong>Admonit.</strong></span> <span class='ocrx_word' id='word_1_165' title='bbox 1749 2257 1816 2309; x_wconf 86' lang='lat' dir='ltr'><strong>ad</strong></span> <span class='ocrx_word' id='word_1_166' title='bbox 1843 2265 1978 2326; x_wconf 84' lang='lat' dir='ltr'><strong>gent.</strong></span> 
     </span>
    </p>
   </div>
   <div class='ocr_carea' id='block_1_25' title="bbox 379 2347 1553 2421">
    <p class='ocr_par' dir='ltr' id='par_1_25' title="bbox 379 2347 1553 2421">
     <span class='ocr_line' id='line_1_25' title="bbox 379 2347 1553 2421; baseline -0.004 -16"><span class='ocrx_word' id='word_1_167' title='bbox 379 2365 500 2421; x_wconf 88' lang='lat' dir='ltr'><strong>pag.</strong></span> <span class='ocrx_word' id='word_1_168' title='bbox 531 2349 624 2415; x_wconf 78' lang='lat'><strong>59;</strong></span> <span class='ocrx_word' id='word_1_169' title='bbox 655 2349 811 2404; x_wconf 86' lang='lat' dir='ltr'><strong>Tum.</strong></span> <span class='ocrx_word' id='word_1_170' title='bbox 845 2351 895 2404; x_wconf 84' lang='lat' dir='ltr'><strong>l.</strong></span> <span class='ocrx_word' id='word_1_171' title='bbox 927 2349 1178 2419; x_wconf 73' lang='lat' dir='ltr'><strong>Apparet.</strong></span> <span class='ocrx_word' id='word_1_172' title='bbox 1213 2365 1334 2420; x_wconf 88' lang='lat' dir='ltr'><strong>pag.</strong></span> <span class='ocrx_word' id='word_1_173' title='bbox 1373 2347 1553 2418; x_wconf 74' lang='lat' dir='ltr'><strong>I259).</strong></span> 
     </span>
    </p>
   </div>
   <div class='ocr_carea' id='block_1_26' title="bbox 454 2439 1986 2512">
    <p class='ocr_par' dir='ltr' id='par_1_26' title="bbox 454 2439 1986 2512">
     <span class='ocr_line' id='line_1_26' title="bbox 454 2439 1986 2512; baseline -0.002 -15"><span class='ocrx_word' id='word_1_174' title='bbox 454 2445 736 2499; x_wconf 72' lang='lat' dir='ltr'><strong>Da&#39;nioucs</strong></span> <span class='ocrx_word' id='word_1_175' title='bbox 797 2458 956 2512; x_wconf 88' lang='lat' dir='ltr'><strong>porro</strong></span> <span class='ocrx_word' id='word_1_176' title='bbox 1023 2442 1184 2511; x_wconf 87' lang='lat' dir='ltr'><strong>Magis</strong></span> <span class='ocrx_word' id='word_1_177' title='bbox 1252 2443 1496 2512; x_wconf 88' lang='lat' dir='ltr'><strong>cognitos</strong></span> <span class='ocrx_word' id='word_1_178' title='bbox 1559 2441 1728 2496; x_wconf 79' lang='lat' dir='ltr'><strong>fuisse</strong></span> <span class='ocrx_word' id='word_1_179' title='bbox 1794 2439 1986 2510; x_wconf 85' lang='lat' dir='ltr'><strong>probat.</strong></span> 
     </span>
    </p>
   </div>
   <div class='ocr_carea' id='block_1_27' title="bbox 379 2535 1986 2604">
    <p class='ocr_par' dir='ltr' id='par_1_27' title="bbox 379 2535 1986 2604">
     <span class='ocr_line' id='line_1_27' title="bbox 379 2535 1986 2604; baseline -0.003 -12"><span class='ocrx_word' id='word_1_180' title='bbox 379 2535 638 2592; x_wconf 90' lang='lat' dir='ltr'><strong>Minucius</strong></span> <span class='ocrx_word' id='word_1_181' title='bbox 663 2547 870 2600; x_wconf 88' lang='lat' dir='ltr'><strong>noster,</strong></span> <span class='ocrx_word' id='word_1_182' title='bbox 901 2536 1142 2602; x_wconf 83' lang='lat' dir='ltr'><strong>Ostauis,</strong></span> <span class='ocrx_word' id='word_1_183' title='bbox 1175 2551 1269 2590; x_wconf 88' lang='lat' dir='ltr'><strong>seu</strong></span> <span class='ocrx_word' id='word_1_184' title='bbox 1301 2535 1549 2590; x_wconf 89' lang='lat' dir='ltr'><strong>Ilostanis</strong></span> <span class='ocrx_word' id='word_1_185' title='bbox 1588 2536 1796 2589; x_wconf 89' lang='lat' dir='ltr'><strong>illorum</strong></span> <span class='ocrx_word' id='word_1_186' title='bbox 1841 2535 1986 2604; x_wconf 86' lang='lat' dir='ltr'><strong>prin-</strong></span> 
     </span>
    </p>
   </div>
   <div class='ocr_carea' id='block_1_28' title="bbox 376 2627 1980 2700">
    <p class='ocr_par' dir='ltr' id='par_1_28' title="bbox 376 2627 1980 2700">
     <span class='ocr_line' id='line_1_28' title="bbox 376 2627 1980 2700; baseline -0.003 -16"><span class='ocrx_word' id='word_1_187' title='bbox 376 2629 509 2700; x_wconf 88' lang='lat' dir='ltr'><strong>cipis</strong></span> <span class='ocrx_word' id='word_1_188' title='bbox 573 2633 909 2685; x_wconf 84' lang='lat' dir='ltr'><strong>auctoritate.</strong></span> <span class='ocrx_word' id='word_1_189' title='bbox 983 2629 1108 2684; x_wconf 80' lang='lat' dir='ltr'><strong>llaec</strong></span> <span class='ocrx_word' id='word_1_190' title='bbox 1161 2637 1336 2682; x_wconf 89' lang='lat' dir='ltr'><strong>autem</strong></span> <span class='ocrx_word' id='word_1_191' title='bbox 1397 2637 1521 2682; x_wconf 90' lang='lat' dir='ltr'><strong>sunt</strong></span> <span class='ocrx_word' id='word_1_192' title='bbox 1575 2627 1691 2696; x_wconf 89' lang='lat' dir='ltr'><strong>ejus</strong></span> <span class='ocrx_word' id='word_1_193' title='bbox 1759 2627 1920 2681; x_wconf 87' lang='lat' dir='ltr'><strong>verba</strong></span> <span class='ocrx_word' id='word_1_194' title='bbox 1969 2645 1980 2679; x_wconf 93' lang='lat'><strong>:</strong></span> 
     </span>
    </p>
   </div>
   <div class='ocr_carea' id='block_1_29' title="bbox 384 2721 1988 2791">
    <p class='ocr_par' dir='ltr' id='par_1_29' title="bbox 384 2721 1988 2791">
     <span class='ocr_line' id='line_1_29' title="bbox 384 2721 1988 2791; baseline 0.002 -18"><span class='ocrx_word' id='word_1_195' title='bbox 384 2741 402 2773; x_wconf 76' lang='grc' dir='ltr'><strong>ε</strong></span> <span class='ocrx_word' id='word_1_196' title='bbox 457 2722 692 2790; x_wconf 83' lang='lat' dir='ltr'><strong>Eorum,</strong></span> <span class='ocrx_word' id='word_1_197' title='bbox 722 2722 972 2778; x_wconf 84' lang='lat' dir='ltr'><strong>videlicet</strong></span> <span class='ocrx_word' id='word_1_198' title='bbox 1023 2721 1324 2777; x_wconf 63' lang='lat' dir='ltr'><strong>daemonum</strong></span> <span class='ocrx_word' id='word_1_199' title='bbox 1349 2764 1362 2784; x_wconf 93' lang='lat'><strong>,</strong></span> <span class='ocrx_word' id='word_1_200' title='bbox 1393 2721 1667 2791; x_wconf 87' lang='lat' dir='ltr'><strong>Magorum</strong></span> <span class='ocrx_word' id='word_1_201' title='bbox 1695 2721 1908 2790; x_wconf 89' lang='lat' dir='ltr'><strong>eloquio</strong></span> <span class='ocrx_word' id='word_1_202' title='bbox 1933 2731 1988 2776; x_wconf 89' lang='lat' dir='ltr'><strong>et</strong></span> 
     </span>
    </p>
   </div>
   <div class='ocr_carea' id='block_1_30' title="bbox 377 2813 1984 2889">
    <p class='ocr_par' dir='ltr' id='par_1_30' title="bbox 377 2813 1984 2889">
     <span class='ocr_line' id='line_1_30' title="bbox 377 2813 1984 2889; baseline -0.002 -17"><span class='ocrx_word' id='word_1_203' title='bbox 377 2818 591 2889; x_wconf 84' lang='lat' dir='ltr'><strong>negotio</strong></span> <span class='ocrx_word' id='word_1_204' title='bbox 610 2818 813 2888; x_wconf 91' lang='lat' dir='ltr'><strong>primus</strong></span> <span class='ocrx_word' id='word_1_205' title='bbox 841 2817 1103 2873; x_wconf 77' lang='lat' dir='ltr'><strong>Hosmnes</strong></span> <span class='ocrx_word' id='word_1_206' title='bbox 1142 2817 1259 2888; x_wconf 78' lang='lat' dir='ltr'><strong>(ms.</strong></span> <span class='ocrx_word' id='word_1_207' title='bbox 1288 2833 1396 2887; x_wconf 86' lang='lat' dir='ltr'><strong>reg.</strong></span> <span class='ocrx_word' id='word_1_208' title='bbox 1415 2813 1692 2885; x_wconf 89' lang='lat' dir='ltr'><strong>Sostanes)</strong></span> <span class='ocrx_word' id='word_1_209' title='bbox 1717 2824 1770 2870; x_wconf 92' lang='lat' dir='ltr'><strong>ct</strong></span> <span class='ocrx_word' id='word_1_210' title='bbox 1799 2831 1984 2869; x_wconf 86' lang='lat' dir='ltr'><strong>verum</strong></span> 
     </span>
    </p>
   </div>
   <div class='ocr_carea' id='block_1_31' title="bbox 379 2907 1983 2982">
    <p class='ocr_par' dir='ltr' id='par_1_31' title="bbox 379 2907 1983 2982">
     <span class='ocr_line' id='line_1_31' title="bbox 379 2907 1983 2982; baseline -0.003 -15"><span class='ocrx_word' id='word_1_211' title='bbox 379 2913 545 2967; x_wconf 88' lang='lat' dir='ltr'><strong>Deum</strong></span> <span class='ocrx_word' id='word_1_212' title='bbox 594 2912 782 2967; x_wconf 87' lang='lat' dir='ltr'><strong>merita</strong></span> <span class='ocrx_word' id='word_1_213' title='bbox 834 2911 1113 2982; x_wconf 82' lang='lat' dir='ltr'><strong>majestate</strong></span> <span class='ocrx_word' id='word_1_214' title='bbox 1169 2909 1549 2980; x_wconf 90' lang='lat' dir='ltr'><strong>prosequitur;</strong></span> <span class='ocrx_word' id='word_1_215' title='bbox 1598 2919 1653 2964; x_wconf 92' lang='lat' dir='ltr'><strong>et</strong></span> <span class='ocrx_word' id='word_1_216' title='bbox 1717 2907 1983 2978; x_wconf 88' lang='lat' dir='ltr'><strong>Angelos,</strong></span> 
     </span>
    </p>
   </div>
   <div class='ocr_carea' id='block_1_32' title="bbox 378 3001 1986 3072">
    <p class='ocr_par' dir='ltr' id='par_1_32' title="bbox 378 3001 1986 3072">
     <span class='ocr_line' id='line_1_32' title="bbox 378 3001 1986 3072; baseline -0.003 -11"><span class='ocrx_word' id='word_1_217' title='bbox 378 3005 432 3061; x_wconf 88' lang='lat' dir='ltr'><strong>id</strong></span> <span class='ocrx_word' id='word_1_218' title='bbox 461 3015 570 3070; x_wconf 86' lang='lat' dir='ltr'><strong>est,</strong></span> <span class='ocrx_word' id='word_1_219' title='bbox 609 3005 884 3061; x_wconf 89' lang='lat' dir='ltr'><strong>ministros</strong></span> <span class='ocrx_word' id='word_1_220' title='bbox 935 3014 988 3060; x_wconf 93' lang='lat' dir='ltr'><strong>ct</strong></span> <span class='ocrx_word' id='word_1_221' title='bbox 1023 3005 1239 3059; x_wconf 90' lang='lat' dir='ltr'><strong>nuntios</strong></span> <span class='ocrx_word' id='word_1_222' title='bbox 1288 3003 1405 3069; x_wconf 88' lang='lat' dir='ltr'><strong>Dei,</strong></span> <span class='ocrx_word' id='word_1_223' title='bbox 1455 3003 1550 3058; x_wconf 90' lang='lat' dir='ltr'><strong>sed</strong></span> <span class='ocrx_word' id='word_1_224' title='bbox 1593 3003 1728 3070; x_wconf 88' lang='lat' dir='ltr'><strong>veri,</strong></span> <span class='ocrx_word' id='word_1_225' title='bbox 1764 3001 1986 3072; x_wconf 69' lang='lat' dir='ltr'><strong>ejusque</strong></span> 
     </span>
    </p>
   </div>
   <div class='ocr_carea' id='block_1_33' title="bbox 375 3096 1986 3167">
    <p class='ocr_par' dir='ltr' id='par_1_33' title="bbox 375 3096 1986 3167">
     <span class='ocr_line' id='line_1_33' title="bbox 375 3096 1986 3167; baseline -0.001 -15"><span class='ocrx_word' id='word_1_226' title='bbox 375 3099 705 3155; x_wconf 70' lang='lat' dir='ltr'><strong>venerationi</strong></span> <span class='ocrx_word' id='word_1_227' title='bbox 737 3100 885 3153; x_wconf 90' lang='lat' dir='ltr'><strong>novit</strong></span> <span class='ocrx_word' id='word_1_228' title='bbox 923 3100 1200 3163; x_wconf 86' lang='lat' dir='ltr'><strong>assistere,</strong></span> <span class='ocrx_word' id='word_1_229' title='bbox 1241 3106 1297 3152; x_wconf 92' lang='lat' dir='ltr'><strong>ut</strong></span> <span class='ocrx_word' id='word_1_230' title='bbox 1327 3107 1381 3152; x_wconf 89' lang='lat' dir='ltr'><strong>et</strong></span> <span class='ocrx_word' id='word_1_231' title='bbox 1408 3107 1540 3152; x_wconf 91' lang='lat' dir='ltr'><strong>nutu</strong></span> <span class='ocrx_word' id='word_1_232' title='bbox 1574 3098 1712 3167; x_wconf 90' lang='lat' dir='ltr'><strong>ipso,</strong></span> <span class='ocrx_word' id='word_1_233' title='bbox 1748 3105 1802 3152; x_wconf 89' lang='lat' dir='ltr'><strong>et</strong></span> <span class='ocrx_word' id='word_1_234' title='bbox 1835 3096 1986 3151; x_wconf 91' lang='lat' dir='ltr'><strong>vultu</strong></span> 
     </span>
    </p>
   </div>
   <div class='ocr_carea' id='block_1_34' title="bbox 2093 496 2654 566">
    <p class='ocr_par' dir='ltr' id='par_1_34' title="bbox 2093 496 2654 566">
     <span class='ocr_line' id='line_1_34' title="bbox 2093 496 2654 566; baseline 0.004 -20"><span class='ocrx_word' id='word_1_235' title='bbox 2093 496 2344 566; x_wconf 72' lang='lat' dir='ltr'><strong>Apparet,</strong></span> <span class='ocrx_word' id='word_1_236' title='bbox 2377 510 2511 566; x_wconf 6' lang='lat' dir='ltr'><strong>pag.)</strong></span> <span class='ocrx_word' id='word_1_237' title='bbox 2529 496 2654 550; x_wconf 82' lang='lat'><strong>550.</strong></span> 
     </span>
    </p>
   </div>
   <div class='ocr_carea' id='block_1_35' title="bbox 2165 588 3691 659">
    <p class='ocr_par' dir='ltr' id='par_1_35' title="bbox 2165 588 3691 659">
     <span class='ocr_line' id='line_1_35' title="bbox 2165 588 3691 659; baseline 0.003 -17"><span class='ocrx_word' id='word_1_238' title='bbox 2165 588 2522 657; x_wconf 82' lang='lat' dir='ltr'><strong>Exposuimus</strong></span> <span class='ocrx_word' id='word_1_239' title='bbox 2578 590 2837 645; x_wconf 80' lang='lat' dir='ltr'><strong>bat-tenus</strong></span> <span class='ocrx_word' id='word_1_240' title='bbox 2888 589 3013 659; x_wconf 88' lang='lat' dir='ltr'><strong>quid</strong></span> <span class='ocrx_word' id='word_1_241' title='bbox 3069 589 3328 644; x_wconf 79' lang='lat' dir='ltr'><strong>Minucius</strong></span> <span class='ocrx_word' id='word_1_242' title='bbox 3383 599 3567 645; x_wconf 89' lang='lat' dir='ltr'><strong>uoster</strong></span> <span class='ocrx_word' id='word_1_243' title='bbox 3624 591 3691 646; x_wconf 87' lang='lat' dir='ltr'><strong>de</strong></span> 
     </span>
    </p>
   </div>
   <div class='ocr_carea' id='block_1_36' title="bbox 2091 682 3687 751">
    <p class='ocr_par' dir='ltr' id='par_1_36' title="bbox 2091 682 3687 751">
     <span class='ocr_line' id='line_1_36' title="bbox 2091 682 3687 751; baseline 0.003 -16"><span class='ocrx_word' id='word_1_244' title='bbox 2091 689 2279 736; x_wconf 90' lang='lat' dir='ltr'><strong>natura</strong></span> <span class='ocrx_word' id='word_1_245' title='bbox 2337 682 2660 744; x_wconf 72' lang='lat' dir='ltr'><strong>daemonum,</strong></span> <span class='ocrx_word' id='word_1_246' title='bbox 2716 698 2821 738; x_wconf 90' lang='lat' dir='ltr'><strong>non</strong></span> <span class='ocrx_word' id='word_1_247' title='bbox 2880 693 2986 737; x_wconf 91' lang='lat' dir='ltr'><strong>tam</strong></span> <span class='ocrx_word' id='word_1_248' title='bbox 3037 699 3100 738; x_wconf 78' lang='lat' dir='ltr'><strong>ex</strong></span> <span class='ocrx_word' id='word_1_249' title='bbox 3147 699 3264 750; x_wconf 91' lang='lat' dir='ltr'><strong>sua,</strong></span> <span class='ocrx_word' id='word_1_250' title='bbox 3318 685 3393 739; x_wconf 92' lang='lat' dir='ltr'><strong>uti</strong></span> <span class='ocrx_word' id='word_1_251' title='bbox 3446 685 3687 751; x_wconf 79' lang='lat' dir='ltr'><strong>videtur,</strong></span> 
     </span>
    </p>
   </div>
   <div class='ocr_carea' id='block_1_37' title="bbox 2091 776 3690 848">
    <p class='ocr_par' dir='ltr' id='par_1_37' title="bbox 2091 776 3690 848">
     <span class='ocr_line' id='line_1_37' title="bbox 2091 776 3690 848; baseline 0.004 -20"><span class='ocrx_word' id='word_1_252' title='bbox 2091 790 2250 844; x_wconf 89' lang='lat' dir='ltr'><strong>quam</strong></span> <span class='ocrx_word' id='word_1_253' title='bbox 2303 776 2581 844; x_wconf 86' lang='lat' dir='ltr'><strong>gentilium</strong></span> <span class='ocrx_word' id='word_1_254' title='bbox 2627 776 3088 845; x_wconf 82' lang='lat' dir='ltr'><strong>phiIOSOphorum,</strong></span> <span class='ocrx_word' id='word_1_255' title='bbox 3146 789 3445 848; x_wconf 85' lang='lat' dir='ltr'><strong>poetarum,</strong></span> <span class='ocrx_word' id='word_1_256' title='bbox 3489 791 3543 834; x_wconf 89' lang='lat' dir='ltr'><strong>et</strong></span> <span class='ocrx_word' id='word_1_257' title='bbox 3581 779 3690 834; x_wconf 83' lang='lat' dir='ltr'><strong>Ma-</strong></span> 
     </span>
    </p>
   </div>
   <div class='ocr_carea' id='block_1_38' title="bbox 2091 869 3687 941">
    <p class='ocr_par' dir='ltr' id='par_1_38' title="bbox 2091 869 3687 941">
     <span class='ocr_line' id='line_1_38' title="bbox 2091 869 3687 941; baseline 0.008 -26"><span class='ocrx_word' id='word_1_258' title='bbox 2091 882 2280 937; x_wconf 84' lang='lat' dir='ltr'><strong>gorum</strong></span> <span class='ocrx_word' id='word_1_259' title='bbox 2330 869 2676 938; x_wconf 80' lang='lat' dir='ltr'><strong>Opinionibus</strong></span> <span class='ocrx_word' id='word_1_260' title='bbox 2721 871 2974 925; x_wconf 88' lang='lat' dir='ltr'><strong>traditum</strong></span> <span class='ocrx_word' id='word_1_261' title='bbox 3013 871 3178 927; x_wconf 80' lang='lat' dir='ltr'><strong>fuisse</strong></span> <span class='ocrx_word' id='word_1_262' title='bbox 3227 874 3499 928; x_wconf 91' lang='lat' dir='ltr'><strong>docuerit.</strong></span> <span class='ocrx_word' id='word_1_263' title='bbox 3543 875 3687 941; x_wconf 82' lang='lat' dir='ltr'><strong>Quo-</strong></span> 
     </span>
    </p>
   </div>
   <div class='ocr_carea' id='block_1_39' title="bbox 2092 959 3689 1029">
    <p class='ocr_par' dir='ltr' id='par_1_39' title="bbox 2092 959 3689 1029">
     <span class='ocr_line' id='line_1_39' title="bbox 2092 959 3689 1029; baseline 0.005 -15"><span class='ocrx_word' id='word_1_264' title='bbox 2092 959 2253 1016; x_wconf 86' lang='lat' dir='ltr'><strong>modo</strong></span> <span class='ocrx_word' id='word_1_265' title='bbox 2287 974 2463 1016; x_wconf 91' lang='lat' dir='ltr'><strong>autetn</strong></span> <span class='ocrx_word' id='word_1_266' title='bbox 2501 964 2664 1018; x_wconf 81' lang='lat' dir='ltr'><strong>exiis</strong></span> <span class='ocrx_word' id='word_1_267' title='bbox 2711 963 2802 1019; x_wconf 89' lang='lat' dir='ltr'><strong>ille</strong></span> <span class='ocrx_word' id='word_1_268' title='bbox 2852 965 3121 1029; x_wconf 81' lang='lat' dir='ltr'><strong>ostendat,</strong></span> <span class='ocrx_word' id='word_1_269' title='bbox 3168 980 3270 1020; x_wconf 90' lang='lat' dir='ltr'><strong>non</strong></span> <span class='ocrx_word' id='word_1_270' title='bbox 3321 967 3563 1020; x_wconf 89' lang='lat' dir='ltr'><strong>lictorum</strong></span> <span class='ocrx_word' id='word_1_271' title='bbox 3622 968 3689 1022; x_wconf 91' lang='lat' dir='ltr'><strong>ab</strong></span> 
     </span>
    </p>
   </div>
   <div class='ocr_carea' id='block_1_40' title="bbox 2092 1052 3688 1124">
    <p class='ocr_par' dir='ltr' id='par_1_40' title="bbox 2092 1052 3688 1124">
     <span class='ocr_line' id='line_1_40' title="bbox 2092 1052 3688 1124; baseline 0.004 -18"><span class='ocrx_word' id='word_1_272' title='bbox 2092 1052 2335 1108; x_wconf 88' lang='lat' dir='ltr'><strong>Ethnicis</strong></span> <span class='ocrx_word' id='word_1_273' title='bbox 2387 1055 2608 1109; x_wconf 92' lang='lat' dir='ltr'><strong>deorum</strong></span> <span class='ocrx_word' id='word_1_274' title='bbox 2650 1069 2835 1124; x_wconf 84' lang='lat' dir='ltr'><strong>Opera,</strong></span> <span class='ocrx_word' id='word_1_275' title='bbox 2884 1057 2977 1111; x_wconf 90' lang='lat' dir='ltr'><strong>sed</strong></span> <span class='ocrx_word' id='word_1_276' title='bbox 3030 1056 3341 1112; x_wconf 84' lang='lat' dir='ltr'><strong>earumdem</strong></span> <span class='ocrx_word' id='word_1_277' title='bbox 3384 1059 3688 1113; x_wconf 67' lang='lat' dir='ltr'><strong>diemouum</strong></span> 
     </span>
    </p>
   </div>
   <div class='ocr_carea' id='block_1_41' title="bbox 2093 1146 3688 1218">
    <p class='ocr_par' dir='ltr' id='par_1_41' title="bbox 2093 1146 3688 1218">
     <span class='ocr_line' id='line_1_41' title="bbox 2093 1146 3688 1218; baseline 0.004 -20"><span class='ocrx_word' id='word_1_278' title='bbox 2093 1146 2380 1215; x_wconf 78' lang='lat' dir='ltr'><strong>pra-stigiis</strong></span> <span class='ocrx_word' id='word_1_279' title='bbox 2414 1161 2476 1201; x_wconf 89' lang='lat' dir='ltr'><strong>ea</strong></span> <span class='ocrx_word' id='word_1_280' title='bbox 2519 1147 2652 1200; x_wconf 78' lang='lat' dir='ltr'><strong>facta</strong></span> <span class='ocrx_word' id='word_1_281' title='bbox 2681 1162 2821 1210; x_wconf 82' lang='lat' dir='ltr'><strong>esse,</strong></span> <span class='ocrx_word' id='word_1_282' title='bbox 2856 1164 2974 1218; x_wconf 67' lang='lat' dir='ltr'><strong>quae</strong></span> <span class='ocrx_word' id='word_1_283' title='bbox 3014 1159 3162 1203; x_wconf 76' lang='lat' dir='ltr'><strong>extra</strong></span> <span class='ocrx_word' id='word_1_284' title='bbox 3198 1160 3405 1204; x_wconf 72' lang='lat' dir='ltr'><strong>natura:</strong></span> <span class='ocrx_word' id='word_1_285' title='bbox 3442 1151 3688 1206; x_wconf 85' lang='lat' dir='ltr'><strong>ordinem</strong></span> 
     </span>
    </p>
   </div>
   <div class='ocr_carea' id='block_1_42' title="bbox 2090 1236 3454 1309">
    <p class='ocr_par' dir='ltr' id='par_1_42' title="bbox 2090 1236 3454 1309">
     <span class='ocr_line' id='line_1_42' title="bbox 2090 1236 3454 1309; baseline 0.005 -21"><span class='ocrx_word' id='word_1_286' title='bbox 2090 1237 2379 1306; x_wconf 81' lang='lat' dir='ltr'><strong>contigisse</strong></span> <span class='ocrx_word' id='word_1_287' title='bbox 2413 1236 2740 1304; x_wconf 79' lang='lat' dir='ltr'><strong>ferebantur,</strong></span> <span class='ocrx_word' id='word_1_288' title='bbox 2767 1241 2877 1309; x_wconf 87' lang='lat' dir='ltr'><strong>jam</strong></span> <span class='ocrx_word' id='word_1_289' title='bbox 2909 1241 3323 1296; x_wconf 78' lang='lat' dir='ltr'><strong>examinandum</strong></span> <span class='ocrx_word' id='word_1_290' title='bbox 3353 1253 3454 1297; x_wconf 85' lang='lat' dir='ltr'><strong>cst.</strong></span> 
     </span>
    </p>
   </div>
   <div class='ocr_carea' id='block_1_43' title="bbox 2693 1371 3075 1411">
    <p class='ocr_par' dir='ltr' id='par_1_43' title="bbox 2693 1371 3075 1411">
     <span class='ocr_line' id='line_1_43' title="bbox 2693 1371 3075 1411; baseline 0 -3"><span class='ocrx_word' id='word_1_291' title='bbox 2693 1371 2986 1411; x_wconf 76' lang='lat' dir='ltr'><strong>ARTICULUS</strong></span> <span class='ocrx_word' id='word_1_292' title='bbox 3020 1372 3075 1411; x_wconf 86' lang='lat' dir='ltr'><strong>II.</strong></span> 
     </span>
    </p>
   </div>
   <div class='ocr_carea' id='block_1_44' title="bbox 2092 1469 3686 1542">
    <p class='ocr_par' dir='ltr' id='par_1_44' title="bbox 2092 1469 3686 1542">
     <span class='ocr_line' id='line_1_44' title="bbox 2092 1469 3686 1542; baseline 0.003 -21"><span class='ocrx_word' id='word_1_293' title='bbox 2092 1469 2434 1540; x_wconf 72' lang='lat' dir='ltr'><strong>Ea&#39;pomintur</strong></span> <span class='ocrx_word' id='word_1_294' title='bbox 2489 1471 2706 1524; x_wconf 76' lang='lat' dir='ltr'><strong>Minucii</strong></span> <span class='ocrx_word' id='word_1_295' title='bbox 2751 1482 3079 1541; x_wconf 80' lang='lat' dir='ltr'><strong>argumenta,</strong></span> <span class='ocrx_word' id='word_1_296' title='bbox 3119 1473 3297 1542; x_wconf 83' lang='lat' dir='ltr'><strong>quibus</strong></span> <span class='ocrx_word' id='word_1_297' title='bbox 3353 1473 3686 1538; x_wconf 81' lang='lat' dir='ltr'><strong>demonstrat,</strong></span> 
     </span>
    </p>
   </div>
   <div class='ocr_carea' id='block_1_45' title="bbox 2165 1563 3690 1636">
    <p class='ocr_par' dir='ltr' id='par_1_45' title="bbox 2165 1563 3690 1636">
     <span class='ocr_line' id='line_1_45' title="bbox 2165 1563 3690 1636; baseline 0.003 -21"><span class='ocrx_word' id='word_1_298' title='bbox 2165 1579 2253 1616; x_wconf 86' lang='lat' dir='ltr'><strong>cur</strong></span> <span class='ocrx_word' id='word_1_299' title='bbox 2316 1575 2361 1617; x_wconf 84' lang='lat' dir='ltr'><strong>et</strong></span> <span class='ocrx_word' id='word_1_300' title='bbox 2421 1565 2672 1633; x_wconf 84' lang='lat' dir='ltr'><strong>quomodo</strong></span> <span class='ocrx_word' id='word_1_301' title='bbox 2732 1563 3018 1617; x_wconf 80' lang='lat' dir='ltr'><strong>dwmouum</strong></span> <span class='ocrx_word' id='word_1_302' title='bbox 3067 1564 3260 1618; x_wconf 81' lang='lat' dir='ltr'><strong>artibus</strong></span> <span class='ocrx_word' id='word_1_303' title='bbox 3307 1582 3365 1618; x_wconf 79' lang='lat' dir='ltr'><strong>tu:</strong></span> <span class='ocrx_word' id='word_1_304' title='bbox 3420 1568 3690 1636; x_wconf 77' lang='lat' dir='ltr'><strong>prwsligiis</strong></span> 
     </span>
    </p>
   </div>
   <div class='ocr_carea' id='block_1_46' title="bbox 2165 1645 3769 1724">
    <p class='ocr_par' dir='ltr' id='par_1_46' title="bbox 2165 1645 3769 1724">
     <span class='ocr_line' id='line_1_46' title="bbox 2165 1645 3769 1724; baseline 0.002 -18"><span class='ocrx_word' id='word_1_305' title='bbox 2165 1670 2223 1706; x_wconf 83' lang='lat' dir='ltr'><strong>ea</strong></span> <span class='ocrx_word' id='word_1_306' title='bbox 2273 1655 2442 1707; x_wconf 80' lang='lat' dir='ltr'><strong>omnia</strong></span> <span class='ocrx_word' id='word_1_307' title='bbox 2484 1658 2621 1724; x_wconf 79' lang='lat' dir='ltr'><strong>facta</strong></span> <span class='ocrx_word' id='word_1_308' title='bbox 2663 1655 2780 1716; x_wconf 84' lang='lat' dir='ltr'><strong>sint,</strong></span> <span class='ocrx_word' id='word_1_309' title='bbox 2835 1671 2954 1724; x_wconf 76' lang='lat' dir='ltr'><strong>qua:</strong></span> <span class='ocrx_word' id='word_1_310' title='bbox 2995 1672 3151 1724; x_wconf 78' lang='lat' dir='ltr'><strong>supra</strong></span> <span class='ocrx_word' id='word_1_311' title='bbox 3186 1666 3449 1710; x_wconf 75' lang='lat' dir='ltr'><strong>consuetas</strong></span> <span class='ocrx_word' id='word_1_312' title='bbox 3495 1668 3692 1712; x_wconf 77' lang='lat' dir='ltr'><strong>natura:</strong></span> <span class='ocrx_word' id='word_1_313' title='bbox 3762 1645 3769 1651; x_wconf 64' lang='grc'><em>’</em></span> 
     </span>
    </p>
   </div>
   <div class='ocr_carea' id='block_1_47' title="bbox 2165 1744 3686 1819">
    <p class='ocr_par' dir='ltr' id='par_1_47' title="bbox 2165 1744 3686 1819">
     <span class='ocr_line' id='line_1_47' title="bbox 2165 1744 3686 1819; baseline 0.003 -21"><span class='ocrx_word' id='word_1_314' title='bbox 2165 1745 2292 1798; x_wconf 79' lang='lat' dir='ltr'><strong>vires</strong></span> <span class='ocrx_word' id='word_1_315' title='bbox 2333 1744 2510 1810; x_wconf 79' lang='lat' dir='ltr'><strong>c/fecta</strong></span> <span class='ocrx_word' id='word_1_316' title='bbox 2537 1748 2868 1813; x_wconf 81' lang='lat' dir='ltr'><strong>videbuntur;</strong></span> <span class='ocrx_word' id='word_1_317' title='bbox 2914 1748 2998 1801; x_wconf 82' lang='lat' dir='ltr'><strong>ubi</strong></span> <span class='ocrx_word' id='word_1_318' title='bbox 3037 1748 3186 1818; x_wconf 83' lang='lat' dir='ltr'><strong>plura</strong></span> <span class='ocrx_word' id='word_1_319' title='bbox 3227 1749 3288 1802; x_wconf 83' lang='lat' dir='ltr'><strong>de</strong></span> <span class='ocrx_word' id='word_1_320' title='bbox 3325 1751 3555 1819; x_wconf 78' lang='lat' dir='ltr'><strong>somniis,</strong></span> <span class='ocrx_word' id='word_1_321' title='bbox 3595 1766 3686 1802; x_wconf 69' lang='grc' dir='ltr'><strong>να-</strong></span> 
     </span>
    </p>
   </div>
   <div class='ocr_carea' id='block_1_48' title="bbox 2159 1837 3030 1910">
    <p class='ocr_par' dir='ltr' id='par_1_48' title="bbox 2159 1837 3030 1910">
     <span class='ocr_line' id='line_1_48' title="bbox 2159 1837 3030 1910; baseline 0.005 -21"><span class='ocrx_word' id='word_1_322' title='bbox 2159 1837 2249 1890; x_wconf 80' lang='lat' dir='ltr'><strong>riis</strong></span> <span class='ocrx_word' id='word_1_323' title='bbox 2277 1837 2514 1902; x_wconf 80' lang='lat' dir='ltr'><strong>sortibus,</strong></span> <span class='ocrx_word' id='word_1_324' title='bbox 2549 1855 2609 1892; x_wconf 80' lang='lat' dir='ltr'><strong>ac</strong></span> <span class='ocrx_word' id='word_1_325' title='bbox 2639 1848 2806 1892; x_wconf 84' lang='lat' dir='ltr'><strong>vatum</strong></span> <span class='ocrx_word' id='word_1_326' title='bbox 2837 1839 3030 1910; x_wconf 75' lang='lat' dir='ltr'><strong>furore.</strong></span> 
     </span>
    </p>
   </div>
   <div class='ocr_carea' id='block_1_49' title="bbox 2165 1970 3687 2043">
    <p class='ocr_par' dir='ltr' id='par_1_49' title="bbox 2165 1970 3687 2043">
     <span class='ocr_line' id='line_1_49' title="bbox 2165 1970 3687 2043; baseline 0.005 -20"><span class='ocrx_word' id='word_1_327' title='bbox 2165 1970 2404 2026; x_wconf 80' lang='lat' dir='ltr'><strong>Vidimus</strong></span> <span class='ocrx_word' id='word_1_328' title='bbox 2441 1972 2490 2026; x_wconf 94' lang='lat' dir='ltr'><strong>in</strong></span> <span class='ocrx_word' id='word_1_329' title='bbox 2533 1973 2798 2042; x_wconf 89' lang='lat' dir='ltr'><strong>superiori</strong></span> <span class='ocrx_word' id='word_1_330' title='bbox 2830 1973 3059 2028; x_wconf 89' lang='lat' dir='ltr'><strong>articulo</strong></span> <span class='ocrx_word' id='word_1_331' title='bbox 3110 1989 3212 2043; x_wconf 91' lang='lat' dir='ltr'><strong>qua</strong></span> <span class='ocrx_word' id='word_1_332' title='bbox 3263 1976 3467 2030; x_wconf 86' lang='lat' dir='ltr'><strong>ratione</strong></span> <span class='ocrx_word' id='word_1_333' title='bbox 3512 1976 3687 2030; x_wconf 81' lang='lat' dir='ltr'><strong>Miuu—</strong></span> 
     </span>
    </p>
   </div>
   <div class='ocr_carea' id='block_1_50' title="bbox 2088 2063 3684 2124">
    <p class='ocr_par' dir='ltr' id='par_1_50' title="bbox 2088 2063 3684 2124">
     <span class='ocr_line' id='line_1_50' title="bbox 2088 2063 3684 2124; baseline 0.004 -6"><span class='ocrx_word' id='word_1_334' title='bbox 2088 2065 2201 2118; x_wconf 93' lang='lat' dir='ltr'><strong>cius</strong></span> <span class='ocrx_word' id='word_1_335' title='bbox 2256 2063 2451 2119; x_wconf 73' lang='lat' dir='ltr'><strong>dixerit</strong></span> <span class='ocrx_word' id='word_1_336' title='bbox 2503 2065 2778 2121; x_wconf 62' lang='lat' dir='ltr'><strong>daemones</strong></span> <span class='ocrx_word' id='word_1_337' title='bbox 2839 2067 3085 2122; x_wconf 84' lang='lat' dir='ltr'><strong>amisisse</strong></span> <span class='ocrx_word' id='word_1_338' title='bbox 3145 2087 3162 2120; x_wconf 88' lang='grc'><strong>‹</strong></span> <span class='ocrx_word' id='word_1_339' title='bbox 3199 2068 3516 2124; x_wconf 75' lang='lat' dir='ltr'><strong>substantia:</strong></span> <span class='ocrx_word' id='word_1_340' title='bbox 3569 2085 3684 2124; x_wconf 73' lang='lat' dir='ltr'><strong>sua:</strong></span> 
     </span>
    </p>
   </div>
   <div class='ocr_carea' id='block_1_51' title="bbox 2087 2157 3678 2230">
    <p class='ocr_par' dir='ltr' id='par_1_51' title="bbox 2087 2157 3678 2230">
     <span class='ocr_line' id='line_1_51' title="bbox 2087 2157 3678 2230; baseline 0.005 -22"><span class='ocrx_word' id='word_1_341' title='bbox 2087 2157 2479 2226; x_wconf 80' lang='lat' dir='ltr'><strong>simplicitatem</strong></span> <span class='ocrx_word' id='word_1_342' title='bbox 2510 2175 2557 2224; x_wconf 77' lang='grc' dir='ltr'><strong>ι,</strong></span> <span class='ocrx_word' id='word_1_343' title='bbox 2618 2158 2698 2211; x_wconf 86' lang='lat' dir='ltr'><strong>vel</strong></span> <span class='ocrx_word' id='word_1_344' title='bbox 2747 2159 2884 2212; x_wconf 90' lang='lat' dir='ltr'><strong>sicut</strong></span> <span class='ocrx_word' id='word_1_345' title='bbox 2936 2159 3134 2213; x_wconf 90' lang='lat' dir='ltr'><strong>mitiori</strong></span> <span class='ocrx_word' id='word_1_346' title='bbox 3191 2161 3352 2215; x_wconf 91' lang='lat' dir='ltr'><strong>verbo</strong></span> <span class='ocrx_word' id='word_1_347' title='bbox 3411 2162 3678 2230; x_wconf 86' lang='lat' dir='ltr'><strong>interpres</strong></span> 
     </span>
    </p>
   </div>
   <div class='ocr_carea' id='block_1_52' title="bbox 2088 2251 3691 2327">
    <p class='ocr_par' dir='ltr' id='par_1_52' title="bbox 2088 2251 3691 2327">
     <span class='ocr_line' id='line_1_52' title="bbox 2088 2251 3691 2327; baseline 0.003 -22"><span class='ocrx_word' id='word_1_348' title='bbox 2088 2251 2204 2319; x_wconf 84' lang='lat' dir='ltr'><strong>ejus</strong></span> <span class='ocrx_word' id='word_1_349' title='bbox 2236 2251 2544 2306; x_wconf 78' lang='lat' dir='ltr'><strong>Lactantius</strong></span> <span class='ocrx_word' id='word_1_350' title='bbox 2580 2251 2794 2314; x_wconf 74' lang='lat' dir='ltr'><strong>effatur,</strong></span> <span class='ocrx_word' id='word_1_351' title='bbox 2835 2274 2851 2303; x_wconf 82' lang='lat' dir='ltr'><strong>i</strong></span> <span class='ocrx_word' id='word_1_352' title='bbox 2886 2254 3199 2308; x_wconf 65' lang='lat' dir='ltr'><strong>substantiae</strong></span> <span class='ocrx_word' id='word_1_353' title='bbox 3239 2255 3475 2310; x_wconf 74' lang='lat' dir='ltr'><strong>cmlcstis</strong></span> <span class='ocrx_word' id='word_1_354' title='bbox 3524 2256 3691 2327; x_wconf 78' lang='lat' dir='ltr'><strong>iligni-</strong></span> 
     </span>
    </p>
   </div>
   <div class='ocr_carea' id='block_1_53' title="bbox 2087 2343 3682 2418">
    <p class='ocr_par' dir='ltr' id='par_1_53' title="bbox 2087 2343 3682 2418">
     <span class='ocr_line' id='line_1_53' title="bbox 2087 2343 3682 2418; baseline 0.005 -23"><span class='ocrx_word' id='word_1_355' title='bbox 2087 2353 2273 2409; x_wconf 87' lang='lat' dir='ltr'><strong>tatem,</strong></span> <span class='ocrx_word' id='word_1_356' title='bbox 2319 2363 2335 2394; x_wconf 68' lang='grc' dir='ltr'><strong>ι</strong></span> <span class='ocrx_word' id='word_1_357' title='bbox 2371 2343 2421 2398; x_wconf 90' lang='lat' dir='ltr'><strong>id</strong></span> <span class='ocrx_word' id='word_1_358' title='bbox 2468 2355 2568 2408; x_wconf 90' lang='lat' dir='ltr'><strong>est,</strong></span> <span class='ocrx_word' id='word_1_359' title='bbox 2601 2345 2965 2413; x_wconf 65' lang='lat' dir='ltr'><strong>praestantiam</strong></span> <span class='ocrx_word' id='word_1_360' title='bbox 2990 2357 3044 2401; x_wconf 91' lang='lat' dir='ltr'><strong>et</strong></span> <span class='ocrx_word' id='word_1_361' title='bbox 3069 2346 3470 2413; x_wconf 78' lang='lat' dir='ltr'><strong>excellentiam,</strong></span> <span class='ocrx_word' id='word_1_362' title='bbox 3522 2366 3682 2418; x_wconf 86' lang='lat' dir='ltr'><strong>quam</strong></span> 
     </span>
    </p>
   </div>
   <div class='ocr_carea' id='block_1_54' title="bbox 2089 2436 3687 2507">
    <p class='ocr_par' dir='ltr' id='par_1_54' title="bbox 2089 2436 3687 2507">
     <span class='ocr_line' id='line_1_54' title="bbox 2089 2436 3687 2507; baseline 0.006 -20"><span class='ocrx_word' id='word_1_363' title='bbox 2089 2436 2200 2488; x_wconf 90' lang='lat' dir='ltr'><strong>suis</strong></span> <span class='ocrx_word' id='word_1_364' title='bbox 2248 2437 2496 2490; x_wconf 88' lang='lat' dir='ltr'><strong>nimirutn</strong></span> <span class='ocrx_word' id='word_1_365' title='bbox 2556 2437 2786 2504; x_wconf 89' lang='lat' dir='ltr'><strong>peccatis</strong></span> <span class='ocrx_word' id='word_1_366' title='bbox 2848 2438 3182 2492; x_wconf 69' lang='lat' dir='ltr'><strong>fiedaverunt</strong></span> <span class='ocrx_word' id='word_1_367' title='bbox 3212 2439 3477 2507; x_wconf 86' lang='lat' dir='ltr'><strong>(Lactant.</strong></span> <span class='ocrx_word' id='word_1_368' title='bbox 3507 2441 3598 2496; x_wconf 92' lang='lat' dir='ltr'><strong>lib.</strong></span> <span class='ocrx_word' id='word_1_369' title='bbox 3630 2460 3687 2496; x_wconf 90' lang='lat' dir='ltr'><strong>II.</strong></span> 
     </span>
    </p>
   </div>
   <div class='ocr_carea' id='block_1_55' title="bbox 2090 2524 3687 2600">
    <p class='ocr_par' dir='ltr' id='par_1_55' title="bbox 2090 2524 3687 2600">
     <span class='ocr_line' id='line_1_55' title="bbox 2090 2524 3687 2600; baseline 0.006 -21"><span class='ocrx_word' id='word_1_370' title='bbox 2090 2524 2319 2580; x_wconf 80' lang='lat' dir='ltr'><strong>Institut.</strong></span> <span class='ocrx_word' id='word_1_371' title='bbox 2353 2542 2474 2596; x_wconf 87' lang='lat' dir='ltr'><strong>cap.</strong></span> <span class='ocrx_word' id='word_1_372' title='bbox 2505 2529 2594 2592; x_wconf 74' lang='grc' dir='ltr'><strong>Μ,</strong></span> <span class='ocrx_word' id='word_1_373' title='bbox 2639 2543 2760 2597; x_wconf 84' lang='lat' dir='ltr'><strong>pag.</strong></span> <span class='ocrx_word' id='word_1_374' title='bbox 2791 2528 3094 2596; x_wconf 80' lang='lat' dir='ltr'><strong>2l6).Cum</strong></span> <span class='ocrx_word' id='word_1_375' title='bbox 3127 2533 3286 2600; x_wconf 85' lang='lat' dir='ltr'><strong>igitur</strong></span> <span class='ocrx_word' id='word_1_376' title='bbox 3316 2533 3508 2586; x_wconf 90' lang='lat' dir='ltr'><strong>merito</strong></span> <span class='ocrx_word' id='word_1_377' title='bbox 3532 2533 3687 2588; x_wconf 89' lang='lat' dir='ltr'><strong>dam-</strong></span> 
     </span>
    </p>
   </div>
   <div class='ocr_carea' id='block_1_56' title="bbox 2091 2619 3691 2690">
    <p class='ocr_par' dir='ltr' id='par_1_56' title="bbox 2091 2619 3691 2690">
     <span class='ocr_line' id='line_1_56' title="bbox 2091 2619 3691 2690; baseline 0.007 -17"><span class='ocrx_word' id='word_1_378' title='bbox 2091 2619 2201 2673; x_wconf 88' lang='lat' dir='ltr'><strong>nati</strong></span> <span class='ocrx_word' id='word_1_379' title='bbox 2251 2636 2437 2675; x_wconf 90' lang='lat' dir='ltr'><strong>eorum</strong></span> <span class='ocrx_word' id='word_1_380' title='bbox 2480 2635 2668 2690; x_wconf 67' lang='lat' dir='ltr'><strong>pinnas</strong></span> <span class='ocrx_word' id='word_1_381' title='bbox 2709 2621 2883 2686; x_wconf 91' lang='lat' dir='ltr'><strong>luunt,</strong></span> <span class='ocrx_word' id='word_1_382' title='bbox 2932 2641 2948 2674; x_wconf 87' lang='grc'><em>‹</em></span> <span class='ocrx_word' id='word_1_383' title='bbox 2987 2624 3053 2676; x_wconf 89' lang='lat' dir='ltr'><strong>ad</strong></span> <span class='ocrx_word' id='word_1_384' title='bbox 3086 2624 3334 2680; x_wconf 89' lang='lat' dir='ltr'><strong>solatium</strong></span> <span class='ocrx_word' id='word_1_385' title='bbox 3371 2629 3691 2684; x_wconf 83' lang='lat' dir='ltr'><strong>calamitatis</strong></span> 
     </span>
    </p>
   </div>
   <div class='ocr_carea' id='block_1_57' title="bbox 2091 2716 3694 2790">
    <p class='ocr_par' dir='ltr' id='par_1_57' title="bbox 2091 2716 3694 2790">
     <span class='ocr_line' id='line_1_57' title="bbox 2091 2716 3694 2790; baseline 0.006 -23"><span class='ocrx_word' id='word_1_386' title='bbox 2091 2729 2202 2768; x_wconf 73' lang='lat' dir='ltr'><strong>sure</strong></span> <span class='ocrx_word' id='word_1_387' title='bbox 2240 2734 2257 2766; x_wconf 74' lang='grc' dir='ltr'><strong><em>ι</em></strong></span> <span class='ocrx_word' id='word_1_388' title='bbox 2302 2724 2358 2768; x_wconf 93' lang='lat' dir='ltr'><strong>ut</strong></span> <span class='ocrx_word' id='word_1_389' title='bbox 2405 2716 2478 2768; x_wconf 91' lang='lat' dir='ltr'><strong>ait</strong></span> <span class='ocrx_word' id='word_1_390' title='bbox 2533 2716 2736 2769; x_wconf 86' lang='lat' dir='ltr'><strong>Auctor</strong></span> <span class='ocrx_word' id='word_1_391' title='bbox 2785 2724 2990 2780; x_wconf 87' lang='lat' dir='ltr'><strong>noster,</strong></span> <span class='ocrx_word' id='word_1_392' title='bbox 3034 2725 3091 2790; x_wconf 84' lang='lat' dir='ltr'><strong>et</strong></span> <span class='ocrx_word' id='word_1_393' title='bbox 3113 2734 3210 2772; x_wconf 91' lang='lat' dir='ltr'><strong>nos</strong></span> <span class='ocrx_word' id='word_1_394' title='bbox 3232 2719 3364 2774; x_wconf 79' lang='lat' dir='ltr'><strong>infra</strong></span> <span class='ocrx_word' id='word_1_395' title='bbox 3397 2723 3694 2790; x_wconf 80' lang='lat' dir='ltr'><strong>explicabi-</strong></span> 
     </span>
    </p>
   </div>
   <div class='ocr_carea' id='block_1_58' title="bbox 2091 2786 3682 2882">
    <p class='ocr_par' dir='ltr' id='par_1_58' title="bbox 2091 2786 3682 2882">
     <span class='ocr_line' id='line_1_58' title="bbox 2091 2786 3682 2882; baseline 0.005 -21"><span class='ocrx_word' id='word_1_396' title='bbox 2091 2823 2230 2872; x_wconf 86' lang='lat' dir='ltr'><strong>mus,</strong></span> <span class='ocrx_word' id='word_1_397' title='bbox 2272 2826 2289 2858; x_wconf 83' lang='grc'><em>‹</em></span> <span class='ocrx_word' id='word_1_398' title='bbox 2331 2823 2434 2862; x_wconf 91' lang='lat' dir='ltr'><strong>non</strong></span> <span class='ocrx_word' id='word_1_399' title='bbox 2466 2807 2717 2862; x_wconf 91' lang='lat' dir='ltr'><strong>desinunt</strong></span> <span class='ocrx_word' id='word_1_400' title='bbox 2747 2809 2936 2878; x_wconf 89' lang='lat' dir='ltr'><strong>perditi</strong></span> <span class='ocrx_word' id='word_1_401' title='bbox 2977 2830 2994 2860; x_wconf 83' lang='grc'><strong>›</strong></span> <span class='ocrx_word' id='word_1_402' title='bbox 3026 2786 3133 2878; x_wconf 78' lang='lat' dir='ltr'><strong>jam</strong></span> <span class='ocrx_word' id='word_1_403' title='bbox 3164 2811 3406 2866; x_wconf 86' lang='lat' dir='ltr'><strong>homines</strong></span> <span class='ocrx_word' id='word_1_404' title='bbox 3436 2814 3682 2882; x_wconf 88' lang='lat' dir='ltr'><strong>perdere,</strong></span> 
     </span>
    </p>
   </div>
   <div class='ocr_carea' id='block_1_59' title="bbox 2090 2899 3688 2974">
    <p class='ocr_par' dir='ltr' id='par_1_59' title="bbox 2090 2899 3688 2974">
     <span class='ocr_line' id='line_1_59' title="bbox 2090 2899 3688 2974; baseline 0.005 -20"><span class='ocrx_word' id='word_1_405' title='bbox 2090 2915 2292 2970; x_wconf 89' lang='lat' dir='ltr'><strong>eosque</strong></span> <span class='ocrx_word' id='word_1_406' title='bbox 2348 2917 2378 2953; x_wconf 89' lang='lat' dir='ltr'><strong>a</strong></span> <span class='ocrx_word' id='word_1_407' title='bbox 2437 2899 2547 2954; x_wconf 88' lang='lat' dir='ltr'><strong>veri</strong></span> <span class='ocrx_word' id='word_1_408' title='bbox 2597 2901 2686 2955; x_wconf 90' lang='lat' dir='ltr'><strong>Dei</strong></span> <span class='ocrx_word' id='word_1_409' title='bbox 2747 2902 2891 2956; x_wconf 86' lang='lat' dir='ltr'><strong>cultu</strong></span> <span class='ocrx_word' id='word_1_410' title='bbox 2941 2913 3186 2968; x_wconf 90' lang='lat' dir='ltr'><strong>avocant,</strong></span> <span class='ocrx_word' id='word_1_411' title='bbox 3238 2918 3301 2957; x_wconf 89' lang='lat' dir='ltr'><strong>ac</strong></span> <span class='ocrx_word' id='word_1_412' title='bbox 3351 2906 3688 2974; x_wconf 82' lang='lat' dir='ltr'><strong>pra-cipitaut</strong></span> 
     </span>
    </p>
   </div>
   <div class='ocr_carea' id='block_1_60' title="bbox 2092 2991 3688 3064">
    <p class='ocr_par' dir='ltr' id='par_1_60' title="bbox 2092 2991 3688 3064">
     <span class='ocr_line' id='line_1_60' title="bbox 2092 2991 3688 3064; baseline 0.006 -20"><span class='ocrx_word' id='word_1_413' title='bbox 2092 2991 2142 3044; x_wconf 92' lang='lat' dir='ltr'><strong>in</strong></span> <span class='ocrx_word' id='word_1_414' title='bbox 2207 3009 2366 3046; x_wconf 91' lang='lat' dir='ltr'><strong>omne</strong></span> <span class='ocrx_word' id='word_1_415' title='bbox 2421 2993 2620 3046; x_wconf 88' lang='lat' dir='ltr'><strong>erroris</strong></span> <span class='ocrx_word' id='word_1_416' title='bbox 2675 2995 3003 3064; x_wconf 89' lang='lat' dir='ltr'><strong>scelerisque</strong></span> <span class='ocrx_word' id='word_1_417' title='bbox 3065 3009 3234 3064; x_wconf 89' lang='lat' dir='ltr'><strong>genus</strong></span> <span class='ocrx_word' id='word_1_418' title='bbox 3297 2995 3316 3064; x_wconf 92' lang='lat'><strong>(</strong></span> <span class='ocrx_word' id='word_1_419' title='bbox 3347 2998 3564 3052; x_wconf 68' lang='lat' dir='ltr'><strong>Disseit.</strong></span> <span class='ocrx_word' id='word_1_420' title='bbox 3633 3002 3688 3053; x_wconf 80' lang='lat' dir='ltr'><strong>in</strong></span> 
     </span>
    </p>
   </div>
   <div class='ocr_carea' id='block_1_61' title="bbox 2091 3083 3691 3158">
    <p class='ocr_par' dir='ltr' id='par_1_61' title="bbox 2091 3083 3691 3158">
     <span class='ocr_line' id='line_1_61' title="bbox 2091 3083 3691 3158; baseline 0.006 -22"><span class='ocrx_word' id='word_1_421' title='bbox 2091 3083 2351 3150; x_wconf 86' lang='lat' dir='ltr'><strong>Lactant.,</strong></span> <span class='ocrx_word' id='word_1_422' title='bbox 2386 3100 2502 3154; x_wconf 91' lang='lat' dir='ltr'><strong>cap.</strong></span> <span class='ocrx_word' id='word_1_423' title='bbox 2535 3085 2626 3148; x_wconf 84' lang='lat'><strong>20,</strong></span> <span class='ocrx_word' id='word_1_424' title='bbox 2651 3095 2755 3139; x_wconf 86' lang='lat' dir='ltr'><strong>art.</strong></span> <span class='ocrx_word' id='word_1_425' title='bbox 2792 3085 2868 3157; x_wconf 85' lang='lat'><strong>6).</strong></span> <span class='ocrx_word' id='word_1_426' title='bbox 2905 3087 3104 3141; x_wconf 86' lang='lat' dir='ltr'><strong>Eadem</strong></span> <span class='ocrx_word' id='word_1_427' title='bbox 3133 3087 3322 3143; x_wconf 89' lang='lat' dir='ltr'><strong>iisdem</strong></span> <span class='ocrx_word' id='word_1_428' title='bbox 3350 3106 3482 3158; x_wconf 86' lang='lat' dir='ltr'><strong>pene</strong></span> <span class='ocrx_word' id='word_1_429' title='bbox 3508 3092 3691 3147; x_wconf 88' lang='lat' dir='ltr'><strong>verbis</strong></span> 
     </span>
    </p>
   </div>
   <div class='ocr_carea' id='block_1_62' title="bbox 377 3177 1985 3254">
    <p class='ocr_par' dir='ltr' id='par_1_62' title="bbox 377 3189 1982 3247">
     <span class='ocr_line' id='line_1_62' title="bbox 377 3189 1982 3247; baseline -0.002 0"><span class='ocrx_word' id='word_1_430' title='bbox 377 3191 580 3247; x_wconf 88' lang='lat' dir='ltr'><strong>domini</strong></span> <span class='ocrx_word' id='word_1_431' title='bbox 609 3191 778 3246; x_wconf 82' lang='lat' dir='ltr'><strong>territi</strong></span> <span class='ocrx_word' id='word_1_432' title='bbox 828 3192 1266 3246; x_wconf 80' lang='lat' dir='ltr'><strong>contremiscunt.</strong></span> <span class='ocrx_word' id='word_1_433' title='bbox 1316 3189 1459 3243; x_wconf 90' lang='lat' dir='ltr'><strong>Idem</strong></span> <span class='ocrx_word' id='word_1_434' title='bbox 1506 3189 1668 3244; x_wconf 86' lang='lat' dir='ltr'><strong>etiam</strong></span> <span class='ocrx_word' id='word_1_435' title='bbox 1708 3189 1982 3244; x_wconf 60' lang='lat' dir='ltr'><strong>da&#39;mones</strong></span> 
     </span>
    </p>
   </div>
   <div class='ocr_carea' id='block_1_63' title="bbox 2089 3177 3683 3254">
    <p class='ocr_par' dir='ltr' id='par_1_63' title="bbox 2089 3177 3683 3251">
     <span class='ocr_line' id='line_1_63' title="bbox 2089 3177 3683 3251; baseline 0.005 -19"><span class='ocrx_word' id='word_1_436' title='bbox 2089 3177 2222 3232; x_wconf 82' lang='lat' dir='ltr'><strong>dixit</strong></span> <span class='ocrx_word' id='word_1_437' title='bbox 2269 3178 2588 3249; x_wconf 87' lang='lat' dir='ltr'><strong>Cyprianus,</strong></span> <span class='ocrx_word' id='word_1_438' title='bbox 2639 3189 2692 3234; x_wconf 90' lang='lat' dir='ltr'><strong>ct</strong></span> <span class='ocrx_word' id='word_1_439' title='bbox 2733 3189 2956 3250; x_wconf 90' lang='lat' dir='ltr'><strong>uterque</strong></span> <span class='ocrx_word' id='word_1_440' title='bbox 2981 3182 3225 3251; x_wconf 88' lang='lat' dir='ltr'><strong>sequitur</strong></span> <span class='ocrx_word' id='word_1_441' title='bbox 3271 3181 3683 3251; x_wconf 89' lang='lat' dir='ltr'><strong>Tertullianum,</strong></span> 
     </span>
    </p>
   </div>
   <div class='ocr_carea' id='block_1_64' title="bbox 373 3280 1982 3356">
    <p class='ocr_par' dir='ltr' id='par_1_64' title="bbox 373 3280 1982 3356">
     <span class='ocr_line' id='line_1_64' title="bbox 373 3280 1982 3356; baseline -0.003 -16"><span class='ocrx_word' id='word_1_442' title='bbox 373 3285 607 3356; x_wconf 89' lang='lat' dir='ltr'><strong>prodidit</strong></span> <span class='ocrx_word' id='word_1_443' title='bbox 647 3295 909 3348; x_wconf 90' lang='lat' dir='ltr'><strong>terrenos,</strong></span> <span class='ocrx_word' id='word_1_444' title='bbox 956 3299 1141 3354; x_wconf 90' lang='lat' dir='ltr'><strong>vagos,</strong></span> <span class='ocrx_word' id='word_1_445' title='bbox 1186 3281 1530 3336; x_wconf 48' lang='lat' dir='ltr'><strong>lnm‘iauitatis</strong></span> <span class='ocrx_word' id='word_1_446' title='bbox 1562 3281 1832 3336; x_wconf 91' lang='lat' dir='ltr'><strong>inimicos.</strong></span> <span class='ocrx_word' id='word_1_447' title='bbox 1874 3299 1893 3332; x_wconf 81' lang='grc'><strong>›</strong></span> <span class='ocrx_word' id='word_1_448' title='bbox 1934 3280 1982 3335; x_wconf 91' lang='lat' dir='ltr'><strong>Is</strong></span> 
     </span>
    </p>
   </div>
   <div class='ocr_carea' id='block_1_65' title="bbox 377 3373 1973 3451">
    <p class='ocr_par' dir='ltr' id='par_1_65' title="bbox 377 3373 1973 3451">
     <span class='ocr_line' id='line_1_65' title="bbox 377 3373 1973 3451; baseline -0.006 -16"><span class='ocrx_word' id='word_1_449' title='bbox 377 3394 502 3451; x_wconf 83' lang='lat' dir='ltr'><strong>ergo</strong></span> <span class='ocrx_word' id='word_1_450' title='bbox 532 3378 796 3433; x_wconf 68' lang='lat' dir='ltr'><strong>“oscines</strong></span> <span class='ocrx_word' id='word_1_451' title='bbox 827 3377 1023 3432; x_wconf 89' lang='lat' dir='ltr'><strong>dicitur</strong></span> <span class='ocrx_word' id='word_1_452' title='bbox 1071 3375 1343 3446; x_wconf 83' lang='lat' dir='ltr'><strong>Magorum</strong></span> <span class='ocrx_word' id='word_1_453' title='bbox 1380 3375 1582 3444; x_wconf 84' lang='lat' dir='ltr'><strong>primus</strong></span> <span class='ocrx_word' id='word_1_454' title='bbox 1630 3392 1648 3424; x_wconf 85' lang='grc'><strong>‹</strong></span> <span class='ocrx_word' id='word_1_455' title='bbox 1681 3373 1914 3442; x_wconf 90' lang='lat' dir='ltr'><strong>eloquio,</strong></span> <span class='ocrx_word' id='word_1_456' title='bbox 1955 3392 1973 3425; x_wconf 82' lang='grc'>›</span> 
     </span>
    </p>
   </div>
   <div class='ocr_carea' id='block_1_66' title="bbox 375 3467 1981 3541">
    <p class='ocr_par' dir='ltr' id='par_1_66' title="bbox 375 3467 1981 3541">
     <span class='ocr_line' id='line_1_66' title="bbox 375 3467 1981 3541; baseline -0.004 -15"><span class='ocrx_word' id='word_1_457' title='bbox 375 3473 426 3528; x_wconf 93' lang='lat' dir='ltr'><strong>id</strong></span> <span class='ocrx_word' id='word_1_458' title='bbox 457 3483 558 3540; x_wconf 88' lang='lat' dir='ltr'><strong>est,</strong></span> <span class='ocrx_word' id='word_1_459' title='bbox 598 3470 862 3537; x_wconf 88' lang='lat' dir='ltr'><strong>doctrina,</strong></span> <span class='ocrx_word' id='word_1_460' title='bbox 912 3469 1027 3526; x_wconf 86' lang='lat' dir='ltr'><strong>sive</strong></span> <span class='ocrx_word' id='word_1_461' title='bbox 1074 3471 1302 3541; x_wconf 89' lang='lat' dir='ltr'><strong>magiam</strong></span> <span class='ocrx_word' id='word_1_462' title='bbox 1332 3467 1557 3522; x_wconf 90' lang='lat' dir='ltr'><strong>docendi</strong></span> <span class='ocrx_word' id='word_1_463' title='bbox 1601 3467 1825 3536; x_wconf 87' lang='lat' dir='ltr'><strong>peritia;</strong></span> <span class='ocrx_word' id='word_1_464' title='bbox 1872 3485 1890 3516; x_wconf 87' lang='grc'><strong>‹</strong></span> <span class='ocrx_word' id='word_1_465' title='bbox 1926 3475 1981 3520; x_wconf 90' lang='lat' dir='ltr'><strong>et</strong></span> 
     </span>
    </p>
   </div>
   <div class='ocr_carea' id='block_1_67' title="bbox 377 3557 1979 3636">
    <p class='ocr_par' dir='ltr' id='par_1_67' title="bbox 377 3557 1979 3636">
     <span class='ocr_line' id='line_1_67' title="bbox 377 3557 1979 3636; baseline -0.004 -18"><span class='ocrx_word' id='word_1_466' title='bbox 377 3565 646 3636; x_wconf 67' lang='lat' dir='ltr'><strong>negotio,»</strong></span> <span class='ocrx_word' id='word_1_467' title='bbox 681 3563 783 3618; x_wconf 91' lang='lat' dir='ltr'><strong>hoc</strong></span> <span class='ocrx_word' id='word_1_468' title='bbox 804 3571 906 3628; x_wconf 91' lang='lat' dir='ltr'><strong>est,</strong></span> <span class='ocrx_word' id='word_1_469' title='bbox 939 3578 1106 3634; x_wconf 90' lang='lat' dir='ltr'><strong>opere</strong></span> <span class='ocrx_word' id='word_1_470' title='bbox 1136 3571 1191 3616; x_wconf 89' lang='lat' dir='ltr'><strong>ct</strong></span> <span class='ocrx_word' id='word_1_471' title='bbox 1229 3561 1457 3616; x_wconf 88' lang='lat' dir='ltr'><strong>artibus.</strong></span> <span class='ocrx_word' id='word_1_472' title='bbox 1489 3563 1557 3614; x_wconf 85' lang='lat' dir='ltr'><strong>At</strong></span> <span class='ocrx_word' id='word_1_473' title='bbox 1584 3559 1790 3613; x_wconf 91' lang='lat' dir='ltr'><strong>Plinius</strong></span> <span class='ocrx_word' id='word_1_474' title='bbox 1809 3557 1979 3627; x_wconf 83' lang='lat' dir='ltr'><strong>scrip—</strong></span> 
     </span>
    </p>
   </div>
   <div class='ocr_carea' id='block_1_68' title="bbox 377 3652 1977 3722">
    <p class='ocr_par' dir='ltr' id='par_1_68' title="bbox 377 3652 1977 3722">
     <span class='ocr_line' id='line_1_68' title="bbox 377 3652 1977 3722; baseline -0.006 -7"><span class='ocrx_word' id='word_1_475' title='bbox 377 3661 446 3715; x_wconf 89' lang='lat' dir='ltr'><strong>sit</strong></span> <span class='ocrx_word' id='word_1_476' title='bbox 473 3660 616 3715; x_wconf 89' lang='lat' dir='ltr'><strong>buuc</strong></span> <span class='ocrx_word' id='word_1_477' title='bbox 648 3659 900 3715; x_wconf 87' lang='lat' dir='ltr'><strong>Ostanem</strong></span> <span class='ocrx_word' id='word_1_478' title='bbox 928 3675 1022 3714; x_wconf 91' lang='lat' dir='ltr'><strong>seu</strong></span> <span class='ocrx_word' id='word_1_479' title='bbox 1067 3657 1381 3722; x_wconf 81' lang='lat' dir='ltr'><strong>Hostanem,</strong></span> <span class='ocrx_word' id='word_1_480' title='bbox 1425 3655 1551 3710; x_wconf 91' lang='lat' dir='ltr'><strong>dum</strong></span> <span class='ocrx_word' id='word_1_481' title='bbox 1597 3655 1648 3709; x_wconf 91' lang='lat' dir='ltr'><strong>in</strong></span> <span class='ocrx_word' id='word_1_482' title='bbox 1689 3652 1977 3710; x_wconf 78' lang='lat' dir='ltr'><strong>Persarum</strong></span> 
     </span>
    </p>
   </div>
   <div class='ocr_carea' id='block_1_69' title="bbox 375 3746 1975 3819">
    <p class='ocr_par' dir='ltr' id='par_1_69' title="bbox 375 3746 1975 3819">
     <span class='ocr_line' id='line_1_69' title="bbox 375 3746 1975 3819; baseline -0.004 -13"><span class='ocrx_word' id='word_1_483' title='bbox 375 3753 522 3808; x_wconf 89' lang='lat' dir='ltr'><strong>bello</strong></span> <span class='ocrx_word' id='word_1_484' title='bbox 570 3751 805 3808; x_wconf 81' lang='lat' dir='ltr'><strong>Xerxem</strong></span> <span class='ocrx_word' id='word_1_485' title='bbox 861 3752 1240 3815; x_wconf 88' lang='lat' dir='ltr'><strong>comitaretur,</strong></span> <span class='ocrx_word' id='word_1_486' title='bbox 1298 3749 1429 3804; x_wconf 88' lang='lat' dir='ltr'><strong>artis</strong></span> <span class='ocrx_word' id='word_1_487' title='bbox 1501 3748 1723 3819; x_wconf 71' lang='lat' dir='ltr'><strong>magicze</strong></span> <span class='ocrx_word' id='word_1_488' title='bbox 1772 3746 1975 3801; x_wconf 89' lang='lat' dir='ltr'><strong>semina</strong></span> 
     </span>
    </p>
   </div>
   <div class='ocr_carea' id='block_1_70' title="bbox 378 3840 1976 3916">
    <p class='ocr_par' dir='ltr' id='par_1_70' title="bbox 378 3840 1976 3916">
     <span class='ocr_line' id='line_1_70' title="bbox 378 3840 1976 3916; baseline -0.004 -18"><span class='ocrx_word' id='word_1_489' title='bbox 378 3844 643 3914; x_wconf 85' lang='lat' dir='ltr'><strong>sparsisse</strong></span> <span class='ocrx_word' id='word_1_490' title='bbox 691 3859 1024 3916; x_wconf 90' lang='lat' dir='ltr'><strong>quocumque</strong></span> <span class='ocrx_word' id='word_1_491' title='bbox 1058 3843 1431 3910; x_wconf 88' lang='lat' dir='ltr'><strong>commeabat,</strong></span> <span class='ocrx_word' id='word_1_492' title='bbox 1500 3846 1593 3896; x_wconf 88' lang='lat' dir='ltr'><strong>sed</strong></span> <span class='ocrx_word' id='word_1_493' title='bbox 1650 3857 1679 3893; x_wconf 88' lang='lat' dir='ltr'><strong>a</strong></span> <span class='ocrx_word' id='word_1_494' title='bbox 1753 3840 1976 3910; x_wconf 81' lang='lat' dir='ltr'><strong>quibus-</strong></span> 
     </span>
    </p>
   </div>
   <div class='ocr_carea' id='block_1_71' title="bbox 379 3934 1975 4006">
    <p class='ocr_par' dir='ltr' id='par_1_71' title="bbox 379 3934 1975 4006">
     <span class='ocr_line' id='line_1_71' title="bbox 379 3934 1975 4006; baseline -0.004 -12"><span class='ocrx_word' id='word_1_495' title='bbox 379 3938 502 3994; x_wconf 86' lang='lat' dir='ltr'><strong>dam</strong></span> <span class='ocrx_word' id='word_1_496' title='bbox 551 3937 916 4006; x_wconf 89' lang='lat' dir='ltr'><strong>Zoroastrem,</strong></span> <span class='ocrx_word' id='word_1_497' title='bbox 965 3941 1032 3995; x_wconf 92' lang='lat' dir='ltr'><strong>ab</strong></span> <span class='ocrx_word' id='word_1_498' title='bbox 1071 3939 1190 3994; x_wconf 90' lang='lat' dir='ltr'><strong>aliis</strong></span> <span class='ocrx_word' id='word_1_499' title='bbox 1224 3937 1639 3993; x_wconf 72' lang='lat' dir='ltr'><strong>l’roconnesium</strong></span> <span class='ocrx_word' id='word_1_500' title='bbox 1679 3936 1768 3988; x_wconf 94' lang='lat' dir='ltr'><strong>illo</strong></span> <span class='ocrx_word' id='word_1_501' title='bbox 1815 3934 1975 4004; x_wconf 90' lang='lat' dir='ltr'><strong>paulo</strong></span> 
     </span>
    </p>
   </div>
   <div class='ocr_carea' id='block_1_72' title="bbox 376 4029 1971 4105">
    <p class='ocr_par' dir='ltr' id='par_1_72' title="bbox 376 4029 1971 4105">
     <span class='ocr_line' id='line_1_72' title="bbox 376 4029 1971 4105; baseline -0.003 -17"><span class='ocrx_word' id='word_1_502' title='bbox 376 4033 708 4103; x_wconf 87' lang='lat' dir='ltr'><strong>antiquiores</strong></span> <span class='ocrx_word' id='word_1_503' title='bbox 737 4033 944 4088; x_wconf 89' lang='lat' dir='ltr'><strong>censeri</strong></span> <span class='ocrx_word' id='word_1_504' title='bbox 994 4034 1154 4105; x_wconf 86' lang='lat' dir='ltr'><strong>(Plin.</strong></span> <span class='ocrx_word' id='word_1_505' title='bbox 1187 4033 1280 4088; x_wconf 93' lang='lat' dir='ltr'><strong>lib.</strong></span> <span class='ocrx_word' id='word_1_506' title='bbox 1322 4049 1423 4088; x_wconf 77' lang='lat' dir='ltr'><strong>xxx</strong></span> <span class='ocrx_word' id='word_1_507' title='bbox 1455 4030 1645 4086; x_wconf 85' lang='lat' dir='ltr'><strong>Natur.</strong></span> <span class='ocrx_word' id='word_1_508' title='bbox 1689 4029 1820 4083; x_wconf 76' lang='lat' dir='ltr'><strong>Hist.</strong></span> <span class='ocrx_word' id='word_1_509' title='bbox 1854 4044 1971 4101; x_wconf 89' lang='lat' dir='ltr'><strong>cap.</strong></span> 
     </span>
    </p>
   </div>
   <div class='ocr_carea' id='block_1_73' title="bbox 377 4123 1972 4197">
    <p class='ocr_par' dir='ltr' id='par_1_73' title="bbox 377 4123 1972 4197">
     <span class='ocr_line' id='line_1_73' title="bbox 377 4123 1972 4197; baseline -0.003 -18"><span class='ocrx_word' id='word_1_510' title='bbox 377 4141 415 4192; x_wconf 85' lang='lat' dir='ltr'><strong>I,</strong></span> <span class='ocrx_word' id='word_1_511' title='bbox 462 4141 582 4196; x_wconf 85' lang='lat' dir='ltr'><strong>pag.</strong></span> <span class='ocrx_word' id='word_1_512' title='bbox 639 4125 791 4197; x_wconf 80' lang='lat'><strong>726.)</strong></span> <span class='ocrx_word' id='word_1_513' title='bbox 842 4125 1105 4182; x_wconf 83' lang='lat' dir='ltr'><strong>Eusebius</strong></span> <span class='ocrx_word' id='word_1_514' title='bbox 1161 4143 1292 4180; x_wconf 86' lang='lat' dir='ltr'><strong>vero</strong></span> <span class='ocrx_word' id='word_1_515' title='bbox 1342 4125 1497 4180; x_wconf 88' lang='lat' dir='ltr'><strong>nobis</strong></span> <span class='ocrx_word' id='word_1_516' title='bbox 1546 4123 1764 4179; x_wconf 78' lang='lat' dir='ltr'><strong>exhibet</strong></span> <span class='ocrx_word' id='word_1_517' title='bbox 1813 4123 1972 4176; x_wconf 86' lang='lat' dir='ltr'><strong>citata</strong></span> 
     </span>
    </p>
   </div>
   <div class='ocr_carea' id='block_1_74' title="bbox 376 4216 1974 4291">
    <p class='ocr_par' dir='ltr' id='par_1_74' title="bbox 376 4216 1974 4291">
     <span class='ocr_line' id='line_1_74' title="bbox 376 4216 1974 4291; baseline -0.003 -17"><span class='ocrx_word' id='word_1_518' title='bbox 376 4236 405 4274; x_wconf 89' lang='lat' dir='ltr'><strong>a</strong></span> <span class='ocrx_word' id='word_1_519' title='bbox 455 4220 756 4291; x_wconf 80' lang='lat' dir='ltr'><strong>Porphyrio</strong></span> <span class='ocrx_word' id='word_1_520' title='bbox 806 4221 1072 4291; x_wconf 81' lang='lat' dir='ltr'><strong>Apollinis</strong></span> <span class='ocrx_word' id='word_1_521' title='bbox 1131 4221 1406 4284; x_wconf 88' lang='lat' dir='ltr'><strong>carmina,</strong></span> <span class='ocrx_word' id='word_1_522' title='bbox 1480 4217 1672 4288; x_wconf 91' lang='lat' dir='ltr'><strong>quibus</strong></span> <span class='ocrx_word' id='word_1_523' title='bbox 1745 4216 1974 4271; x_wconf 87' lang='lat' dir='ltr'><strong>Ostanes</strong></span> 
     </span>
    </p>
   </div>
   <div class='ocr_carea' id='block_1_75' title="bbox 377 4310 1966 4386">
    <p class='ocr_par' dir='ltr' id='par_1_75' title="bbox 377 4310 1966 4386">
     <span class='ocr_line' id='line_1_75' title="bbox 377 4310 1966 4386; baseline -0.005 -18"><span class='ocrx_word' id='word_1_524' title='bbox 377 4314 678 4385; x_wconf 86' lang='lat' dir='ltr'><strong>appellatur</strong></span> <span class='ocrx_word' id='word_1_525' title='bbox 719 4331 732 4369; x_wconf 91' lang='lat'>:</span> <span class='ocrx_word' id='word_1_526' title='bbox 766 4321 946 4385; x_wconf 62' lang='grc' dir='ltr'><strong>Μάγων</strong></span> <span class='ocrx_word' id='word_1_527' title='bbox 971 4316 1042 4384; x_wconf 73' lang='grc' dir='ltr'><strong>ὄχ’</strong></span> <span class='ocrx_word' id='word_1_528' title='bbox 1069 4323 1278 4386; x_wconf 69' lang='grc' dir='ltr'><strong>ἄριστος.</strong></span> <span class='ocrx_word' id='word_1_529' title='bbox 1322 4312 1621 4381; x_wconf 68' lang='lat' dir='ltr'><strong>«Magorum</strong></span> <span class='ocrx_word' id='word_1_530' title='bbox 1651 4310 1966 4364; x_wconf 52' lang='lat' dir='ltr'><strong>maximusa</strong></span> 
     </span>
    </p>
   </div>
   <div class='ocr_carea' id='block_1_76' title="bbox 375 4401 1973 4479">
    <p class='ocr_par' dir='ltr' id='par_1_76' title="bbox 375 4401 1973 4479">
     <span class='ocr_line' id='line_1_76' title="bbox 375 4401 1973 4479; baseline -0.003 -17"><span class='ocrx_word' id='word_1_531' title='bbox 375 4407 531 4464; x_wconf 82' lang='lat' dir='ltr'><strong>Prius</strong></span> <span class='ocrx_word' id='word_1_532' title='bbox 552 4423 679 4463; x_wconf 87' lang='lat' dir='ltr'><strong>vero</strong></span> <span class='ocrx_word' id='word_1_533' title='bbox 710 4407 826 4479; x_wconf 89' lang='lat' dir='ltr'><strong>ipse</strong></span> <span class='ocrx_word' id='word_1_534' title='bbox 874 4408 1134 4463; x_wconf 88' lang='lat' dir='ltr'><strong>Eusebius</strong></span> <span class='ocrx_word' id='word_1_535' title='bbox 1165 4409 1373 4461; x_wconf 79' lang='lat' dir='ltr'><strong>dixerat</strong></span> <span class='ocrx_word' id='word_1_536' title='bbox 1396 4406 1651 4474; x_wconf 90' lang='lat' dir='ltr'><strong>scriptum</strong></span> <span class='ocrx_word' id='word_1_537' title='bbox 1677 4403 1745 4457; x_wconf 92' lang='lat' dir='ltr'><strong>ab</strong></span> <span class='ocrx_word' id='word_1_538' title='bbox 1773 4401 1973 4457; x_wconf 90' lang='lat' dir='ltr'><strong>Ostaue</strong></span> 
     </span>
    </p>
   </div>
   <div class='ocr_carea' id='block_1_77' title="bbox 377 4497 1971 4570">
    <p class='ocr_par' dir='ltr' id='par_1_77' title="bbox 377 4497 1971 4570">
     <span class='ocr_line' id='line_1_77' title="bbox 377 4497 1971 4570; baseline -0.005 -14"><span class='ocrx_word' id='word_1_539' title='bbox 377 4501 762 4558; x_wconf 86' lang='lat' dir='ltr'><strong>Octateuclium</strong></span> <span class='ocrx_word' id='word_1_540' title='bbox 795 4502 1066 4567; x_wconf 90' lang='lat' dir='ltr'><strong>volumen,</strong></span> <span class='ocrx_word' id='word_1_541' title='bbox 1103 4501 1155 4555; x_wconf 90' lang='lat' dir='ltr'><strong>in</strong></span> <span class='ocrx_word' id='word_1_542' title='bbox 1204 4515 1308 4570; x_wconf 89' lang='lat' dir='ltr'><strong>quo</strong></span> <span class='ocrx_word' id='word_1_543' title='bbox 1352 4499 1419 4554; x_wconf 91' lang='lat' dir='ltr'><strong>de</strong></span> <span class='ocrx_word' id='word_1_544' title='bbox 1465 4498 1599 4563; x_wconf 89' lang='lat' dir='ltr'><strong>Deo,</strong></span> <span class='ocrx_word' id='word_1_545' title='bbox 1635 4497 1707 4550; x_wconf 91' lang='lat' dir='ltr'><strong>uti</strong></span> <span class='ocrx_word' id='word_1_546' title='bbox 1749 4504 1971 4550; x_wconf 89' lang='lat' dir='ltr'><strong>aunotat</strong></span> 
     </span>
    </p>
   </div>
   <div class='ocr_carea' id='block_1_78' title="bbox 2087 3273 3687 3348">
    <p class='ocr_par' dir='ltr' id='par_1_78' title="bbox 2087 3273 3687 3348">
     <span class='ocr_line' id='line_1_78' title="bbox 2087 3273 3687 3348; baseline 0.006 -23"><span class='ocrx_word' id='word_1_547' title='bbox 2087 3273 2257 3344; x_wconf 79' lang='lat' dir='ltr'><strong>iisque</strong></span> <span class='ocrx_word' id='word_1_548' title='bbox 2305 3273 2634 3339; x_wconf 68' lang='lat' dir='ltr'><strong>Lactantius,</strong></span> <span class='ocrx_word' id='word_1_549' title='bbox 2677 3290 2740 3328; x_wconf 91' lang='lat' dir='ltr'><strong>ac</strong></span> <span class='ocrx_word' id='word_1_550' title='bbox 2787 3274 3108 3330; x_wconf 85' lang='lat' dir='ltr'><strong>Prudentius</strong></span> <span class='ocrx_word' id='word_1_551' title='bbox 3139 3277 3517 3348; x_wconf 71' lang='lat' dir='ltr'><strong>suﬂragautur.</strong></span> <span class='ocrx_word' id='word_1_552' title='bbox 3560 3282 3687 3334; x_wconf 85' lang='lat' dir='ltr'><strong>0m-</strong></span> 
     </span>
    </p>
   </div>
   <div class='ocr_carea' id='block_1_79' title="bbox 2087 3366 3689 3443">
    <p class='ocr_par' dir='ltr' id='par_1_79' title="bbox 2087 3366 3689 3443">
     <span class='ocr_line' id='line_1_79' title="bbox 2087 3366 3689 3443; baseline 0.006 -25"><span class='ocrx_word' id='word_1_553' title='bbox 2087 3367 2242 3420; x_wconf 89' lang='lat' dir='ltr'><strong>nibus</strong></span> <span class='ocrx_word' id='word_1_554' title='bbox 2283 3375 2459 3420; x_wconf 89' lang='lat' dir='ltr'><strong>autem</strong></span> <span class='ocrx_word' id='word_1_555' title='bbox 2508 3366 2611 3421; x_wconf 91' lang='lat' dir='ltr'><strong>illis</strong></span> <span class='ocrx_word' id='word_1_556' title='bbox 2651 3370 2937 3436; x_wconf 71' lang='lat' dir='ltr'><strong>prmiverat</strong></span> <span class='ocrx_word' id='word_1_557' title='bbox 2981 3368 3272 3435; x_wconf 88' lang='lat' dir='ltr'><strong>Tatianns,</strong></span> <span class='ocrx_word' id='word_1_558' title='bbox 3306 3384 3464 3440; x_wconf 79' lang='lat' dir='ltr'><strong>quem</strong></span> <span class='ocrx_word' id='word_1_559' title='bbox 3509 3373 3689 3443; x_wconf 86' lang='lat' dir='ltr'><strong>legere</strong></span> 
     </span>
    </p>
   </div>
   <div class='ocr_carea' id='block_1_80' title="bbox 2084 3459 3688 3533">
    <p class='ocr_par' dir='ltr' id='par_1_80' title="bbox 2084 3459 3688 3533">
     <span class='ocr_line' id='line_1_80' title="bbox 2084 3459 3688 3533; baseline 0.006 -21"><span class='ocrx_word' id='word_1_560' title='bbox 2084 3459 2308 3529; x_wconf 74' lang='lat' dir='ltr'><strong>poteris,</strong></span> <span class='ocrx_word' id='word_1_561' title='bbox 2358 3467 2518 3529; x_wconf 86' lang='lat' dir='ltr'><strong>atque</strong></span> <span class='ocrx_word' id='word_1_562' title='bbox 2560 3460 2610 3514; x_wconf 92' lang='lat' dir='ltr'><strong>in</strong></span> <span class='ocrx_word' id='word_1_563' title='bbox 2659 3460 2848 3530; x_wconf 91' lang='lat' dir='ltr'><strong>primis</strong></span> <span class='ocrx_word' id='word_1_564' title='bbox 2881 3461 3258 3530; x_wconf 87' lang='lat' dir='ltr'><strong>Augustinum,</strong></span> <span class='ocrx_word' id='word_1_565' title='bbox 3310 3467 3398 3533; x_wconf 90' lang='lat' dir='ltr'><strong>qui</strong></span> <span class='ocrx_word' id='word_1_566' title='bbox 3456 3465 3570 3520; x_wconf 66' lang='lat' dir='ltr'><strong>haec</strong></span> <span class='ocrx_word' id='word_1_567' title='bbox 3605 3466 3688 3522; x_wconf 85' lang='lat' dir='ltr'><strong>fu-</strong></span> 
     </span>
    </p>
   </div>
   <div class='ocr_carea' id='block_1_81' title="bbox 2082 3550 3683 3628">
    <p class='ocr_par' dir='ltr' id='par_1_81' title="bbox 2082 3550 3683 3628">
     <span class='ocr_line' id='line_1_81' title="bbox 2082 3550 3683 3628; baseline 0.004 -23"><span class='ocrx_word' id='word_1_568' title='bbox 2082 3550 2194 3606; x_wconf 88' lang='lat' dir='ltr'><strong>sius</strong></span> <span class='ocrx_word' id='word_1_569' title='bbox 2223 3552 2563 3621; x_wconf 89' lang='lat' dir='ltr'><strong>prosequitur</strong></span> <span class='ocrx_word' id='word_1_570' title='bbox 2603 3551 2877 3622; x_wconf 85' lang='lat' dir='ltr'><strong>(Cyprian.</strong></span> <span class='ocrx_word' id='word_1_571' title='bbox 2923 3551 3010 3607; x_wconf 93' lang='lat' dir='ltr'><strong>lib.</strong></span> <span class='ocrx_word' id='word_1_572' title='bbox 3061 3554 3124 3608; x_wconf 88' lang='lat' dir='ltr'><strong>de</strong></span> <span class='ocrx_word' id='word_1_573' title='bbox 3151 3553 3290 3609; x_wconf 80' lang='lat' dir='ltr'><strong>ldol.</strong></span> <span class='ocrx_word' id='word_1_574' title='bbox 3348 3555 3512 3610; x_wconf 70' lang='lat' dir='ltr'><strong>Venit.</strong></span> <span class='ocrx_word' id='word_1_575' title='bbox 3562 3575 3683 3628; x_wconf 86' lang='lat' dir='ltr'><strong>pag.</strong></span> 
     </span>
    </p>
   </div>
   <div class='ocr_carea' id='block_1_82' title="bbox 2084 3645 3681 3717">
    <p class='ocr_par' dir='ltr' id='par_1_82' title="bbox 2084 3645 3681 3717">
     <span class='ocr_line' id='line_1_82' title="bbox 2084 3645 3681 3717; baseline 0.006 -17"><span class='ocrx_word' id='word_1_576' title='bbox 2084 3645 2439 3709; x_wconf 80' lang='lat' dir='ltr'><strong>l5;&#39;l‘ertull.</strong></span> <span class='ocrx_word' id='word_1_577' title='bbox 2471 3647 2691 3717; x_wconf 80' lang='lat' dir='ltr'><strong>Apolog.</strong></span> <span class='ocrx_word' id='word_1_578' title='bbox 2726 3664 2843 3717; x_wconf 86' lang='lat' dir='ltr'><strong>cap.</strong></span> <span class='ocrx_word' id='word_1_579' title='bbox 2872 3648 2976 3711; x_wconf 78' lang='lat'><strong>22;</strong></span> <span class='ocrx_word' id='word_1_580' title='bbox 3010 3649 3229 3705; x_wconf 89' lang='lat' dir='ltr'><strong>Lactan.</strong></span> <span class='ocrx_word' id='word_1_581' title='bbox 3263 3650 3356 3705; x_wconf 78' lang='lat' dir='ltr'><strong>lib.</strong></span> <span class='ocrx_word' id='word_1_582' title='bbox 3381 3668 3417 3706; x_wconf 87' lang='lat' dir='ltr'><strong>it</strong></span> <span class='ocrx_word' id='word_1_583' title='bbox 3451 3651 3681 3710; x_wconf 82' lang='lat' dir='ltr'><strong>lnstitut.</strong></span> 
     </span>
    </p>
   </div>
   <div class='ocr_carea' id='block_1_83' title="bbox 2082 3739 3681 3812">
    <p class='ocr_par' dir='ltr' id='par_1_83' title="bbox 2082 3739 3681 3812">
     <span class='ocr_line' id='line_1_83' title="bbox 2082 3739 3681 3812; baseline 0.007 -20"><span class='ocrx_word' id='word_1_584' title='bbox 2082 3753 2200 3808; x_wconf 88' lang='lat' dir='ltr'><strong>cap.</strong></span> <span class='ocrx_word' id='word_1_585' title='bbox 2253 3739 2340 3802; x_wconf 74' lang='lat' dir='ltr'><strong>M,</strong></span> <span class='ocrx_word' id='word_1_586' title='bbox 2401 3755 2518 3810; x_wconf 87' lang='lat' dir='ltr'><strong>pag.</strong></span> <span class='ocrx_word' id='word_1_587' title='bbox 2563 3739 2690 3804; x_wconf 87' lang='lat' dir='ltr'><strong>2l8;</strong></span> <span class='ocrx_word' id='word_1_588' title='bbox 2721 3739 2974 3794; x_wconf 80' lang='lat' dir='ltr'><strong>Prudent.</strong></span> <span class='ocrx_word' id='word_1_589' title='bbox 3027 3742 3200 3812; x_wconf 83' lang='lat' dir='ltr'><strong>Iiyum.</strong></span> <span class='ocrx_word' id='word_1_590' title='bbox 3253 3744 3303 3796; x_wconf 85' lang='lat' dir='ltr'><strong>in</strong></span> <span class='ocrx_word' id='word_1_591' title='bbox 3333 3745 3393 3799; x_wconf 87' lang='lat' dir='ltr'><strong>S.</strong></span> <span class='ocrx_word' id='word_1_592' title='bbox 3451 3744 3681 3803; x_wconf 71' lang='lat' dir='ltr'><strong>l’inrcnt.</strong></span> 
     </span>
    </p>
   </div>
   <div class='ocr_carea' id='block_1_84' title="bbox 2082 3831 3684 3907">
    <p class='ocr_par' dir='ltr' id='par_1_84' title="bbox 2082 3831 3684 3907">
     <span class='ocr_line' id='line_1_84' title="bbox 2082 3831 3684 3907; baseline 0.005 -20"><span class='ocrx_word' id='word_1_593' title='bbox 2082 3842 2250 3901; x_wconf 90' lang='lat' dir='ltr'><strong>strop.</strong></span> <span class='ocrx_word' id='word_1_594' title='bbox 2283 3831 2354 3886; x_wconf 86' lang='lat'><strong>20</strong></span> <span class='ocrx_word' id='word_1_595' title='bbox 2384 3841 2436 3886; x_wconf 89' lang='lat' dir='ltr'><strong>ct</strong></span> <span class='ocrx_word' id='word_1_596' title='bbox 2462 3833 2552 3895; x_wconf 89' lang='lat'><strong>2|;</strong></span> <span class='ocrx_word' id='word_1_597' title='bbox 2581 3831 2790 3885; x_wconf 86' lang='lat' dir='ltr'><strong>Tatian.</strong></span> <span class='ocrx_word' id='word_1_598' title='bbox 2826 3832 2972 3886; x_wconf 84' lang='lat' dir='ltr'><strong>Orat.</strong></span> <span class='ocrx_word' id='word_1_599' title='bbox 3003 3845 3165 3888; x_wconf 84' lang='lat' dir='ltr'><strong>contr.</strong></span> <span class='ocrx_word' id='word_1_600' title='bbox 3200 3835 3365 3889; x_wconf 68' lang='lat' dir='ltr'><strong>Gra&#39;c.</strong></span> <span class='ocrx_word' id='word_1_601' title='bbox 3400 3852 3520 3907; x_wconf 84' lang='lat' dir='ltr'><strong>pag.</strong></span> <span class='ocrx_word' id='word_1_602' title='bbox 3555 3840 3684 3907; x_wconf 71' lang='lat'><strong>155;</strong></span> 
     </span>
    </p>
   </div>
   <div class='ocr_carea' id='block_1_85' title="bbox 2082 3923 3677 4002">
    <p class='ocr_par' dir='ltr' id='par_1_85' title="bbox 2082 3923 3677 4002">
     <span class='ocr_line' id='line_1_85' title="bbox 2082 3923 3677 4002; baseline 0.006 -24"><span class='ocrx_word' id='word_1_603' title='bbox 2082 3925 2307 3995; x_wconf 86' lang='lat' dir='ltr'><strong>August.</strong></span> <span class='ocrx_word' id='word_1_604' title='bbox 2348 3925 2440 3979; x_wconf 90' lang='lat' dir='ltr'><strong>lib.</strong></span> <span class='ocrx_word' id='word_1_605' title='bbox 2476 3941 2532 3978; x_wconf 88' lang='lat' dir='ltr'><strong>ll.</strong></span> <span class='ocrx_word' id='word_1_606' title='bbox 2576 3923 2799 3978; x_wconf 80' lang='lat' dir='ltr'><strong>chivit.</strong></span> <span class='ocrx_word' id='word_1_607' title='bbox 2836 3941 2952 3995; x_wconf 83' lang='lat' dir='ltr'><strong>cap.</strong></span> <span class='ocrx_word' id='word_1_608' title='bbox 2989 3925 3078 3991; x_wconf 77' lang='lat'><strong>2&#39;5,</strong></span> <span class='ocrx_word' id='word_1_609' title='bbox 3127 3936 3178 3980; x_wconf 91' lang='lat' dir='ltr'><strong>et</strong></span> <span class='ocrx_word' id='word_1_610' title='bbox 3223 3941 3399 4000; x_wconf 88' lang='lat' dir='ltr'><strong>seqq.,</strong></span> <span class='ocrx_word' id='word_1_611' title='bbox 3436 3945 3553 4002; x_wconf 90' lang='lat' dir='ltr'><strong>pag.</strong></span> <span class='ocrx_word' id='word_1_612' title='bbox 3589 3934 3677 4000; x_wconf 77' lang='grc'><strong>55,</strong></span> 
     </span>
    </p>
   </div>
   <div class='ocr_carea' id='block_1_86' title="bbox 2079 4019 2372 4086">
    <p class='ocr_par' dir='ltr' id='par_1_86' title="bbox 2079 4019 2372 4086">
     <span class='ocr_line' id='line_1_86' title="bbox 2079 4019 2372 4086; baseline -0.003 -14"><span class='ocrx_word' id='word_1_613' title='bbox 2079 4026 2134 4072; x_wconf 89' lang='lat' dir='ltr'><strong>et</strong></span> <span class='ocrx_word' id='word_1_614' title='bbox 2171 4019 2372 4086; x_wconf 87' lang='lat' dir='ltr'><strong>seqq.).</strong></span> 
     </span>
    </p>
   </div>
   <div class='ocr_carea' id='block_1_87' title="bbox 2149 4109 3673 4177">
    <p class='ocr_par' dir='ltr' id='par_1_87' title="bbox 2149 4109 3673 4177">
     <span class='ocr_line' id='line_1_87' title="bbox 2149 4109 3673 4177; baseline 0.007 -15"><span class='ocrx_word' id='word_1_615' title='bbox 2149 4109 2402 4177; x_wconf 84' lang='lat' dir='ltr'><strong>Quamvis</strong></span> <span class='ocrx_word' id='word_1_616' title='bbox 2455 4118 2632 4165; x_wconf 87' lang='lat' dir='ltr'><strong>autem</strong></span> <span class='ocrx_word' id='word_1_617' title='bbox 2684 4109 2956 4164; x_wconf 80' lang='lat' dir='ltr'><strong>(heinones</strong></span> <span class='ocrx_word' id='word_1_618' title='bbox 3018 4111 3297 4165; x_wconf 87' lang='lat' dir='ltr'><strong>amiserint</strong></span> <span class='ocrx_word' id='word_1_619' title='bbox 3356 4113 3673 4173; x_wconf 74' lang='lat' dir='ltr'><strong>substantia:</strong></span> 
     </span>
    </p>
   </div>
   <div class='ocr_carea' id='block_1_88' title="bbox 2079 4199 3680 4270">
    <p class='ocr_par' dir='ltr' id='par_1_88' title="bbox 2079 4199 3680 4270">
     <span class='ocr_line' id='line_1_88' title="bbox 2079 4199 3680 4270; baseline 0.004 -15"><span class='ocrx_word' id='word_1_620' title='bbox 2079 4216 2190 4255; x_wconf 69' lang='lat' dir='ltr'><strong>sua:</strong></span> <span class='ocrx_word' id='word_1_621' title='bbox 2242 4199 2642 4270; x_wconf 88' lang='lat' dir='ltr'><strong>simplicitatem</strong></span> <span class='ocrx_word' id='word_1_622' title='bbox 2689 4208 2743 4253; x_wconf 89' lang='lat' dir='ltr'><strong>et</strong></span> <span class='ocrx_word' id='word_1_623' title='bbox 2786 4199 3124 4270; x_wconf 87' lang='lat' dir='ltr'><strong>dignitatem,</strong></span> <span class='ocrx_word' id='word_1_624' title='bbox 3179 4216 3554 4259; x_wconf 88' lang='lat' dir='ltr'><strong>remanserunt</strong></span> <span class='ocrx_word' id='word_1_625' title='bbox 3601 4217 3680 4262; x_wconf 70' lang='lat' dir='ltr'><strong>ta~</strong></span> 
     </span>
    </p>
   </div>
   <div class='ocr_carea' id='block_1_89' title="bbox 2078 4292 3672 4366">
    <p class='ocr_par' dir='ltr' id='par_1_89' title="bbox 2078 4292 3672 4366">
     <span class='ocr_line' id='line_1_89' title="bbox 2078 4292 3672 4366; baseline 0.004 -18"><span class='ocrx_word' id='word_1_626' title='bbox 2078 4309 2200 4348; x_wconf 87' lang='lat' dir='ltr'><strong>men</strong></span> <span class='ocrx_word' id='word_1_627' title='bbox 2264 4312 2281 4342; x_wconf 84' lang='grc'><strong><em>‹</em></strong></span> <span class='ocrx_word' id='word_1_628' title='bbox 2326 4292 2866 4363; x_wconf 89' lang='lat' dir='ltr'><strong>spiritusiusiuccri,</strong></span> <span class='ocrx_word' id='word_1_629' title='bbox 2901 4311 2918 4344; x_wconf 72' lang='grc' dir='ltr'><strong><em>ι</em></strong></span> <span class='ocrx_word' id='word_1_630' title='bbox 2981 4301 3038 4346; x_wconf 90' lang='lat' dir='ltr'><strong>ut</strong></span> <span class='ocrx_word' id='word_1_631' title='bbox 3088 4292 3325 4363; x_wconf 88' lang='lat' dir='ltr'><strong>loquitur</strong></span> <span class='ocrx_word' id='word_1_632' title='bbox 3380 4295 3672 4366; x_wconf 86' lang='lat' dir='ltr'><strong>Minucius,</strong></span> 
     </span>
    </p>
   </div>
   <div class='ocr_carea' id='block_1_90' title="bbox 2085 4388 3679 4461">
    <p class='ocr_par' dir='ltr' id='par_1_90' title="bbox 2085 4388 3679 4461">
     <span class='ocr_line' id='line_1_90' title="bbox 2085 4388 3679 4461; baseline 0.004 -19"><span class='ocrx_word' id='word_1_633' title='bbox 2085 4411 2102 4442; x_wconf 73' lang='grc' dir='ltr'>ι</span> <span class='ocrx_word' id='word_1_634' title='bbox 2133 4399 2186 4446; x_wconf 89' lang='lat' dir='ltr'><strong>et</strong></span> <span class='ocrx_word' id='word_1_635' title='bbox 2231 4392 2371 4461; x_wconf 83' lang='lat' dir='ltr'><strong>vagi,</strong></span> <span class='ocrx_word' id='word_1_636' title='bbox 2417 4410 2434 4442; x_wconf 86' lang='grc'><strong>›</strong></span> <span class='ocrx_word' id='word_1_637' title='bbox 2482 4406 2601 4459; x_wconf 68' lang='lat' dir='ltr'><strong>quae</strong></span> <span class='ocrx_word' id='word_1_638' title='bbox 2643 4388 2901 4461; x_wconf 81' lang='lat' dir='ltr'><strong>Cypriani</strong></span> <span class='ocrx_word' id='word_1_639' title='bbox 2946 4405 3158 4459; x_wconf 90' lang='lat' dir='ltr'><strong>quoque</strong></span> <span class='ocrx_word' id='word_1_640' title='bbox 3200 4392 3358 4447; x_wconf 87' lang='lat' dir='ltr'><strong>verba</strong></span> <span class='ocrx_word' id='word_1_641' title='bbox 3405 4402 3545 4458; x_wconf 90' lang='lat' dir='ltr'><strong>sunt,</strong></span> <span class='ocrx_word' id='word_1_642' title='bbox 3583 4395 3679 4450; x_wconf 88' lang='lat' dir='ltr'><strong>sed</strong></span> 
     </span>
    </p>
   </div>
   <div class='ocr_carea' id='block_1_91' title="bbox 2084 4481 3682 4554">
    <p class='ocr_par' dir='ltr' id='par_1_91' title="bbox 2084 4481 3682 4554">
     <span class='ocr_line' id='line_1_91' title="bbox 2084 4481 3682 4554; baseline 0.005 -20"><span class='ocrx_word' id='word_1_643' title='bbox 2084 4505 2099 4534; x_wconf 67' lang='grc' dir='ltr'>ι</span> <span class='ocrx_word' id='word_1_644' title='bbox 2144 4493 2352 4547; x_wconf 88' lang='lat' dir='ltr'><strong>tenues,</strong></span> <span class='ocrx_word' id='word_1_645' title='bbox 2395 4503 2412 4535; x_wconf 76' lang='grc' dir='ltr'><strong><em>ι</em></strong></span> <span class='ocrx_word' id='word_1_646' title='bbox 2471 4491 2562 4536; x_wconf 89' lang='lat' dir='ltr'><strong>aut</strong></span> <span class='ocrx_word' id='word_1_647' title='bbox 2611 4482 2751 4536; x_wconf 88' lang='lat' dir='ltr'><strong>sicut.</strong></span> <span class='ocrx_word' id='word_1_648' title='bbox 2796 4483 2870 4536; x_wconf 86' lang='lat' dir='ltr'><strong>ait</strong></span> <span class='ocrx_word' id='word_1_649' title='bbox 2913 4481 3245 4549; x_wconf 85' lang='lat' dir='ltr'><strong>Laclantius,</strong></span> <span class='ocrx_word' id='word_1_650' title='bbox 3278 4504 3296 4536; x_wconf 72' lang='grc' dir='ltr'>ι</span> <span class='ocrx_word' id='word_1_651' title='bbox 3350 4484 3565 4554; x_wconf 87' lang='lat' dir='ltr'><strong>spiritus</strong></span> <span class='ocrx_word' id='word_1_652' title='bbox 3598 4496 3682 4542; x_wconf 87' lang='lat' dir='ltr'><strong>te-</strong></span> 
     </span>
    </p>
   </div>
   <div class='ocr_carea' id='block_1_92' title="bbox 375 4575 1985 4664">
    <p class='ocr_par' dir='ltr' id='par_1_92' title="bbox 375 4587 1970 4664">
     <span class='ocr_line' id='line_1_92' title="bbox 375 4587 1970 4664; baseline -0.005 -15"><span class='ocrx_word' id='word_1_653' title='bbox 375 4593 660 4656; x_wconf 84' lang='lat' dir='ltr'><strong>Miuucius.</strong></span> <span class='ocrx_word' id='word_1_654' title='bbox 711 4610 775 4650; x_wconf 87' lang='lat' dir='ltr'><strong>ac</strong></span> <span class='ocrx_word' id='word_1_655' title='bbox 817 4593 885 4650; x_wconf 89' lang='lat' dir='ltr'><strong>de</strong></span> <span class='ocrx_word' id='word_1_656' title='bbox 925 4595 1054 4664; x_wconf 90' lang='lat' dir='ltr'><strong>ipsis</strong></span> <span class='ocrx_word' id='word_1_657' title='bbox 1104 4592 1244 4647; x_wconf 90' lang='lat' dir='ltr'><strong>haud</strong></span> <span class='ocrx_word' id='word_1_658' title='bbox 1291 4591 1454 4647; x_wconf 91' lang='lat' dir='ltr'><strong>dubie</strong></span> <span class='ocrx_word' id='word_1_659' title='bbox 1485 4589 1820 4644; x_wconf 66' lang='lat' dir='ltr'><strong>daemonibus</strong></span> <span class='ocrx_word' id='word_1_660' title='bbox 1864 4587 1970 4641; x_wconf 87' lang='lat' dir='ltr'><strong>dis-</strong></span> 
     </span>
    </p>
   </div>
   <div class='ocr_carea' id='block_1_93' title="bbox 2089 4575 3676 4664">
    <p class='ocr_par' dir='ltr' id='par_1_93' title="bbox 2089 4575 3676 4647">
     <span class='ocr_line' id='line_1_93' title="bbox 2089 4575 3676 4647; baseline 0.006 -19"><span class='ocrx_word' id='word_1_661' title='bbox 2089 4593 2211 4633; x_wconf 63' lang='lat' dir='ltr'><strong>riues</strong></span> <span class='ocrx_word' id='word_1_662' title='bbox 2251 4586 2305 4632; x_wconf 93' lang='lat' dir='ltr'><strong>et</strong></span> <span class='ocrx_word' id='word_1_663' title='bbox 2335 4575 2936 4646; x_wconf 89' lang='lat' dir='ltr'><strong>incomprehensibiles.</strong></span> <span class='ocrx_word' id='word_1_664' title='bbox 2977 4596 2996 4628; x_wconf 73' lang='grc' dir='ltr'><strong><em>ι</em></strong></span> <span class='ocrx_word' id='word_1_665' title='bbox 3037 4575 3142 4632; x_wconf 90' lang='lat' dir='ltr'><strong>Sua</strong></span> <span class='ocrx_word' id='word_1_666' title='bbox 3187 4587 3365 4634; x_wconf 90' lang='lat' dir='ltr'><strong>autem</strong></span> <span class='ocrx_word' id='word_1_667' title='bbox 3397 4581 3676 4647; x_wconf 90' lang='lat' dir='ltr'><strong>tenuitate,</strong></span> 
     </span>
    </p>
   </div>
   <div class='ocr_carea' id='block_1_94' title="bbox 377 4683 1970 4756">
    <p class='ocr_par' dir='ltr' id='par_1_94' title="bbox 377 4683 1970 4756">
     <span class='ocr_line' id='line_1_94' title="bbox 377 4683 1970 4756; baseline -0.004 -16"><span class='ocrx_word' id='word_1_668' title='bbox 377 4694 682 4756; x_wconf 86' lang='lat' dir='ltr'><strong>putaverat,</strong></span> <span class='ocrx_word' id='word_1_669' title='bbox 734 4701 798 4741; x_wconf 89' lang='lat' dir='ltr'><strong>ac</strong></span> <span class='ocrx_word' id='word_1_670' title='bbox 858 4686 1010 4756; x_wconf 84' lang='lat' dir='ltr'><strong>cujus</strong></span> <span class='ocrx_word' id='word_1_671' title='bbox 1066 4686 1133 4741; x_wconf 89' lang='lat' dir='ltr'><strong>de</strong></span> <span class='ocrx_word' id='word_1_672' title='bbox 1191 4701 1371 4741; x_wconf 90' lang='lat' dir='ltr'><strong>rerum</strong></span> <span class='ocrx_word' id='word_1_673' title='bbox 1437 4692 1626 4739; x_wconf 90' lang='lat' dir='ltr'><strong>natura</strong></span> <span class='ocrx_word' id='word_1_674' title='bbox 1676 4683 1970 4737; x_wconf 89' lang='lat' dir='ltr'><strong>doctrinam</strong></span> 
     </span>
    </p>
   </div>
   <div class='ocr_carea' id='block_1_95' title="bbox 377 4773 1968 4845">
    <p class='ocr_par' dir='ltr' id='par_1_95' title="bbox 377 4773 1968 4845">
     <span class='ocr_line' id='line_1_95' title="bbox 377 4773 1968 4845; baseline -0.003 -14"><span class='ocrx_word' id='word_1_675' title='bbox 377 4777 569 4845; x_wconf 86' lang='lat' dir='ltr'><strong>reliqui</strong></span> <span class='ocrx_word' id='word_1_676' title='bbox 616 4792 802 4832; x_wconf 88' lang='lat' dir='ltr'><strong>omnes</strong></span> <span class='ocrx_word' id='word_1_677' title='bbox 863 4778 1032 4834; x_wconf 88' lang='lat' dir='ltr'><strong>secuti</strong></span> <span class='ocrx_word' id='word_1_678' title='bbox 1083 4787 1206 4832; x_wconf 91' lang='lat' dir='ltr'><strong>sunt</strong></span> <span class='ocrx_word' id='word_1_679' title='bbox 1251 4777 1489 4842; x_wconf 89' lang='lat' dir='ltr'><strong>(Euseb.</strong></span> <span class='ocrx_word' id='word_1_680' title='bbox 1521 4775 1614 4831; x_wconf 91' lang='lat' dir='ltr'><strong>lib.</strong></span> <span class='ocrx_word' id='word_1_681' title='bbox 1650 4791 1700 4842; x_wconf 78' lang='grc' dir='ltr'><strong>ν,</strong></span> <span class='ocrx_word' id='word_1_682' title='bbox 1735 4773 1968 4844; x_wconf 69' lang='grc' dir='ltr'><strong>Ρναεραν.</strong></span> 
     </span>
    </p>
   </div>
   <div class='ocr_carea' id='block_1_96' title="bbox 378 4867 1969 4943">
    <p class='ocr_par' dir='ltr' id='par_1_96' title="bbox 378 4867 1969 4943">
     <span class='ocr_line' id='line_1_96' title="bbox 378 4867 1969 4943; baseline -0.003 -19"><span class='ocrx_word' id='word_1_683' title='bbox 378 4869 579 4943; x_wconf 76' lang='lat' dir='ltr'><strong>Eeaug.</strong></span> <span class='ocrx_word' id='word_1_684' title='bbox 635 4886 749 4942; x_wconf 88' lang='lat' dir='ltr'><strong>cap.</strong></span> <span class='ocrx_word' id='word_1_685' title='bbox 784 4872 870 4934; x_wconf 70' lang='grc'><strong>14.</strong></span> <span class='ocrx_word' id='word_1_686' title='bbox 921 4886 1040 4942; x_wconf 89' lang='lat' dir='ltr'><strong>pag.</strong></span> <span class='ocrx_word' id='word_1_687' title='bbox 1083 4871 1209 4927; x_wconf 84' lang='lat'><strong>202.</strong></span> <span class='ocrx_word' id='word_1_688' title='bbox 1241 4871 1385 4926; x_wconf 88' lang='lat' dir='ltr'><strong>Idem</strong></span> <span class='ocrx_word' id='word_1_689' title='bbox 1417 4869 1512 4924; x_wconf 92' lang='lat' dir='ltr'><strong>lib.</strong></span> <span class='ocrx_word' id='word_1_690' title='bbox 1547 4885 1586 4934; x_wconf 86' lang='grc' dir='ltr'><strong>ι,</strong></span> <span class='ocrx_word' id='word_1_691' title='bbox 1626 4884 1745 4938; x_wconf 88' lang='lat' dir='ltr'><strong>cap.</strong></span> <span class='ocrx_word' id='word_1_692' title='bbox 1796 4867 1969 4922; x_wconf 87' lang='lat' dir='ltr'><strong>ultim.</strong></span> 
     </span>
    </p>
   </div>
   <div class='ocr_carea' id='block_1_97' title="bbox 377 4959 1973 5035">
    <p class='ocr_par' dir='ltr' id='par_1_97' title="bbox 377 4959 1973 5035">
     <span class='ocr_line' id='line_1_97' title="bbox 377 4959 1973 5035; baseline -0.002 -18"><span class='ocrx_word' id='word_1_693' title='bbox 377 4979 499 5034; x_wconf 86' lang='lat' dir='ltr'><strong>pag.</strong></span> <span class='ocrx_word' id='word_1_694' title='bbox 547 4962 662 5035; x_wconf 66' lang='lat'><strong>42).</strong></span> <span class='ocrx_word' id='word_1_695' title='bbox 697 4963 762 5018; x_wconf 85' lang='lat' dir='ltr'><strong>Et</strong></span> <span class='ocrx_word' id='word_1_696' title='bbox 801 4972 951 5020; x_wconf 90' lang='lat' dir='ltr'><strong>certe</strong></span> <span class='ocrx_word' id='word_1_697' title='bbox 981 4964 1307 5034; x_wconf 85' lang='lat' dir='ltr'><strong>Augustinus</strong></span> <span class='ocrx_word' id='word_1_698' title='bbox 1355 4962 1468 5018; x_wconf 71' lang='lat' dir='ltr'><strong>hzrc</strong></span> <span class='ocrx_word' id='word_1_699' title='bbox 1505 4961 1572 5016; x_wconf 90' lang='lat' dir='ltr'><strong>de</strong></span> <span class='ocrx_word' id='word_1_700' title='bbox 1615 4960 1805 5016; x_wconf 90' lang='lat' dir='ltr'><strong>eodem</strong></span> <span class='ocrx_word' id='word_1_701' title='bbox 1840 4959 1973 5014; x_wconf 90' lang='lat' dir='ltr'><strong>Hos-</strong></span> 
     </span>
    </p>
   </div>
   <div class='ocr_carea' id='block_1_98' title="bbox 379 5050 1972 5128">
    <p class='ocr_par' dir='ltr' id='par_1_98' title="bbox 379 5050 1972 5128">
     <span class='ocr_line' id='line_1_98' title="bbox 379 5050 1972 5128; baseline -0.004 -18"><span class='ocrx_word' id='word_1_702' title='bbox 379 5065 500 5112; x_wconf 89' lang='lat' dir='ltr'><strong>tane</strong></span> <span class='ocrx_word' id='word_1_703' title='bbox 554 5057 680 5111; x_wconf 87' lang='lat' dir='ltr'><strong>citat</strong></span> <span class='ocrx_word' id='word_1_704' title='bbox 741 5054 994 5128; x_wconf 83' lang='lat' dir='ltr'><strong>Cypriani</strong></span> <span class='ocrx_word' id='word_1_705' title='bbox 1047 5057 1258 5111; x_wconf 90' lang='lat' dir='ltr'><strong>verba:</strong></span> <span class='ocrx_word' id='word_1_706' title='bbox 1313 5074 1330 5104; x_wconf 76' lang='grc' dir='ltr'>ι</span> <span class='ocrx_word' id='word_1_707' title='bbox 1365 5050 1972 5124; x_wconf 73' lang='lat' dir='ltr'><strong>QuorumUllagornm)</strong></span> 
     </span>
    </p>
   </div>
   <div class='ocr_carea' id='block_1_99' title="bbox 375 5148 1974 5223">
    <p class='ocr_par' dir='ltr' id='par_1_99' title="bbox 375 5148 1974 5223">
     <span class='ocr_line' id='line_1_99' title="bbox 375 5148 1974 5223; baseline -0.003 -17"><span class='ocrx_word' id='word_1_708' title='bbox 375 5150 681 5223; x_wconf 68' lang='lat' dir='ltr'><strong>praecipuus</strong></span> <span class='ocrx_word' id='word_1_709' title='bbox 718 5150 1007 5216; x_wconf 88' lang='lat' dir='ltr'><strong>Hostanes,</strong></span> <span class='ocrx_word' id='word_1_710' title='bbox 1051 5160 1106 5206; x_wconf 90' lang='lat' dir='ltr'><strong>et</strong></span> <span class='ocrx_word' id='word_1_711' title='bbox 1145 5150 1370 5206; x_wconf 79' lang='lat' dir='ltr'><strong>formam</strong></span> <span class='ocrx_word' id='word_1_712' title='bbox 1402 5150 1514 5205; x_wconf 84' lang='lat' dir='ltr'><strong>veri</strong></span> <span class='ocrx_word' id='word_1_713' title='bbox 1545 5148 1640 5204; x_wconf 90' lang='lat' dir='ltr'><strong>Dei</strong></span> <span class='ocrx_word' id='word_1_714' title='bbox 1665 5157 1822 5218; x_wconf 88' lang='lat' dir='ltr'><strong>negat</strong></span> <span class='ocrx_word' id='word_1_715' title='bbox 1846 5162 1974 5202; x_wconf 90' lang='lat' dir='ltr'><strong>con—</strong></span> 
     </span>
    </p>
   </div>
   <div class='ocr_carea' id='block_1_100' title="bbox 375 5241 1974 5314">
    <p class='ocr_par' dir='ltr' id='par_1_100' title="bbox 375 5241 1974 5314">
     <span class='ocr_line' id='line_1_100' title="bbox 375 5241 1974 5314; baseline -0.003 -16"><span class='ocrx_word' id='word_1_716' title='bbox 375 5244 508 5313; x_wconf 88' lang='lat' dir='ltr'><strong>spici</strong></span> <span class='ocrx_word' id='word_1_717' title='bbox 556 5258 738 5314; x_wconf 88' lang='lat' dir='ltr'><strong>posse,</strong></span> <span class='ocrx_word' id='word_1_718' title='bbox 793 5251 848 5298; x_wconf 89' lang='lat' dir='ltr'><strong>et</strong></span> <span class='ocrx_word' id='word_1_719' title='bbox 892 5243 1130 5314; x_wconf 85' lang='lat' dir='ltr'><strong>Angelos</strong></span> <span class='ocrx_word' id='word_1_720' title='bbox 1180 5259 1338 5299; x_wconf 78' lang='lat' dir='ltr'><strong>veros</strong></span> <span class='ocrx_word' id='word_1_721' title='bbox 1367 5243 1479 5298; x_wconf 90' lang='lat' dir='ltr'><strong>sedi</strong></span> <span class='ocrx_word' id='word_1_722' title='bbox 1509 5242 1625 5312; x_wconf 92' lang='lat' dir='ltr'><strong>ejus</strong></span> <span class='ocrx_word' id='word_1_723' title='bbox 1652 5241 1782 5298; x_wconf 89' lang='lat' dir='ltr'><strong>dicit</strong></span> <span class='ocrx_word' id='word_1_724' title='bbox 1809 5241 1974 5295; x_wconf 87' lang='lat' dir='ltr'><strong>assis-</strong></span> 
     </span>
    </p>
   </div>
   <div class='ocr_carea' id='block_1_101' title="bbox 375 5333 1975 5408">
    <p class='ocr_par' dir='ltr' id='par_1_101' title="bbox 375 5333 1975 5408">
     <span class='ocr_line' id='line_1_101' title="bbox 375 5333 1975 5408; baseline -0.003 -18"><span class='ocrx_word' id='word_1_725' title='bbox 375 5343 512 5391; x_wconf 89' lang='lat' dir='ltr'><strong>tere.</strong></span> <span class='ocrx_word' id='word_1_726' title='bbox 549 5356 568 5388; x_wconf 75' lang='grc' dir='ltr'><strong><em>ι</em></strong></span> <span class='ocrx_word' id='word_1_727' title='bbox 621 5335 730 5391; x_wconf 88' lang='lat' dir='ltr'><strong>Sed</strong></span> <span class='ocrx_word' id='word_1_728' title='bbox 776 5335 890 5390; x_wconf 77' lang='lat' dir='ltr'><strong>lucc</strong></span> <span class='ocrx_word' id='word_1_729' title='bbox 934 5335 1236 5408; x_wconf 85' lang='lat' dir='ltr'><strong>Cyprianus</strong></span> <span class='ocrx_word' id='word_1_730' title='bbox 1264 5352 1333 5391; x_wconf 77' lang='lat' dir='ltr'><strong>ex</strong></span> <span class='ocrx_word' id='word_1_731' title='bbox 1376 5334 1610 5390; x_wconf 84' lang='lat' dir='ltr'><strong>Minucio</strong></span> <span class='ocrx_word' id='word_1_732' title='bbox 1646 5343 1848 5396; x_wconf 90' lang='lat' dir='ltr'><strong>nostro,</strong></span> <span class='ocrx_word' id='word_1_733' title='bbox 1896 5333 1975 5387; x_wconf 93' lang='lat' dir='ltr'><strong>uti</strong></span> 
     </span>
    </p>
   </div>
   <div class='ocr_carea' id='block_1_102' title="bbox 375 5427 1970 5500">
    <p class='ocr_par' dir='ltr' id='par_1_102' title="bbox 375 5427 1970 5500">
     <span class='ocr_line' id='line_1_102' title="bbox 375 5427 1970 5500; baseline -0.003 -16"><span class='ocrx_word' id='word_1_734' title='bbox 375 5429 606 5496; x_wconf 88' lang='lat' dir='ltr'><strong>assolet,</strong></span> <span class='ocrx_word' id='word_1_735' title='bbox 643 5429 998 5500; x_wconf 90' lang='lat' dir='ltr'><strong>proculdubio</strong></span> <span class='ocrx_word' id='word_1_736' title='bbox 1030 5439 1302 5485; x_wconf 91' lang='lat' dir='ltr'><strong>mutuatus</strong></span> <span class='ocrx_word' id='word_1_737' title='bbox 1330 5429 1523 5484; x_wconf 76' lang='lat' dir='ltr'><strong>fuerat.</strong></span> <span class='ocrx_word' id='word_1_738' title='bbox 1561 5427 1812 5497; x_wconf 89' lang='lat' dir='ltr'><strong>Ejusdem</strong></span> <span class='ocrx_word' id='word_1_739' title='bbox 1842 5441 1970 5495; x_wconf 89' lang='lat' dir='ltr'><strong>por-</strong></span> 
     </span>
    </p>
   </div>
   <div class='ocr_carea' id='block_1_103' title="bbox 377 5518 1975 5598">
    <p class='ocr_par' dir='ltr' id='par_1_103' title="bbox 377 5518 1975 5598">
     <span class='ocr_line' id='line_1_103' title="bbox 377 5518 1975 5598; baseline -0.005 -20"><span class='ocrx_word' id='word_1_740' title='bbox 377 5537 439 5578; x_wconf 90' lang='lat' dir='ltr'><strong>ro</strong></span> <span class='ocrx_word' id='word_1_741' title='bbox 497 5523 750 5579; x_wconf 64' lang='lat' dir='ltr'><strong>IIostanis</strong></span> <span class='ocrx_word' id='word_1_742' title='bbox 789 5525 1120 5579; x_wconf 90' lang='lat' dir='ltr'><strong>mentionem</strong></span> <span class='ocrx_word' id='word_1_743' title='bbox 1159 5524 1357 5578; x_wconf 77' lang='lat' dir='ltr'><strong>faciunt</strong></span> <span class='ocrx_word' id='word_1_744' title='bbox 1406 5521 1676 5585; x_wconf 86' lang='lat' dir='ltr'><strong>Laertius,</strong></span> <span class='ocrx_word' id='word_1_745' title='bbox 1715 5518 1975 5598; x_wconf 81' lang='lat' dir='ltr'><strong>Apuleius</strong></span> 
     </span>
    </p>
   </div>
   <div class='ocr_carea' id='block_1_104' title="bbox 379 5610 1972 5688">
    <p class='ocr_par' dir='ltr' id='par_1_104' title="bbox 379 5610 1972 5688">
     <span class='ocr_line' id='line_1_104' title="bbox 379 5610 1972 5688; baseline -0.005 -18"><span class='ocrx_word' id='word_1_746' title='bbox 379 5625 434 5670; x_wconf 88' lang='lat' dir='ltr'><strong>et</strong></span> <span class='ocrx_word' id='word_1_747' title='bbox 486 5615 600 5682; x_wconf 91' lang='lat' dir='ltr'><strong>alii,</strong></span> <span class='ocrx_word' id='word_1_748' title='bbox 657 5631 860 5688; x_wconf 83' lang='lat' dir='ltr'><strong>nosque</strong></span> <span class='ocrx_word' id='word_1_749' title='bbox 909 5617 1034 5671; x_wconf 87' lang='lat' dir='ltr'><strong>alibi</strong></span> <span class='ocrx_word' id='word_1_750' title='bbox 1087 5617 1157 5672; x_wconf 92' lang='lat' dir='ltr'><strong>de</strong></span> <span class='ocrx_word' id='word_1_751' title='bbox 1210 5615 1303 5670; x_wconf 92' lang='lat' dir='ltr'><strong>illo</strong></span> <span class='ocrx_word' id='word_1_752' title='bbox 1343 5615 1645 5668; x_wconf 88' lang='lat' dir='ltr'><strong>audivimus</strong></span> <span class='ocrx_word' id='word_1_753' title='bbox 1687 5610 1972 5665; x_wconf 88' lang='lat' dir='ltr'><strong>Tatianum</strong></span> 
     </span>
    </p>
   </div>
   <div class='ocr_carea' id='block_1_105' title="bbox 380 5702 1974 5786">
    <p class='ocr_par' dir='ltr' id='par_1_105' title="bbox 380 5702 1974 5786">
     <span class='ocr_line' id='line_1_105' title="bbox 380 5702 1974 5786; baseline -0.004 -23"><span class='ocrx_word' id='word_1_754' title='bbox 380 5707 734 5766; x_wconf 89' lang='lat' dir='ltr'><strong>disserentem</strong></span> <span class='ocrx_word' id='word_1_755' title='bbox 789 5712 1039 5786; x_wconf 86' lang='lat' dir='ltr'><strong>(August.</strong></span> <span class='ocrx_word' id='word_1_756' title='bbox 1094 5711 1186 5766; x_wconf 91' lang='lat' dir='ltr'><strong>lib.</strong></span> <span class='ocrx_word' id='word_1_757' title='bbox 1239 5725 1310 5764; x_wconf 88' lang='lat' dir='ltr'><strong>vii</strong></span> <span class='ocrx_word' id='word_1_758' title='bbox 1353 5709 1416 5761; x_wconf 74' lang='lat' dir='ltr'><strong>ile</strong></span> <span class='ocrx_word' id='word_1_759' title='bbox 1453 5705 1652 5776; x_wconf 80' lang='lat' dir='ltr'><strong>Bnptis.</strong></span> <span class='ocrx_word' id='word_1_760' title='bbox 1711 5719 1830 5773; x_wconf 87' lang='lat' dir='ltr'><strong>cap.</strong></span> <span class='ocrx_word' id='word_1_761' title='bbox 1883 5702 1974 5768; x_wconf 73' lang='grc' dir='ltr'><strong>Η,</strong></span> 
     </span>
    </p>
   </div>
   <div class='ocr_carea' id='block_1_106' title="bbox 381 5797 1973 5878">
    <p class='ocr_par' dir='ltr' id='par_1_106' title="bbox 381 5797 1973 5878">
     <span class='ocr_line' id='line_1_106' title="bbox 381 5797 1973 5878; baseline -0.003 -19"><span class='ocrx_word' id='word_1_762' title='bbox 381 5815 502 5877; x_wconf 73' lang='lat' dir='ltr'><strong>pag.</strong></span> <span class='ocrx_word' id='word_1_763' title='bbox 544 5801 667 5873; x_wconf 76' lang='grc'><strong>185,</strong></span> <span class='ocrx_word' id='word_1_764' title='bbox 692 5813 820 5862; x_wconf 91' lang='lat' dir='ltr'><strong>tom.</strong></span> <span class='ocrx_word' id='word_1_765' title='bbox 853 5821 934 5870; x_wconf 77' lang='lat' dir='ltr'><strong>ix;</strong></span> <span class='ocrx_word' id='word_1_766' title='bbox 960 5804 1148 5878; x_wconf 88' lang='lat' dir='ltr'><strong>Cypr.,</strong></span> <span class='ocrx_word' id='word_1_767' title='bbox 1175 5803 1268 5859; x_wconf 88' lang='lat' dir='ltr'><strong>lib.</strong></span> <span class='ocrx_word' id='word_1_768' title='bbox 1299 5803 1362 5858; x_wconf 81' lang='lat' dir='ltr'><strong>de</strong></span> <span class='ocrx_word' id='word_1_769' title='bbox 1389 5800 1530 5857; x_wconf 78' lang='lat' dir='ltr'><strong>Idol.</strong></span> <span class='ocrx_word' id='word_1_770' title='bbox 1566 5797 1696 5854; x_wconf 82' lang='lat' dir='ltr'><strong>Van.</strong></span> <span class='ocrx_word' id='word_1_771' title='bbox 1732 5813 1850 5874; x_wconf 87' lang='lat' dir='ltr'><strong>pag.</strong></span> <span class='ocrx_word' id='word_1_772' title='bbox 1885 5797 1973 5863; x_wconf 76' lang='lat' dir='ltr'><strong>M;</strong></span> 
     </span>
    </p>
   </div>
   <div class='ocr_carea' id='block_1_107' title="bbox 824 5899 1258 5967">
    <p class='ocr_par' dir='ltr' id='par_1_107' title="bbox 824 5899 1258 5967">
     <span class='ocr_line' id='line_1_107' title="bbox 824 5899 1258 5967; baseline -0.016 -1"><span class='ocrx_word' id='word_1_773' title='bbox 824 5905 1104 5967; x_wconf 66' lang='lat' dir='ltr'><strong>Panos.</strong></span> <span class='ocrx_word' id='word_1_774' title='bbox 1151 5899 1258 5967; x_wconf 91' lang='lat' dir='ltr'><strong>Ill.</strong></span> 
     </span>
    </p>
   </div>
   <div class='ocr_carea' id='block_1_108' title="bbox 2076 4668 3680 4746">
    <p class='ocr_par' dir='ltr' id='par_1_108' title="bbox 2076 4668 3680 4746">
     <span class='ocr_line' id='line_1_108' title="bbox 2076 4668 3680 4746; baseline 0.005 -23"><span class='ocrx_word' id='word_1_775' title='bbox 2076 4669 2389 4733; x_wconf 75' lang='lat' dir='ltr'><strong>sulnilitate,</strong></span> <span class='ocrx_word' id='word_1_776' title='bbox 2444 4679 2605 4738; x_wconf 90' lang='lat' dir='ltr'><strong>atque</strong></span> <span class='ocrx_word' id='word_1_777' title='bbox 2641 4668 2880 4739; x_wconf 89' lang='lat' dir='ltr'><strong>agilitate</strong></span> <span class='ocrx_word' id='word_1_778' title='bbox 2909 4688 2927 4720; x_wconf 73' lang='grc' dir='ltr'><strong>ε</strong></span> <span class='ocrx_word' id='word_1_779' title='bbox 2981 4668 3146 4724; x_wconf 85' lang='lat' dir='ltr'><strong>vitam</strong></span> <span class='ocrx_word' id='word_1_780' title='bbox 3181 4670 3414 4739; x_wconf 87' lang='lat' dir='ltr'><strong>turbant,</strong></span> <span class='ocrx_word' id='word_1_781' title='bbox 3454 4691 3470 4723; x_wconf 86' lang='grc'>›</span> <span class='ocrx_word' id='word_1_782' title='bbox 3509 4675 3680 4746; x_wconf 83' lang='lat' dir='ltr'><strong>pergit</strong></span> 
     </span>
    </p>
   </div>
   <div class='ocr_carea' id='block_1_109' title="bbox 2074 4762 3675 4832">
    <p class='ocr_par' dir='ltr' id='par_1_109' title="bbox 2074 4762 3675 4832">
     <span class='ocr_line' id='line_1_109' title="bbox 2074 4762 3675 4832; baseline 0.005 -16"><span class='ocrx_word' id='word_1_783' title='bbox 2074 4762 2333 4817; x_wconf 89' lang='lat' dir='ltr'><strong>Minucius</strong></span> <span class='ocrx_word' id='word_1_784' title='bbox 2377 4771 2580 4828; x_wconf 89' lang='lat' dir='ltr'><strong>noster,</strong></span> <span class='ocrx_word' id='word_1_785' title='bbox 2613 4777 2676 4816; x_wconf 88' lang='lat' dir='ltr'><strong>ac</strong></span> <span class='ocrx_word' id='word_1_786' title='bbox 2716 4770 2838 4831; x_wconf 89' lang='lat' dir='ltr'><strong>post</strong></span> <span class='ocrx_word' id='word_1_787' title='bbox 2868 4777 2990 4817; x_wconf 92' lang='lat' dir='ltr'><strong>eum</strong></span> <span class='ocrx_word' id='word_1_788' title='bbox 3022 4762 3344 4832; x_wconf 85' lang='lat' dir='ltr'><strong>Cyprianus,</strong></span> <span class='ocrx_word' id='word_1_789' title='bbox 3402 4785 3420 4816; x_wconf 77' lang='grc' dir='ltr'>ι</span> <span class='ocrx_word' id='word_1_790' title='bbox 3456 4781 3675 4824; x_wconf 89' lang='lat' dir='ltr'><strong>somnos</strong></span> 
     </span>
    </p>
   </div>
   <div class='ocr_carea' id='block_1_110' title="bbox 2075 4856 3670 4927">
    <p class='ocr_par' dir='ltr' id='par_1_110' title="bbox 2075 4856 3670 4927">
     <span class='ocr_line' id='line_1_110' title="bbox 2075 4856 3670 4927; baseline 0 -16"><span class='ocrx_word' id='word_1_791' title='bbox 2075 4857 2393 4927; x_wconf 88' lang='lat' dir='ltr'><strong>inquietant,</strong></span> <span class='ocrx_word' id='word_1_792' title='bbox 2458 4857 2757 4926; x_wconf 90' lang='lat' dir='ltr'><strong>irrepentes</strong></span> <span class='ocrx_word' id='word_1_793' title='bbox 2823 4856 2986 4911; x_wconf 88' lang='lat' dir='ltr'><strong>etiam</strong></span> <span class='ocrx_word' id='word_1_794' title='bbox 3046 4858 3364 4926; x_wconf 89' lang='lat' dir='ltr'><strong>corporibus</strong></span> <span class='ocrx_word' id='word_1_795' title='bbox 3419 4863 3670 4927; x_wconf 76' lang='lat' dir='ltr'><strong>occulte,</strong></span> 
     </span>
    </p>
   </div>
   <div class='ocr_carea' id='block_1_111' title="bbox 2075 4951 3670 5023">
    <p class='ocr_par' dir='ltr' id='par_1_111' title="bbox 2075 4951 3670 5023">
     <span class='ocr_line' id='line_1_111' title="bbox 2075 4951 3670 5023; baseline 0.002 -16"><span class='ocrx_word' id='word_1_796' title='bbox 2075 4953 2291 5008; x_wconf 87' lang='lat' dir='ltr'><strong>morbos</strong></span> <span class='ocrx_word' id='word_1_797' title='bbox 2316 4956 2538 5023; x_wconf 86' lang='lat' dir='ltr'><strong>lingunt,</strong></span> <span class='ocrx_word' id='word_1_798' title='bbox 2567 4959 2770 5006; x_wconf 89' lang='lat' dir='ltr'><strong>terrent</strong></span> <span class='ocrx_word' id='word_1_799' title='bbox 2791 4960 3021 5012; x_wconf 88' lang='lat' dir='ltr'><strong>mentes,</strong></span> <span class='ocrx_word' id='word_1_800' title='bbox 3047 4951 3288 5005; x_wconf 89' lang='lat' dir='ltr'><strong>membra</strong></span> <span class='ocrx_word' id='word_1_801' title='bbox 3311 4952 3670 5022; x_wconf 85' lang='lat' dir='ltr'><strong>distorquent,</strong></span> 
     </span>
    </p>
   </div>
   <div class='ocr_carea' id='block_1_112' title="bbox 2077 5040 3671 5111">
    <p class='ocr_par' dir='ltr' id='par_1_112' title="bbox 2077 5040 3671 5111">
     <span class='ocr_line' id='line_1_112' title="bbox 2077 5040 3671 5111; baseline 0.002 -13"><span class='ocrx_word' id='word_1_802' title='bbox 2077 5054 2133 5099; x_wconf 91' lang='lat' dir='ltr'><strong>ut</strong></span> <span class='ocrx_word' id='word_1_803' title='bbox 2179 5043 2243 5098; x_wconf 89' lang='lat' dir='ltr'><strong>ad</strong></span> <span class='ocrx_word' id='word_1_804' title='bbox 2291 5045 2370 5098; x_wconf 92' lang='lat' dir='ltr'><strong>sui</strong></span> <span class='ocrx_word' id='word_1_805' title='bbox 2425 5043 2624 5098; x_wconf 91' lang='lat' dir='ltr'><strong>cultum</strong></span> <span class='ocrx_word' id='word_1_806' title='bbox 2678 5051 2890 5111; x_wconf 83' lang='lat' dir='ltr'><strong>cogant,</strong></span> <span class='ocrx_word' id='word_1_807' title='bbox 2933 5062 2950 5092; x_wconf 84' lang='grc'><strong>›</strong></span> <span class='ocrx_word' id='word_1_808' title='bbox 2988 5052 3038 5095; x_wconf 80' lang='lat' dir='ltr'><strong>et</strong></span> <span class='ocrx_word' id='word_1_809' title='bbox 3090 5040 3157 5093; x_wconf 91' lang='lat' dir='ltr'><strong>ab</strong></span> <span class='ocrx_word' id='word_1_810' title='bbox 3197 5041 3502 5097; x_wconf 88' lang='lat' dir='ltr'><strong>hominibus</strong></span> <span class='ocrx_word' id='word_1_811' title='bbox 3531 5055 3671 5100; x_wconf 90' lang='lat' dir='ltr'><strong>tam-</strong></span> 
     </span>
    </p>
   </div>
   <div class='ocr_carea' id='block_1_113' title="bbox 2077 5131 3674 5208">
    <p class='ocr_par' dir='ltr' id='par_1_113' title="bbox 2077 5131 3674 5208">
     <span class='ocr_line' id='line_1_113' title="bbox 2077 5131 3674 5208; baseline -0.007 -17"><span class='ocrx_word' id='word_1_812' title='bbox 2077 5153 2234 5208; x_wconf 90' lang='lat' dir='ltr'><strong>quam</strong></span> <span class='ocrx_word' id='word_1_813' title='bbox 2305 5136 2416 5190; x_wconf 90' lang='lat' dir='ltr'><strong>veri</strong></span> <span class='ocrx_word' id='word_1_814' title='bbox 2471 5135 2544 5188; x_wconf 87' lang='lat' dir='ltr'><strong>dii</strong></span> <span class='ocrx_word' id='word_1_815' title='bbox 2599 5133 2847 5188; x_wconf 87' lang='lat' dir='ltr'><strong>colantur</strong></span> <span class='ocrx_word' id='word_1_816' title='bbox 2900 5141 2953 5186; x_wconf 90' lang='lat' dir='ltr'><strong>et</strong></span> <span class='ocrx_word' id='word_1_817' title='bbox 2974 5131 3297 5195; x_wconf 86' lang='lat' dir='ltr'><strong>adorentur,</strong></span> <span class='ocrx_word' id='word_1_818' title='bbox 3363 5143 3522 5204; x_wconf 89' lang='lat' dir='ltr'><strong>atque</strong></span> <span class='ocrx_word' id='word_1_819' title='bbox 3584 5154 3674 5192; x_wconf 80' lang='lat' dir='ltr'><strong>sa-</strong></span> 
     </span>
    </p>
   </div>
   <div class='ocr_carea' id='block_1_114' title="bbox 2079 5224 3678 5294">
    <p class='ocr_par' dir='ltr' id='par_1_114' title="bbox 2079 5224 3678 5294">
     <span class='ocr_line' id='line_1_114' title="bbox 2079 5224 3678 5294; baseline 0.001 -10"><span class='ocrx_word' id='word_1_820' title='bbox 2079 5244 2239 5284; x_wconf 86' lang='lat' dir='ltr'><strong>nasse</strong></span> <span class='ocrx_word' id='word_1_821' title='bbox 2285 5242 2380 5282; x_wconf 88' lang='lat' dir='ltr'><strong>eos</strong></span> <span class='ocrx_word' id='word_1_822' title='bbox 2423 5226 2728 5288; x_wconf 87' lang='lat' dir='ltr'><strong>videantur,</strong></span> <span class='ocrx_word' id='word_1_823' title='bbox 2773 5240 2999 5294; x_wconf 90' lang='lat' dir='ltr'><strong>quorum</strong></span> <span class='ocrx_word' id='word_1_824' title='bbox 3043 5224 3406 5280; x_wconf 83' lang='lat' dir='ltr'><strong>valetudinem</strong></span> <span class='ocrx_word' id='word_1_825' title='bbox 3456 5227 3678 5286; x_wconf 88' lang='lat' dir='ltr'><strong>vitiave-</strong></span> 
     </span>
    </p>
   </div>
   <div class='ocr_carea' id='block_1_115' title="bbox 2078 5316 3676 5386">
    <p class='ocr_par' dir='ltr' id='par_1_115' title="bbox 2078 5316 3676 5386">
     <span class='ocr_line' id='line_1_115' title="bbox 2078 5316 3676 5386; baseline 0 -8"><span class='ocrx_word' id='word_1_826' title='bbox 2078 5330 2219 5378; x_wconf 85' lang='lat' dir='ltr'><strong>tant.</strong></span> <span class='ocrx_word' id='word_1_827' title='bbox 2273 5319 2471 5375; x_wconf 81' lang='lat' dir='ltr'><strong>Eadem</strong></span> <span class='ocrx_word' id='word_1_828' title='bbox 2513 5319 2692 5374; x_wconf 87' lang='lat' dir='ltr'><strong>verbis</strong></span> <span class='ocrx_word' id='word_1_829' title='bbox 2736 5319 2895 5386; x_wconf 91' lang='lat' dir='ltr'><strong>paqu</strong></span> <span class='ocrx_word' id='word_1_830' title='bbox 2936 5316 3165 5372; x_wconf 87' lang='lat' dir='ltr'><strong>diversis</strong></span> <span class='ocrx_word' id='word_1_831' title='bbox 3211 5318 3521 5378; x_wconf 90' lang='lat' dir='ltr'><strong>Lactantius</strong></span> <span class='ocrx_word' id='word_1_832' title='bbox 3577 5332 3676 5379; x_wconf 86' lang='lat' dir='ltr'><strong>tra-</strong></span> 
     </span>
    </p>
   </div>
   <div class='ocr_carea' id='block_1_116' title="bbox 2076 5411 3672 5488">
    <p class='ocr_par' dir='ltr' id='par_1_116' title="bbox 2076 5411 3672 5488">
     <span class='ocr_line' id='line_1_116' title="bbox 2076 5411 3672 5488; baseline 0.001 -18"><span class='ocrx_word' id='word_1_833' title='bbox 2076 5416 2226 5473; x_wconf 91' lang='lat' dir='ltr'><strong>didit.</strong></span> <span class='ocrx_word' id='word_1_834' title='bbox 2287 5413 2392 5468; x_wconf 86' lang='lat' dir='ltr'><strong>Sed</strong></span> <span class='ocrx_word' id='word_1_835' title='bbox 2453 5411 2507 5466; x_wconf 94' lang='lat' dir='ltr'><strong>hi</strong></span> <span class='ocrx_word' id='word_1_836' title='bbox 2562 5426 2749 5466; x_wconf 89' lang='lat' dir='ltr'><strong>omnes</strong></span> <span class='ocrx_word' id='word_1_837' title='bbox 2809 5424 3195 5481; x_wconf 76' lang='lat' dir='ltr'><strong>przecnrsorem</strong></span> <span class='ocrx_word' id='word_1_838' title='bbox 3248 5413 3672 5488; x_wconf 83' lang='lat' dir='ltr'><strong>magistrumque</strong></span> 
     </span>
    </p>
   </div>
   <div class='ocr_carea' id='block_1_117' title="bbox 2077 5503 3672 5572">
    <p class='ocr_par' dir='ltr' id='par_1_117' title="bbox 2077 5503 3672 5572">
     <span class='ocr_line' id='line_1_117' title="bbox 2077 5503 3672 5572; baseline -0.003 -8"><span class='ocrx_word' id='word_1_839' title='bbox 2077 5509 2380 5564; x_wconf 88' lang='lat' dir='ltr'><strong>habuerunt</strong></span> <span class='ocrx_word' id='word_1_840' title='bbox 2426 5503 2835 5567; x_wconf 90' lang='lat' dir='ltr'><strong>Tertullianum,</strong></span> <span class='ocrx_word' id='word_1_841' title='bbox 2895 5503 2982 5572; x_wconf 93' lang='lat' dir='ltr'><strong>qui</strong></span> <span class='ocrx_word' id='word_1_842' title='bbox 3030 5503 3130 5557; x_wconf 91' lang='lat' dir='ltr'><strong>illis</strong></span> <span class='ocrx_word' id='word_1_843' title='bbox 3160 5504 3328 5559; x_wconf 82' lang='lat' dir='ltr'><strong>facem</strong></span> <span class='ocrx_word' id='word_1_844' title='bbox 3375 5506 3456 5561; x_wconf 91' lang='lat' dir='ltr'><strong>bis</strong></span> <span class='ocrx_word' id='word_1_845' title='bbox 3492 5510 3672 5564; x_wconf 90' lang='lat' dir='ltr'><strong>verbis</strong></span> 
     </span>
    </p>
   </div>
   <div class='ocr_carea' id='block_1_118' title="bbox 2079 5597 3667 5674">
    <p class='ocr_par' dir='ltr' id='par_1_118' title="bbox 2079 5597 3667 5674">
     <span class='ocr_line' id='line_1_118' title="bbox 2079 5597 3667 5674; baseline -0.002 -17"><span class='ocrx_word' id='word_1_846' title='bbox 2079 5602 2387 5674; x_wconf 62' lang='lat' dir='ltr'><strong>praetulerat</strong></span> <span class='ocrx_word' id='word_1_847' title='bbox 2439 5617 2452 5653; x_wconf 90' lang='lat'><strong>:</strong></span> <span class='ocrx_word' id='word_1_848' title='bbox 2521 5618 2538 5650; x_wconf 73' lang='grc' dir='ltr'>ι</span> <span class='ocrx_word' id='word_1_849' title='bbox 2579 5597 2825 5667; x_wconf 87' lang='lat' dir='ltr'><strong>Suppetit</strong></span> <span class='ocrx_word' id='word_1_850' title='bbox 2883 5597 3006 5663; x_wconf 87' lang='lat' dir='ltr'><strong>illis,</strong></span> <span class='ocrx_word' id='word_1_851' title='bbox 3043 5617 3059 5650; x_wconf 71' lang='grc' dir='ltr'><strong>ι</strong></span> <span class='ocrx_word' id='word_1_852' title='bbox 3120 5597 3486 5669; x_wconf 62' lang='lat' dir='ltr'><strong>daemonibus,</strong></span> <span class='ocrx_word' id='word_1_853' title='bbox 3549 5624 3566 5654; x_wconf 88' lang='grc'><strong><em>‹</em></strong></span> <span class='ocrx_word' id='word_1_854' title='bbox 3603 5605 3667 5660; x_wconf 80' lang='lat' dir='ltr'><strong>ad</strong></span> 
     </span>
    </p>
   </div>
   <div class='ocr_carea' id='block_1_119' title="bbox 2078 5689 3672 5768">
    <p class='ocr_par' dir='ltr' id='par_1_119' title="bbox 2078 5689 3672 5768">
     <span class='ocr_line' id='line_1_119' title="bbox 2078 5689 3672 5768; baseline -0.004 -17"><span class='ocrx_word' id='word_1_855' title='bbox 2078 5705 2361 5765; x_wconf 89' lang='lat' dir='ltr'><strong>utramque</strong></span> <span class='ocrx_word' id='word_1_856' title='bbox 2410 5690 2760 5748; x_wconf 87' lang='lat' dir='ltr'><strong>substantiam</strong></span> <span class='ocrx_word' id='word_1_857' title='bbox 2811 5689 3058 5754; x_wconf 92' lang='lat' dir='ltr'><strong>hominis,</strong></span> <span class='ocrx_word' id='word_1_858' title='bbox 3101 5710 3116 5741; x_wconf 70' lang='grc' dir='ltr'><strong>ι</strong></span> <span class='ocrx_word' id='word_1_859' title='bbox 3169 5691 3270 5747; x_wconf 92' lang='lat' dir='ltr'><strong>hoc</strong></span> <span class='ocrx_word' id='word_1_860' title='bbox 3320 5705 3422 5761; x_wconf 89' lang='lat' dir='ltr'><strong>est,</strong></span> <span class='ocrx_word' id='word_1_861' title='bbox 3474 5712 3672 5768; x_wconf 58' lang='lat' dir='ltr'><strong>corpus</strong></span> 
     </span>
    </p>
   </div>
   <div class='ocr_carea' id='block_1_120' title="bbox 2079 5783 3674 5856">
    <p class='ocr_par' dir='ltr' id='par_1_120' title="bbox 2079 5783 3674 5856">
     <span class='ocr_line' id='line_1_120' title="bbox 2079 5783 3674 5856; baseline 0 -10"><span class='ocrx_word' id='word_1_862' title='bbox 2079 5801 2134 5851; x_wconf 90' lang='lat' dir='ltr'><strong>et</strong></span> <span class='ocrx_word' id='word_1_863' title='bbox 2176 5789 2432 5854; x_wconf 88' lang='lat' dir='ltr'><strong>animum,</strong></span> <span class='ocrx_word' id='word_1_864' title='bbox 2471 5803 2489 5837; x_wconf 73' lang='grc' dir='ltr'><strong>ς</strong></span> <span class='ocrx_word' id='word_1_865' title='bbox 2523 5783 2820 5840; x_wconf 78' lang='lat' dir='ltr'><strong>adeundam</strong></span> <span class='ocrx_word' id='word_1_866' title='bbox 2864 5784 3150 5849; x_wconf 88' lang='lat' dir='ltr'><strong>subtilitas,</strong></span> <span class='ocrx_word' id='word_1_867' title='bbox 3198 5794 3251 5840; x_wconf 89' lang='lat' dir='ltr'><strong>et</strong></span> <span class='ocrx_word' id='word_1_868' title='bbox 3294 5789 3523 5846; x_wconf 86' lang='lat' dir='ltr'><strong>tenuitas</strong></span> <span class='ocrx_word' id='word_1_869' title='bbox 3551 5809 3674 5856; x_wconf 87' lang='lat' dir='ltr'><strong>sua,</strong></span> 
     </span>
    </p>
   </div>
   <div class='ocr_carea' id='block_1_121' title="bbox 3133 5879 3212 5948">
    <p class='ocr_par' dir='ltr' id='par_1_121' title="bbox 3133 5879 3212 5948">
     <span class='ocr_line' id='line_1_121' title="bbox 3133 5879 3212 5948; baseline 0.025 -2"><span class='ocrx_word' id='word_1_870' title='bbox 3133 5879 3212 5948; x_wconf 73' lang='lat'><strong>90</strong></span> 
     </span>
    </p>
   </div>
  </div>
