4264 6258
599 244 704 301 619

1875 239 1965 294 DE
2007 236 2269 296 ll'llNUCll
2308 237 2610 296 OCTAVIO

3805 245 3908 301 620

599 366 823 424 Multum
883 361 1256 434 spiritualihus
1313 360 1516 416 viribus
1573 357 1736 422 licet;
1795 365 1852 412 ut
1901 359 2197 412 invisibiles
2227 361 2271 420 A
2302 357 2560 412 divinitus
2583 355 2838 427 inspirata
2866 370 2986 412 esse
3000 357 3321 428 garrientes.
3351 356 3485 413 Nam
3514 375 3533 409 ι
3563 357 3731 414 multa
3759 371 3904 430 sunt,

604 468 659 512 ct
685 455 1030 511 insensibiles
1084 455 1134 507 in
1180 452 1396 518 effectu,
1442 469 1488 522 pi
1516 451 1618 504 tius
1649 438 1820 520 quam
1851 451 1900 504 in
1942 460 2063 505 actu
2103 465 2201 505 suo

601 555 895 620 appareant
943 566 962 600 ι
1016 544 1228 618 (Cypr.
1277 545 1371 599 lib.
1421 545 1484 596 de
1528 541 1729 597 Idolor.
1772 544 1927 596 venit.
1982 559 2099 612 pag.
2136 544 2202 597 15

600 650 654 695 et
695 641 780 705 14;
834 639 1078 694 Lactant.
1113 638 1206 692 lib.
1255 653 1312 691 ιι.
1341 634 1574 690 lnstitut.
1619 651 1740 705 cap.
1783 636 1871 698 14.
1898 649 2017 705 pag.
2067 635 2196 702 218;

601 734 922 789 'l‘ertullian.
967 732 1233 802 Apologet.
1271 745 1389 800 cap.
1439 730 1530 796 22,
1588 745 1712 800 pag.
1764 727 1883 801 25).
1920 728 1996 782 Ea
2043 729 2201 798 igitur

598 829 855 884 invisibili
885 840 1094 884 natura:
1126 835 1181 882 et
1209 825 1401 881 virium
1423 825 1718 880 subtilitate
1747 823 2007 879 miracula
2037 822 2199 879 edere

603 921 948 988 videbantur,
972 937 1090 992 quae
1127 918 1349 974 minimc
1371 917 1625 972 miracula
1655 925 1803 971 sunt.

668 1013 874 1068 lncauti
904 1012 1181 1067 enimvero
1227 1025 1291 1064 ac
1347 1008 1550 1066 creduli
1584 1006 1824 1063 Gentiles
1885 1026 1904 1058 ι
1943 1004 2200 1078 prodesse

598 1121 694 1162 cos
743 1113 951 1176 putant,
984 1105 1057 1158 ait
1077 1102 1411 1171 Lactantius,
1432 1117 1552 1158 cum
1581 1115 1776 1155 nocere
1797 1099 2071 1165 desinunt,
2107 1098 2199 1168 qui

535 1243 538 1250 ι
595 1200 731 1254 nihil
768 1199 912 1254 aliud
956 1207 1180 1269 possunt
1208 1213 1365 1268 quam
1400 1211 1618 1252 nocere.
1657 1193 1946 1267 (Lactant.,
1969 1195 2070 1249 loc.
2103 1193 2196 1248 cit.

593 1305 651 1361 p.
666 1289 818 1363 219.)
833 1289 963 1345 Nam
979 1290 1054 1344 uti
1072 1304 1195 1344 mox
1207 1288 1459 1355 diximus,
1476 1285 2028 1357 atqueTertullianus,
2044 1293 2198 1338 antea

597 1401 728 1440 vero
747 1385 1023 1450 Tatianus,
1043 1391 1100 1439 et
1116 1393 1298 1454 postea
1317 1381 1578 1436 Eusebius
1605 1390 1967 1442 ass-eruerant,
2001 1377 2200 1432 laedunt

593 1477 863 1542 homines,
908 1474 1112 1531 morbis
1161 1474 1426 1545 affligunt,
1451 1488 1515 1527 ac
1537 1487 1657 1527 cum
1689 1470 1948 1526 desinunt
1972 1468 2194 1534 laedere,

593 1571 664 1626 ab
721 1571 878 1640 πει-18
923 1570 1222 1634 avolantes,
1270 1568 1599 1637 remotisque
1644 1567 1943 1632 maleficiis,
1980 1579 2199 1620 curasse

590 1664 900 1720 creduntur.
937 1663 1214 1720 Similibus
1241 1676 1451 1732 quoque
1500 1659 1765 1714 machinis
1786 1700 1800 1724 ,
1833 1674 1896 1713 ac
1924 1657 2064 1713 dolis
2093 1658 2197 1712 alia

2307 451 2498 521 inquit,
2549 466 2616 505 ex
2669 452 2904 505 historiis
2957 452 3160 520 prolata
3215 453 3441 516 somnia,
3501 453 3689 505 matzis
3715 452 3908 508 Phala-

2307 545 2471 607 ridis,
2541 543 2666 614 Cyri
2733 544 3026 612 superioris
3063 586 3078 610 ,
3142 546 3327 600 matris
3416 544 3694 616 Dionysii,
3759 546 3906 602 Pceni

2305 634 2612 699 Amilcarts,
2650 634 2954 696 Annibalis,
3009 635 3068 690 P.
3108 635 3348 691 Decii....
3379 637 3484 690 Sed
3516 635 3631 690 ha-c
3655 645 3904 701 externa,

2305 717 2373 782 Ob
2395 741 2622 795 eamque
2650 741 2864 781 causam
2897 729 3076 798 ignota
3108 729 3262 783 nobis
3287 737 3434 796 sunt,
3462 730 3716 783 nonnulla
3745 731 3904 784 etiam

2307 821 2428 875 ficta
2477 820 2724 875 fortasse.
2766 841 2784 872 ι
2833 821 2962 876 Post
3005 821 3218 893 longam
3271 837 3403 877 vero
3462 821 3528 877 de
3577 822 3908 892 quibuslibet

2305 913 2528 968 sonmiis
2569 913 3007 983 diSputationem,
3057 915 3334 970 concludit
3365 914 3574 970 nullum
3599 917 3759 972 deum
3784 931 3906 973 essc

2306 1006 2516 1060 illorum
2574 1005 2909 1072 effectorem,
2963 1023 3025 1062 ac
3065 1007 3282 1079 ductam
3328 1008 3491 1062 exiis
3521 1007 3904 1064 divinationem

2304 1114 2424 1153 cum
2482 1100 2696 1153 creteris
2751 1114 2972 1170 prorsus
3000 1101 3392 1170 explodendam
3421 1117 3543 1156 esse
3572 1103 3906 1174 pronuntiat.

2304 1188 2440 1262 (Cic.
2499 1190 2590 1245 lib.
2657 1206 2717 1260 ιι,
2777 1194 2840 1245 de
2872 1191 3126 1260 Divinat.,
3155 1209 3274 1264 pag.
3331 1193 3459 1255 299,
3499 1195 3591 1249 lin.
3638 1195 3733 1261 25;
3768 1195 3902 1250 lbid.

2303 1297 2426 1354 pag.
2481 1282 2606 1349 501,
2661 1284 2753 1337 litt.
2815 1285 2883 1341 10
2925 1294 2980 1340 et
3025 1284 3204 1358 seqq.)
3235 1285 3376 1340 Nihil
3409 1287 3569 1356 igitur
3593 1287 3794 1342 Caecilii
3823 1304 3906 1344 ra-

2307 1376 2451 1429 tione
2503 1375 2726 1446 futilius,
2769 1392 2871 1448 qua
2916 1393 2980 1433 ex
3015 1378 3365 1434 Ethnicorum
3415 1381 3639 1435 somniis
3668 1397 3906 1452 praesen-

2307 1467 2432 1523 tiam
2489 1469 2715 1525 deorum
2772 1487 2990 1526 suorum
3045 1473 3261 1542 probari
3321 1489 3479 1544 posse
3536 1475 3652 1545 ipse
3702 1477 3904 1548 aliique

2301 1563 2534 1633 gentiles
2582 1564 3003 1621 somniaverant.
3065 1565 3121 1622 Si
3172 1567 3300 1638 quid
3364 1569 3508 1623 enim
3567 1570 3620 1624 in
3681 1571 3808 1635 illis,
3836 1572 3904 1628 de

2302 1657 2496 1726 quibus
2543 1657 2840 1728 disputant,
2897 1659 3307 1715 extraordinarii
3352 1660 3532 1728 fuerit,
3590 1662 3694 1718 hoc
3734 1663 3904 1720 Minu-

590 1761 832 1833 prodigia
885 1770 942 1816 et
991 1758 1248 1813 miracula
1304 1758 1480 1812 facere
1505 1755 1882 1820 credebantur,
1913 1753 1980 1808 de
2003 1752 2196 1823 quibus
2228 1760 2274 1820 Β
2303 1748 2438 1814 cius,
2467 1759 2628 1819 atque
2649 1751 2739 1804 alii
2769 1752 3124 1822 antiquissimi
3173 1752 3425 1808 Ecclesia:
3453 1763 3656 1826 patres,
3698 1757 3902 1814 da-mo-

593 1868 758 1923 supra
785 1852 1137 1907 disseruimus
1155 1849 1490 1913 (Tertullian.
1525 1847 1627 1902 loc.
1657 1845 2006 1911 cit.;Tatian.
2039 1843 2187 1898 Orat.

592 1959 753 2002 contr.
787 1946 952 2002 (ἐνίει.
998 1945 1252 2016 pag.157;
1281 1943 1486 2000 Euseb.
1517 1941 1611 1998 lib.
1649 1957 1681 1996 v
1714 1940 1950 2012 Praepar.
1987 1957 2188 2011 evang.,

589 2057 706 2113 cap.
732 2042 788 2106 2,
811 2041 1079 2111 pag.181;
1111 2040 1268 2109 Supr.
1289 2054 1409 2108 cap.
1438 2038 1525 2104 19,
1545 2046 1647 2114 art.
1675 2038 1700 2091 1
1730 2048 1784 2093 et
1810 2036 2010 2108 seqq.).

657 2135 923 2190 Pratterea
974 2151 992 2185 ι
1026 2132 1184 2200 Magi,
1225 2132 1301 2188 ait
1330 2130 1614 2197 Minucius,
1649 2128 1908 2200 quidquid
1942 2127 2191 2183 miraculi

587 2225 802 2292 ludunt,
835 2239 930 2294 per
975 2223 1250 2282 daemones
1296 2222 1536 2288 faciunt;
1582 2222 1690 2278 illis
1726 2221 2084 2293 aspirantibus
2137 2229 2193 2275 et

586 2316 1019 2378 infundentibus,
1053 2313 1356 2386 priestigias
1400 2313 1590 2380 edunt,
1630 2314 1715 2368 vel
1754 2329 1873 2385 qua:
1913 2328 2020 2368 non
2065 2320 2192 2367 sunt

586 2408 781 2476 videri,
837 2408 922 2463 vel
963 2423 1083 2479 quae
1125 2418 1251 2470 sunt
1297 2421 1406 2462 non
1458 2405 1648 2461 videri.
1686 2425 1705 2458 ›
1765 2404 1953 2460 Nonne
2005 2415 2186 2460 autem

585 2503 654 2560 ad
705 2503 847 2559 hunc
899 2501 1042 2559 illius
1091 2502 1267 2556 locum
1319 2509 1432 2564 tum
1486 2499 1808 2570 reSpiciebat
1851 2499 2184 2564 Lactantius,

584 2610 706 2650 cum
763 2593 980 2665 scripsit
1027 2609 1042 2648 :
1100 2610 1118 2643 ‹
1157 2591 1432 2663 Magorum
1473 2606 1564 2646 ars
1613 2591 1792 2647 omnis
1845 2606 1909 2646 ac
1950 2590 2185 2659 potentia

586 2687 801 2756 horttm,
847 2687 1157 2753 dcemonum,
1196 2684 1619 2755 aspirationibus
1647 2691 1880 2748 constat,
1931 2699 1961 2736 a
1992 2681 2188 2753 quibus

581 2780 849 2848 invocati,
907 2779 1053 2833 visus
1110 2777 1387 2832 hominum
1441 2775 1730 2846 praestigiis
1781 2773 2185 2829 obcrecantibus

585 2874 795 2940 fallunt,
844 2881 903 2928 ut
947 2886 1054 2926 non
1100 2869 1317 2926 videant
1356 2884 1420 2925 ea
1461 2884 1582 2940 quae
1627 2876 1772 2931 sunt,
1815 2874 1870 2921 et
1899 2865 2083 2921 videre
2127 2879 2187 2928 se

584 2978 778 3040 putent
801 2966 913 3033 illa,
959 2980 1078 3036 qua:
1106 2979 1211 3018 non
1245 2963 1411 3020 sunt?
1442 2963 1709 3034 (Lactant.
1745 2961 1837 3017 lib.
1867 2977 1923 3028 ιι,
1957 2975 2072 3029 cap.
2095 2959 2182 3027 14,

581 3073 706 3128 pag.
739 3057 894 3128 218).
928 3058 998 3112 At
1027 3066 1313 3128 utrumque
1342 3056 1426 3114 his
1453 3055 1631 3112 verbis
1661 3062 2024 3110 anteverterat
2053 3052 2186 3109 Ter-

2305 1857 2431 1895 num
2498 1841 2774 1899 fraudibus
2829 1859 2891 1899 ac
2935 1843 3158 1900 fallaciis
3193 1846 3533 1903 tribuendum
3584 1863 3706 1904 esse
3763 1849 3900 1906 haud

2301 1934 2613 1992 dubitanter
2635 1949 2968 1996 asseverant.
3062 1973 3064 1977 ι

2367 2031 2437 2083 At
2482 2029 2669 2085 iisdem
2721 2030 2861 2087 dolis
2909 2032 3299 2105 prtestigiisque
3353 2053 3372 2084 ‹
3403 2045 3599 2103 sortes,
3638 2057 3658 2090 ι
3705 2037 3782 2092 ait
3805 2038 3900 2093 Mi-

2295 2120 2487 2175 nucius
2527 2137 2592 2177 ac
2637 2123 2888 2180 similiter
2917 2126 3236 2198 Cyprianus,
3274 2147 3294 2180 ι
3329 2138 3520 2200 regunt
3553 2151 3571 2184 ι
3611 2129 3888 2204 (Cyprian.

2297 2213 2392 2267 lib.
2447 2215 2510 2268 de
2558 2213 2698 2270 Idol.
2746 2215 2916 2272 l’anit.
2967 2234 3088 2290 pag.
3137 2221 3253 2291 15).
3301 2220 3409 2277 Sed
3456 2238 3571 2293 quae
3605 2235 3729 2278 sunt
3779 2226 3897 2280 ista:

2301 2315 2497 2371 sortes,
2549 2308 2592 2360 si
2636 2323 2662 2360 a
2711 2308 2866 2364 nobis
2894 2311 3089 2380 a’liquis
3127 2315 3385 2384 requirat,
3427 2313 3548 2370 huic
3594 2317 3894 2386 responde-

2293 2398 2470 2452 bimus
2538 2400 2782 2471 ipsismet
2843 2403 3121 2460 Ciceronis
3184 2407 3402 2475 verbis,
3457 2410 3667 2480 quibus
3719 2421 3895 2468 sortes

2301 2509 2320 2542 ‹
2357 2491 2496 2546 idem
2536 2494 2923 2562 pr0pemodum
2956 2511 3076 2552 esse
3106 2497 3283 2565 docet,
3315 2501 3456 2570 quod
3488 2503 3685 2558 micare
3705 2548 3718 2570 ,
3754 2503 3896 2574 quod

2296 2584 2430 2638 talos
2453 2583 2814 2655 jacere,quod
2847 2599 3096 2644 tesseras.
3152 2591 3356 2658 Quibus
3414 2595 3687 2650 temeritas
3736 2607 3790 2651 et
3809 2613 3897 2654 ca-

2293 2693 2408 2742 sus,
2457 2692 2562 2732 non
2605 2679 2741 2735 ratio
2791 2695 2891 2736 nec
2943 2683 3226 2738 consilium
3272 2685 3429 2742 valet.
3483 2687 3617 2743 Tota
3672 2705 3761 2746 res
3815 2699 3898 2746 est

2293 2769 2511 2825 inventa
2533 2768 2776 2841 fallaciis,
2829 2783 2922 2828 aut
2951 2774 3017 2830 ad
3057 2786 3341 2848 quaestum,
3380 2786 3472 2834 aut
3525 2781 3592 2836 ad
3637 2786 3900 2854 superstio

2293 2862 2491 2929 tiones,
2534 2873 2627 2918 aut
2666 2865 2734 2919 ad
2764 2881 3025 2922 errorem.
3073 2888 3090 2920 ι
3125 2868 3319 2940 (Cicer.
3353 2872 3442 2928 lib.
3481 2873 3574 2930 cit.
3610 2890 3731 2947 pag.
3767 2876 3893 2947 291,

2290 2952 2386 3008 lin.
2415 2954 2528 3026 17.)
2577 2956 2706 3023 Qua:
2752 2959 2913 3029 igitur
2951 2960 3126 3031 major
3178 2965 3430 3032 amentia,
3463 2981 3624 3037 quam
3683 2969 3898 3037 effutire

2293 3045 2390 3101 has
2419 3058 2594 3104 sortes
2620 3052 2687 3105 ab
2715 3052 2894 3123 aliquo
2921 3054 3030 3125 regi
3058 3054 3182 3124 deo,
3216 3058 3304 3128 qui
3326 3058 3370 3113 si
3413 3059 3549 3116 deus
3580 3077 3743 3120 verus
3791 3075 3892 3134 est,

583 3151 877 3206 tullianus:
915 3168 933 3202 ι
968 3150 1104 3222 Magi
1154 3151 1319 3206 multa
1366 3149 1730 3206 circulatinnis
1777 3146 2062 3218 praestigiis
2105 3147 2187 3204 lu-
2211 3153 2258 3216 C
2293 3150 2385 3194 aut
2422 3143 2658 3210 Illeltlil‘i,
2689 3154 2781 3198 aut
2808 3144 2992 3202 fallere
3023 3163 3317 3221 numquam
3359 3154 3567 3221 potuit?

583 3245 809 3301 dunt....
841 3243 1104 3300 habentes
1150 3245 1317 3299 semel
1365 3243 1715 3300 invitatorum
1765 3241 2080 3313 angelorum
2132 3249 2186 3296 et

583 3337 891 3394 daemonum
944 3337 1285 3393 assistentem
1333 3338 1434 3392 sibi
1484 3345 1828 3408 potestatem.
1866 3355 1884 3387 ι
1933 3334 2182 3408 (Tertull.

584 3432 803 3506 Apolog.
853 3446 973 3504 cap.
1020 3431 1112 3500 25,
1161 3446 1283 3502 pag.
1343 3430 1463 3503 24).
1516 3429 1635 3486 Jam
1668 3445 1797 3485 vero
1853 3427 2185 3484 Clementem

583 3523 1008 3598 Alexandrinum
1055 3520 1360 3579 audivimus
1412 3522 1703 3588 dicentem,
1734 3521 1917 3593 Magos
1967 3520 2189 3592 gloriari

585 3617 876 3688 impietatis
928 3631 1040 3672 sua:
1094 3615 1374 3672 ministros
1426 3615 1630 3672 habere
1690 3615 1997 3681 daemonas;
2052 3628 2188 3687 quos

586 3710 921 3780 advocabant
980 3708 1094 3765 suis
1161 3708 1510 3778 carmianus,
1561 3707 1771 3779 sibique
1822 3715 2021 3779 prmsto
2069 3722 2189 3764 esse

585 3807 1001 3880 compellebint,
1047 3816 1227 3875 atque,
1274 3815 1332 3869 ut
1374 3805 1450 3858 ait
1479 3802 1653 3858 adhuc
1699 3804 2029 3868 Lactantius,
2080 3803 2190 3857 suis

587 3899 718 3970 ipsis
771 3898 984 3968 ciebant
1037 3897 1369 3965 nominibus,
1411 3897 1607 3966 quibus
1657 3898 1866 3953 scilicet
1916 3898 1967 3951 in
2021 3898 2189 3951 sacris

590 3992 884 4064 Scripturis
905 3991 1263 4062 appellantur.
1294 3991 1444 4045 Alios
1474 4005 1601 4046 vero
1634 4001 1830 4061 praeter
1857 3990 2190 4056 Christianos

591 4095 759 4142 testes
799 4083 846 4140 si
888 4083 1187 4152 desideras,
1244 4083 1332 4138 adi
1379 4083 1694 4150 Eusebium,
1750 4099 1814 4138 ac
1871 4084 2052 4154 plures
2099 4083 2191 4137 tibi

590 4177 684 4234 ille
711 4175 1089 4248 suppeditabit,
1130 4191 1196 4229 ex
1219 4175 1411 4246 quibus
1439 4175 1676 4231 ostendit
1705 4192 1811 4230 non
1840 4177 1994 4236 alios.
2027 4191 2187 4246 quam

591 4271 866 4328 dtemones
909 4268 1167 4324 malefica:
1212 4268 1342 4323 artis
1385 4268 1452 4324 ab
1482 4268 1632 4323 initio
1673 4268 1836 4323 fuisse
1879 4268 2188 4338 magistros.

591 4363 858 4433 (Lactant.
887 4362 981 4417 lib.
1012 4361 1105 4415 cit.
1134 4374 1252 4430 cap.
1289 4359 1373 4427 16,
1407 4375 1529 4431 pag.
1561 4361 1690 4426 225;
1735 4361 1932 4415 Euseb.
1985 4361 2081 4415 lib.
2131 4375 2187 4426 ν,

597 4457 830 4528 Ρντεραν-
871 4473 1234 4531 evang~,cap.
1290 4458 1344 4524 8,
1403 4471 1524 4526 pag.
1577 4457 1679 4512 195
1731 4464 1787 4510 et
1840 4471 2015 4527 scqq.;
2049 4455 2185 4512 Ibid.

591 4568 711 4624 cap.
744 4554 829 4618 10,
862 4570 981 4624 pag.
1011 4553 1160 4624 199).

667 4647 808 4706 Satis
854 4647 965 4718 jam
1009 4663 1077 4704 ex
1131 4646 1212 4700 his
1255 4654 1397 4716 patet
1425 4660 1585 4715 quam
1631 4659 1765 4700 vana
1806 4645 2046 4716 falsaque
2076 4647 2192 4702 clo-

595 4741 831 4810 quentiae
867 4754 1058 4810 pompa
1090 4738 1338 4795 Caecilius
1365 4737 1686 4802 Christianis
1713 4738 2007 4808 ohjecerit:
2045 4760 2062 4792 ι
2087 4741 2192 4802 Per

596 4831 835 4900 quietem
883 4829 1014 4886 deos
1046 4830 1309 4896 videmus,
1356 4828 1625 4894 audimus,
1676 4831 2016 4900 agnoscimus
2055 4848 2192 4902 quos

595 4925 758 4994 impie
809 4940 902 4994 per
951 4923 1092 4979 diem
1152 4939 1429 4993 negamus,
1486 4924 1752 4989 nolumus,
1800 4924 2122 4994 pejeramns.
2167 4946 2186 4982 ι

596 5016 957 5086 Quamobrem
986 5016 1239 5074 Octavius
1261 5015 1473 5082 Minucii
1497 5024 1553 5070 et
1585 5024 1900 5070 czeterortnn
1932 5014 2191 5074 Christia-

589 5127 785 5169 norum
841 5112 1097 5177 nomine,
1159 5126 1223 5166 ac
1283 5119 1466 5181 postea
1526 5110 1827 5180 Cyprianus
1875 5110 2191 5182 simpliciter

593 5203 941 5273 respondent,
974 5218 1078 5258 non
1109 5202 1258 5269 deos,
1291 5201 1382 5257 sed
1410 5201 1685 5265 daemonas
1712 5217 1849 5269 esse,
1882 5204 1969 5274 qui
2000 5223 2018 5255 ‹
2047 5219 2192 5260 som-

593 5309 695 5350 nos
757 5297 1083 5366 inquietant,
1126 5315 1145 5349 ι
1206 5295 1291 5351 vel
1347 5296 1504 5351 sicuti
1552 5295 1861 5352 Laetantius
1915 5298 2186 5368 loquitur,

594 5408 616 5439 ί
651 5389 873 5446 somniis
924 5390 1133 5444 animos
1184 5398 1407 5456 terrent,
1445 5408 1463 5441 ι
1507 5398 1560 5445 et
1611 5400 1764 5444 antea
1803 5390 2186 5463 Tertullianus,

596 5499 616 5532 ι
650 5482 858 5537 somnia
884 5483 1205 5535 immittunt»
1235 5480 1509 5553 (Cyprian.
1536 5481 1598 5536 de
1629 5480 1827 5536 Idolor.
1873 5481 2036 5536 Vanil.
2063 5498 2183 5555 pag.

588 5575 678 5631 15:
732 5575 974 5630 Lactant.
1037 5573 1130 5629 lib.
1187 5590 1243 5628 ιι.
1314 5573 1488 5628 Instit.
1545 5588 1661 5643 cap.
1729 5575 1828 5639 14,
1886 5590 2003 5644 pag.
2056 5574 2184 5641 219;

583 5664 810 5724 Tertull.
865 5667 1082 5739 Apolog.
1142 5682 1262 5736 cap.
1332 5667 1421 5733 25,
1476 5682 1596 5738 pag.
1656 5665 1769 5736 24).
1823 5665 1959 5733 Quin
2024 5669 2186 5722 etiam

580 5760 694 5828 ipse
737 5761 924 5816 Cicero
965 5760 1106 5817 ferre
1132 5774 1240 5814 non
1296 5760 1467 5829 potuit
1509 5758 1735 5829 gentiles
1772 5772 1919 5827 suos,
1971 5760 2182 5818 somnia

2370 3235 2630 3290 Eumdem
2689 3252 2816 3294 vero
2868 3238 3185 3297 Ciceronem
3242 3260 3310 3300 ne
3353 3245 3452 3301 sibi
3501 3248 3624 3319 ipsi,
3687 3265 3891 3322 quaeso,

2294 3343 2556 3402 Opponas,
2590 3335 2682 3403 qui
2723 3336 2871 3405 prius
2913 3336 3122 3395 dixerat
3151 3349 3352 3396 sortem
3400 3358 3508 3398 non
3546 3354 3897 3404 contemnen-

2295 3422 2440 3492 dam,
2470 3445 2489 3478 ‹
2514 3426 2559 3482 si
2583 3436 2636 3482 et
2667 3430 3042 3486 auctoritatem
3071 3431 3232 3488 habet
3267 3437 3562 3505 vetustatis,
3582 3447 3638 3494 et
3665 3454 3744 3495 ea:
3771 3451 3897 3498 sunt

2295 3526 2470 3573 sortes
2495 3560 2511 3587 ,
2564 3535 2698 3590 quas
2745 3536 2777 3576 e
2826 3533 2966 3579 terra
2994 3523 3168 3580 editas
3206 3528 3532 3596 accepimus,
3573 3545 3693 3601 quae
3717 3540 3895 3588 tamen

2297 3610 2488 3678 ductae,
2532 3623 2590 3667 ut
2614 3613 2668 3668 in
2695 3630 2810 3670 rem
2833 3627 2958 3687 apte
2981 3618 3196 3683 cadant,
3231 3619 3345 3676 fieri
3377 3637 3536 3692 posse
3561 3625 3723 3680 credo
3751 3625 3890 3680 divi-

2296 3705 2459 3760 nitus.
2498 3723 2518 3757 ›
2577 3705 2732 3774 (Ibid.
2786 3708 2879 3763 lib.
2934 3727 2971 3776 ι,
3023 3727 3140 3782 pag.
3197 3712 3325 3782 291,
3377 3714 3469 3769 lin.
3538 3715 3656 3790 21.)
3709 3717 3894 3774 Priore

2296 3797 2560 3868 siquidem
2597 3799 2664 3853 de
2694 3800 3030 3858 Divinatione
3059 3804 3110 3858 in
3141 3805 3278 3860 libro
3317 3805 3541 3864 fratrem
3571 3826 3727 3865 suum
3779 3811 3894 3866 huic

2297 3888 2658 3958 proferentem
2687 3893 2905 3948 inducit.
2944 3896 3010 3949 At
3033 3897 3179 3952 illum
3203 3899 3255 3952 in
3299 3903 3602 3970 posteriore
3631 3903 3889 3970 confulat,

2297 3984 2680 4055 contenditqne
2725 3987 2924 4050 nullam
2965 3990 3200 4046 sortibus
3250 3993 3550 4050 habendam
3600 3995 3785 4054 fidem.
3840 3997 3894 4056 Si

2299 4092 2430 4144 quas
2463 4093 2591 4132 vero
2613 4079 2867 4135 divinitus
2884 4079 3073 4136 ductas
3097 4099 3218 4140 esse
3248 4085 3494 4152 credidit,
3522 4087 3576 4141 in
3609 4087 3713 4142 hoc
3741 4104 3896 4146 erro-

2299 4170 2374 4224 ris
2403 4171 2643 4242 arguitur
2685 4187 2807 4228 cum
2853 4174 2965 4230 suis
2993 4177 3296 4246 gentilibus,
3343 4180 3429 4249 qui
3477 4178 3626 4235 falsis
3673 4182 3776 4236 diis
3832 4199 3894 4239 ea

2298 4263 2658 4335 adscripscrc,
2703 4283 2823 4337 quac.
2848 4269 3175 4338 daemonum,
3203 4276 3274 4327 uti
3301 4273 3496 4340 dictum
3525 4284 3629 4342 est,
3673 4275 3899 4332 fallaciis

2298 4356 2434 4410 facta
2464 4367 2636 4413 erant.
2676 4359 2750 4415 De
2782 4360 2861 4415 his
2885 4377 3046 4432 porro
3078 4364 3303 4434 aliisque
3350 4368 3584 4422 sortibus
3617 4368 3894 4424 Danielem

2297 4449 2674 4520 Classenium,
2744 4464 2799 4510 et
2856 4455 3124 4512 Cmsarem
3187 4458 3543 4532 Bulengerum
3611 4464 3893 4519 consulere

2221 4549 2275 4609 1)
2305 4545 2505 4612 poteris
2531 4544 2791 4615 (Classen.
2839 4549 2930 4604 lib.
2976 4566 3012 4614 ι,
3059 4549 3304 4624 Tlteolog.
3350 4564 3524 4628 gent.,
3555 4570 3672 4627 cap.
3703 4557 3758 4621 5;
3793 4556 3900 4610 Bu-

2299 4636 2438 4708 leng.
2475 4639 2570 4694 lib.
2604 4640 2667 4694 de
2698 4641 2954 4710 Sortibns,
2987 4645 3141 4715 etc.).

2373 4731 2503 4786 Alire
2521 4743 2698 4788 autem
2727 4748 2852 4790 sunt
2876 4748 3067 4806 sortes,
3107 4759 3126 4791 ι
3158 4756 3296 4810 qute,
3328 4761 3346 4794 ι
3379 4747 3516 4799 sicut
3547 4744 3686 4800 idem
3709 4744 3897 4802 Cicero

2299 4824 2571 4888 ob~ervat,
2607 4847 2624 4878 ε
2661 4829 3039 4892 vaticinatione
3071 4831 3378 4901 funduntur,
3411 4853 3531 4908 qua:
3565 4839 3781 4892 oracula
3810 4854 3896 4895 ve-

2300 4918 2412 4972 rius
2433 4919 2659 4974 dicimus
2685 4919 2879 4993 (Cicer.
2912 4925 3015 4978 loc.
3041 4925 3292 4996 cit.,pag.
3313 4927 3440 4992 291,
3476 4929 3569 4983 lin.
3597 4931 3710 4999 12).
3753 4951 3771 4983 ›
3810 4932 3896 4987 Ea:

2297 5021 2475 5066 autem
2497 5015 2548 5066 in
2581 5013 2767 5082 primis
2793 5030 2912 5070 esse
2929 5017 3197 5086 videntur,
3221 5035 3353 5089 quas
3383 5021 3680 5085 dammnes.
3712 5039 3898 5091 quein—

2300 5103 2584 5157 admodum
2615 5105 2878 5162 Minucius
2920 5109 3093 5178 palam
3143 5120 3438 5176 asseverat,
3493 5127 3555 5167 ac
3600 5104 3898 5184 Cyprianus

2298 5201 2521 5256 totidem
2551 5202 2730 5258 verbis
2785 5207 3001 5274 repetit,
3057 5208 3266 5262 vatibus
3305 5209 3582 5278 inspirant,
3648 5211 3736 5280 qui
3784 5211 3899 5281 qui-

2297 5295 2418 5350 dem
2447 5295 2574 5350 dum
2606 5309 2803 5352 navant
2829 5300 3081 5370 auspiciis
3131 5301 3387 5358 faciendis
3433 5317 3675 5372 operam,
3712 5322 3730 5354 ‹
3770 5320 3900 5360 non-

2297 5403 2585 5460 numquam
2642 5398 2887 5445 extorum
2949 5393 3108 5447 fibras
3155 5395 3413 5458 animant,
3462 5392 3639 5448 avium
3692 5395 3896 5451 volatus

2293 5480 2614 5551 gubernant.
2654 5500 2672 5532 ›
2705 5496 2768 5536 ac
2807 5484 3021 5540 tandem
3048 5486 3362 5542 corumdcm
3390 5499 3570 5541 vatum
3597 5487 3899 5542 ministerio

2300 5593 2316 5622 ι
2351 5577 2566 5630 oracula
2594 5574 2834 5632 efficiunt
2859 5575 3007 5633 falsis
3034 5579 3276 5649 pluribus
3300 5580 3535 5636 involuta
3562 5600 3581 5632 ›
3617 5579 3894 5652 (Cypriatt.

2293 5669 2355 5722 de
2387 5668 2589 5725 Idolor.
2647 5668 2804 5740 Van.,
2860 5685 2980 5743 pag.
3041 5671 3150 5744 1.1).
3215 5671 3364 5731 Plato
3415 5682 3594 5730 autem
3653 5672 3812 5729 docet
3867 5688 3900 5727 ιι

2289 5761 2641 5833 dtemonibus,
2671 5779 2898 5834 quorum
2928 5764 3105 5822 media
3139 5765 3278 5830 inter
3312 5765 3480 5828 Deum
3534 5775 3587 5823 et
3613 5781 3699 5825 res
3747 5781 3894 5822 mor-
