4264 6258
405 325 499 380 621

402 534 555 590 cisci.
587 532 744 599 Nam,
776 539 897 597 θεὸς,
930 531 1125 602 inquit,
1154 536 1386 603 ἀνθρώπῳ
1410 537 1466 587 οὗ
1484 543 1733 601 μίγνυται,
1760 536 1889 587 ἀλλᾶ
1920 538 2002 587 διὰ

403 630 573 683 τοὺτου
598 629 727 679 πεισά
754 631 879 680 ἔστιν
907 632 936 685 ἡ
958 629 1144 691 ὁμιλία,
1173 634 1255 678 καὶ
1283 628 1518 685 διάλεκτος
1548 628 1670 687 θεοῖς
1688 633 1803 696 πρὸς
1828 630 2003 688 ἀνθρώ-

403 740 542 781 τους,
573 726 656 769 καὶ
685 722 982 787 ἐγρηγορόσι,
1025 726 1109 770 καὶ
1157 719 1457 781 κιθιὺδσυσι,
1500 723 1583 772 uati
1628 722 1652 771 ὁ
1694 727 1779 785 μὴν
1808 722 1912 789 περὶ
1942 724 2005 773 τὰ

402 817 611 869 τοιαῦτα
636 820 793 883 σοφός,
828 813 1069 877 δαιμόνιος
1090 812 1228 881 ἀνήρ.
1260 828 1279 862 ι
1319 809 1459 867 Deus
1479 826 1599 869 cum
1638 809 1857 867 homine
1895 827 2000 891 non

403 902 682 967 miscetur,
711 900 809 959 sed
838 917 932 970 per
952 901 1092 959 hanc
1118 903 1426 959 memmium
1456 913 1699 959 naturam
1731 919 1999 969 commer-

401 994 542 1049 cium
573 1008 736 1048 omne
762 1002 920 1066 atque
958 994 1284 1064 colloquium
1313 994 1453 1051 inter
1480 994 1611 1052 deos
1654 994 2004 1065 hominesque

403 1085 709 1152 conﬁcitur,
756 1094 812 1142 et
866 1085 1213 1157 vigilantibus
1275 1098 1330 1142 et
1374 1086 1762 1143 dormientibus
1826 1088 1999 1144 nobis.

404 1177 739 1249 Quicumque
767 1177 960 1235 barum
993 1194 1173 1235 rerum
1201 1178 1404 1252 peritus
1448 1189 1551 1246 est,
1585 1180 1883 1245 dzemonius
1911 1197 2005 1237 vo-

404 1278 556 1323 catur
590 1287 610 1321 ι
645 1268 821 1341 (Plato
850 1269 1119 1341 Sympos.,
1149 1279 1279 1338 tom,
1309 1286 1387 1339 tu,
1415 1286 1535 1341 pag.
1574 1271 1672 1327 201
1704 1283 1760 1330 et
1799 1274 2001 1344 scqq.).

404 1359 515 1416 Nec
567 1361 636 1416 ab
688 1362 789 1416 hac
843 1361 1097 1433 opinione
1164 1362 1369 1419 recedit
1414 1363 1752 1431 Plutarchus,
1808 1366 2005 1437 aliique

404 1454 697 1523 scriptores
734 1452 882 1515 citati
922 1454 990 1509 ab
1044 1454 1296 1521 Eusebio,
1347 1455 1436 1525 qui
1494 1465 1674 1511 tamen
1714 1457 1835 1512 illos
1882 1458 2007 1527 jure

407 1548 602 1611 merito
630 1549 833 1604 erroris
863 1561 929 1604 eo
968 1549 1260 1613 convincit,
1310 1551 1433 1618 quia
1474 1550 1628 1607 bonis
1669 1549 2007 1607 daemonibus

402 1639 531 1696 illud
562 1640 857 1704 ascribunt,
907 1640 1051 1709 quod
1092 1657 1123 1695 a
1173 1642 1351 1712 pravis
1393 1651 1598 1697 tantum
1627 1649 1786 1714 atque
1836 1646 2008 1701 scele-

402 1735 531 1793 ratis
561 1732 794 1790 efﬁcitur
823 1732 1070 1805 (Euseb.,
1101 1734 1193 1794 lib.
1238 1751 1292 1799 ν,
1335 1733 1575 1807 Pra'par.
1606 1732 1830 1806 Evang.,
1883 1751 2004 1807 cap.

1835 312 2306 373 DlSSEllTATIO.

402 439 535 495 tales
590 444 779 505 natura
821 410 923 501 est,
955 451 1169 505 omnem
1198 437 1582 497 divinationum
1612 447 1782 495 artem
1838 441 2001 509 prnii~
2030 432 2082 492 A

3609 318 3716 376 622

2238 463 2265 493 λ
2300 465 2333 493 _.
2392 462 2416 493 Δ.
2484 424 2755 493 Bacchatur
2777 428 3015 493 demens,
3030 428 3192 493 aliena
3220 442 3311 493 per
3329 435 3521 481 antrum

2231 487 2569 561 guilaierens,
2597 490 2841 561 vittasque
2860 489 2939 540 dei
2949 530 2959 545 ,
2987 487 3307 561 l_’hcel)caque
3328 501 3462 561 serta

2232 549 2671 617 Erectisdiscussa
2689 549 2859 609 comis,
2888 565 2978 615 per
3000 553 3164 617 inania
3190 549 3360 617 templi

2229 613 2443 677 ancipiti
2470 614 2675 677 cervice
2697 619 2843 674 rotat,
2862 613 3149 676 spargitque
3174 613 3369 677 vaganti

2233 673 2499 725 Obstantes
2524 676 2735 741 tripodas
2757 673 3303 787 ruaguog‘chgwsltu‘at
3316 679 3456 787 ignita

2936 738 3163 800 (Lucan.,
3193 738 3223 786 Ι.
3247 753 3293 801 v,
3316 738 3361 789 vi
3394 740 3523 802 166.)

2104 839 2317 896 Inutilis
2338 842 2522 913 procul
2542 841 2704 897 dubio
2734 858 2913 915 opera:
2935 845 3007 900 sit
3043 844 3193 915 plura
3221 844 3358 901 hanc
3388 847 3438 900 in
3481 862 3594 903 rem
3625 864 3712 904 sa-

2108 933 2177 987 tis
2216 943 2417 988 ccrtam
2461 942 2516 989 et
2543 935 2811 1005 cognitam
2843 936 2946 991 huc
2976 951 3291 1009 congerere.
3325 938 3380 993 Si
3420 940 3503 993 cui
3534 950 3711 996 tamen

2103 1038 2265 1094 grave
2296 1042 2400 1081 non
2423 1036 2525 1093 est,
2558 1028 2739 1085 audiat
2767 1039 2819 1084 et
2847 1033 3060 1087 tertium
3086 1040 3293 1102 poetam
3323 1031 3551 1090 Statium
3585 1052 3599 1088 :
3636 1022 3699 1035 Μ’

2259 1116 2411 1186 Eates
2434 1122 2648 1186 sanctior
2672 1121 2867 1186 incipit,
2893 1124 3154 1175 tacendum
3176 1131 3269 1176 est.

2259 1180 2333 1250 gn
2357 1181 2549 1250 etcolla
2579 1191 2723 1250 rotat,
2752 1180 2992 1250 novisque
3014 1187 3118 1236 late

2259 1241 2533 1293 Bacchatur
2557 1241 2742 1308 spatiis,
2772 1241 2996 1312 viamque
3021 1248 3206 1312 replet.

2262 1324 2427 1389 (Stat.,
2454 1326 2489 1377 l.
2515 1343 2580 1389 tv,
2611 1327 2847 1381 Thebaid.
2866 1330 2931 1383 de
2962 1329 3061 1384 Vit.
3083 1333 3282 1396 Domst,
3306 1346 3350 1386 υ.
3376 1336 3499 1386 80et
3521 1337 3684 1403 seqq.)

2107 1426 2179 1482 At
2206 1430 2252 1484 si
2274 1444 2341 1485 ex
2397 1432 2513 1503 ipso
2557 1433 2818 1491 Cicerone
2856 1438 3120 1513 curiosips
3163 1439 3402 1509 inquiras
3451 1443 3570 1511 quis
3623 1442 3715 1501 ille

2108 1518 2179 1573 sit
2203 1520 2606 1579 vaticinantium
2632 1523 2804 1592 furor,
2834 1528 2925 1583 tibi
2961 1545 3066 1584 non
3098 1538 3202 1584 tam
3234 1546 3332 1586 suo
3370 1547 3531 1601 quam
3581 1536 3717 1590 alio-

2110 1625 2250 1677 rum,
2282 1628 2418 1684 quos
2448 1614 2595 1680 citat,
2628 1618 2847 1675 nomine
2884 1621 3271 1691 reSpondebit:
3311 1641 3329 1675 ‹
3369 1622 3511 1678 Inest
3555 1625 3715 1696 igitur

2109 1702 2163 1757 in
2195 1704 2389 1762 animis
2439 1709 2745 1779 praesagitio
2796 1712 3130 1767 extrinsecus
3184 1712 3400 1783 injecta,
3434 1724 3594 1787 atque
3635 1719 3716 1772 iu-

409 1828 466 1895 4,
490 1843 608 1899 pag.
642 1828 742 1885 184
771 1798 1063 1899 «ξιίεεείιιμ.⁷
1082 1827 1252 1885 Recte
1279 1828 1440 1900 igitur
1460 1798 1826 1884 Tertullian'tts
1854 1798 2006 1895 asse-

2117 1798 2257 1855 clusa
2287 1800 2562 1858 divinitus.
2595 1805 2669 1859 Ea
2700 1806 2743 1860 si
2775 1809 2976 1864 exarsit
2995 1810 3194 1875 acrius,
3221 1809 3370 1865 furor
3395 1811 3713 1881 appellatur,

405 1922 515 1977 ruit
570 1920 688 1977 haec
740 1920 807 1983 ab
848 1921 957 1976 illis
996 1920 1134 1979 facta
1177 1920 1494 1979 substantiae
1537 1923 1854 1991 subtilitate,
1903 1938 2007 1994 qua

410 2013 609 2082 ubique
660 2022 934 2071 momento
976 2012 1191 2079 adsunt,
1248 2016 1535 2086 sciantque
1582 2030 1648 2071 ac
1698 2016 2010 2073 renuntiant

408 2104 537 2176 quid
564 2114 765 2176 agatur,
800 2114 855 2165 et
884 2125 902 2163 ι
936 2107 1256 2169 aemulantur
1277 2108 1638 2176 divinitatem,
1662 2110 1789 2179 dum
1820 2111 2007 2168 furan-

408 2206 496 2253 tur
544 2197 928 2265 divinationem
991 2199 1331 2272 (Tertullian.
1391 2201 1684 2273 Apologeb,
1739 2220 1860 2273 cap.
1912 2205 2006 2272 23,

404 2304 525 2360 pag.
558 2287 630 2345 25
661 2297 718 2346 et
744 2291 948 2361 seqq.).
994 2292 1162 2358 Quam
1194 2308 1323 2351 vero
1350 2294 1565 2365 ipsimet
1606 2295 1821 2352 Ethnici
1846 2296 2008 2355 ﬁdem

404 2384 661 2453 auspiciis
687 2385 1005 2451 tribuerent,
1042 2385 1221 2443 disces
1269 2402 1335 2443 ex
1391 2387 1672 2453 Cicerone,
1725 2390 1816 2461 qui
1861 2398 2012 2446 notat

413 2494 432 2530 ι
468 2480 614 2549 leges
646 2476 816 2535 Julias
842 2489 1024 2535 contra
1054 2481 1288 2551 auspicia
1306 2481 1461 2537 latas.
1499 2502 1517 2536 ι
1554 2481 1624 2538 Et
1652 2499 1838 2538 rursus
1858 2483 2008 2552 alibi,

413 2586 432 2620 ι
464 2568 791 2641 Consulibus
838 2571 1149 2629 sedentibus
1200 2581 1256 2629 et
1304 2573 1748 2646 inspectantibus,
1814 2575 2008 2646 inquit,

406 2663 512 2719 lata
542 2664 645 2729 lex,
674 2665 758 2723 'ne
801 2665 1037 2737 auspicia
1091 2668 1332 2726 valerent
1354 2668 1558 2737 (Cicer.
1589 2678 1726 2724 orat.
1760 2685 1891 2738 xxx,
1919 2686 2013 2740 pro

407 2773 584 2829 arusp.
616 2758 870 2830 Remota,
903 2774 1024 2831 pag.
1053 2760 1183 2831 457,
1209 2762 1305 2818 lin.
1332 2763 1437 2831 27;
1471 2773 1526 2820 et
1550 2773 1687 2820 orat.
1724 2781 1892 2832 χχιιι,
1920 2782 2014 2836 pro

407 2846 477 2904 Ρ.
513 2849 686 2919 SexL,
721 2865 838 2922 pag.
870 2851 1002 2921 464,
1031 2852 1130 2912 lin.
1171 2853 1287 2927 53).
1336 2875 1355 2913 ι

480 2961 867 3021 Vaticiniorum
917 2982 1133 3038 quoque
1185 2969 1474 3027 vanitatem
1514 2956 1871 3043 apertissime.
1920 2973 2014 3030 de-

409 3068 708 3113 monsmnt
755 3059 858 3129 ipsi
906 3070 1056 3117 vates
1087 3061 1397 3129 «furentes,
1442 3064 1518 3120 ait
1564 3065 1848 3133 Minucius,
1880 3083 2017 3141 quos

408 3151 464 3206 in
487 3153 759 3223 publicum
800 3154 995 3211 videtis
1043 3170 1334 3213 excurrere
1368 3176 1380 3211 :
1410 3167 1560 3215 vates
1603 3170 1657 3215 et
1684 3160 1783 3230 ipsi
1811 3161 2016 3232 absque

407 3246 610 3316 templo
655 3248 734 3303 sic
777 3248 1069 3316 insaniunt,
1100 3250 1179 3306 sic
1207 3250 1557 3320 bacchantur,
1597 3253 1676 3310 sic
1720 3264 1964 3311 rotantur
1997 3276 2009 3311 :

409 3354 507 3410 par
534 3341 662 3396 etin
709 3342 817 3398 illis
855 3342 1127 3415 instigatio
1173 3344 1457 3412 daemonis,
1511 3348 1607 3404 sed
1638 3359 2011 3421 argumentum

408 3432 591 3506 dispar
619 3433 836 3493 furoris.
876 3456 895 3491 ι
930 3436 1004 3494 At
1029 3453 1134 3493 non
1157 3439 1479 3511 placuerunt
1507 3441 1720 3499 cuidam
1744 3444 1862 3499 haec
1907 3445 2013 3502 tria

407 3528 759 3599 manuscripti
799 3528 931 3601 regii
962 3531 1164 3589 codicis
1202 3533 1388 3600 verba,
1425 3552 1446 3586 ι
1484 3533 1585 3608 ipsi
1628 3535 1834 3608 absque
1879 3544 2016 3603 tem—

408 3616 519 3688 plo,
552 3636 572 3670 ι
603 3620 989 3692 emendarique
1013 3621 1248 3689 volebat,
1280 3643 1300 3677 ι
1337 3625 1438 3695 ipsi
1464 3630 1519 3681 in
1570 3626 1687 3698 ipso
1734 3629 1956 3700 templo.
1988 3649 2006 3683 ι

411 3707 519 3766 Sed
550 3711 606 3765 id
643 3703 974 3782 probandum
1006 3716 1081 3771 illi
1118 3728 1237 3787 erat
1280 3718 1481 3775 codicis
1514 3720 1746 3791 alicujus
1780 3723 2016 3778 auctori-

414 3810 545 3858 tate.
573 3802 711 3871 Quid
740 3820 889 3873 vero,
916 3808 1059 3875 quod
1082 3808 1345 3866 Minucius
1374 3811 1442 3867 de
1492 3813 1557 3866 iis
1609 3808 1864 3884 loquitur,
1922 3816 2015 3884 qui

413 3898 471 3953 iu
501 3897 773 3968 publicum
812 3912 1152 3960 excurrentes
1182 3903 1287 3975 fata
1331 3907 1798 3977 praenuntiabant?
1854 3910 2012 3965 Deni-

412 4004 521 4060 que
562 3998 712 4045 vates
740 3991 832 4046 illo
877 3992 1052 4050 furore
1100 3997 1226 4063 acti,
1278 4007 1372 4052 aut
1423 3999 1505 4069 agi
1559 4015 1618 4054 se
1661 4000 2010 4070 simulantes,

413 4083 574 4139 etiam
598 4093 750 4156 extra
784 4086 978 4159 templa
1002 4088 1446 4163 vaticinabantur.
1467 4090 1567 4147 Ubi
1590 4092 1731 4147 enim
1757 4092 2013 4163 Apuleius

414 4175 481 4232 de
500 4176 590 4243 iis,
622 4178 715 4248 qui
742 4177 897 4234 deam
940 4180 1153 4253 Syriam
1182 4199 1274 4254 per
1312 4184 1507 4255 Oppida
1533 4199 1597 4241 ac
1626 4188 1860 4256 compita
1910 4188 2015 4242 cir-

413 4269 829 4329 cumferebant:
891 4293 910 4326 ι
960 4273 1129 4341 Unus,
1195 4277 1383 4347 inquit,
1448 4295 1514 4335 ex
1559 4279 1663 4334 illis
1728 4280 2018 4338 bacchatur

416 4364 655 4432 ell‘usius,
712 4382 776 4423 ac
819 4367 888 4424 de
938 4369 1061 4425 imis
1108 4370 1416 4440 praecordiis
1466 4373 1738 4429 anhelitus
1798 4376 2017 4431 crebros

417 4458 678 4525 referens,
710 4459 858 4515 velut
908 4448 1146 4517 numinis
1190 4463 1375 4519 divino
1424 4466 1613 4535 spiritu
1654 4467 1911 4536 repletus,
1943 4469 2019 4523 si-

417 4549 657 4605 mulabat
709 4553 945 4607 sauciam
996 4556 1326 4621 vecordiam,
1367 4572 1588 4627 prorsus
1647 4561 1794 4630 quasi
1855 4561 2013 4616 deum

419 4643 705 4710 praesentia
730 4645 939 4701 soleant
968 4644 1215 4704 homines
1236 4665 1341 4719 non
1364 4651 1445 4705 sui
1478 4650 1590 4705 ﬁeri
1622 4653 1891 4719 meliores,
1927 4655 2021 4711 sed
2048 4614 2100 4675 υ

422 4732 632 4787 debiles
682 4733 825 4791 efﬁci
865 4748 918 4791 et
963 4742 1147 4809 aegroti
1197 4740 1453 4813 (Apulei.,
1516 4742 1620 4815 lib.
1672 4744 2024 4813 vntMelam.,

424 4839 547 4896 pag.
575 4825 721 4900 141).
764 4848 782 4882 ι
812 4830 917 4887 Cur
936 4841 1110 4888 autem
1142 4834 1229 4889 ille
1256 4844 1404 4890 extra
1431 4822 1688 4911 templum
1714 4840 1897 4894 divino
1927 4858 2027 4895 nu-

426 4915 587 4971 minis
615 4918 803 4988 Spiritu
835 4937 893 4979 se
918 4926 1000 4994 agi
1055 4925 1383 4991 simulassvl,
1419 4927 1519 4983 nisi
1572 4929 1803 4999 gentiles
1853 4932 2030 4987 credi-

424 5007 631 5065 dissent
657 5028 1021 5085 quoscumque
1057 5018 1296 5086 quolibet
1344 5019 1399 5073 in
1447 5021 1566 5076 loco
1607 5022 1796 5078 eodem
1836 5022 2031 5079 furoris

424 5102 614 5171 Spiritu
647 5107 864 5175 repleri.
893 5107 1147 5180 Virgilius
1170 5127 1300 5167 vero
1330 5112 1471 5168 hunc
1498 5114 1898 5189 vaticinaut‘inm
1952 5116 2033 5171 fu-

425 5210 627 5257 rorem,
662 5197 924 5254 insaniam
957 5210 1011 5256 et
1037 5203 1339 5260 vecordiam
1384 5205 1640 5263 describit
1681 5210 1795 5265 istis
1840 5211 1908 5267 de
1950 5210 2035 5269 Si-

422 5287 568 5359 bylla
594 5291 872 5347 versibus:
1720 5286 1723 5287 ν

549 5402 616 5479 ἐι
638 5403 809 5479 Phoebi
837 5408 1049 5479 nondum
1082 5413 1302 5479 patiens.
1330 5415 1551 5479 humanis
1575 5417 1621 5466 in
1647 5426 1785 5479 antro

550 5464 829 5540 ancella!”
853 5472 1011 5540 ντέίθδξ
1037 5464 1267 5536 magnum
1296 5464 1340 5525 isi
1368 5464 1752 5540 potitorcitiossit

554 5528 849 5601 Excussisse
873 5534 1043 5601 deum,
1075 5528 1211 5601 tanto
1236 5528 1391 5601 magis
1414 5538 1497 5589 ille
1522 5528 1690 5601 fatigat

556 5590 625 5642 Os
647 5594 890 5663 rabidum,
914 5590 1193 5648 feraﬁoorda
1217 5590 1438 5663 domvans,
1460 5590 1697 5666 ﬁngitque
1741 5606 2035 5667 premendo.

868 5679 1093 5746 (Virgil,
1111 5681 1144 5730 l.
1168 5698 1214 5733 vt
1241 5684 1448 5748 :Eneid.,
1468 5700 1511 5736 υ.
1540 5686 1619 5746 77,
1648 5694 1692 5736 ct
1716 5680 1876 5755 ἐειμι.)

437 5794 682 5860 Lucanus
708 5820 832 5869 vero
857 5824 870 5860 :

2112 1911 2287 1951 cuma
2338 1912 2565 1969 corpore
2612 1902 2827 1958 animus
2878 1903 3183 1959 abstractus
3229 1904 3411 1959 divino
3463 1905 3717 1962 instinctu

2112 1993 2414 2046 concitatur
2457 1990 2681 2062 (Cicer.,
2743 1994 2833 2051 lib.
2866 2012 2879 2051 l
2911 1998 2973 2051 de
3024 1996 3223 2061 Divin.,
3282 2014 3398 2070 pag.
3454 1999 3579 2066 266,
3621 2001 3717 2055 lin.

2110 2081 2227 2151 44).
2267 2101 2286 2136 ι
2321 2083 2503 2155 Neque
2533 2086 2619 2140 ille
2663 2087 2873 2145 inﬁmos
2912 2090 3171 2161 quosdam
3196 2102 3345 2147 vates
3390 2092 3494 2146 hoc
3538 2092 3720 2149 furore

2114 2185 2397 2246 correptos
2440 2178 2602 2235 fuisse
2633 2181 2933 2251 signiﬁcat;
2993 2198 3175 2238 verum
3205 2183 3528 2241 illustriores
3581 2184 3719 2242 Bac-

2112 2266 2348 2335 chidem,
2386 2270 2651 2339 Boetium,
2678 2274 3047 2344 Epimenidcm
3094 2276 3331 2342 Cretem,
3360 2287 3415 2332 et
3459 2277 3723 2348 Sibyllam

2113 2361 2448 2434 Erythrmam
2478 2364 2653 2439 (Idem
2684 2366 2839 2432 ibid.,
2862 2384 2984 2439 pag.
3010 2368 3141 2437 261,
3174 2370 3270 2426 lin.
3315 2369 3431 2442 20).
3465 2370 3571 2427 Sed
3602 2371 3722 2441 ipse

2113 2454 2211 2523 ibi,
2256 2456 2395 2511 sicut
2440 2473 2561 2513 mox
2592 2459 2839 2515 laudatus
2887 2462 3164 2530 Apuleius,
3217 2463 3414 2533 aliique
3466 2464 3720 2534 gentiles,

2114 2546 2267 2603 falsis
2321 2550 2647 2619 prmjudiciis
2715 2555 2990 2619 cxt'mcati,
3051 2553 3167 2609 lucc
3224 2555 3447 2612 deorum
3500 2571 3721 2613 suorum

2116 2642 2418 2710 przesentize
2448 2657 2513 2697 ac
2536 2641 2719 2699 divino
2742 2643 3014 2699 ittslittclui
3037 2645 3376 2711 tribuebant,
3424 2662 3543 2716 qua:
3587 2648 3722 2707 solis

2116 2732 2419 2791 dzemonum
2445 2736 2731 2806 praestigiis
2756 2746 2917 2807 atque
2942 2738 3146 2795 artibus
3166 2738 3540 2795 efﬁciebantur
3564 2740 3719 2811 (Cap.

2117 2840 2300 2898 super.
2338 2838 2445 2884 art.
2474 2830 2549 2901 4).
2604 2828 2985 2899 Verumtamen
3026 2830 3215 2887 Cicero
3268 2831 3495 2888 alinrum
3548 2836 3726 2903 potius

2117 2932 2277 2988 quam
2304 2933 2455 2985 suam
2485 2920 2797 2990 Opinionem
2826 2922 3080 2979 retulisse
3112 2923 3463 2993 proculdubio
3488 2924 3717 2983 videtur.

2116 3008 2251 3064 Nam
2273 3009 2485 3077 duobus
2510 3012 2619 3075 suis
2640 3012 2709 3069 de
2744 3013 3082 3077 Divinatione
3117 3015 3270 3077 libris
3298 3018 3442 3073 hunc
3479 3031 3721 3079 errorem

2118 3102 2333 3171 abunde
2364 3104 2582 3172 refellit,
2614 3108 3069 3178 quemadmodum
3107 3108 3260 3165 libris
3297 3109 3517 3170 totidem
3546 3110 3723 3178 illum,

2038 3216 2087 3280 ο
2116 3205 2174 3253 et
2198 3197 2362 3252 alium
2416 3197 2484 3254 de
2510 3199 2788 3269 gentilium
2820 3200 3052 3264 oraculis
3099 3201 3410 3259 convellunt
3457 3201 3725 3257 Eusebius

2118 3292 2520 3361 etAugustinus
2550 3292 2760 3349 anubis
2808 3294 2966 3377 paulo
2990 3304 3116 3355 ante
3159 3295 3326 3351 citati.
3380 3294 3545 3356 Nobis
3594 3311 3727 3352 vero

2119 3383 2270 3439 illum
2345 3386 2397 3441 in
2460 3384 2915 3456 subsequentibus
2991 3388 3192 3447 nostris
3263 3389 3732 3449 dissertationibus

2116 3473 2429 3530 coul'utandi
2486 3475 2634 3532 locus
2681 3476 2857 3532 adltuc
2906 3476 3119 3532 dabitur
3170 3478 3414 3549 (Euseb.
3490 3478 3728 3551 Prapar.

2116 3567 2347 3643 Evang.,
2375 3568 2471 3629 lib.
2497 3585 2549 3625 tv
2565 3579 2621 3624 et
2638 3585 2699 3637 τ,
2726 3578 2782 3639 et
2807 3569 3067 3634 Demonst.
3086 3588 3290 3643 euang,
3324 3572 3352 3646 ς
3376 3573 3433 3637 5,
3455 3588 3574 3645 pag.
3597 3573 3724 3632 136.

2120 3651 2403 3710 Dissertat.
2432 3656 2485 3709 in
2505 3654 2763 3716 Lactant..
2792 3671 2892 3729 cap
2912 3655 3007 3723 ‘20,
3040 3667 3143 3725 art.
3174 3658 3235 3727 7;
3268 3673 3386 3729 cap.
3412 3658 3507 3727 52,
3533 3667 3637 3715 art.
3667 3660 3728 3728 ις

2116 3744 2170 3797 in
2198 3743 2509 3811 Tertulliani
2535 3746 2827 3820 Apologet.,
2857 3764 2976 3820 Cap.
3006 3749 3061 3817 8,
3091 3760 3197 3806 art.
3225 3751 3258 3806 5
3285 3760 3341 3807 et
3362 3753 3564 3823 seqq).

2713 3877 3004 3918 ARTlCULUS
3057 3853 3135 3918 ut.

2122 3950 2290 4015 Quam
2340 3953 2593 4007 evidenter
2637 3952 2897 4009 Minucius
2946 3959 3364 4013 rlenronstraverit
3411 3960 3669 4017 dcemoncs
3697 3980 3732 4017 α

2192 4040 2497 4098 Christianis
2544 4044 2829 4113 adiurator,
2877 4056 3028 4115 atque
3072 4049 3133 4100 ab
3187 4047 3398 4103 obsessis
3464 4052 3727 4109 hominum

2192 4134 2489 4202 corporibus
2514 4136 2699 4205 ejeclos
2729 4135 2903 4205 palam
2928 4137 3265 4193 declat-(ivisse
3284 4145 3724 4200 extraordinario-

2193 4245 2306 4283 rum
2333 4227 2473 4298 apud
2494 4226 2738 4284 Ellmicos
2758 4229 3025 4297 affectuum
3044 4248 3099 4286 se
3127 4233 3284 4303 fuisse
3301 4246 3555 4302 auctores;
3582 4250 3733 4309 atque

2193 4321 2231 4375 ii
2260 4320 2582 4392 refellantur,
2614 4322 2701 4392 qui
2731 4322 2839 4377 haec
2879 4338 2926 4378 et
2968 4334 3139 4378 vatum
3165 4327 3377 4381 oracula
3406 4327 3529 4382 solis
3563 4347 3730 4385 sacer-

2193 4412 2368 4467 dotum
2403 4410 2740 4469 Ellmicorum
2769 4417 3001 4486 artiﬁciis
3024 4427 3072 4471 et
3115 4417 3380 4487 fraudibus
3414 4421 3549 4477 edita
3576 4423 3737 4493 fuisse

2192 4510 2449 4575 garriunt.

2200 4599 2320 4661 Alio
2389 4600 2656 4661 Minucius
2718 4612 3081 4674 argumento,
3144 4619 3316 4676 eoque
3380 4607 3736 4667 invictissime

2129 4692 2305 4749 adhuc
2330 4692 2664 4749 demonstrat
2689 4709 2753 4749 ca
2774 4695 2976 4761 omnia,
3010 4710 3130 4766 quas
3171 4696 3431 4754 hactenus
3459 4704 3734 4758 recensuio

2131 4803 2273 4853 mus,
2329 4788 2468 4844 facta
2499 4788 2946 4853 extraordinaria,
2994 4806 3289 4860 omnesque
3334 4809 3535 4863 vatum,
3585 4812 3733 4852 som-

2135 4882 2418 4946 niantium,
2442 4882 2776 4951 aliorumque
2802 4883 3182 4952 quoquomodo
3202 4881 3556 4941 divinantium
3601 4905 3737 4957 prte-

2133 4977 2415 5043 dictinnes,
2448 4975 2722 5031 fraudibus
2748 4990 2813 5031 ac
2860 4975 3143 5045 przestigiis
3190 4975 3425 5045 profecta
3456 4993 3576 5034 esse
3619 4981 3735 5035 da:-

2136 5085 2379 5125 tnonuut.
2410 5066 2544 5122 Nam
2582 5086 2601 5119 ι
2642 5066 2757 5121 haec
2807 5066 3007 5130 omnia,
3039 5066 3210 5135 inquit
3250 5066 3358 5132 ille,
3391 5068 3564 5122 sciunt
3614 5085 3738 5139 pars

2139 5173 2373 5219 vestrum
2402 5162 2549 5230 ipsos
2573 5161 2847 5215 d-.cmoues
2885 5158 2953 5214 de
2982 5175 3041 5214 se
3067 5159 3197 5228 ipsis
3223 5161 3486 5225 conﬁteri,
3525 5164 3738 5232 qumies

2139 5272 2169 5312 a
2202 5256 2355 5311 nobis
2383 5254 2661 5309 tormentis
2694 5252 3005 5317 verborum,
3060 5261 3109 5306 et
3164 5254 3423 5308 orationis
3469 5254 3735 5313 incendiis

2141 5350 2209 5406 de
2231 5347 2546 5418 corporibus
2567 5346 2872 5416 exiguntur.
2913 5365 2932 5398 ι
2961 5344 3128 5401 Nemo
3159 5346 3399 5416 profecto
3420 5349 3597 5403 statim
3631 5365 3742 5406 nou

2139 5442 2285 5499 videt
2333 5441 2514 5514 quanti
2564 5439 2815 5510 ponderis
2843 5440 2913 5494 sit
2960 5440 3100 5493 istud
3149 5448 3544 5510 argumentum,
3594 5444 3741 5513 quod

2139 5553 2205 5593 ex
2240 5535 2451 5605 publico
2504 5535 2858 5605 ipsorummct
2902 5533 3357 5601 adversariorum,
3390 5539 3550 5597 etiam
3601 5540 3746 5593 iuvi-

2145 5639 2343 5693 torum,
2378 5628 2683 5685 testimonio
2712 5627 2941 5683 elicitur.
2974 5627 3260 5700 Darmoues
3291 5630 3431 5684 enim
3485 5631 3745 5687 Christia-

2148 5740 2336 5788 norum
2366 5722 2563 5789 verbis,
2595 5731 2862 5793 tulitquam
2893 5721 3230 5793 gravioribus
3251 5724 3606 5794 qumstiouum
3637 5736 3746 5781 tor-

2150 5817 2346 5883 mentis
2376 5813 2688 5883 excruciati,
2717 5821 2878 5885 atque
2914 5814 3127 5873 illorum
3159 5814 3412 5885 precibus
3439 5833 3543 5873 non
3585 5832 3745 5882 secus
