4242 6222
517 238 620 290 6'23

1830 230 1916 283 DE
1947 222 2199 283 MINUCII
2242 228 2542 286 OCTAVIO

3724 235 3828 290 αἲξ-’ί

515 369 578 407 ac
628 352 746 418 igne
797 348 919 402 torti
964 347 1191 410 acriore,
1226 345 1556 416 cogebantur
1597 345 1664 398 ab
1705 345 1946 398 obsessis
1985 359 2109 398 cor-

2228 350 2368 408 nam,
2394 350 2474 398 καὶ
2497 353 2662 413 ὄψεται
2693 357 2787 406 πῶς
2809 348 2871 398 δι’
2898 351 3046 404 αὖτσῧ
3079 350 3297 414 Stipant;
3321 356 3408 415 μὲν
3437 355 3674 416 φεύγουσι,
3705 372 3830 413 pau-

515 443 740 513 poribus
767 439 1033 496 excedere
1073 454 1136 492 ac
1186 437 1360 507 palam
1418 437 1568 492 fateri
1608 453 1667 491 se
1711 435 1924 490 illorum
1955 434 2118 491 ctl‘ec-

516 548 662 591 tuum
693 532 1033 589 insolitorum
1065 530 1225 585 fuisse
1252 543 1525 586 auctores.

588 628 719 694 Qua:
776 639 903 679 vero
952 624 1058 677 sint
1096 638 1156 678 ea
1195 621 1621 678 Christianorum
1672 623 1855 688 verba,
1906 629 1961 677 et
2002 637 2120 691 qua:

519 734 722 789 preces,
754 718 832 772 sic
855 715 1118 770 Minucius
1151 724 1334 770 uoster
1365 715 1616 784 explicat.
1649 732 1667 762 ι
1699 713 1940 783 Adjurati
1974 712 2117 765 enim

522 828 616 882 per
642 811 806 864 Deum
832 823 1016 863 verum
1047 816 1101 862 et
1127 806 1324 873 solum,
1351 807 1522 872 inviti,
1566 805 1746 860 miseri
1797 803 2117 874 corporibus

517 903 919 967 inhorrescunt,
943 907 999 953 et
1041 897 1128 953 vel
1156 898 1410 954 exsiliunt
1435 897 1634 963 statim,
1671 899 1754 952 vel
1795 901 2123 950 evanescunt

517 995 802 1066 gradatim,
835 990 1143 1064 proutlides
1176 991 1426 1060 patientis
1451 990 1684 1060 adjuvat,
1717 988 1996 1060 autgralia
2027 1001 2121 1042 cu-

515 1089 687 1144 rantis
733 1087 952 1157 aspirat.
992 1105 1010 1138 ι
1069 1084 1174 1141 Sed
1209 1087 1323 1139 ha:c
1379 1083 1537 1154 paulo
1587 1083 1751 1137 fusius
1794 1082 2116 1153 Cyprianus,

511 1182 600 1252 qui
630 1190 682 1235 et
704 1179 947 1250 qutedam
979 1178 1122 1233 illius
1139 1177 1299 1232 verba
1323 1186 1596 1231 mutuatus
1620 1185 1722 1230 est.
1754 1194 1769 1223 ι
1809 1174 1896 1241 lli,
1925 1173 2114 1243 inquit,

515 1273 745 1343 adjurati
787 1288 883 1342 per
913 1272 1077 1327 Deum
1122 1286 1304 1325 verum
1338 1285 1369 1323 a
1399 1269 1575 1335 nobis,
1629 1268 1805 1322 statim
1846 1267 2042 1322 cedunt
2069 1275 2123 1321 et

516 1368 769 1433 fatentur,
813 1376 868 1420 et
914 1365 982 1421 de
1012 1365 1248 1421 obsessis
1294 1363 1614 1434 corporibus
1651 1362 1800 1417 exire
1821 1371 2105 1430 coguntur.

517 1459 712 1514 Videas
745 1459 863 1513 illos
903 1468 1085 1514 nostra
1136 1473 1286 1523 voce,
1343 1466 1397 1511 ct
1449 1456 1760 1526 operatione
1827 1454 2122 1522 majestatis

513 1553 736 1608 occulta:
770 1552 947 1622 flagris
975 1551 1128 1614 etcdi,
1163 1551 1286 1620 igne
1326 1549 1536 1610 torreri,
1577 1549 1914 1602 incremento
1947 1561 2121 1615 pcena:

516 1646 856 1716 prepagantis
903 1644 1143 1708 extendi,
1200 1642 1427 1712 ejulare,
1504 1656 1744 1711 gemere,
1806 1639 2117 1708 deprcCari;

2227 451 2328 493 τῖίσι
2351 444 2399 491 δὲ
2424 444 2652 502 παύεται,
2677 451 2854 511 μαγεῖαι
2876 445 2923 492 δὲ
2945 449 3075 494 πᾶσα
3097 452 3177 494 ut
3206 450 3488 510 φαρμακεία.
3511 461 3622 496 aut:
3635 462 3828 510 ργηται.

2229 549 2248 584 ‹
2289 532 2477 587 Veniat
2501 542 2553 587 et
2583 533 2826 603 quisquis
2853 548 2914 588 ea
2946 549 3066 603 qua:
3111 533 3346 588 diximus
3384 534 3619 603 experiri
3661 533 3828 604 cupii,

2222 635 2382 696 atque
2421 627 2470 680 in
2505 627 2696 682 mediis
2728 626 2858 697 ipsis
2892 627 3202 682 daemonum
3252 627 3556 698 pra-stigiis,
3607 638 3660 680 et
3709 643 3833 682 ora-

2222 719 2463 772 culorum
2507 717 2748 784 Iallaciis,
2798 734 2862 774 ac
2907 720 3094 789 magia:
3126 719 3403 789 prodigiis,
3447 718 3601 790 siguo
3630 719 3828 785 crucis,

2227 826 2350 879 qua:
2374 810 2513 880 apud
2549 811 2694 880 ipSos
2724 810 2956 866 ludibrio
2979 821 3082 874 cst,
3115 820 3315 878 utatur,
3357 811 3642 881 solumque
3677 810 3832 866 Chri-

2223 912 2362 958 stum
2391 903 2662 969 nominet;
2695 919 2820 958 mox
2859 903 3060 960 videbit
3082 919 3242 976 quam
3269 905 3377 960 cito
3402 919 3498 975 per
3537 906 3710 973 ipsum
3742 907 3824 959 fu-

2223 1005 2414 1066 gentur
2437 995 2738 1061 daemones,
2779 1005 2995 1052 cessent
3022 997 3262 1059 oracula,
3296 1011 3385 1050 ars
3411 995 3588 1050 omnis
3620 995 3826 1066 magica

2225 1086 2571 1156 veneﬁcaque
2623 1097 2947 1143 evanescant
2981 1108 2998 1140 ο
3039 1087 3056 1157 (
3094 1088 3377 1155 Athanas.,
3409 1087 3504 1143 lib.
3550 1088 3613 1142 de
3651 1086 3830 1143 lncnr.

2236 1177 2388 1233 γενέ).
2423 1223 2436 1245 ,
2469 1195 2592 1250 pag.
2618 1181 2686 1235 75
2713 1191 2766 1236 et
2795 1180 2884 1235 88.
2911 1180 3044 1236 Ibid.
3077 1197 3196 1252 pag.
3220 1179 3336 1252 89).

2295 1271 2557 1327 Minucius
2598 1283 2777 1329 autem
2823 1287 2886 1328 ac
2916 1272 3298 1339 Tertullianns,
3355 1273 3554 1344 aliique
3599 1291 3629 1330 a
3673 1275 3829 1330 nobis

2223 1367 2334 1436 jam
2387 1366 2586 1422 laudati
2641 1377 2957 1424 constanter
3005 1376 3320 1423 asseverant
3384 1367 3514 1422 illud
3557 1382 3663 1423 non
3719 1369 3834 1422 solo

2223 1458 2400 1512 crucis
2446 1458 2647 1513 Christi
2703 1459 2858 1528 signo
2891 1458 3029 1524 ﬁeri,
3062 1458 3156 1513 sed
3197 1458 3624 1514 Christianorum
3672 1459 3834 1514 etiam

2225 1552 2671 1622 adjurationibus.
2703 1554 2832 1620 Quis
2854 1563 3059 1618 autem,
3095 1553 3194 1608 nisi
3221 1553 3313 1624 qui
3347 1569 3406 1609 se
3446 1554 3617 1620 ipsum
3660 1571 3836 1610 exem-

2225 1661 2350 1701 care
2380 1646 2527 1710 velit,
2560 1655 2747 1715 aperte
2787 1661 2891 1700 non
2932 1645 3128 1708 videat,
3180 1661 3339 1715 quam
3382 1644 3435 1699 id
3469 1653 3676 1700 certum
3727 1646 3827 1710 sit,

515 1738 656 1792 utidc
689 1738 930 1800 veniant.
961 1747 1014 1791 et
1043 1735 1257 1805 quando
1307 1735 1609 1799 discedam.
1664 1733 1792 1804 ipsis
1836 1734 1996 1786 etiam
2027 1730 2114 1800 qui
2146 1739 2195 1797 B
2223 1754 2284 1792 ac
2307 1739 2506 1809 saepius
2541 1737 2736 1793 factum
2791 1747 2846 1793 et
2898 1738 3194 1794 testatum?
3223 1736 3329 1793 Sed
3368 1737 3491 1793 inde
3522 1737 3836 1792 conﬁrmari

512 1848 571 1884 se
600 1831 780 1885 colunt
813 1829 1151 1884 audientibus
1181 1827 1448 1892 conﬁteri,
1494 1826 1575 1880 vel
1628 1824 1887 1879 exsiliunt
1913 1823 2121 1890 statim,’

513 1925 597 1978 vel
624 1934 952 1978 evanescunt
998 1922 1279 1992 gradatim,
1315 1930 1470 1990 prout
1512 1919 1642 1975 Iides
1674 1919 1924 1988 patientis
1963 1916 2119 1986 adju-

517 2025 627 2078 vat,
670 2026 760 2070 aut
790 2015 961 2087 gratia
986 2016 1225 2068 curantis
1257 2013 1460 2083 aspirat
1481 2010 1667 2081 (Cypr.
1695 2010 1756 2063 de
1780 2008 1920 2062 Idol.
1940 2009 2118 2071 amnt,

515 2123 638 2179 pag.
669 2106 778 2178 II).
836 2105 1036 2161 Eadem
1069 2105 1158 2160 ille
1214 2104 1334 2158 aliis
1366 2105 1416 2158 in
1476 2103 1626 2158 libris
1670 2101 1896 2172 aliisque
1946 2099 2122 2155 verbis

514 2202 726 2271 repetit,
755 2215 875 2270 qua:
899 2199 1148 2253 omnibus
1174 2198 1353 2267 legere
1401 2212 1524 2251 cum
1567 2205 1870 2264 promptum
1921 2192 2009 2258 sit,
2059 2207 2120 2246 ea

515 2294 603 2348 hic
641 2309 745 2347 non
789 2291 1205 2346 transcribenius
1238 2290 1404 2362 (Idem
1436 2290 1529 2344 lib.
1562 2288 1631 2342 ad
1666 2287 1856 2341 Donat.
1910 2301 2030 2357 pag.
2065 2288 2119 2351 4;

519 2395 577 2440 ct
607 2385 701 2440 lib.
729 2385 798 2438 (ιιι
828 2383 1166 2446 Demetrium,
1200 2398 1318 2452 pag.
1371 2379 1520 2451 I9I).

586 2477 877 2546 Utriusque
923 2475 1162 2544 vestigiis
1189 2474 1387 2528 insistit
1418 2473 1752 2537 Lactantius,
1807 2485 1869 2525 ac
1917 2470 1984 2525 de
2028 2470 2121 2524 iis-

515 2573 638 2626 dem
669 2568 1000 2626 daemonibus
1029 2568 1160 2623 dixit
1190 2585 1204 2624 :
1243 2587 1260 2618 ι
1290 2567 1492 2633 Justus,
1523 2565 1573 2620 id
1606 2574 1708 2629 est,
1748 2565 1983 2619 cultores
2026 2562 2119 2616 Dei

518 2670 788 2728 metuunt,
811 2663 963 2730 cujus
995 2663 1210 2715 nomine
1241 2659 1469 2729 adjurati
1497 2658 1564 2714 de
1607 2658 1922 2729 corporibus
1961 2671 2120 2711 exce-

514 2761 648 2814 dtmt
668 2803 680 2824 ,
715 2773 941 2828 quorum
968 2756 1146 2810 verbis
1177 2765 1450 2826 tatnquam
1484 2751 1667 2822 flagris
1697 2752 1986 2816 verberati,
2011 2765 2118 2804 non

518 2851 676 2908 modo
717 2867 775 2906 se
804 2850 1078 2905 daemones
1111 2862 1232 2903 esse
1272 2847 1616 2908 conﬁtentur,
1673 2843 1768 2899 sed
1813 2844 1971 2899 etiam
2020 2858 2119 2896 no-

517 2947 658 3000 mina
705 2959 800 3000 sua
847 2941 1032 3009 edunt,
1075 2940 1164 2994 illa
1195 2955 1314 3010 qua:
1349 2940 1403 2994 in
1450 2939 1666 3010 templis
1704 2937 2017 3002 adorantur,
2067 2944 2124 2991 et

515 3037 655 3109 quod
689 3036 1001 3109 plerumque
1027 3049 1208 3089 coram
1238 3033 1536 3088 cultoribus
1588 3033 1700 3088 suis
1733 3030 1955 3097 faciunt,
2012 3043 2117 3086 non

2227 1832 2402 1888 adhuc
2445 1842 2645 1903 potest,
2703 1832 2844 1903 quod
2876 1832 2944 1887 ab
2970 1841 3190 1888 auctore
3219 1841 3429 1897 nostro,
3467 1844 3521 1890 et
3567 1832 3836 1904 Cypriane

2233 1927 2507 1998 adjicitur,
2545 1947 2563 1979 ι
2600 1936 2759 1999 prout
2788 1928 2921 1982 ﬁdes
2963 1926 3214 1997 patientis
3255 1925 3493 1996 adjuvat,
3539 1938 3627 1981 aut
3665 1927 3836 1998 gratia

2225 2024 2463 2078 curantis
2506 2026 2731 2092 aspirat,
2772 2041 2791 2074 ›
2840 2021 2891 2076 id
2936 2030 3040 2085 est,
3075 2029 3232 2092 prout
3289 2019 3461 2087 major
3511 2029 3604 2074 aut
3660 2019 3838 2074 minor

2225 2124 2308 2170 est
2337 2113 2471 2169 ﬁdes
2506 2113 2808 2169 daemonem
2860 2113 3134 2184 patientis,
3174 2111 3252 2166 vel
3286 2111 3456 2182 major
3507 2119 3600 2164 aut
3651 2111 3833 2165 minor

2231 2208 2401 2278 gratia
2430 2204 2724 2260 Christiani
2751 2205 3069 2276 adjurantis,
3096 2204 3306 2259 daemon
3348 2203 3505 2258 citius
3534 2211 3626 2256 aut
3672 2202 3832 2272 paqu

2231 2298 2436 2353 tardius
2463 2298 2697 2367 ejicitur.
2727 2297 2927 2353 Verum
2957 2298 3071 2352 sive
3103 2297 3264 2358 illico.
3305 2297 3418 2352 sive
3454 2304 3572 2366 post
3614 2295 3836 2351 brevem

2226 2405 2432 2446 moram
2489 2391 2720 2460 aliquam
2787 2389 2998 2444 daamon
3050 2389 3357 2457 cjiccretur,
3409 2396 3536 2443 tunc
3592 2387 3838 2458 profectu

2225 2487 2516 2553 cogebatur
2536 2485 2656 2554 quis
2683 2483 2798 2553 ipse
2827 2493 2973 2538 esset
2997 2482 3208 2553 publice
3244 2482 3516 2537 conﬁteri.
3554 2480 3837 2551 Quaprop-

2238 2590 2318 2636 ter
2341 2579 2605 2635 Miuucius
2642 2578 3163 2649 argumentationem
3194 2591 3370 2642 suam,
3417 2577 3676 2646 ipsosmet
3708 2571 3838 2628 Eth-

2227 2675 2376 2730 nicos
2420 2673 2765 2745 alloquendo,
2803 2674 2882 2727 sic
2919 2672 3146 2727 absolvit
3177 2690 3190 2724 :
3227 2691 3244 2720 ι
3279 2669 3412 2740 Ipsis
3455 2669 3701 2728 testibus,
3742 2677 3837 2721 eos

2224 2769 2500 2825 daemonas
2541 2767 2609 2823 de
2658 2783 2718 2823 se
2747 2765 3128 2822 conﬁtentibus
3157 2765 3386 2820 credite.
3430 2784 3447 2814 ι
3491 2764 3662 2817 Antea
3709 2774 3838 2815 vero

2225 2864 2590 2920 Tertullianns
2656 2861 2767 2932 pari
2815 2859 2976 2916 modo
3025 2861 3286 2914 adversus
3331 2856 3552 2914 eosdem
3601 2855 3834 2927 gentiles

2225 2955 2567 3026 diSpulattdO,
2598 2953 2681 3008 his
2711 2969 2806 3010 cos
2834 2952 3258 3022 compellaverat
3305 2949 3483 3005 verbis
3512 2967 3525 3003 :
3563 2967 3582 3000 ι
3619 2947 3837 3004 Credite

2225 3048 2331 3104 illis
2355 3044 2762 3118 (daemonibus),
2793 3059 2915 3100 cum
2959 3060 3143 3100 verum
3193 3044 3261 3098 de
3286 3057 3343 3097 se
3394 3041 3707 3112 loquuntur,
3746 3039 3836 3111 qui

519 3132 699 3202 utique
729 3129 778 3183 in
809 3127 1156 3198 upprubrium
1205 3127 1511 3197 religionis;
1559 3127 1680 3196 quia
1715 3141 1813 3181 nec
1846 3125 1973 3190 Deo,
2027 3139 2123 3194 per

2228 3137 2608 3196 mentientibus
2635 3137 2879 3193 creditis.
2911 3136 3079 3190 Nemo
3109 3134 3174 3190 ad
3217 3149 3372 3190 suum
3402 3133 3638 3187 dedecus
3679 3147 3830 3187 men-

515 3239 674 3293 quem
703 3221 1044 3291 adjurantur;
1075 3235 1174 3276 nec
1210 3221 1391 3291 jus-tis,
1433 3237 1662 3291 quorum
1701 3235 1832 3274 voce
1864 3229 2120 3288 torquen-

516 3329 624 3381 tur,
663 3317 880 3372 mentiri
931 3325 1156 3387 possunt
1197 3315 1504 3385 (Lactant.,
1536 3315 1633 3369 lib.
1682 3331 1718 3368 II
1769 3311 1968 3380 Instit.,
1997 3328 2116 3383 cap.

517 3412 605 3474 1-1,
634 3425 750 3480 pag.
781 3408 929 3478 218).

590 3503 759 3558 Antea
815 3515 940 3556 vero
1002 3501 1230 3572 ipsemet
1288 3499 1544 3554 Minucius
1620 3504 1802 3556 noster
1867 3498 2114 3554 dixerat:

525 3613 543 3644 r
581 3592 700 3664 Ipse
726 3593 985 3648 Saturnus
1008 3603 1060 3646 et
1107 3593 1346 3662 Serapis,
1396 3603 1447 3646 ct
1487 3593 1726 3663 Jupiter,
1783 3601 1836 3646 et
1863 3591 2120 3662 quidquid

519 3689 823 3743 ιΙιειιιοιιυιη
847 3685 1042 3752 colitis,
1083 3687 1204 3740 victi
1227 3687 1432 3751 dolore,
1465 3686 1605 3758 quod
1629 3697 1751 3740 sunt
1776 3686 2118 3756 eloquuntur,

521 3795 619 3835 nec
650 3780 832 3849 utique
882 3777 936 3833 in
977 3777 1361 3848 turpitudinem
1402 3777 1504 3840 Siti,
1563 3776 1832 3832 nonnullis
1883 3789 2122 3832 vestrum

520 3871 911 3934 assistentibus,
946 3870 1300 3926 mentiuntur.
1339 3891 1355 3920 ›
1385 3870 1453 3925 At
1474 3868 1836 3924 Tertullianns
1864 3869 2123 3926 Ethnicos

521 3976 680 4038 urget
707 3967 866 4036 longe
896 3963 1286 4029 vehementius,
1319 3977 1518 4032 eosque
1532 3963 1785 4019 audacter
1803 3971 2128 4032 provoc:itut

524 4059 800 4129 quodlibet
825 4059 1044 4128 hujusce
1068 4056 1142 4112 rei
1167 4055 1462 4127 periculum
1485 4056 1698 4121 Iaciant,
1733 4071 1794 4110 ac
1811 4056 1910 4109 nisi
1926 4055 2126 4110 dzrmo-

526 4171 621 4209 nes
649 4169 676 4206 a
709 4152 901 4224 quovis
921 4149 1233 4205 Christiano
1259 4149 1509 4218 adjurati,
1539 4159 1647 4202 tum
1667 4148 1756 4219 qui
1777 4149 1875 4218 ipsi
1907 4149 2012 4203 sint
2031 4165 2126 4219 pa-

526 4246 630 4300 lam
649 4245 1021 4305 conﬁteantur,
1031 4243 1140 4296 vult
1153 4251 1406 4312 optatquc
1423 4241 1641 4309 bujusec
1657 4239 1943 4294 Christiani
1963 4241 2129 4311 proti-

527 4353 648 4398 nus.
674 4344 724 4392 ct
741 4334 929 4391 eodem
949 4334 1000 4387 in
1029 4333 1148 4387 loco
1185 4331 1332 4386 fundi
1365 4331 1675 4401 sanguinem
1709 4332 1958 4400 (Tertull.
1987 4334 2128 4403 Apo-

527 4433 799 4502 log..cap.
851 4428 944 4493 9.5,
978 4441 1101 4496 pag.
1146 4425 1264 4494 2i).
1312 4424 1494 4494 Neque
1525 4425 1576 4478 in
1621 4425 1880 4488 animum,
1923 4441 2127 4495 qumso,

2227 3233 2373 3298 titur,
2402 3231 2528 3301 quin
2574 3230 2751 3300 potius
2778 3229 2846 3284 ad
2897 3228 3179 3283 honorem.
3213 3226 3379 3297 Magis
3405 3223 3538 3279 ﬁdes
3593 3226 3836 3294 proxima

2224 3334 2308 3380 est
2369 3324 2626 3380 adversus
2681 3324 3001 3393 semetipsos
3052 3319 3392 3384 conﬁtentes,
3430 3332 3589 3386 quam
3632 3333 3728 3387 pro
3777 3331 3840 3372 se

2226 3413 2357 3481 ipsis
2385 3420 2646 3481 negantes
2678 3429 2695 3461 ›
2731 3407 2980 3479 (Tertull.
3011 3406 3259 3477 Apolog.,
3290 3420 3412 3473 cap.
3453 3402 3544 3467 25,
3591 3418 3709 3472 pag.
3741 3401 3833 3457 23.

2227 3503 2362 3560 Ibid.
2395 3519 2510 3574 pag.
2549 3502 2667 3572 25).
2719 3501 2850 3556 Tam
2907 3510 3051 3556 certa
3078 3508 3282 3564 autem,
3319 3507 3426 3551 tam
3473 3494 3746 3548 manifesta
3778 3503 3837 3547 ct

2226 3597 2436 3669 publica
2490 3606 2606 3650 erat
2661 3594 2778 3649 lucc
2827 3593 3129 3648 diemonum
3180 3588 3481 3652 confessio;
3528 3595 3584 3639 ut
3629 3583 3829 3638 ibidem

2229 3689 2590 3746 Tertullianns
2647 3695 2961 3742 constanter
3009 3683 3241 3740 afﬁrmet
3297 3682 3397 3738 hac
3438 3684 3550 3751 ipsa
3605 3692 3833 3734 consue-

2227 3783 2372 3839 visse
2401 3795 2569 3836 novos
2602 3779 2715 3835 ﬁeri
2743 3779 3104 3835 Christianos.

2299 3876 2428 3945 Quis
2451 3891 2578 3947 ergo
2618 3889 2725 3930 non
2777 3873 3060 3928 mirabitur
3098 3869 3358 3942 quosdam
3415 3876 3615 3924 nostrae
3659 3865 3832 3922 :etatis

2227 3968 2583 4032 Christianos,
2614 3967 2778 4021 immo
2805 3965 2963 4020 etiam
2995 3974 3048 4020 ct
3091 3962 3371 4019 catholica:
3421 3959 3548 4016 ﬁdei
3605 3966 3835 4016 sectato-

2230 4080 2339 4130 res,
2369 4079 2436 4119 eo
2459 4061 2740 4118 devenisse
2777 4067 2833 4113 ut
2875 4057 3031 4113 editis
3063 4055 3326 4127 publicam
3379 4054 3429 4108 in
3479 4053 3654 4108 lucem
3687 4051 3838 4106 libris

2231 4172 2474 4213 asserere
2510 4171 2616 4210 non
2646 4151 3008 4209 dubitaverint
3047 4165 3152 4204 non
3183 4149 3358 4218 aliqua
3405 4154 3633 4210 tantum,
3685 4143 3835 4214 quod

2233 4251 2362 4321 ipsis
2388 4247 2754 4310 concedimus,
2803 4243 2899 4300 sed
2943 4258 3004 4298 ea
3033 4241 3214 4297 omnia
3274 4254 3393 4310 qua:
3437 4235 3838 4301 recensuimus,

2233 4341 2472 4404 oracula,
2503 4340 2765 4411 prodigia,
2797 4345 3068 4408 portenta,
3100 4345 3283 4405 atque,
3313 4342 3369 4387 ut
3411 4332 3647 4396 aiebant,
3675 4330 3846 4385 mira-

2236 4436 2352 4492 cula
2403 4449 2698 4504 omnesque
2753 4430 3072 4486 vaticinandi
3119 4427 3306 4484 modos
3363 4426 3526 4481 nullis
3583 4440 3845 4495 umquam

529 4521 807 4576 induxeris
835 4519 971 4572 hanc
1013 4532 1133 4573 esse
1183 4517 1418 4572 Africani
1443 4519 1720 4590 scriptoris
1745 4520 1911 4574 nimio
1933 4521 2128 4590 ingenii
2155 4525 2209 4586 D
2236 4533 2558 4594 (ιπηιοηυιη,
2588 4528 2682 4583 sed
2707 4525 2835 4582 solis
2861 4522 3200 4580 sacerdotum
3229 4536 3292 4576 ac
3321 4519 3684 4574 ministrorum
3721 4516 3814 4572 ido

528 4610 851 4666 ardentioris
866 4609 1065 4679 impetu
1088 4608 1294 4678 abrepti
1313 4611 1802 4680 exaggerationem,
1823 4620 1913 4665 aut
1931 4611 1978 4664 id
2003 4627 2128 4666 casu

531 4715 735 4759 tantum
754 4703 952 4774 aliquo,
986 4711 1078 4756 aut
1116 4702 1233 4772 ejus
1262 4702 1539 4758 dumtaxat
1567 4713 1808 4774 tempore
1848 4704 2130 4759 accidisse.

529 4801 663 4856 Nam
692 4808 874 4871 postea
900 4799 1227 4853 Athanasius
1251 4799 1419 4854 semel
1449 4807 1502 4853 ct
1539 4799 1729 4854 iterum
1760 4808 2133 4853 asseveranter

531 4895 768 4949 afﬁrmat
804 4893 980 4948 crucis
1003 4890 1200 4946 CliriSti
1233 4893 1386 4962 signo
1411 4906 1622 4945 omnem
1648 4891 1906 4961 magicam
1935 4900 2128 4958 artem,

529 4987 816 5057 omniaque
847 4985 1240 5040 incantamenta
1273 4997 1618 5048 evanescere,
1674 4998 1737 5037 ac
1766 4992 1988 5039 cunctas
2019 4984 2131 5039 da:-

529 5091 748 5133 monum
793 5075 1006 5130 frandes
1051 5075 1256 5146 rcpclli.
1320 5075 1660 5145 Experientia
1708 5086 1885 5131 autem
1948 5077 2000 5132 id
2051 5077 2129 5134 sic

527 5168 935 5238 comprobatum
969 5183 1088 5221 esse
1116 5175 1468 5230 contestatur,
1495 5176 1551 5221 ut
1581 5183 1685 5224 non
1719 5169 1898 5224 minus
1927 5169 2127 5226 audac-

529 5267 633 5322 ter,
666 5272 825 5329 quam
858 5256 1239 5320 Tertullianns,
1273 5258 1529 5314 Ethnicos
1554 5260 1619 5315 ad
1651 5262 1946 5332 periculum
1987 5263 2128 5319 illius

524 5354 832 5412 faciendum
859 5363 1134 5424 provocet.
1167 5355 1365 5410 Audias
1392 5357 1550 5410 velim
1589 5357 1706 5428 ejus
1734 5359 1893 5414 verba
1909 5376 1935 5428 κε
1966 5354 2128 5413 ιίκέτω

524 5454 573 5502 δὲ
599 5456 622 5502 ὸ
664 5454 827 5517 ripa-1
869 5464 962 5502 τῶν
1004 5459 1348 5518 προὶςχοὲντων
1376 5455 1657 5520 βωλόμενος
1695 5459 1874 5519 λαϐεῖν,
1919 5459 2000 5506 καὶ
2050 5454 2124 5508 ἐπ’

518 5549 672 5602 αὐτῆς
706 5557 786 5603 τίς
816 5553 1075 5616 grandia;
1103 5561 1191 5602 τῶν
1247 5548 1496 5613 δαιμόνων,
1545 5550 1623 5598 καὶ
1653 5563 1738 5607 ’τῆς
1781 5565 1869 5604 τῶν
1895 5556 2135 5614 ’μαντειῶν

511 5640 734 5698 ἀπάτης,
755 5643 836 5690 καὶ
854 5653 943 5694 τῶν
964 5651 1045 5691 τὶς
1067 5657 1276 5713 μαγείας
1306 5651 1359 5693 01.
1372 5650 1574 5706 λμεὶτςῖιν,
1595 5652 1841 5710 χιεησάσθω
1862 5657 1921 5710 τῷ
1950 5655 2130 5712 σημείῳ

497 5739 584 5788 τιῧ
639 5735 875 5797 magna
914 5723 1038 5792 παρ’
1061 5738 1248 5814 αὐτοῖς
1271 5742 1491 5804 σταυροῦ,
1525 5742 1601 5787 τὸν
1648 5739 1861 5806 Χριστὸν
1895 5741 2125 5804 ὀνομάσας

2235 4621 2299 4676 lis
2323 4620 2667 4676 servientium
2697 4617 2856 4683 dolis,
2891 4616 3114 4678 artibus,
3165 4609 3466 4675 fraudibus,
3519 4618 3574 4664 et
3621 4610 3854 4680 pra-sti-

2234 4716 2333 4786 giis
2363 4714 2497 4768 facta
2525 4711 2708 4767 fuisse.
2743 4708 2925 4780 Neque
2953 4723 3046 4763 eos
3074 4714 3320 4761 moratur
3340 4699 3854 4771 antiquissimorum

2233 4816 2660 4874 eaeterorumque
2694 4801 2947 4858 Ecclesiae
2975 4799 3202 4854 Patrum
3236 4793 3543 4852 veneranda
3599 4795 3858 4848 auctori-

2236 4905 2334 4958 tas,
2366 4895 2668 4951 testiﬁcatio
2698 4893 2917 4948 minime
2951 4891 3133 4953 dubia,
3165 4898 3220 4943 et
3255 4885 3557 4943 communis
3582 4883 3850 4940 omnium

2233 5003 2528 5046 consensus
2582 4985 2825 5053 (Euseh.,
2884 4984 2975 5039 lib.
3019 4999 3096 5037 ix.
3133 4979 3330 5034 Hister.
3379 4976 3550 5042 Eccl.,
3588 4990 3707 5045 cap.
3741 4975 3768 5029 Ι
3793 4978 3822 5032 l
3846 5020 3866 5043 ,

2232 5099 2352 5155 pag.
2407 5084 2554 5152 567).
2605 5081 2707 5136 Pro
2748 5088 2897 5134 certo
2925 5078 3090 5142 enim,
3143 5073 3408 5147 inquiunt.
3462 5079 3517 5127 et
3546 5078 3664 5125 rato
3709 5083 3870 5128 eum

2233 5176 2464 5247 positum
2516 5173 2704 5229 fuisset
2745 5173 2924 5242 plures
2951 5185 3072 5227 esse
3123 5168 3415 5232 dzrmones,
3472 5173 3584 5218 tum
3627 5161 3875 5220 creduli

2232 5269 2610 5337 simplicesquc
2659 5265 2732 5320 illi
2787 5263 2887 5318 viri
2937 5264 2990 5318 in
3040 5261 3276 5316 animum
3307 5257 3460 5313 facile
3510 5254 3877 5314 induxerunt

2230 5362 2504 5417 dzumones
2531 5359 2648 5414 illos
2679 5359 2872 5414 horum
2903 5357 3142 5413 omnium
3173 5353 3508 5410 insolitorum
3540 5349 3874 5411 cffectuum

2234 5455 2400 5511 fuisse
2429 5461 2694 5508 auctores.

2305 5545 2442 5616 Quid
2465 5545 2630 5617 ergo?
2651 5542 2916 5614 Numquid
2947 5539 3304 5611 antiquissimi
3330 5535 3586 5593 Ecclesia:
3618 5533 3874 5606 Patres,

2232 5640 2520 5708 czclerique
2555 5638 2844 5710 scriptores
2868 5634 3165 5697 christiani,
3196 5648 3292 5704 per
3329 5638 3402 5685 tot
3442 5629 3640 5685 smcula
3695 5629 3883 5687 ailvu

2233 5731 2389 5800 tardi,
2425 5730 2667 5800 hebetes,
2720 5738 2772 5786 et
2798 5727 2927 5785 caeci
2947 5725 3182 5798 fuerunt,
3209 5733 3264 5780 ut
3289 5720 3696 5796 deprehendere
3723 5737 3885 5787 non
