4264 6258
417 328 525 384 6ἰῦ

1825 330 2293 387 DlSSliRTA'I‘lO.

3629 339 3734 393 (59.03

419 446 692 516 potuerint
715 447 1024 517 neutiquam
1051 448 1382 514 daemonum,
1426 448 1520 502 sed
1551 447 1893 504 etlmicorum
1935 463 2022 501 sa-
2054 450 2104 506 Λ
2131 447 2206 500 ait
2237 447 2519 512 Minucius,
2557 470 2573 499 ι
2599 453 2920 520 consecrati,
2966 453 3328 524 itjypiizlnus,
3365 474 3380 505 ι
3405 457 3733 510 consecratis

419 541 700 596 cerdolum
731 542 972 596 artiﬁciis
1010 551 1065 596 et
1106 541 1331 597 fallaciis
1381 541 1524 597 edita
1573 543 1738 596 fuisse
1783 540 2020 604 oracula,

420 645 582 706 atque
609 636 711 690 alia
736 637 920 702 etiam,
951 653 1071 707 quae
1102 653 1263 708 supra
1309 652 1650 693 communem
1682 647 1888 691 natura;
1938 650 2024 689 or-

422 730 606 786 dinem
639 732 752 786 ﬁeri
795 732 1152 788 videbantur?
1181 734 1450 804 Numquid
1495 751 1623 805 ergo
1664 733 1882 804 majoris
1911 744 2026 788 erat

420 837 622 892 operae.
656 826 931 894 gentilium
960 826 1300 882 sacerdotum
1325 828 1543 883 fraudes
1572 839 1832 898 relegere,
1865 841 2024 897 quam

419 922 527 967 tam
596 916 838 984 operesis
871 916 1323 986 disputationibus
1388 919 1659 989 explicare
1702 934 1820 988 quae
1865 919 2028 972 tuerit

418 1007 728 1063 daemonum
766 1019 975 1076 natura,
1031 1011 1156 1081 quid
1189 1012 1255 1067 de
1314 1012 1402 1066 illa
1449 1011 1778 1084 philosOphi,
1829 1022 2024 1082 poetae,

421 1103 560 1172 magi
591 1103 788 1174 aliique
812 1106 1041 1174 gentiles
1078 1107 1388 1160 censuerint
1432 1117 1486 1161 et
1533 1105 1867 1169 tradiderint,
1908 1119 2026 1174 quae

423 1193 622 1248 fuerint
650 1209 837 1249 eorum
865 1195 1110 1258 artiﬁcia,
1139 1196 1271 1262 doli,
1300 1205 1463 1264 artes,
1508 1197 1790 1267 praestigiae
1835 1197 2027 1266 quibus

425 1284 622 1340 tamdiu
638 1286 878 1342 Ethnicis
899 1288 1058 1343 etiam
1084 1287 1491 1353 oculatioribus,
1519 1290 1683 1343 inuno
1703 1299 1757 1344 et
1773 1285 2029 1342 Christia-

423 1378 524 1444 nis,
558 1378 672 1433 hza-c
702 1380 847 1434 «uniti
876 1380 1054 1435 studio
1086 1380 1893 1452 investigantibus,'illnserint?
1923 1380 2027 1435 Sed

419 1470 524 1536 die,
543 1474 789 1538 obsecro,
809 1489 912 1543 qua
937 1473 1113 1529 fronte
1135 1474 1517 1541 Tertullianus,
1539 1475 1884 1537 Athanasius,
1911 1474 2029 1527 alii-

423 1563 831 1634 quedoclissimi
851 1567 1137 1636 cujuslibet
1158 1570 1329 1622 aetatis
1344 1567 1444 1621 viri
1467 1567 1712 1622 ethnicos
1735 1581 2028 1636 provocare

418 1657 709 1725 audebant,
740 1669 797 1713 ut
841 1662 1218 1728 experirentur
1262 1670 1438 1716 utrum
1493 1661 1770 1715 daunones
1811 1659 2029 1714 oracula

421 1748 728 1818 fundentes,
759 1752 892 1806 mira
923 1753 1166 1823 quaedam
1207 1753 1446 1818 edentes,
1483 1770 1709 1824 c0rpora
1755 1753 2029 1807 hominum

419 1841 748 1908 obsidentes,
799 1859 828 1897 a
882 1843 1204 1900 Christianis
1278 1846 1527 1916 adjurati,

419 1946 511 1989 aut
575 1936 734 2004 paulo
785 1947 924 2006 post,
1005 1938 1220 2006 quinam
1285 1939 1383 2007 ipsi
1454 1939 1534 1993 vel
1599 1953 1706 2008 quo
1785 1938 2032 2008 appellati

420 2035 606 2081 essent
662 2028 890 2092 nomine,
953 2029 1122 2098 palam
1180 2031 1604 2085 conﬁterentur?
1660 2030 1712 2085 Si
1787 2045 1916 2084 vero
1949 2046 2033 2084 sa-

422 2120 668 2173 cerdotes
688 2120 908 2187 ethnici,
937 2138 1041 2176 non
1067 2132 1244 2176 autem
1275 2123 1550 2178 daemones
1580 2124 1692 2177 haec
1721 2123 2026 2178 fraudulcno

423 2220 506 2268 ter
531 2213 778 2284 agebant,
810 2229 907 2269 cur
935 2216 1180 2270 sinebant
1211 2231 1270 2271 se
1319 2216 1598 2286 adjnrari?
1647 2231 1744 2272 cur
1782 2217 2032 2285 adjurau-

423 2315 503 2360 tes
533 2306 977 2372 nonirridcbant,
1009 2324 1106 2362 cur
1143 2323 1238 2363 eos
1281 2309 1358 2362 vel
1383 2309 1500 2362 solo
1554 2324 1654 2363 suo
1702 2308 1912 2363 silentio
1965 2307 2032 2362 ad

419 2398 728 2469 pudendum
762 2416 866 2455 non
897 2401 1264 2456 inducebant?
1297 2417 1392 2456 cur
1421 2417 1526 2457 non
1559 2418 1678 2467 suo,
1703 2402 1795 2456 sed
1829 2402 2030 2456 ἀπιπο-

421 2505 548 2545 num
576 2493 791 2548 nomine
815 2507 874 2548 se
901 2495 1076 2548 vocari
1109 2494 1536 2549 mentiebantur?
1566 2509 1663 2550 cur
1693 2495 2031 2566 patiebantur

425 2585 778 2656 imperatores
805 2602 930 2641 suos
955 2587 1360 2655 Diocletianum,
1407 2587 1476 2642 de
1514 2602 1622 2658 quo
1652 2603 1750 2643 nos
1772 2587 1918 2653 alibi,
1976 2595 2032 2642 et

429 2681 700 2736 Julianum
735 2682 1066 2752 Apostalam,
1120 2681 1187 2736 de
1227 2696 1334 2751 quo
1385 2695 1482 2736 nos
1534 2680 1698 2744 infra,
1762 2671 2031 2750 mysteriis

428 2775 540 2831 suis
569 2773 820 2840 turbatis,
847 2774 1337 2844 terrerietfugari‘t
1364 2789 1460 2828 cur
1493 2773 1707 2828 tandem
1753 2775 1851 2828 hac
1898 2773 2028 2827 falsa

427 2869 789 2924 declaratione
817 2868 1053 2924 funditus
1075 2870 1390 2925 evertebant
1418 2869 1640 2924 deoru-n
1672 2883 1890 2923 suorum
1919 2867 2033 2921 cul-

428 2972 562 3018 tum.
596 2975 888 3027 omnesque
915 2975 1037 3014 suas
1083 2961 1404 3032 religiones?
1455 2960 1758 3024 (DiSSPI‘illi.
1811 2964 1858 3011 in
1908 2960 2028 3014 Luc.

429 3060 596 3107 tingit.
636 3071 753 3123 cap.
791 3055 839 3118 Ii,
873 3070 971 3108 art.
1004 3054 1058 3108 δὲ.
1089 3056 1303 3108 itisSet‘t.
1342 3059 1390 3108 in
1429 3056 1657 3106 Lactant.
1689 3071 1805 3124 «sap.
1843 3056 1893 3119 υ,
1927 3066 2026 3107 art.

431 3157 457 3202 ‘.’
495 3191 503 3200 .
556 3150 730 3202 Vtinam
755 3150 1041 3203 (λιιι-ἐξείηηὶ
1076 3163 1195 3200 tunc
1228 3152 1461 3200 divinum
1499 3165 1652 3202 .‘illtlll
1687 3148 2030 3201 imitabantur

431 3256 834 3313 pravaeplttrrtn.
869 3245 951 3307 qui
999 3245 1294 3297 daemonem
1333 3263 1355 3294 ιι
1387 3257 1611 3308 (ςυινειυιτ-
1671 3242 1899 3294 immittis
1943 3258 2026 3292 r.\-
2063 3236 2106 3288 (ξ

435 3336 699 3405 patiendo,
752 3353 945 3389 nonien
1002 3351 1150 3388 suum
1200 3348 1505 3389 renuantmt‘c
1549 3339 1716 3398 tfui'gil
1753 3334 2033 3405 (Matium,

433 3441 490 3485 ei:
523 3429 675 3493 Luc.,
705 3444 818 3490 ml,
843 3428 934 3499 ὃὸ)
955 3430 975 3480 it
1002 3431 1130 3494 Quis
1153 3430 1477 3499 respondere
1500 3429 1690 3483 audeat
1711 3431 1844 3482 hanc
1875 3431 2038 3481 tuisse

433 3519 657 3589 alicujus
702 3519 900 3572 ethnici
927 3520 1223 3574 sacerdotis
1256 3519 1516 3584 fraudem,
1569 3521 1779 3588 ipsimet
1825 3516 2040 3572 Christo

437 3613 756 3683 incognitam
782 3613 805 3667 ?
836 3610 1003 3668 Nemo
1029 3624 1134 3678 est,
1161 3615 1248 3682 qui
1280 3614 1548 3668 hominem
1573 3613 1943 3679 christianum,
1970 3613 2038 3667 ita

440 3707 766 3775 loquentem,
801 3705 987 3762 audire
1014 3724 1120 3762 non
1153 3708 1568 3776 perhorrescat?
1608 3708 1748 3762 Bene
1779 3724 1909 3777 ergo
1953 3722 2041 3763 ac-

444 3808 555 3852 tum
586 3798 652 3852 ab
680 3813 784 3851 uno
811 3814 841 3853 e
871 3801 1124 3854 societate
1168 3797 1293 3853 Jesu
1329 3799 1444 3853 viro
1473 3799 1786 3862 clarissima,
1814 3800 1901 3868 qui
1944 3797 2040 3852 ab-

444 3889 660 3944 surdam
694 3890 835 3944 illam
860 3891 1284 3960 opinionem,vcl
1306 3891 1481 3961 potius
1515 3891 1862 3959 paradoxum,
1897 3888 2042 3944 edito

444 3998 616 4053 nuper
646 3983 783 4038 libro
810 3983 962 4053 plane
1007 3987 1322 4054 penitusque
1374 3984 1650 4038 subvertit.
1699 3983 1816 4038 Jam
1860 3996 2042 4037 vcroa

443 4078 598 4134 nobis
625 4077 956 4133 confutatam
988 4088 1069 4134 est
1097 4078 1198 4132 alia
1230 4077 1281 4131 in
1313 4076 1709 4137 dissertatione,
1745 4076 1830 4130 ubi
1849 4075 1914 4130 de
1939 4076 2042 4130 mi-

442 4171 595 4225 rabili
628 4170 763 4241 signi
822 4170 1108 4225 dominicae
1155 4170 1332 4226 crucis
1368 4169 1601 4237 potentia
1631 4168 2043 4240 disputavimus,

447 4279 506 4317 ac
531 4278 719 4318 rursus
753 4264 836 4317 his
879 4261 1174 4328 refelletur,
1206 4277 1324 4332 quae
1370 4261 1425 4314 in
1471 4262 1817 4329 sequentibus
1848 4259 2048 4313 nostris

443 4355 1172 4411 dissertationibusdicenda
1220 4363 1345 4408 sunt
1413 4353 1614 4425 (Balth.
1658 4352 1908 4420 Respons.
1980 4354 2047 4407 ad

451 4449 587 4503 Hist.
611 4448 796 4513 0rac.;
815 4447 1038 4502 Dissert.
1071 4447 1123 4501 in
1151 4445 1278 4499 Luc.
1302 4445 1475 4500 chil.
1507 4445 1698 4515 cap."_5,
1721 4443 1898 4509 ιιι-με,
1924 4459 2043 4514 pag.

447 4541 570 4603 180,
603 4550 655 4594 et
681 4553 855 4609 seqq;
886 4537 1109 4594 Disscrl.
1139 4539 1190 4592 in
1225 4537 1461 4593 Lactant.
1509 4551 1627 4606 cap.
1658 4537 1714 4602 9,
1756 4547 1857 4592 art.
1883 4535 1950 4601 9.;
1996 4544 2050 4592 et

446 4639 495 4689 in
526 4633 830 4689 Terttllliatt.
857 4648 978 4704 cap.
1010 4634 1100 4698 H,
1127 4641 1227 4687 art.
1255 4631 1336 4701 6).

1039 4767 1263 4824 CAPUT
1302 4766 1446 4822 XXI.

456 4901 518 4940 DF.
553 4900 759 4940 DEORUM
792 4897 1088 4940 ιδιΑαιΝιΒυε
1123 4899 1188 4938 ΕΤ
1217 4895 1544 4944 SIIULACBIS,
1578 4893 1672 4934 SUB
1697 4892 1880 4943 QUIBUS
1903 4893 2051 4931 ΜΞΝ·-

525 4991 828 5031 ἸῈ-(ΣΕΝΤΕδ
882 4989 1140 5030 ΒᾸΞΙΙΟΝΕΞ
1201 4987 1588 5027 CBEDEBANTUR
1648 4985 1777 5024 MIRA
1824 4984 2049 5030 ρυΑΞυΑΜ

524 5085 768 5136 OPERARI,
804 5085 866 5123 AC
893 5083 1011 5130 QUAS
1044 5083 1106 5120 AB
1139 5080 1379 5120 ETllNlCIS
1409 5079 1550 5120 IEPIE
1576 5075 1940 5117 COLEBANTUR.

893 5193 1264 5234 ARTICULUS
1344 5190 1614 5230 PRIMUS.

459 5302 662 5369 Quanta
709 5299 967 5368 impietate
996 5294 1201 5350 Ethnici
1244 5292 1518 5346 simulacra
1561 5291 1768 5344 deorum
1811 5303 2050 5352 suorum,

529 5397 630 5450 sub.
670 5395 848 5464 quibus
891 5394 1142 5447 daemones
1199 5388 1514 5452 habitabant,
1576 5385 1796 5439 colerent
1837 5391 1882 5434 et
1932 5381 2057 5432 ado-

529 5500 698 5543 rarent
724 5530 737 5551 ,
769 5496 919 5557 atque
971 5486 1032 5539 ab
1073 5486 1164 5548 eis,
1208 5477 1468 5536 hominum
1523 5479 1753 5533 manibus
1783 5476 2058 5546 aliquando

531 5599 593 5636 (π
621 5597 736 5635 vase
764 5578 1118 5634 sordidissimo
1152 5577 1335 5647 factis,
1377 5572 1600 5627 divinam
1632 5586 1776 5641 opem
1805 5578 2023 5640 peterent
2044 5611 2056 5635 ,

534 5693 594 5730 ac
646 5681 1012 5746 exspectarent.

539 5771 660 5825 Alio
691 5771 754 5824 ad
814 5764 1166 5838 decipiendos
1216 5764 1462 5819 homines
1520 5759 1745 5816 artiﬁcio
1791 5758 2062 5813 daemones

461 5863 842 5917 abolebantur.
918 5859 1127 5915 Etenim
1187 5857 1286 5911 sub
1337 5855 1529 5910 statuis
1578 5853 1647 5925 tet
1696 5850 2061 5922 imaginibus,

2129 537 2451 595 delitescunt
2481 541 2750 613 (Cyprian.
2789 546 2873 598 tib.
2910 546 2972 598 (te
3006 544 3144 599 ldot.
3193 544 3391 612 l’anit.,
3427 561 3543 616 pag.
3569 548 3674 616 14).
3708 567 3724 596 ι

2131 631 2424 703 Utriusque
2455 645 2632 691 autem
2667 638 2824 707 lmjus
2855 640 3100 693 lectionis
3155 639 3295 694 idem
3332 639 3486 709 plane
3517 656 3725 695 sensus.

2131 725 2372 783 Gentiles
2418 731 2613 800 quippe
2659 733 2776 787 illas
2827 732 3049 787 deorum
3083 749 3297 788 suorum
3345 734 3603 804 imagines
3647 749 3734 787 so-

2132 819 2294 875 lemni
2351 823 2688 880 dedicatione
2735 829 3146 882 consecrabant.
3201 828 3416 882 Testem
3487 829 3529 881 si
3598 829 3731 882 velis

2134 913 2225 967 tibi
2257 914 2732 984 locupletissimum
2760 919 3009 988 proferri,
3041 921 3327 976 cilahimus
3374 920 3690 975 Ciceronem
3714 963 3728 985 ,

2131 1008 2219 1074 qui
2269 1017 2391 1076 post
2429 1010 2594 1063 multa
2623 1011 2690 1066 de
2713 1013 2932 1082 antiquo
2959 1014 3445 1069 consecrandarum
3471 1013 3730 1068 dedican-

2131 1100 2432 1170 darumque
2467 1103 2662 1157 aedium
2707 1120 2856 1159 more
2886 1115 2940 1159 et
2990 1093 3093 1160 rifu
3137 1107 3399 1175 disputata
3426 1149 3438 1171 ,
3487 1117 3669 1160 ttarrat
3703 1123 3732 1159 a

2133 1194 2237 1260 Qu.
2269 1194 2468 1250 Marcio
2497 1212 2725 1252 censore
2758 1200 2950 1254 factum
2978 1199 3279 1254 concordiae
3310 1199 3517 1271 signum
3545 1209 3597 1253 et
3627 1200 3738 1253 col-

2134 1287 2364 1340 locatum
2423 1288 2472 1340 in
2519 1290 2754 1357 publico.
2811 1291 2946 1345 Cum
2970 1301 3146 1345 autem
3174 1288 3231 1344 C.
3291 1293 3507 1345 Cassius
3542 1305 3738 1345 censor

2135 1378 2264 1433 illud
2323 1379 2689 1435 transtulisset
2725 1383 2775 1436 in
2825 1385 3050 1444 curiam,
3131 1383 3397 1437 consuluit
3450 1381 3732 1448 collegium

2137 1473 2448 1542 pontiﬁcum
2484 1475 2742 1545 numquid
2793 1491 2970 1531 causae
3009 1476 3298 1540 videretur,
3334 1475 3460 1544 quin
3491 1472 3616 1527 illud
3644 1472 3739 1526 de-

2135 1565 2358 1620 dicaret.
2429 1567 2526 1620 Cui
2582 1567 2649 1621 Μ.
2706 1567 2961 1623 ,λΕιιιὶΙίιιε
3021 1569 3254 1638 pontifex
3304 1569 3565 1621 maximus
3640 1581 3736 1635 pro

2135 1660 2360 1730 collegio
2412 1660 2720 1729 respondit,
2783 1682 2800 1712 ι
2834 1663 2933 1716 nisi
2997 1678 3118 1716 eum
3174 1661 3401 1730 populus
3462 1660 3736 1714 Romanus

2137 1751 2451 1805 nominatim
2507 1751 2870 1818 praefecisset.
2925 1763 3085 1822 atque
3125 1755 3240 1824 ejus
3286 1755 3436 1822 jussu
3490 1751 3734 1815 faceret,

1604 1854 1696 1899 aut
1762 1845 2023 1915 protinus,
2061 1842 2107 1901 B
2139 1858 2243 1898 non
2287 1844 2453 1897 videri
2521 1844 2650 1897 illud
2708 1855 2854 1898 recte
2904 1860 3060 1911 posse
3103 1844 3339 1900 dedicari
3369 1843 3547 1914 (Cicer.
3596 1853 3729 1896 orat.

2137 1951 2286 2000 xm,
2314 1952 2405 2006 pro
2433 1934 2597 1990 Domo
2629 1952 2742 2002 sua,
2775 1937 2842 1989 ad
2874 1935 3074 2007 Pontif.
3104 1951 3224 2005 pag.
3257 1935 3384 1996 424,
3417 1944 3464 1988 et
3493 1951 3608 2004 seqq
3637 1933 3677 2004 ).
3703 1951 3725 1984 ι

2139 2029 2313 2084 Variis
2344 2031 2522 2100 itaque
2563 2030 2908 2084 catreznoniis
2935 2029 3222 2097 cujuslibet
3267 2027 3353 2082 dei
3385 2026 3731 2081 simulacrum

2135 2122 2594 2188 consecrabatur,
2640 2133 2693 2176 et
2738 2121 2809 2176 ita
2851 2121 2983 2176 deus
3045 2122 3222 2176 liehat.
3283 2119 3414 2173 Nam
3475 2119 3736 2188 quemad-

2137 2213 2354 2268 modum
2403 2216 2607 2269 Auctor
2652 2224 2833 2269 nostcr
2882 2214 3098 2284 arguit:
3145 2233 3160 2263 ι
3218 2210 3444 2280 Quando
3497 2211 3582 2264 hic
3610 2225 3736 2265 nas-

2136 2309 2296 2373 citur,
2343 2323 2470 2364 ecce
2515 2309 2769 2373 funditur,
2820 2309 3142 2373 fabricatur,
3172 2309 3462 2377 scalpitur;
3497 2306 3734 2361 nondum

2137 2403 2270 2459 deus
2327 2415 2610 2460 estzecce
2665 2405 2991 2475 plumbatur,
3058 2403 3408 2467 construitur,
3475 2401 3734 2470 erigitur,

2139 2496 2376 2552 nondum
2402 2497 2533 2552 deus
2553 2506 2636 2552 est
2659 2515 2673 2552 :
2698 2513 2824 2552 ecce
2853 2505 3098 2560 ornatur,
3119 2504 3487 2559 consecratur,
3516 2502 3735 2554 oratur;

2139 2601 2264 2646 tunc
2295 2602 2566 2660 postremo
2615 2589 2748 2644 deus
2771 2597 2887 2655 est,
2935 2604 3056 2642 cum
3087 2587 3248 2640 homo
3276 2586 3424 2640 illiilli
3456 2584 3656 2648 voluit,
3687 2593 3742 2638 ct

2140 2687 2434 2742 dedicavit.
2472 2705 2490 2735 ›
2526 2683 2606 2738 lla
2634 2685 2723 2739 ille
2754 2682 3037 2754 gentilium
3066 2680 3253 2735 irridet
3283 2677 3578 2732 caecitatem
3611 2716 3623 2736 .
3650 2675 3738 2744 qui

2139 2779 2256 2834 haec
2296 2778 2617 2844 simulacra,
2672 2792 2769 2847 pro
2797 2776 3074 2830 hominum
3119 2773 3342 2827 arbitrio
3383 2778 3693 2824 consecrata
3723 2809 3739 2830 ,

2138 2880 2229 2926 aut
2285 2871 2414 2926 deos
2473 2884 2601 2923 suos
2651 2883 2811 2924 esse.
2875 2877 2964 2922 aut
3016 2867 3066 2918 in
3133 2863 3214 2918 eis
3281 2861 3524 2915 habitare
3579 2859 3742 2914 stulte

2141 2964 2517 3033 opinabantur.

2213 3067 2277 3115 At
2310 3064 2584 3114 tid‘llttilttIS
2616 3061 2715 3112 sub
2745 3060 2825 3112 itis
2858 3059 3023 3127 signis
3052 3070 3114 3108 ac
3157 3054 3454 3106 ri'ltllitttﬁri:
3483 3065 3736 3106 mimum,

2144 3169 2200 3207 ιιι
2251 3154 2516 3214 dixitntts,
2571 3165 2771 3205 ltiiiill'fi'.
2822 3165 2928 3202 stat.-
2981 3150 3271 3202 suhtditala‘
3324 3146 3736 3206 delitescentes,

2147 3251 2208 3298 tis.
2256 3263 2370 3306 sua,
2427 3252 2558 3298 nit‘lti
2616 3249 2682 3298 ait
2747 3247 3129 3313 .\timnagurns.
3166 3248 3374 3296 nomina
3439 3242 3741 3294 ('Ulllitillhi‘

2413 3347 2498 3389 aut
2578 3340 2737 3391 veluti
2798 3336 2994 3391 addidit
3059 3337 3459 3389 'l'ertttlilzttttt's.

2144 3342 2354 3400 cubant,
2413 3347 2498 3389 aut
2578 3340 2737 3391 veluti
2798 3336 2994 3391 addidit
3059 3337 3459 3389 'l'ertttlilzttttt's.
3532 3333 3740 3398 Slgtzis,

2144 3439 2442 3502 miraculis,
2507 3439 2772 3500 oraculis,
2831 3452 2951 3505 aptae
3002 3433 3252 3487 nimirum
3301 3431 3426 3484 falsa
3477 3437 3567 3483 aut
3612 3435 3737 3482 suh-

2143 3530 2265 3583 dola
2295 3543 2416 3583 esse
2447 3527 2781 3582 ostendimus
2801 3569 2813 3590 ,
2866 3544 2881 3574 ι
2927 3525 3085 3579 ﬁdem
3115 3523 3408 3578 divinitatis
3439 3521 3740 3590 operahan-

2147 3621 2244 3677 lur'
2279 3622 2551 3692 (dlhenag.
2586 3621 2738 3690 legat.
2786 3635 2879 3691 pro
2908 3618 3182 3674 Christian.
3216 3635 3333 3689 pag.
3389 3618 3480 3683 ‘29;
3525 3615 3738 3670 Tertull.

2146 3715 2364 3785 Apotog.
2398 3729 2516 3783 cap.
2551 3714 2614 3768 21
2643 3756 2654 3777 ,
2687 3728 2805 3782 pag.
2851 3709 2967 3781 25).
3003 3733 3022 3763 ι
3054 3711 3220 3779 Quam
3270 3709 3506 3764 insulsus
3565 3716 3740 3760 autem

2147 3816 2260 3863 erat
2293 3807 2379 3862 hic
2406 3807 2743 3877 ethnicorum
2774 3819 2958 3870 error,
3018 3803 3254 3858 ostendit
3285 3803 3457 3871 primo
3483 3799 3746 3854 Minucius

2147 3915 2211 3954 ex
2255 3898 2567 3956 earumdem
2622 3887 3033 3954 simulacrorum
3079 3897 3307 3964 origine.
3337 3895 3564 3964 Majores
3602 3894 3744 3947 enim

2149 3996 2341 4059 nostri,
2373 3993 2484 4058 ait,
2542 3991 2825 4062 improvidi
2877 3999 2931 4045 et
2999 3988 3236 4048 creduli.
3293 3988 3542 4042 colebant
3592 4002 3747 4054 teges

2150 4098 2310 4150 suos,
2366 4093 2524 4152 atque
2561 4083 2683 4138 ideo
2739 4081 3162 4136 desiderabant:
3193 4077 3477 4133 defunctos
3533 4077 3586 4131 in
3614 4079 3747 4131 ima-

2148 4177 2361 4249 ginibus
2413 4177 2622 4241 videre,
2667 4196 2685 4228 ι
2731 4177 2843 4231 sive
2898 4171 3350 4244 quemadmodum
3387 4170 3746 4240 quuiturCy-

2154 4272 2375 4343 prianus
2406 4290 2416 4324 :
2451 4289 2467 4322 ‹
2495 4269 2624 4325 lude
2646 4270 2710 4324 ad
2739 4268 3112 4324 defunctorum
3140 4264 3317 4319 vultus
3343 4279 3439 4334 per
3463 4262 3746 4331 imaginem

2153 4365 2474 4420 delinendus
2514 4377 2769 4433 expressa
2818 4369 2946 4416 sunt
2992 4358 3277 4414 simulacra
3339 4355 3519 4429 (Cypr.
3573 4352 3638 4406 lib
3687 4352 3750 4406 de

2153 4456 2353 4513 Idolor.
2397 4455 2562 4509 Vauit.
2600 4470 2719 4525 pag.
2757 4453 2867 4525 Η).
2910 4472 2928 4504 ι
2979 4451 3119 4520 Quin
3165 4450 3326 4504 etiam
3375 4451 3418 4502 si
3471 4443 3750 4500 Lactantio

2153 4549 2446 4612 credimus,
2469 4547 2682 4618 ipsimet
2698 4545 2974 4601 daemones
3003 4544 3305 4599 docuerunt
3335 4541 3536 4610 ﬁngere
3554 4537 3718 4607 imagi
3733 4566 3748 4577 -

2073 4621 2128 4681 Β
2154 4657 2251 4698 nes
2280 4651 2332 4698 et
2360 4639 2664 4707 simulacra,
2696 4647 2780 4693 «et
2811 4641 2962 4693 tictos
2990 4645 3322 4692 mortuorum
3342 4648 3524 4701 regunt
3546 4630 3749 4696 vultus,

2153 4746 2208 4791 et
2229 4745 2479 4800 ornatos,
2517 4732 2642 4804 (ms.
2676 4749 2722 4788 r.
2755 4730 3012 4799 ornatus),
3065 4727 3328 4798 exquisita
3355 4723 3753 4796 pulchritudine

2154 4828 2740 4900 statuiconsecrariquc
2756 4824 2996 4878 fecerunt
3011 4843 3026 4872 ι
3050 4819 3310 4892 (Lactant.
3327 4816 3413 4870 lib.
3442 4832 3498 4870 ιι.
3520 4813 3546 4867 I
3556 4816 3753 4868 nstitut.

2154 4936 2274 4990 cap.
2314 4920 2402 4975 16.
2442 4933 2562 4989 pag.
2611 4916 2739 4980 228;
2794 4914 2942 4968 Tom.
2981 4928 3017 4965 ι.
3070 4912 3317 4981 Apparet.
3377 4923 3492 4976 pag.
3553 4906 3657 4959 452
3703 4915 3760 4958 et

2157 5013 2334 5084 756).
2422 5009 2529 5066 Sed
2578 5009 2645 5064 de
2715 5007 2816 5061 hac
2883 5002 3292 5059 simulacrorum
3358 4997 3564 5066 origine
3627 4994 3758 5048 alibi

2162 5105 2532 5162 disseruimus.
2568 5101 2696 5169 Quae
2744 5112 2874 5168 ergo
2904 5095 3076 5164 major
3113 5087 3345 5146 amentia
3368 5130 3380 5153 ,
3419 5101 3579 5156 quam
3608 5100 3757 5140 mor-

2165 5211 2374 5254 tuorum
2414 5239 2426 5263 ,
2477 5212 2620 5266 saepe
2665 5193 2861 5263 saepius
2904 5189 3286 5246 sceleratorum
3339 5182 3636 5247 hominum,
3670 5191 3762 5234 aut

2164 5293 2322 5363 plane
2380 5289 2687 5344 ﬁclitiorum
2741 5286 3002 5349 deorum,
3056 5279 3315 5350 imagines
3367 5287 3422 5331 et
3474 5275 3760 5330 simulacra

2165 5383 2346 5438 colere
2378 5391 2434 5436 et
2459 5379 2685 5434 adorare
2719 5388 2986 5444 tamquam
3020 5388 3176 5428 veros
3205 5374 3335 5425 deos
3357 5411 3369 5434 ,
3405 5377 3494 5422 aut
3522 5369 3760 5436 ipsorum

2160 5476 2343 5532 sedem
2372 5485 2427 5529 et
2453 5471 2818 5528 domicilium?

2236 5567 2420 5639 Neque
2448 5566 2574 5621 illud
2629 5566 3022 5633 incompertum
3053 5561 3148 5615 fuit
3178 5556 3523 5630 peritioribus
3570 5555 3762 5609 saltem

2164 5661 2482 5734 quibusdam
2526 5659 2803 5718 Ethnicis;
2837 5653 3265 5728 quandoquidem
3298 5651 3537 5706 Justinus
3565 5649 3765 5718 Marlyr

2170 5753 2417 5825 (Justiu.,
2450 5752 2672 5807 Cohort.
2705 5749 2770 5804 ad
2792 5759 2960 5820 gent.,
2993 5763 3112 5818 pag.
3143 5744 3509 5816 18),Clemens
3539 5743 3775 5796 Alcxnn-

2168 5848 2354 5903 driuus
2400 5845 2590 5912 (Clem.
2649 5845 2827 5908 Aleia,
2865 5843 2957 5895 lih.
3006 5857 3036 5894 v
3089 5839 3306 5904 Strom.,
3343 5851 3462 5907 pag.
3513 5834 3671 5898 60-3).
3718 5842 3770 5887 et
