4264 6258
434 351 540 409 629

1887 343 2356 400 DISSERTATIO.

3596 349 3613 421 ί
3635 346 3740 409 650

502 463 640 533 Quid
683 463 877 535 plura?
936 462 1264 519 [Emilianus
1317 461 1385 516 ab
1452 460 1677 532 Apuleio
1746 468 2032 530 propterea
2059 460 2112 520 Α
2140 459 2323 514 l'estius
2352 460 2462 527 ﬁat,
2493 461 2883 520 observandum
2907 471 2988 520 est
3011 465 3216 520 varium
3252 465 3413 521 fuisse
3439 465 3578 522 hunc
3606 468 3738 524 deos

432 558 740 626 corripitur,
798 555 940 626 quod
991 555 1194 609 nullum
1227 556 1385 625 plane
1416 555 1662 609 habuerit
1690 541 1863 608 lucum
1904 567 2034 607 cono

437 661 724 716 secratum,
783 663 885 703 nec
938 647 1102 702 ullum
1183 657 1399 702 unctum
1463 645 1694 715 lapidein
1730 664 1742 699 :
1784 645 2030 709 Nullum,

437 742 637 812 inquit,
680 741 732 794 in
780 739 898 794 villa
947 741 1064 808 ejus
1105 740 1387 794 delubrum
1432 739 1613 804 silum,
1668 737 1845 791 nullus
1885 738 2033 790 lucus

436 843 803 889 consecratus.
837 834 902 887 Et
928 833 1051 903 quid
1081 847 1181 902 ego
1208 833 1273 887 de
1305 834 1423 887 luco
1471 841 1522 887 et
1545 831 1769 887 delubro
1800 831 2033 901 loquor?

433 924 642 994 Negant
688 924 888 978 vidisse
938 939 1027 986 se,
1093 924 1185 992 qui
1245 921 1432 988 fuere,
1495 939 1657 978 unum
1723 926 1912 977 saltem
1978 923 2032 978 in

439 1017 631 1072 ﬁnibus
685 1017 802 1087 ejus
855 1025 947 1070 aut
991 1016 1218 1085 lapidem
1251 1026 1500 1080 unctum,
1543 1026 1634 1071 aut
1666 1031 1872 1070 ramum
1937 1031 2032 1070 co-

435 1119 682 1164 ronatum
715 1108 1008 1180 (Apuleius,
1037 1109 1254 1178 Apolog.
1281 1120 1319 1163 I.
1354 1125 1473 1179 pag.
1505 1109 1654 1178 549).
1697 1127 1715 1162 ι
1751 1110 1870 1163 Alio
1900 1125 2032 1180 quo-

438 1219 541 1273 que
569 1204 620 1256 in
646 1185 783 1255 libro
812 1201 947 1267 bzec,
986 1217 1104 1271 qme
1127 1202 1192 1254 ad
1218 1201 1453 1255 auctoris
1503 1200 1670 1254 nostri
1697 1201 2030 1270 propositum

440 1311 544 1350 non
578 1295 754 1348 minus
809 1293 1039 1360 faciunt,
1076 1295 1271 1349 litteris
1300 1294 1570 1348 mandavit
1603 1313 1614 1348 :
1651 1313 1669 1345 ι
1705 1289 1887 1364 Neque
1911 1295 2031 1364 jus-

441 1389 544 1441 tius
585 1385 888 1456 religiosam
946 1401 1148 1439 moram
1206 1387 1395 1440 viatori
1465 1387 1742 1455 objecerit,
1798 1397 1888 1440 aut
1939 1403 2030 1442 ara

437 1479 658 1534 ﬁoribus
681 1480 949 1545 redimita,
979 1492 1069 1534 aut
1099 1481 1356 1550 spelunca
1395 1479 1673 1535 frondibus
1703 1481 2029 1546 inumbrata,

437 1582 528 1626 aut
558 1587 791 1642 quercus
827 1573 1080 1627 cornibus
1139 1584 1380 1638 onerata,
1445 1583 1537 1628 aut
1604 1573 1752 1644 fagus
1807 1575 2032 1644 pellibus

436 1676 711 1734 coronata,
747 1668 829 1720 vel
857 1669 1016 1723 etiam
1047 1668 1326 1723 eolliculus
1357 1669 1618 1738 sepimine
1660 1681 2028 1736 consecratus,

435 1758 518 1813 vel
569 1766 789 1814 truncus
830 1759 1100 1814 dolamine
1127 1760 1414 1831 efﬁgiatus,
1451 1762 1530 1815 vel
1559 1776 1746 1831 cespes
1777 1761 2030 1816 libamine

2137 551 2393 607 adorandi
2425 555 2659 610 modum.
2717 556 2942 625 Quidam
2975 557 3115 611 enim
3148 557 3368 612 deorum
3397 573 3618 615 suorum
3656 561 3735 616 si-

2139 644 2374 699 mulacra
2417 645 2724 712 adorantes,
2759 648 2842 703 his
2869 651 3108 703 osculum
3138 649 3355 717 dabant,
3389 651 3737 721 quemadmo-

2139 734 2262 788 dum
2304 734 2493 791 Cicero
2527 738 2673 793 hisce
2702 740 2878 795 verbis
2904 740 3103 796 diserte
3130 740 3396 812 signiﬁcat
3425 762 3440 796 :
3473 763 3492 796 ‹
3535 744 3739 800 Ηθιοοιιο

2137 828 2203 880 lis
2249 831 2500 898 templum
2529 842 2613 886 est
2638 832 2774 900 apud
2810 833 3258 902 Agrigentinus...
3303 835 3373 889 ibi
3420 845 3503 890 est
3531 851 3597 891 ex
3631 853 3740 893 rere

2136 919 2478 975 simulacrum
2503 921 2668 992 ipsius
2705 924 2967 991 llerculis,
2997 941 3102 996 quo
3136 941 3239 980 non
3269 927 3422 982 facile
3449 929 3735 999 quidquam

2137 1015 2362 1068 dixerim
2389 1033 2473 1072 me
2504 1017 2700 1073 vidisse
2729 1018 3066 1088 pulchrius...
3106 1035 3273 1090 usque
3299 1036 3384 1086 eo,
3413 1020 3652 1090 judices,
3684 1033 3743 1077 ut

2137 1107 2302 1160 rietus
2342 1106 2478 1177 ejus,
2525 1125 2587 1162 ac
2637 1123 2872 1164 mentmn
2930 1112 3086 1179 paulo
3114 1113 3183 1166 sit
3226 1113 3477 1179 attritius,
3521 1114 3662 1183 quod
3687 1114 3738 1168 in

2136 1199 2402 1269 precibus,
2450 1211 2503 1256 et
2533 1204 2970 1271 gratulationibus
3015 1221 3118 1259 non
3165 1206 3336 1260 solum
3369 1206 3418 1261 id
3469 1210 3740 1275 venerari,

2137 1309 2318 1347 verum
2355 1295 2514 1347 etiam
2539 1297 2766 1350 osculari
2799 1302 2974 1351 solent
3012 1318 3030 1348 ι
3056 1297 3272 1369 (Cicero,
3298 1299 3384 1353 lib.
3420 1316 3470 1353 tv
3500 1301 3552 1354 in
3593 1299 3734 1356 Verr.

2137 1401 2256 1455 pag.
2293 1386 2414 1438 177.
2449 1387 2543 1440 lin.
2572 1387 2642 1440 22
2687 1399 2733 1441 et
2765 1389 2946 1460 seqq.)
2986 1390 3085 1444 Alii
3128 1406 3255 1445 vero
3303 1391 3578 1446 dexteram
3628 1404 3743 1446 lan-

2137 1484 2247 1531 tum
2279 1495 2492 1533 manum
2523 1496 2673 1534 suam
2716 1481 3185 1538 deosculabantur.
3244 1483 3342 1539 Ubi
3374 1486 3518 1538 enim
3545 1485 3738 1540 Lucia-

2138 1587 2236 1625 nus
2264 1571 2331 1626 de
2356 1572 2700 1628 Ethnicorum
2725 1574 3006 1629 sacriﬁciis
3027 1585 3078 1629 et
3111 1577 3341 1630 victimis
3364 1576 3600 1643 disserit,
3623 1578 3737 1633 haec

2134 1663 2202 1718 de
2228 1665 2554 1734 pauperibus
2579 1665 2884 1721 hominibus
2914 1677 3176 1722 memorat
3206 1686 3218 1721 :
3258 1687 3275 1718 ι
3308 1670 3376 1722 At
3397 1669 3440 1722 si
3467 1671 3585 1739 quis
3613 1685 3739 1740 pau-

2139 1773 2248 1826 per,
2285 1759 2328 1810 is
2360 1758 2428 1811 ita
2461 1759 2563 1813 deo
2595 1760 2730 1826 litat,
2761 1770 2817 1814 ut
2859 1761 3135 1816 dexteram
3171 1761 3447 1816 dumtaxat
3486 1779 3634 1816 suam
3658 1764 3740 1834 ip-

437 1847 770 1920 humigatus,
825 1855 906 1908 vel
958 1855 1092 1924 lapis
1141 1855 1374 1925 unguine
1412 1855 1896 1927 delibutus(ldem.
1934 1857 2019 1910 lib.

2134 1851 2247 1904 sius
2293 1850 2666 1916 deosculetur,
2722 1872 2739 1904 ﬁ
2797 1863 2996 1923 φιλήσας
3048 1862 3186 1920 μόνον
3225 1864 3311 1911 τὴν
3358 1857 3507 1908 αὐτοῦ
3562 1861 3738 1921 δεξιάν.

438 1958 475 1995 1.
511 1943 854 2013 Floridorum,
877 1947 988 2000 init.
1025 1963 1141 2016 pag.
1174 1946 1324 2017 217).
1361 1967 1379 2000 ιι

509 2041 765 2094 Coronata
783 2056 996 2110 quoque
1025 2041 1189 2096 fuisse
1206 2041 1468 2110 ejusmodi
1492 2042 1714 2096 deorum
1742 2043 2027 2099 simulacra

427 2136 538 2205 jam
564 2150 629 2190 ex
652 2136 826 2190 citatis
858 2136 1208 2205 scriptoribus
1238 2138 1559 2214 audivimus.
1603 2137 1708 2193 Sed
1732 2137 1784 2192 id
1809 2137 2028 2208 insuper

431 2231 683 2285 Clemens
711 2231 1136 2297 Alexandrinus,
1185 2231 1469 2301 Sophoclis
1498 2232 1815 2302 Saphusque
1843 2241 2028 2288 aucto-

431 2322 588 2376 ritate
628 2321 929 2387 conﬁrmat,
984 2322 1287 2392 ibidemque
1334 2322 1575 2391 adjecit:
1613 2340 1630 2372 ι
1661 2322 1758 2390 Qui
1791 2337 1821 2376 a
1862 2323 2027 2378 verbo

434 2413 804 2479 instituuntur,
823 2431 840 2462 ι
867 2414 915 2466 id
932 2425 1035 2479 est,
1055 2412 1367 2479 Christiani,
1393 2429 1450 2468 ra
1470 2416 1684 2468 coronis
1700 2424 2018 2470 arcentur...

430 2506 568 2576 quod
630 2520 691 2560 ea
740 2506 914 2561 dicata
965 2507 1032 2560 sit
1074 2507 1395 2561 simulacris.
1439 2490 1682 2563 Ᾱλλ¹οὓδι
1731 2520 1817 2566 τὴν
1871 2513 2028 2562 εἰκόνα

429 2605 511 2651 τοῦ
529 2602 638 2652 Θεοῦ
662 2609 751 2654 τὶν
777 2602 952 2664 ζῶσαν,
970 2601 1104 2660 δίκην
1131 2602 1327 2650 εἰδώλων
1346 2615 1632 2669 τῶννςκρῶν,
1655 2610 2019 2657 καταστατέον.

427 2689 536 2744 Sed
577 2704 675 2744 nec
720 2690 804 2744 dei
858 2691 1052 2760 imago,
1089 2701 1422 2745 mortuorum
1464 2691 1877 2746 simulacrorum
1920 2693 2023 2747 ritu

427 2793 511 2837 εει
540 2781 848 2837 coronanda
872 2782 1054 2852 (Clem.
1095 2784 1245 2837 Alex.
1277 2783 1362 2836 lib.
1408 2799 1463 2837 ιι.
1514 2783 1734 2856 Pwdag.
1789 2800 1905 2855 cap.
1966 2785 2018 2841 8.

431 2892 548 2945 pag.
583 2875 728 2946 181).
769 2895 788 2928 ι
848 2877 1001 2931 Prius
1043 2886 1219 2932 autem
1269 2878 1510 2932 Justinus
1535 2889 1758 2950 martyr,
1794 2895 1892 2934 nec
1919 2881 2022 2935 mi-

430 2984 528 3021 nus
584 2969 858 3037 perspicue
901 2986 914 3022 :
951 2987 970 3020 ‹
1007 2968 1191 3036 Neque
1239 2969 1468 3024 victimis
1531 2970 1746 3038 multis,
1809 2972 2020 3041 inquit,

426 3067 506 3115 καὶ
536 3066 733 3122 πλοκαῖς
760 3065 907 3114 ἀνθῶν
933 3079 1166 3130 τιμῶμεν,
1197 3071 1250 3116 ct
1290 3064 1483 3116 ﬁorum
1515 3064 1728 3117 coronis
1770 3063 2018 3130 colimus,

424 3169 558 3224 quos
598 3154 840 3208 homines
883 3155 1198 3224 elﬁgiantes,
1241 3164 1294 3210 et
1346 3157 1398 3210 in
1442 3157 1652 3226 templis
1696 3157 2020 3213 collocantes

2133 1941 2250 1995 Alio
2281 1952 2458 1998 autem
2491 1942 2541 1996 in
2566 1943 2740 1997 libro:
2779 1962 2797 1992 ‹
2835 1943 2977 2010 Inde,
3011 1945 3198 2014 inquit,
3231 1954 3577 2015 posteaquam
3620 1963 3738 2001 ma-

2133 2051 2201 2090 ne
2245 2051 2276 2090 e
2342 2045 2510 2090 strato
2569 2049 2947 2103 surrexerunt,
3000 2038 3166 2092 solem
3224 2049 3582 2107 venerantur,
3654 2045 3740 2108 οὖχ

2133 2136 2283 2199 ὥσπερ
2309 2137 2441 2197 ἡμεῖς
2465 2141 2551 2184 ταῖν
2577 2135 2716 2200 χεῖρα.
2739 2136 2975 2193 κύσαντες,
3011 2141 3242 2202 ἡγούμεθα.
3267 2141 3421 2195 ἔντελῆ
3460 2143 3590 2204 ἡμῶν
3615 2135 3739 2189 εἶναι

2132 2232 2219 2274 es»
2243 2226 2400 2289 εὐχήν,
2438 2240 2456 2272 ι
2492 2222 2606 2277 Νοη
2640 2221 3092 2292 quemadmodum
3133 2240 3230 2279 nos
3259 2226 3571 2283 deosculata
3612 2244 3730 2282 ma-

2133 2331 2202 2368 nu
2232 2315 2519 2384 perfeCtam
2542 2319 2904 2386 precationem
2932 2333 3054 2373 esse
3075 2320 3398 2375 arbitramur
3432 2339 3450 2373 ι
3487 2321 3733 2390 (Lucian.

2132 2407 2193 2460 de
2215 2406 2406 2478 Sacri].
2440 2425 2560 2479 pag.
2584 2411 2707 2464 186.
2740 2408 2887 2463 Idem
2915 2410 2976 2462 de
3013 2408 3229 2475 Saltat.,
3265 2427 3384 2482 pag.
3406 2411 3556 2482 505).
3591 2413 3739 2481 Quo-

2131 2498 2269 2552 circa
2339 2500 2590 2568 Apuleius
2649 2499 2939 2556 Aimiliano
2990 2501 3117 2556 illud
3172 2503 3302 2556 vitio
3325 2505 3731 2576 \'ertit,quod:

2137 2609 2155 2641 ι
2195 2591 2250 2646 Si
2290 2591 2467 2646 fanum
2499 2593 2711 2662 aliquod
2744 2603 3052 2664 pr:ctereal,
3102 2591 3255 2649 nefas
3280 2595 3438 2650 habet
3473 2597 3732 2652 adorandi

2129 2686 2293 2754 gratia
2321 2701 2534 2739 manum
2563 2685 2727 2740 labris
2755 2686 3045 2742 admovere
3069 2705 3086 2738 ι
3113 2686 3418 2757 (Apuleius,
3436 2689 3654 2761 Apolog.
3685 2707 3728 2754 ι.

2131 2794 2249 2848 pag.
2272 2778 2422 2849 549).

2200 2871 2317 2937 Quo
2339 2882 2515 2927 autem
2541 2871 2702 2927 modo
2724 2887 2941 2927 manum
2967 2873 3050 2927 ori
3077 2871 3444 2934 admoverent,
3485 2871 3573 2927 ille
3603 2872 3731 2930 alibi

2127 2964 2207 3020 sic
2233 2965 2464 3034 explicat
2490 2982 2502 3017 :
2533 2983 2553 3016 ι
2583 2964 2729 3018 Multi
2758 2963 2975 3029 civium,
3013 2972 3068 3019 et
3093 2964 3312 3020 advena:
3338 2963 3562 3033 copiosi,
3592 2978 3728 3034 quos

2127 3059 2307 3114 eximii
2349 3058 2634 3128 spectaculi
2667 3073 2849 3112 rumor
2880 3057 3119 3112 studiosa
3163 3057 3475 3112 celebritate
3501 3072 3728 3126 congre-

2127 3151 2304 3220 gabat,
2329 3151 2584 3206 inaeessa:
2643 3149 2990 3205 formositatis
3017 3149 3368 3205 admiratione
3409 3149 3628 3219 stupidi,
3671 3159 3729 3204 et

424 3247 554 3302 deos
581 3248 1046 3318 cognominarunt,
1065 3248 1495 3320 quandoquidem
1524 3250 1636 3304 haec
1663 3251 1838 3304 anima
1863 3266 2019 3306 caren

2131 3242 2476 3297 admoventes
2501 3243 2685 3297 oribus
2709 3243 2821 3297 suis
2857 3241 3154 3309 dexteram,
3199 3243 3434 3312 primore
3478 3243 3642 3311 digito
3668 3243 3724 3296 in

425 3341 517 3407 tia,
548 3352 774 3406 mortua,
809 3351 862 3396 et
896 3342 986 3397 Dei
1036 3341 1262 3397 formam
1293 3360 1396 3396 non
1440 3343 1689 3398 habentia
1729 3343 2018 3399 simulacra

423 3436 686 3490 novimus.
736 3434 898 3509 (Just.
943 3437 1160 3507 Apolog.
1201 3453 1255 3502 ιι,
1287 3453 1408 3508 pag.
1442 3438 1507 3489 57
1539 3436 1626 3505 C.)
1669 3455 1687 3486 ‹
1723 3437 1889 3504 Quam
1947 3437 2018 3492 ob

422 3541 635 3582 causam
683 3530 985 3583 Arnobius:
1030 3549 1047 3579 ι
1086 3529 1330 3583 Etiamne
1359 3530 1429 3583 dii
1459 3531 1634 3591 sertis,
1661 3531 1872 3584 coronis
1900 3529 2018 3582 afﬁ-

420 3619 655 3685 ciuntur,
711 3631 762 3674 et
804 3620 1065 3676 ﬁoribus?
1105 3642 1122 3673 ι
1170 3623 1477 3677 Lactantius
1511 3640 1634 3677 vero
1667 3644 1677 3677 :
1713 3643 1730 3673 c
1770 3623 2012 3690 Alacres,

422 3710 614 3779 iriquit,
663 3712 726 3764 ad
767 3712 984 3767 deorum
1039 3715 1234 3782 templa
1286 3723 1643 3780 concurrunt,
1698 3713 1781 3768 his
1814 3715 2012 3779 libant,

424 3803 508 3858 his
553 3805 871 3870 sacriﬁcant,
910 3808 1006 3864 hos
1033 3817 1291 3865 coronant
1326 3831 1344 3861 ι
1382 3812 1591 3877 (Arnob.
1635 3811 1723 3865 lib.
1757 3828 1845 3864 vn.
1894 3809 2010 3865 adv.

416 3909 556 3968 gent.
591 3912 712 3969 pag.
740 3898 864 3965 257;
892 3899 1125 3957 Lactant.
1161 3904 1247 3957 (ib.
1293 3920 1349 3958 ιι.
1386 3901 1612 3957 lnslitut.
1644 3919 1760 3973 cap.
1798 3907 1848 3959 1.
1891 3921 2007 3976 pag.

418 3991 580 4063 iss).
927 4010 936 4018 -

487 4083 600 4139 Huc
629 4101 839 4141 rursum
876 4088 1096 4144 accedat
1126 4106 1188 4143 ex
1224 4089 1571 4144 Ethnieornm
1605 4104 1828 4143 numero
1867 4091 2010 4157 Apu-

413 4177 565 4246 leius,
598 4191 651 4234 et
680 4179 960 4236 audiemus
985 4183 1251 4237 dicentem
1281 4201 1292 4232 :
1329 4202 1347 4234 ι
1382 4184 1625 4252 Ιῖρειιῐρίο
1648 4183 1763 4251 pila:
1797 4182 2006 4248 medim,

412 4289 532 4342 qua:
559 4273 752 4326 stabuli
783 4275 958 4327 trabes
986 4276 1300 4338 sustinebat,
1339 4276 1388 4329 in
1420 4276 1534 4346 ipso
1568 4276 1678 4329 fere
1709 4274 2010 4330 meditullio

412 4362 612 4433 Epona:
640 4363 754 4418 dea:
779 4366 1144 4431 sin'mlacrnm,
1177 4368 1419 4421 residens
1457 4367 1714 4432 aediculae,
1745 4368 1886 4438 quod
1916 4383 2008 4421 ac-

411 4466 591 4510 Curate
640 4457 856 4511 eor-ollis
899 4462 1088 4521 roseis,
1131 4468 1184 4513 et
1224 4461 1436 4528 quidem
1489 4461 1793 4514 recentibus
1838 4459 2010 4516 fuerat

411 4557 744 4603 coronatum.
787 4571 805 4602 ι
838 4551 1100 4606 Praeterea
1133 4553 1330 4607 Plinius
1361 4573 1373 4606 :
1434 4573 1450 4604 ι
1478 4553 1540 4607 Ει
1574 4554 1682 4623 jam
1715 4564 1821 4608 tum
1853 4569 2008 4610 coro-

2126 3347 2362 3390 erectum
2401 3335 2646 3404 pollicem
2675 3335 2964 3399 residente,
3005 3345 3062 3389 ut
3115 3335 3283 3404 ipsam
3319 3351 3537 3404 prorsus
3563 3335 3721 3390 deam

2126 3431 2389 3486 Venerem
2420 3431 2683 3500 religiosis
2710 3429 3113 3485 adorationibus
3141 3439 3528 3485 venerarentur
3551 3429 3720 3497 (Idem

2124 3522 2214 3576 lib.
2243 3538 2295 3577 ιν
2320 3521 2588 3576 Metamor.
2613 3537 2730 3592 pag.
2749 3522 2867 3588 67).
2893 3539 2910 3573 ι
2937 3522 3138 3577 Plinius
3153 3533 3332 3577 autem
3353 3539 3365 3576 :
3389 3522 3717 3578 «lnadoran-

2125 3613 2215 3676 do,
2241 3614 2616 3680 ait,dexteram
2632 3615 2695 3668 ad
2713 3613 2952 3669 osculum
2969 3615 3273 3681 referimus,
3297 3624 3570 3685 totumque
3597 3629 3718 3670 cor-

2123 3721 2222 3775 pus
2248 3707 2682 3776 circumagin'tus,
2709 3706 2852 3776 quod
2884 3708 2934 3759 in
2964 3706 3150 3760 laevam
3181 3707 3372 3761 iecisse
3407 3705 3594 3761 Gallia:
3622 3719 3714 3762 re-

2120 3798 2358 3867 ligiosius
2388 3797 2613 3851 credunt
2634 3815 2651 3848 ι
2670 3797 2857 3867 (Plin.,
2886 3797 2976 3850 lib.
2996 3813 3174 3852 xxvnt
3198 3795 3393 3854 Natur.
3413 3796 3574 3862 Hist,
3593 3811 3709 3867 cap.

2118 3889 2186 3954 2,
2221 3905 2340 3959 pag.
2388 3888 2540 3956 564).
2590 3888 2948 3958 Hieronymus
2973 3889 3135 3943 etiam
3175 3890 3226 3942 in
3256 3888 3371 3942 haec
3411 3889 3566 3945 Οεθίθ
3592 3906 3714 3945 vcr-

2119 3985 2180 4038 ba
2209 4001 2220 4035 :
2257 4001 2275 4033 ι
2312 3981 2589 4036 lmmolate
2619 3981 2881 4045 homines,
2907 3980 3101 4034 vitulos
3126 3980 3412 4036 adorantes
3449 4001 3467 4032 ι
3497 3983 3710 4052 (Hiero~

2116 4091 2262 4145 nym.
2309 4076 2360 4126 in
2391 4072 2536 4126 Osca:
2561 4087 2682 4142 cap.
2715 4088 2826 4137 xui,
2859 4068 2939 4142 2),
2973 4070 3186 4138 scripsit
3215 4089 3229 4125 :
3265 4072 3400 4128 «Pro
3453 4089 3519 4128 eo
3566 4077 3707 4144 quod

2110 4168 2260 4238 juxta
2299 4166 2680 4239 Symmachum
2730 4175 2784 4219 et
2827 4163 3254 4219 Theodotionem
3301 4166 3559 4221 vertimus
3583 4167 3714 4222 ado-

2115 4272 2316 4329 rantes,
2347 4261 2538 4330 Aquila
2571 4261 2947 4329 interpretatus
2968 4267 3069 4324 est,
3107 4266 3491 4332 καταφιλοῦντες,
3523 4260 3575 4315 id
3605 4271 3709 4322 est,

2113 4357 2508 4412 deosculantes.
2555 4356 2654 4422 Qui
2703 4355 2844 4410 enim
2885 4354 3145 4420 adorant,
3200 4355 3375 4409 solent
3409 4354 3712 4410 deosculari

2116 4465 2332 4504 manum
2363 4463 2539 4515 suam,
2573 4448 2711 4518 quod
2743 4447 2845 4502 Job
2872 4446 3062 4502 fecisse
3092 4455 3248 4517 negat
3271 4447 3491 4503 dicens:
3522 4447 3576 4504 Si
3601 4445 3711 4502 vidi

2113 4541 2350 4595 Solem...
2392 4541 2435 4594 si
2465 4541 2736 4596 osculatus
2781 4553 2919 4603 sum,
2970 4555 3185 4594 manum
3220 4555 3392 4594 meam
3429 4555 3710 4610 apponens

412 4657 514 4706 nm,
550 4643 736 4711 inquit,
771 4643 991 4698 deorum
1025 4644 1195 4698 honos
1226 4655 1396 4710 erant,
1441 4655 1491 4699 et
1520 4645 1732 4700 Larium
1765 4647 2004 4715 publico-

2131 4633 2193 4688 iri
2225 4649 2366 4700 meo,
2396 4629 2577 4688 ethoc
2607 4632 2735 4687 mihi
2762 4633 2828 4687 ad
2857 4634 3190 4704 iniquitatem
3214 4644 3490 4704 reputetur
3518 4655 3536 4687 ›
3565 4635 3706 4708 (Jobi

411 4752 554 4802 rmn,
598 4739 1049 4809 privatorumque,
1095 4756 1156 4794 ac
1196 4739 1625 4809 sepulchrorum,
1673 4753 1725 4795 et
1770 4741 2002 4796 Manium

413 4833 787 4900 (Apuleius,lib
835 4833 1252 4904 ttIMetnmorp/t.
1282 4836 1433 4902 paulo
1459 4845 1575 4888 ante
1591 4836 1712 4903 ﬁn.;
1745 4834 1883 4889 Plin.
1913 4835 2002 4890 lib.

412 4942 499 4979 xvr
532 4922 720 4980 Nolur.
748 4925 886 4980 Hist.
906 4944 1019 4997 cap.
1040 4927 1110 4993 4;
1136 4944 1254 4998 pag.
1287 4925 1486 4998 227).»
1525 4927 1759 4997 Denique
1792 4937 1846 4982 ut
1876 4928 2006 4982 Ter-

411 5018 821 5088 tulliantnn,'qui
850 5020 915 5074 de
942 5019 1150 5073 Corona
1180 5019 1372 5074 librum
1403 5020 1585 5084 edidit,
1615 5031 1668 5073 et
1693 5020 1825 5073 alios
1852 5035 2003 5074 com-

411 5111 588 5179 plures
645 5111 840 5166 missos
885 5112 1136 5167 iaciamus
1168 5130 1180 5178 ;
1215 5112 1435 5167 Ovidius
1482 5111 1548 5167 de
1601 5111 1700 5167 deo
1750 5109 2005 5167 Termino

409 5204 520 5257 haec
543 5205 754 5258 cmcinit
781 5223 792 5259 ;

500 5297 698 5363 'l‘c_duo
721 5297 919 5348 diversa
944 5299 1123 5349 domini
1147 5301 1208 5348 de
1228 5307 1370 5363 parte
1406 5306 1658 5358 coronant,

560 5359 784 5422 Biuaque
800 5370 934 5412 serta
952 5363 1058 5422 tibi,
1085 5359 1297 5426 binaque
1319 5372 1443 5413 dona
1470 5364 1651 5414 ferunt.

729 5447 738 5474 '
1075 5447 1264 5508 (Ovid.,
1285 5449 1318 5496 l.
1346 5464 1395 5507 ιι,
1423 5447 1624 5509 Fasl.,§
1654 5447 1754 5510 l7.)

476 5545 607 5602 Tale
638 5547 797 5618 igitur
823 5559 938 5606 erat
958 5553 1230 5620 Serapidis
1250 5554 1614 5617 simulacrum,
1652 5571 1670 5603 ι
1701 5568 1807 5624 quo
1833 5552 2001 5607 deno-

409 5646 570 5703 tata,»
625 5640 889 5710 Caecilius,
913 5647 984 5699 uti
1010 5648 1082 5699 ait
1114 5647 1393 5710 Minucius,
1433 5663 1678 5701 «manum
1712 5645 1790 5700 ori
1823 5647 2008 5702 admo-

409 5745 558 5795 vens,
610 5736 846 5789 osculum
899 5737 1050 5791 labiis
1097 5743 1307 5806 pressit,
1358 5760 1375 5792 ι
1411 5741 1460 5794 id
1518 5740 2006 5805 est,Ethnicornm

406 5823 509 5878 ritu
547 5837 830 5883 veneratus
865 5838 947 5884 est
975 5839 1023 5883 ιιι
1077 5832 1337 5888 adoravit.
1398 5833 1590 5888 Verum
1617 5842 1672 5889 ut
1702 5837 1802 5891 hoc
1836 5836 2007 5891 mani-

2109 4743 2228 4796 cap.
2275 4743 2420 4794 χχιιι,
2467 4726 2571 4790 27ς
2624 4725 2956 4796 Hieronym.,
2997 4726 3089 4779 lib.
3121 4741 3156 4778 ι.
3189 4727 3305 4779 adv.
3349 4725 3550 4792 Ilu/in.,
3585 4743 3707 4798 pag.

2110 4823 2258 4892 571).
2310 4822 2428 4876 Alia
2481 4821 2561 4876 his
2609 4821 2765 4890 plane
2810 4819 2996 4873 similia
3045 4819 3183 4889 apud
3211 4835 3330 4874 eum
3363 4831 3417 4874 et
3443 4821 3578 4875 alios
3622 4836 3705 4876 sa-

2110 4931 2216 4969 crm
2246 4915 2536 4986 Scriptura:
2577 4915 2895 4984 interpretes
2919 4915 2970 4966 in
3001 4913 3156 4968 citata
3185 4913 3301 4968 Jobi
3333 4914 3494 4968 verba
3527 4916 3706 4986 legere

2112 5009 2330 5077 poteris.

2186 5100 2275 5152 llis
2307 5114 2464 5168 porro
2502 5100 2572 5152 ita
2622 5097 2931 5160 observatis,
2968 5095 3339 5167 inquirendum
3391 5107 3472 5152 est
3501 5097 3618 5167 quis
3640 5099 3710 5152 sit

2110 5191 2354 5244 Auctoris
2387 5191 2554 5244 nostri
2581 5205 2789 5256 sensus,
2823 5192 2890 5244 de
2937 5205 3042 5259 quo
3084 5205 3188 5243 non
3219 5190 3433 5243 minima
3461 5202 3540 5244 est
3567 5191 3708 5245 inter

2109 5284 2349 5338 celebres
2389 5283 2524 5337 duos
2569 5284 2739 5337 aetatis
2780 5293 2978 5338 nostra:
3034 5291 3323 5350 scriptores
3376 5282 3612 5352 Lipsium
3649 5295 3707 5337 et

2109 5375 2428 5431 Salmasium
2475 5375 2809 5444 disceptatio.
2873 5375 3024 5429 Prior
3078 5375 3352 5430 enimvero
3395 5385 3583 5431 censet
3628 5376 3705 5429 sic

2110 5483 2228 5523 esse
2257 5466 2596 5537 intelligenda
2623 5466 2779 5520 citata
2801 5481 2829 5519 a
2865 5466 3016 5520 nobis
3042 5466 3185 5519 illius
3216 5466 3377 5520 verba
3402 5484 3415 5529 ;
3457 5475 3514 5520 Ill.
3537 5463 3706 5520 Caeci-

2109 5560 2208 5614 lius
2242 5575 2456 5614 manum
2502 5574 2688 5614 versus
2728 5558 2998 5629 Serapidis
3044 5559 3388 5613 simulacrum
3437 5559 3582 5628 prius
3611 5574 3708 5613 ειη

2111 5652 2362 5719 tenderit,
2393 5667 2618 5722 eamque
2649 5651 2860 5718 deinde,
2895 5661 3160 5722 tamquam
3188 5666 3254 5705 ex
3283 5651 3550 5704 simulacri
3577 5665 3705 5705 con-

2113 5755 2254 5801 tactu
2286 5745 2553 5814 expiatam
2584 5745 2854 5799 osculatus
2881 5744 2968 5799 sit.
3024 5741 3220 5799 COntra
3259 5759 3388 5798 vero
3416 5741 3708 5797 Salmasius

2113 5839 2386 5897 contendit
2426 5838 2610 5895 iisdem
2650 5837 2863 5896 Minucii
2910 5837 3083 5896 verbis
3119 5836 3402 5910 signiﬁcari
3440 5835 3709 5892 Caecilium
