4242 6222
542 255 637 308 631

1825 253 1910 308 liE
1951 251 2145 310 MINU

2251 249 2540 308 OCTAVIO
3746 257 3853 313 63?.

540 391 637 445 pro
677 375 950 443 gentilium
996 388 1142 430 more
1191 385 1344 428 antea
1403 375 1698 429 osculatam
1758 389 1876 428 esse
1923 389 2136 428 manum
2165 379 2218 439 Α
2245 373 2295 426 in
2327 372 2425 427 hac
2451 373 2827 444 mysteriorum
2851 373 3212 430 celebratione
3237 375 3305 430 de
3323 375 3425 430 diis
3451 380 3565 431 suis
3592 377 3852 434 exhibere

540 483 716 532 suam,
746 484 806 523 ac
826 485 942 522 eam
976 479 1155 538 postea
1185 483 1368 524 versus
1395 470 1760 534 simulacrum,
1792 467 1933 537 quod
1956 467 2147 522 adora—

537 559 665 626 bat,
723 563 1044 630 porrexisse.
1085 562 1273 617 Plures
1334 571 1510 615 autem
1567 563 1618 615 iit
1672 561 1833 631 Lipsii
1889 561 2142 614 inclinant

538 655 855 708 sententiam
884 664 936 707 et
967 654 1393 721 explicatimiem.
1465 654 1598 721 Quid
1642 669 1800 717 vero,
1857 653 1898 705 si
1943 652 2151 706 dicatur

539 746 624 798 liis
655 746 862 800 Minucii
894 747 1066 800 verbis
1092 746 1349 800 declarari
1396 746 1665 800 Caecilium
1713 755 1767 799 et
1815 761 2030 799 manum
2059 744 2151 798 ad-

538 841 772 893 movisse
796 841 872 892 ori
903 856 1019 901 suo,
1050 851 1101 893 et
1131 839 1403 908 Serapidis
1432 841 1720 893 simulacro
1742 839 1955 894 dedisse
1994 853 2151 893 oscu-

541 934 690 984 lum?
737 930 993 985 Solebant
1019 931 1158 984 enim
1191 931 1437 1000 gentiles,
1480 930 1550 983 uti
1594 945 1656 984 es
1704 930 1863 999 paulo
1891 938 2046 983 antea
2076 931 2149 984 ei-

543 1033 656 1078 tato
700 1025 957 1079 Cicerone
1002 1024 1266 1090 vidimus,
1323 1024 1544 1078 deorum
1601 1038 1819 1078 suorum
1869 1024 2150 1077 simulacra

539 1118 790 1171 oculari.
849 1117 1104 1185 Expende
1170 1126 1343 1170 tamen
1375 1116 1596 1184 singula,
1647 1126 1699 1169 et
1726 1118 1776 1169 in
1809 1131 1947 1181 eam,
1984 1130 2144 1186 quam

549 1209 966 1278 piobabiliorem
1004 1209 1288 1275 judicabis,
1343 1209 1505 1261 abeas
1547 1209 1888 1272 sententiam,
1930 1223 2025 1276 per
2047 1222 2148 1260 nos

545 1316 763 1369 semper
788 1301 983 1354 licebit.
1021 1299 1092 1353 De
1121 1300 1220 1352 hoe
1246 1314 1409 1368 porro
1435 1299 1715 1353 simulacra
1752 1298 2005 1353 adorandi
2035 1313 2146 1351 mo-

554 1410 611 1446 re
645 1393 804 1446 inulta
837 1393 1169 1457 Dii-senius,
1208 1393 1468 1461 adquem
1515 1400 1564 1446 te
1595 1392 1786 1457 petitis,
1819 1406 1974 1460 quam
2000 1390 2146 1459 p!ura

545 1504 596 1541 ιιι
649 1504 760 1541 rem
794 1490 924 1541 Salis
967 1487 1231 1556 cognitam
1268 1488 1604 1553 congerenda
1645 1501 1797 1551 esse,
1832 1485 2148 1540 mittendum

551 1581 806 1633 duximus
837 1579 1100 1650 (Brisson.
1124 1579 1212 1632 lib.
1254 1595 1290 1632 ιι
1319 1578 1380 1630 de
1403 1577 1581 1632 Form.
1603 1593 1722 1647 pag.
1742 1578 1848 1632 841)
1878 1586 1930 1631 et
1951 1577 2145 1646 Seqq.).

617 1670 838 1723 Demum
869 1685 964 1738 pro
994 1680 1144 1723 certo
1174 1670 1388 1740 quidam
1422 1679 1623 1738 ponunt
1648 1678 1886 1723 notatum
1919 1685 1947 1722 a
1979 1668 2150 1722 Mittit-

2251 464 2516 520 solebant.
2563 465 2944 521 Verumtamen
2991 467 3252 522 Minucius
3309 479 3492 523 noster
3525 468 3650 524 illml
3684 469 3849 524 variis

2250 556 2511 626 exemplis
2541 556 2940 612 evidentissime
2966 558 3219 614 Ostendit.

2324 649 2403 703 Ab
2435 649 2588 703 Isidis
2615 662 2794 706 autem
2825 655 2995 707 sacris
3023 654 3102 708 sic
3135 653 3223 708 ille
3253 653 3472 724 incipit:
3513 654 3640 708 ilsis
3669 654 3854 724 perdi-

2253 749 2361 793 tum
2396 740 2562 794 filium
2589 756 2709 796 cum
2749 742 3132 814 Cynocephalo
3157 759 3277 808 suo,
3323 755 3379 799 et
3407 746 3573 800 calvis
3600 746 3855 802 sacerdo-

2252 833 2392 888 tibus
2437 835 2598 904 luget,
2648 836 2867 906 plangit,
2919 837 3170 908 inquirit;
3229 849 3285 893 et
3327 837 3483 894 Isiaci
3535 839 3715 894 miseri
3745 853 3853 894 c.12—

2252 923 2382 978 dunt
2412 939 2651 994 pectora,
2680 936 2733 980 et
2755 928 2995 982 dolorem
3027 928 3405 984 infelicissima:
3430 931 3616 986 matris
3642 931 3856 985 imitan-

2254 1027 2356 1070 tur.
2393 1017 2510 1071 Mox
2537 1020 2770 1082 invento,
2829 1021 3024 1090 gaudet
3071 1022 3187 1087 Isis,
3236 1023 3478 1076 exultant
3520 1023 3849 1088 sacerdotes,

2251 1107 2662 1178 Cynocephalus
2684 1112 2929 1167 inventor
2950 1114 3228 1184 gloriatur.
3286 1114 3393 1170 Nec
3419 1115 3673 1171 desinunt
3701 1118 3854 1172 annis

2252 1203 2498 1257 omnibus
2531 1205 2610 1258 vel
2647 1205 2890 1274 perdere,
2940 1205 3080 1274 quod
3123 1207 3432 1271 inveniunt;
3464 1209 3547 1262 vel
3585 1209 3852 1278 invenire,

2251 1293 2392 1362 quin]
2449 1294 2697 1363 perdunt.
2739 1318 2754 1348 ι
2791 1299 2832 1350 Α
2885 1297 3161 1353 Lactantio
3209 1309 3387 1354 autem
3440 1300 3555 1355 base
3583 1304 3856 1358 saera'sic

2252 1385 2363 1440 (Ιοει
2384 1386 2662 1442 ribuntur:
2696 1409 2713 1438 ‹
2762 1389 2917 1444 Isidis
2951 1389 3200 1460 Egyptia
3225 1407 3379 1445 sacra
3410 1403 3557 1460 sunt,
3591 1404 3855 1463 quatenus

2253 1477 2418 1532 lilium
2469 1480 2747 1548 parvulum
2781 1481 2863 1535 vel
2910 1481 3221 1551 perdiderit,
3258 1483 3341 1537 vel
3380 1483 3668 1540 invenerit.
3722 1485 3856 1540 Nam

2254 1573 2426 1640 primo
2479 1571 2806 1638 Sacerdotes,
2864 1571 3177 1643 di-glalirato
3225 1588 3475 1644 corpore,
3531 1591 3624 1631 sua
3673 1586 3858 1647 pecto-

2253 1679 2309 1717 ra
2359 1665 2606 1728 tumluut,
2660 1665 3055 1730 lamentantur,
3109 1667 3250 1721 sicut
3315 1667 3449 1736 ipsa,
3499 1683 3622 1723 cum
3681 1668 3858 1738 perdi-

546 1761 630 1814 eio
656 1761 932 1830 Serapidis
957 1761 1304 1815 simulacrum
1353 1760 1518 1816 fuisse
1571 1761 1875 1825 tertninale,
1908 1760 2022 1814 sive
2053 1775 2149 1829 pro
2181 1772 2227 1831 Β
2255 1755 2354 1824 dit,
2391 1757 2608 1813 fecerat.
2643 1758 2842 1814 Deinde
2866 1776 2996 1829 puer
3023 1760 3356 1830 producitur,
3397 1762 3548 1831 quasi
3575 1762 3855 1828 iuventus;

541 1853 644 1908 deo
672 1852 928 1907 Termino
972 1855 1224 1922 positum.
1298 1853 1486 1908 Nonne
1513 1864 1690 1907 autem
1723 1869 1909 1907 eorum
1962 1853 2148 1922 opinio

539 1947 624 2002 bis
654 1945 960 2000 confirmari
994 1956 1167 2017 potest
1204 1946 1401 2000 Tibulli
1431 1946 1676 2001 versibus
1705 1964 1716 1996 :

631 2066 752 2114 Nam
779 2081 1008 2124 veneror,
1037 2079 1128 2114 seu
1150 2068 1305 2126 stipes
1339 2067 1490 2116 habet
1513 2065 1746 2114 desertus
1769 2067 1816 2113 in
1837 2066 1988 2126 agris,

776 2129 878 2178 Seu
906 2137 1051 2178 vetus
1071 2130 1116 2176 iu
1144 2130 1286 2178 trivio
1312 2131 1479 2177 florida
1503 2136 1637 2195 serta
1656 2128 1797 2190 lapis.

1261 2215 1486 2277 (Tibull,
1514 2217 1547 2263 ι.
1583 2233 1615 2274 ι,
1645 2215 1800 2280 Eleg.,
1822 2215 1892 2279 ι.)

543 2302 946 2365 Verumtamen,
978 2311 1036 2356 ut
1061 2317 1246 2356 verum
1281 2303 1560 2366 fateamur,
1592 2301 1745 2355 nobis
1775 2302 1825 2354 bi
1855 2301 2004 2355 facile
2039 2317 2142 2355 non

540 2392 938 2464 persuadebtmt
963 2393 1088 2446 illud
1119 2403 1222 2445 tam
1240 2403 1390 2447 certo
1423 2408 1580 2462 posse
1606 2409 1671 2447 ex
1696 2394 1947 2448 Auctoris
1974 2394 2143 2448 nostri

543 2489 717 2543 verbis
749 2489 941 2556 colligi.
995 2489 1068 2541 Ibi
1115 2490 1252 2541 enin
1313 2488 1399 2542 ille
1453 2489 1591 2542 haud
1610 2488 1837 2542 obscure
1883 2489 2145 2560 significat

541 2580 646 2634 hoc
672 2581 1015 2634 simulacrum
1044 2594 1148 2632 non
1181 2581 1232 2632 in
1273 2581 1432 2650 agi-is,
1472 2580 1564 2633 sed
1593 2582 1730 2634 circa
1766 2579 1994 2634 mediam
2032 2582 2143 2634 col-

547 2672 785 2725 locatum
820 2669 983 2724 fuisse
1013 2670 1158 2724 urbis
1181 2669 1342 2725 Ostia:
1375 2681 1604 2740 partem,
1661 2688 1779 2741 quas
1812 2673 1956 2726 littus
1981 2673 2141 2726 maris

541 2762 875 2834 respiciebat.
921 2762 1172 2831 Quamvis
1203 2779 1328 2832 ergo
1359 2764 1428 2818 ibi
1478 2765 1686 2818 trivium
1721 2764 1926 2825 fuisset.
1970 2764 2141 2819 Minu-

539 2856 653 2909 cius
690 2865 862 2908 tamen
894 2855 1019 2909 illud
1053 2871 1158 2910 non
1188 2855 1444 2910 Termini.
1495 2857 1588 2910 sed
1629 2856 1900 2926 Serapidis
1922 2858 2138 2911 simula—

543 2971 584 2994 m
606 2963 689 2998 um
717 2948 1024 3002 nominatim
1053 2948 1330 3015 appellavit
1383 2954 1440 3000 .‘lt
1475 2949 1538 2997 de.
1574 2949 1650 2999 bis
1683 2950 1903 3001 aliorum
1927 2951 2139 3014 Nlo-ju—

542 3041 753 3091 tili'llllll.
797 3040 980 3108 Deﬁcit
1006 3054 1178 3093 autem
1203 3040 1454 3095 'I‘i't'tnittu
1478 3045 1611 3095 alim
1643 3045 1813 3095 .‘Itlillit‘
1846 3046 2029 3111 agendi
2057 3049 2135 3096 lo-

544 3151 630 3175 i"l~
655 3131 1024 3182 titilllstlulti-‘ltt'
1045 3133 1265 3194 {Ui-$40!!
1321 3134 1648 3188 ltll.-0.tu:t'..
1678 3155 1790 3198 μηδ’.

1131 3303 1144 3338 t
1196 3295 1301 3346 li'l.
1320 3296 1354 3343 'I'
1395 3295 1425 3345 .\
1447 3296 1554 3346 Ml.

549 3407 564 3437 ι’
585 3404 874 3440 ΧΙῚὶλυΓιι-Ιὶ
918 3402 1110 3441 ιιικυέιξ
1147 3402 1525 3450 λιιιιωιικειωι,
1553 3403 1652 3446 ovo
1687 3407 1698 3437 I
1727 3404 1750 3438 κ
1793 3403 1969 3440 ηαδ
1996 3405 2136 3450 mw,

613 3495 731 3542 υυέΕ
757 3497 966 3534 ETIINICI
997 3498 1042 3533 IN
1073 3497 1282 3535 [ιιῑοιιιίι
1315 3496 1522 3534 δυοιιωι
1573 3497 1820 3537 IIONORESI
1872 3497 2142 3535 CELEBRA-

549 3557 560 3566 .
616 3590 772 3637 ΙιΑΝΤ,
809 3589 1086 3627 MYSTERIIS
1115 3588 1289 3640 ATQQl-l
1323 3588 1500 3628 FESTIS
1523 3615 1535 3637 ,
1565 3589 1710 3629 II.LOS
1740 3589 1842 3629 NON
1881 3590 2143 3630 EXISTI-IIIE

617 3681 831 3720 Αιςσςιιιτ.

1083 3776 1372 3816 ARTICULUS
1395 3776 1602 3816 PRIMUS.

546 3874 624 3930 De
652 3874 811 3931 Isidis
838 3879 995 3931 sacris
1021 3887 1066 3930 et
1096 3877 1368 3946 mysteriis,
1402 3877 1582 3944 quibus
1606 3877 1698 3930 illa
1730 3878 1893 3945 [ilium
1921 3888 2008 3930 aut
2036 3894 2145 3931 ma-

614 3971 767 4023 ritum
797 3987 943 4024 suum
975 3971 1228 4040 perdituri:
1258 3986 1370 4023 cum
1417 3968 1781 4040 Cynocephalo
1811 3985 2055 4039 qurerere,
2099 3981 2146 4023 et

538 4093 544 4108 ι
627 4083 686 4120 eo
731 4067 951 4130 invento,
1001 4067 1225 4136 gaudere
1255 4064 1535 4135 ﬁngebatur
1566 4081 1579 4115 :
1608 4080 1757 4131 (luam
1797 4063 2015 4116 ridicula
2059 4061 2146 4113 Ito-

611 4174 728 4211 rum
755 4157 1106 4226 mysteriorum
1126 4155 1189 4209 ab
1213 4153 1478 4225 Egyptiis
1499 4154 1567 4205 nd
1585 4153 1843 4207 Romanos
1872 4154 2143 4206 transmis-

538 4254 540 4256 ⁷
611 4265 784 4302 sarum
816 4265 1021 4318 pompa.
1045 4258 1091 4300 et
1113 4263 1264 4314 quam
1288 4246 1514 4298 validum
1534 4254 1709 4298 contra
1732 4243 2008 4298 Gentilium
2027 4245 2145 4298 deos

539 4343 554 4408 ἱ
615 4349 968 4410 argmncntum
988 4340 1104 4392 inde
1127 4339 1424 4391 deducatur.

617 4453 870 4519 Quamvis
900 4451 1165 4505 celebrata
1194 4451 1259 4504 ab
1295 4451 1536 4505 Etlinicis
1563 4450 1786 4505 deorum
1818 4466 2039 4516 suorum
2073 4453 2146 4508 fe-

1820 3138 2023 3198 .3-3,:irt.
2058 3142 2133 3188 :51.
2167 3169 2204 3198 ,-

2255 1857 2310 1903 et
2361 1847 2412 1903 in
2461 1851 2700 1905 laetitiam
2750 1854 2925 1906 luctus
2953 1852 3040 1907 ille
3071 1863 3328 1906 mutatur.
3382 1851 3510 1906 Ideo
3563 1851 3854 1908 Lucanus:

2520 2005 2529 2014 .
2596 1949 2973 2033 Numquamque
2998 1973 3119 2020 satis
3147 1975 3383 2034 Qtitesitus
3404 1974 3582 2032 Osiris,

2250 2075 2477 2148 Semper
2498 2083 2641 2136 enim
2668 2080 2920 2150 perdunt,
2941 2094 2998 2137 et
3027 2097 3241 2152 semper
3271 2083 3570 2139 inveniunt.
3606 2084 3859 2141 Refertur

2250 2183 2381 2238 ergo
2424 2171 2473 2224 in
2515 2174 2683 2226 sacris
2709 2173 2885 2242 imago
2914 2174 3013 2238 rei,
3064 2190 3182 2243 qute
3236 2190 3359 2230 vere
3382 2185 3528 2246 gesta
3587 2187 3688 2243 est,
3733 2195 3856 2249 qua:

2252 2261 2511 2330 profecto,
2542 2265 2586 2319 si
2615 2265 2741 2336 quid
2777 2268 3034 2336 sapimus,
3083 2267 3320 2323 declarat
3349 2271 3626 2327 mortalem
3661 2276 3858 2331 mulie-

2251 2371 2364 2410 rem
2412 2356 2597 2421 fuisse,
2639 2375 2701 2414 ac
2733 2375 2867 2429 pene
2913 2363 3122 2428 orbam,
3155 2363 3254 2418 nisi
3285 2366 3499 2420 unicum
3528 2368 3813 2438 reperisset
3837 2391 3855 2421 ι

2251 2449 2516 2522 (Lactant.
2552 2453 2644 2507 lib.
2680 2472 2716 2520 i,
2746 2470 2863 2525 cap.
2888 2457 2980 2523 21,
3013 2473 3129 2527 pag.
3171 2459 3286 2511 H7.
3335 2470 3390 2514 et
3444 2464 3648 2534 seqq.).
3677 2465 3745 2518 At
3789 2465 3857 2519 ibi

2248 2555 2339 2600 aut
2352 2546 2657 2602 Lactantius
2674 2559 2766 2605 aut
2780 2551 3025 2606 librarius
3038 2557 3256 2608 erravit.
3277 2554 3392 2611 Non
3410 2557 3608 2613 Lucani
3622 2559 3764 2614 enim
3778 2570 3861 2615 est

2249 2637 2441 2692 citatus
2463 2639 2634 2694 abillo
2666 2657 2870 2707 versus,
2906 2643 2998 2698 sed
3015 2643 3186 2698 Ovidii
3219 2645 3332 2717 (lib.
3357 2663 3406 2701 ix
3439 2647 3652 2702 Metam.
3674 2649 3858 2722 [(10.8)

2247 2730 2334 2798 qui
2360 2733 2506 2798 plura
2523 2747 2552 2784 a
2570 2731 2800 2787 Minucio
2826 2743 3031 2797 nostro,
3057 2748 3109 2790 et
3130 2737 3322 2791 eodem
3351 2738 3627 2794 Laetantio
3649 2756 3858 2796 memo-

2246 2830 2360 2876 rata
2385 2825 2708 2881 decantavit.
2756 2830 2825 2881 At
2851 2828 3124 2885 Lucanum
3153 2832 3198 2886 si
3237 2833 3405 2890 citare
3436 2835 3689 2892 voluisset
3722 2837 3858 2893 Lac-

2249 2917 2463 2975 tantius.
2496 2935 2542 2982 pi
2568 2929 2698 2972 terat
2728 2924 2905 2991 utique
2940 2925 3071 2982 lure.
3110 2941 3226 2992 «pro
3258 2944 3360 2982 non
3394 2946 3578 2996 parum
3607 2931 3674 2984 ad
3705 2947 3856 2996 argui-

2248 3020 2481 3062 mentum
2529 3029 2676 3065 suum
2717 3018 2948 3079 tui-inut,
3009 3021 3055 3068 in
3127 3021 3356 3073 turiiiuut
3421 3026 3654 3090 proferre
3720 3028 3854 3078 illius

2245 3125 2477 3160 tiil‘mlltit
2519 3128 2528 3158 .'

2381 3231 2471 3275 Vos
2503 3232 2545 3276 iu
2569 3234 2751 3289 templa
2781 3243 2908 3281 tuam
2940 3234 3150 3282 Humana
3180 3238 3453 3293 m‘i‘einlttizis
3484 3235 3608 3284 Lini,

2380 3293 2735 3356 jeniideotaiue
2755 3308 2920 3344 canes.
2948 3307 2997 3344 et
3022 3300 3163 3345 sistra
3186 3295 3411 3354 iubentia
3443 3297 3618 3344 luctus.

2381 3353 2430 3400 lit
2461 3368 2606 3414 quem
2636 3353 2685 3405 tu
2728 3359 2984 3419 plangens,
3019 3359 3268 3406 hominem
3291 3360 3490 3408 ιρςωιὶδ

2687 3443 2910 3505 (I.ueau.,
2936 3442 2970 3488 I.
3001 3456 3078 3490 \'IlI
3106 3438 3357 3501 Pharsal.,
3388 3442 3470 3490 cit.
3499 3440 3602 3504 lin.)

2249 3547 2564 3603 Conlirmari
2613 3558 2788 3602 autem
2847 3551 2959 3603 luce
3007 3551 3183 3604 omnia
3231 3561 3454 3620 possunt
3503 3565 3602 3603 non
3660 3548 3841 3603 solum

2252 3639 2543 3711 Theophili
2596 3643 2937 3710 Antiocheni,
2980 3654 3033 3699 et
3073 3644 3292 3699 Senecae
3316 3646 3383 3698 ab
3420 3646 3713 3714 Augustino
3741 3645 3855 3699 lati-

2249 3735 2358 3788 dati
2407 3737 2732 3802 testimonio,
2782 3736 2877 3792 sed
2907 3736 3033 3790 .Iulii
3061 3737 3222 3792 etiam
3257 3735 3492 3800 Firmiei,
3529 3736 3617 3806 qui
3663 3735 3852 3790 eadem

2252 3827 2406 3882 Isidis
2436 3831 2690 3900 mysteria
2717 3830 2798 3885 sic
2828 3829 3062 3884 breviter
3087 3830 3314 3899 explicat
3341 3848 3352 3884 :
3392 3848 3408 3879 ι
3452 3829 3576 3883 llmc
3605 3839 3685 3882 est
3708 3826 3861 3882 Isiaci

2250 3920 2389 3976 sacri
2417 3938 2642 3975 summa.
2701 3922 2756 3976 Iit
2787 3921 2960 3993 adytis
2988 3922 3184 3976 habent
3207 3921 3403 3976 idolum
3432 3922 3660 3975 Osiridis
3683 3921 3857 3990 sepul-

2253 4021 2396 4076 tum;
2432 4013 2533 4067 hoc
2579 4014 2775 4067 annuis
2820 4014 3051 4068 luctibus
3099 4015 3376 4084 plangunt,
3431 4013 3624 4067 radunt
3653 4013 3852 4081 capita:

2255 4117 2316 4161 ut
2363 4106 2727 4161 miserandmn
2761 4122 2941 4162 casum
2991 4109 3128 4177 regis
3168 4107 3271 4171 sui,
3317 4106 3649 4174 turpitudine
3689 4104 3856 4159 deho-

2252 4199 2447 4253 nestati
2480 4197 2716 4253 deﬂeant
2734 4199 2942 4268 capitis,
2975 4200 3417 4268 tunduntpectus,
3439 4199 3676 4254 lacerant
3693 4200 3858 4251 lacer-

2257 4302 2362 4356 tos,
2409 4300 2650 4346 veterum
2687 4292 2965 4346 vulnerum
2995 4301 3239 4346 resecutit
3263 4292 3559 4357 cicatrices,
3585 4302 3640 4344 ιιι
3667 4293 3858 4345 annuis

2252 4385 2485 4441 luctibus
2514 4387 2567 4440 in
2592 4386 2785 4440 animis
2805 4401 2992 4440 eorum
3027 4386 3251 4440 funesta!
3275 4397 3335 4436 ac
3355 4384 3675 4439 miserandze
3705 4385 3854 4438 necis

2251 4478 2470 4531 exitium
2517 4487 2828 4532 renascatur
2865 4495 2876 4531 :
2907 4487 2959 4530 et
2985 4491 3105 4531 cum
3145 4478 3260 4533 lucc
3289 4477 3455 4532 certis
3485 4475 3677 4530 dielms
3709 4474 3850 4528 fece-

545 4557 627 4602 ⁵¹³
663 4558 716 4602 οι
756 4547 1008 4640 ηιὶέιθνῆδ
1051 4546 1386 4640 ιιιθίιίῖεεῖθίῖῖ
1419 4545 1669 4600 omnm“
1718 4545 1892 4600 facere
1932 4545 2144 4601 debuis'
2171 4559 2224 4619 D
2252 4569 2377 4635 rint,
2407 4579 2532 4624 tunc
2559 4570 2761 4638 lingunt
2807 4584 2867 4624 se
2897 4569 3115 4624 lacerati
3145 4570 3388 4640 corporis
3419 4570 3674 4638 reliquias
3704 4583 3855 4638 repe-

546 4648 671 4695 sent
706 4654 884 4694 veram
929 4639 1140 4692 illorum
1186 4639 1556 4705 divinitatem;
1600 4655 1663 4695 ex
1715 4640 1779 4694 iis
1811 4650 1987 4695 tamen
2019 4642 2148 4710 ipsis

547 4732 808 4788 Minucius
850 4731 1184 4787 demonstrat
1236 4732 1378 4786 illam
1436 4734 1646 4804 penitus
1697 4732 1882 4788 falsam
1932 4748 2054 4790 esse
2095 4742 2151 4788 et

546 4827 1010 4881 commen'itiam:
1057 4845 1074 4877 ‹
1111 4825 1425 4890 Considera,
1473 4827 1660 4897 inquit,
1722 4842 1871 4881 sacra
1913 4826 2049 4896 ipsa.
2095 4836 2150 4882 et

547 4923 662 4990 ipsa
695 4921 968 4992 mysteria,
1002 4921 1240 4975 invenies
1267 4921 1440 4975 exitus
1468 4920 1666 4985 tristes,
1701 4920 1828 4979 fata.
1855 4929 1909 4975 et
1939 4921 2148 4987 funera,

545 5027 601 5072 et
627 5018 821 5082 luctus,
856 5025 1016 5084 atque
1044 5015 1290 5085 planctus
1337 5013 1656 5068 miserorum
1695 5013 1938 5070 deorum.
1976 5035 1994 5067 ι
2035 5014 2150 5082 Qua

543 5123 675 5178 ergo
723 5107 964 5162 emcitate
1005 5106 1234 5176 perculsi
1281 5105 1491 5162 fuerunt
1523 5105 1762 5163 infelices
1799 5106 2050 5174 Ethnici,
2095 5119 2154 5163 ut

539 5216 636 5254 eos
682 5214 778 5268 pro
811 5199 912 5254 diis
954 5196 1242 5262 baberent,
1286 5197 1542 5252 colerent.
1587 5208 1640 5252 et
1663 5199 1968 5266 adorarent,
2012 5216 2146 5271 quos

541 5292 672 5359 ipsis
695 5289 1000 5344 hominibus
1029 5288 1340 5345 miseriores
1390 5289 1613 5360 singulis
1663 5293 1820 5345 annis
1846 5306 2143 5361 repraesen-

540 5383 722 5442 abant,
758 5382 1131 5452 zingebatthue
1181 5383 1356 5437 exitus
1387 5396 1533 5447 suos,
1587 5383 1716 5449 fata,
1749 5400 1809 5439 ac
1841 5382 2028 5440 funera
2063 5387 2146 5440 Iu-

538 5488 665 5543 gere
692 5486 737 5527 et
766 5473 1045 5528 lamentari
1070 5475 1092 5526 ’ἶ
1137 5474 1413 5530 Miraberis
1439 5474 1682 5538 forsitan,
1715 5492 1776 5531 ac
1800 5479 1882 5531 vix
1909 5479 2144 5545 tandem,

540 5574 679 5618 etne
711 5566 792 5618 vix
827 5566 1040 5636 quidem
1077 5563 1168 5620 tibi
1196 5566 1506 5643 persuaderi
1551 5567 1693 5622 sines
1743 5577 1946 5625 tantam
1976 5573 2145 5640 genti—

537 5653 688 5717 lium,
732 5670 956 5722 quorum
1002 5651 1193 5721 saltem
1229 5659 1520 5713 multorum
1552 5673 1704 5713 mens
1750 5678 1880 5720 sana
1907 5676 2024 5717 esse
2052 5663 2145 5718 de—

533 5743 702 5808 bebat
737 5745 889 5804 fuisse
916 5747 1270 5826 ιιριιιοιιιίηιτι
1299 5767 1310 5815 ;
1344 5757 1403 5803 ut
1427 5764 1488 5806 ea
1519 5749 1667 5808 serio
1689 5759 1975 5816 crederent
2026 5769 2145 5821 qua:

2250 4663 2380 4730 rire,
2411 4673 2463 4718 et
2510 4678 2632 4718 cum
2683 4665 3007 4727 invenerint,
3041 4666 3192 4734 quasi
3227 4663 3417 4734 sopitis
3467 4663 3699 4717 luctibus
3726 4676 3858 4732 gau—

2251 4753 2380 4810 dent
2405 4774 2423 4806 ι
2457 4754 2766 4825 (Theophil.
2801 4754 3012 4809 lib.iad
3045 4755 3306 4825 Autolyc.,
3347 4770 3466 4825 pag.
3499 4755 3589 4819 75;
3627 4756 3853 4823 August.

2252 4846 2347 4901 Iib.
2382 4862 2430 4899 vi
2462 4847 2524 4900 de
2563 4846 2712 4901 Civil.
2751 4862 2869 4914 cap.
2905 4848 2992 4910 10,
3012 4861 3134 4918 pag.
3169 4845 3293 4912 l59;
3342 4844 3452 4900 Jul.
3485 4844 3728 4910 Firmic.,
3759 4842 3854 4898 lib.

2257 4949 2321 5002 de
2349 4946 2529 5002 Error.
2552 4952 2756 5018 profau.
2790 4947 2938 5018 relig.
2971 4946 3136 5017 init.).

2325 5042 2517 5098 Nonne
2555 5052 2736 5099 autem
2778 5042 2892 5097 haec
2921 5053 2971 5096 et
3016 5041 3227 5096 Minucii
3259 5039 3426 5096 nostri
3469 5039 3626 5094 dietis
3651 5036 3854 5108 optime,

2251 5143 2572 5205 congruunt,
2612 5145 2666 5188 et
2692 5135 2754 5189 iis
2769 5135 2928 5190 etiam
2951 5148 3070 5204 quae
3091 5147 3249 5202 supra
3272 5132 3338 5187 de
3358 5130 3581 5185 Osiridis
3602 5145 3850 5200 corpore,

2251 5226 2591 5281 membratim
2619 5225 2930 5293 dilacerato,
2979 5236 3139 5294 atque
3165 5224 3232 5278 ab
3261 5223 3398 5282 Iside
3427 5238 3608 5294 posma
3641 5235 3851 5292 reperto

2249 5321 2672 5376 observavimus.
2725 5319 2830 5375 Sed
2853 5318 2920 5374 ab
2950 5320 3064 5373 aliis
3089 5319 3175 5374 ille
3194 5327 3248 5372 et
3273 5317 3578 5371 Lactantius
3605 5333 3670 5373 eo
3698 5317 3850 5371 dissi-

2250 5413 2400 5480 dent,
2432 5413 2572 5482 quod
2593 5413 2790 5468 Osirim
2822 5412 2973 5467 Isidis
3003 5413 3166 5466 lilium
3197 5411 3491 5481 appellent,
3515 5410 3604 5480 qui
3628 5411 3694 5465 ab
3733 5411 3853 5465 aliis

2251 5506 2390 5560 illius
2419 5506 2584 5561 frater
2611 5517 2665 5561 et
2700 5508 2924 5560 maritus
2954 5517 3193 5561 vocatur.
3255 5505 3524 5562 Arnobius
3554 5521 3681 5561 vero
3705 5507 3852 5560 illum

2249 5597 2391 5652 haud
2418 5597 2725 5654 dubitanter
2749 5608 2905 5654 vocat
2927 5599 3174 5652 maritum
3215 5608 3270 5653 et
3298 5599 3484 5664 lilium,
3523 5600 3623 5652 nisi
3652 5598 3858 5653 dixeris

2247 5688 2384 5743 duos
2413 5690 2480 5745 ab
2506 5705 2572 5744 eo
2601 5690 2857 5762 distingui
2901 5690 3050 5745 hisce
3077 5690 3241 5760 ipsius
3270 5690 3448 5746 verbis
3483 5709 3495 5747 τ
3529 5709 3548 5741 ε
3584 5689 3858 5762 Αὲιιιίοιιί-

2249 5780 2326 5834 cis
2357 5780 2559 5838 solibus
2608 5783 2701 5838 Isis
2742 5782 2921 5848 furva,
2978 5798 3213 5840 moerens
3259 5783 3522 5855 perditum
3587 5783 3752 5839 filium
3799 5794 3852 5840 et
