4264 6258
632 358 739 443 655

1818 398 1907 455 DE
1947 400 2213 459 MlNUCll
2254 402 2559 461 OCTAVIO

3834 425 3937 483 6ὅῖ

628 505 863 561 dirulum
905 514 986 562 est
1027 505 1207 579 lugere
1236 509 1377 583 quod
1406 511 1573 579 colas,
1614 514 1695 571 vel
1743 518 1920 575 colere
1964 522 2104 592 quod
2147 523 2225 578 lu-
2255 525 2303 586 Α
2333 524 2452 580 loco
2498 534 2724 596 repente
2756 528 3031 587 exsutisse
3072 533 3163 589 ubi
3221 551 3389 607 usque
3434 536 3499 594 ad
3562 537 3663 597 hoc
3732 551 3937 617 tempus

628 599 789 666 gens?
829 618 844 645 ο
878 598 1046 655 Simili
1072 601 1227 669 plane
1250 602 1409 657 modo
1426 600 1762 677 Plutarchus,
1790 612 2037 680 quamvis
2059 614 2235 668 ethni-

630 686 755 756 cus,
817 686 1202 761 XenOphanem
1231 693 1635 764 ,Col0phouium
1680 701 1901 772 ejusque
1941 713 2235 762 sectatores

630 782 869 838 refellit:
908 802 926 835 t
976 784 1292 841 Absurditas
1336 788 1433 853 rei,
1477 790 1551 845 ait
1598 792 1708 859 ille,
1737 796 1789 848 in
1819 809 2110 867 conspecm
2138 799 2237 854 fuit

631 890 734 929 non
769 873 927 928 modo
950 875 1265 947 XenOphani
1295 880 1644 950 CulOpltonio,
1671 897 1762 940 aut
1782 888 1868 957 qui
1892 905 2012 944 eum
2045 893 2234 947 subse-

640 967 770 1030 cuti,
804 964 1085 1039 Egyptios
1110 987 1451 1037 monuerunt,
1479 981 1539 1029 El
1571 987 1695 1041 θεεὺς
1718 991 1984 1050 νςμίζουσι,
2016 997 2089 1053 ,ue
2120 990 2235 1057 θρη-

630 1062 740 1120 νεῖν,
788 1063 829 1111 si
861 1064 908 1113 δὲ
939 1064 1179 1133 θρηνοῦσι,
1220 1072 1344 1126 θεοὺς
1367 1080 1438 1135 μὴ
1489 1080 1693 1137 νομίζειν
1713 1089 1726 1101 ’
1760 1084 1853 1128 aut
1882 1090 1947 1131 lle
1991 1077 2236 1148 lugerent

630 1168 744 1219 eos,
802 1170 937 1225 quos
985 1156 1117 1213 deos
1170 1172 1452 1217 censerent
1509 1180 1659 1231 esse;
1693 1178 1780 1222 aut
1830 1186 1927 1238 pro
1987 1171 2089 1226 diis
2123 1190 2232 1229 non

635 1245 918 1317 haberent,
951 1249 994 1303 si
1024 1251 1286 1322 lugendos
1314 1256 1596 1312 crederent
1635 1279 1653 1310 ι
1682 1260 2012 1333 (Plutarch,
2048 1266 2140 1321 lib.
2174 1269 2236 1324 de

634 1336 769 1394 Isid.
820 1352 867 1396 et
925 1343 1118 1399 Osirid.
1177 1364 1294 1419 pag.
1342 1350 1515 1422 579).
1547 1352 1849 1409 Heraclitus
1888 1359 2071 1426 eliam,
2108 1378 2229 1417 nar—

633 1444 787 1488 rante
828 1434 1108 1494 Clemente
1135 1441 1519 1506 Alexandrino.
1546 1462 1608 1501 ac
1634 1450 1972 1516 postmodum
2002 1453 2234 1525 Epipha-

635 1531 744 1597 nio,
769 1528 955 1588 iisdem
974 1532 1238 1608 Aigyptiis
1260 1539 1548 1609 objiciebat
1578 1561 1590 1596 :
1622 1561 1640 1593 (
1668 1544 1721 1599 Si
1744 1546 2062 1604 existimatis
2083 1550 2232 1619 deos,

635 1639 702 1678 ne
729 1626 875 1694 ipsos
906 1627 1150 1698 lugeatis,
1185 1647 1357 1701 neque
1390 1634 1652 1704 plangatis
1682 1655 1694 1689 :
1728 1637 1772 1692 si
1802 1652 1979 1697 autent
2022 1644 2232 1712 lugetis,

634 1731 702 1771 ne
733 1732 828 1773 eos
859 1716 989 1775 deos
1021 1737 1141 1777 che
1182 1725 1376 1793 putetis
1402 1747 1421 1779 ›
1456 1728 1665 1798 (Clem.
1704 1730 1882 1800 Alex.,
1909 1736 2127 1791 Admou.
2168 1741 2237 1792 ad

632 1820 794 1878 gent.,
838 1828 957 1884 pag.
1013 1815 1101 1871 15.
1154 1817 1347 1888 Epiph.
1397 1819 1637 1876 Ancorat.
1674 1823 1702 1895 §
1742 1824 1862 1893 106,
1927 1844 2045 1899 pag.
2089 1832 2230 1905 lOG).

633 1900 873 1974 Denique
901 1916 956 1959 ut
986 1908 1119 1962 alios
1145 1911 1373 1980 gentiles
1409 1923 1464 1968 et
1506 1914 1826 1972 christianos
1858 1900 2237 1990 prmterntitta-
2269 1921 2316 1980 B

637 2013 777 2063 mus,
821 1999 1010 2056 eadem
1063 2018 1281 2072 prorsus
1311 2007 1517 2062 ratione
1564 2007 1911 2081 Athanasius,
1957 2026 2008 2071 et
2066 2016 2241 2075 Julius

635 2088 901 2147 Firmicus
948 2094 1063 2149 hare
1094 2094 1318 2152 nefanda
1353 2101 1605 2171 mysteria
1646 2105 1940 2174 exploduut
1965 2120 2121 2181 atque
2145 2129 2240 2167 ex-

628 2180 865 2250 sibilant,
894 2196 948 2239 et
976 2187 1027 2241 in
1069 2188 1134 2243 iis
1162 2187 1326 2246 falsos
1355 2192 1487 2249 deos
1514 2197 1582 2250 ab
1607 2198 1840 2255 ethnicis
1879 2202 1978 2257 coli
2013 2208 2237 2262 conclu-

628 2272 761 2357 dunt
789 2274 1111 2349 (Atltanas.,
1140 2293 1273 2338 orat.
1304 2294 1440 2341 cont.
1467 2299 1602 2359 gent.
1630 2289 1656 2362 §
1684 2287 1770 2356 10,
1808 2311 1926 2367 pag.
1968 2298 2049 2364 ll;
2101 2300 2231 2372 Jul.,

629 2354 870 2435 Firmic.,
900 2370 965 2425 de
1002 2368 1183 2429 Error.
1218 2379 1426 2447 profari.
1453 2354 1600 2451 relig.
1630 2354 1764 2454 pag.
1786 2354 1900 2457 2'1):

1240 2504 1534 2551 ABTICULUS
1564 2513 1619 2552 ll.

628 2598 704 2655 De
750 2599 1030 2658 Eleusiniis
1062 2608 1313 2677 mysteriis
1341 2612 1570 2682 festoque
1616 2614 1700 2668 die
1748 2617 1802 2671 in
1833 2617 2031 2675 Cereris
2068 2623 2232 2690 ﬁliam

697 2710 843 2749 suam
869 2694 1234 2767 Proserpinam
1257 2718 1289 2754 α
1319 2701 1540 2760 Plutone
1560 2716 1763 2778 raptam
1783 2711 2103 2781 inquirentis,
2127 2732 2232 2771 nte-

696 2791 914 2845 moriam
939 2793 1235 2861 celebratis;
1268 2798 1331 2851 de
1363 2797 1511 2857 lovis
1534 2806 1693 2857 sacris
1733 2815 1885 2876 atque
1913 2809 2063 2863 etiam
2080 2808 2233 2882 Cybe-

695 2882 767 2938 les
783 2882 1197 2943 Dindimenwseu
1220 2890 1434 2959 Cereris,
1460 2895 1539 2950 vel
1559 2895 1737 2965 Blaese,
1757 2900 1835 2954 vel
1856 2908 2033 2961 matris
2056 2909 2226 2974 deum,

693 2987 738 3031 et
758 2979 941 3050 Atydis
958 2986 1187 3052 castrati,
1228 3003 1344 3056 qua:
1368 3005 1400 3043 a
1415 2991 1570 3062 gallis
1593 3009 1679 3048 seu
1707 3000 1920 3055 exsectis
1941 3001 2230 3058 hominibus

694 3091 1083 3161 peragebantur.

693 3226 847 3284 Isidis
878 3230 1045 3285 sacris
1086 3232 1278 3289 similia
1318 3247 1475 3293 erant
1503 3238 1796 3310 Eleusinia,
1826 3261 1945 3317 quin
1983 3249 2222 3307 iuCere-

621 3319 694 3375 ris
740 3319 901 3376 ﬁliam
932 3337 1082 3378 suam
1123 3325 1496 3398 Proserpinam
1526 3349 1620 3389 seu
1649 3335 1892 3393 Liberam
1922 3358 1949 3392 a
1999 3341 2222 3401 Plutone

624 3424 828 3483 raptam
857 3418 1170 3486 qurerentis,
1214 3420 1473 3480 honorem
1508 3427 1589 3480 vel
1636 3432 1812 3498 potius
1841 3438 2219 3507 contumeliam

620 3508 907 3575 quotannis
954 3510 1021 3563 ab
1053 3511 1284 3567 ethnicis
1329 3516 1588 3571 celebrari
1631 3521 1894 3578 solebant.
1957 3526 2222 3586 Minucius

622 3608 803 3654 autem
845 3602 1029 3671 paucis
1077 3603 1292 3673 quidem
1330 3610 1525 3672 verbis,
1569 3611 1663 3665 sed
1708 3629 1827 3684 qua!
1859 3616 2215 3687 sullieiehant,

623 3689 897 3745 ridiculam
946 3691 1135 3749 horum
1197 3700 1575 3761 mysteriorum
1632 3703 1958 3774 impietatem
1996 3710 2221 3767 demon-

620 3791 752 3837 strat
777 3800 795 3836 :
829 3802 847 3835 ι
881 3786 1063 3850 Ceres.
1122 3789 1308 3860 inquit,
1347 3792 1546 3849 facibus
1592 3802 1835 3855 accensis
1885 3811 1938 3857 et
1968 3816 2220 3872 serpente

621 3874 970 3945 circmndata,
1003 3895 1184 3935 errore
1216 3883 1521 3954 subreptam
1548 3899 1598 3943 et
1622 3901 1925 3962 corruptam
1948 3895 2219 3963 Liberam,

620 3966 774 4021 anxia
807 3976 859 4023 et
878 3970 1103 4027 sollicita
1126 3976 1369 4045 vestigat.
1410 3978 1552 4035 iSed
1583 3981 1697 4038 huic
1719 3984 1909 4041 Cicero
1939 3989 2220 4048 enodatius

620 4058 674 4114 in
715 4070 900 4131 quarta
943 4064 1200 4124 adversus
1255 4070 1474 4128 Verrem
1523 4079 1787 4147 oratione,
1839 4080 1988 4137 hisce
2042 4085 2220 4142 verbis

620 4155 958 4211 enucleavit:
1009 4176 1028 4210 t
1069 4159 1318 4219 llaec-est
1365 4168 1565 4236 Opinio,
1616 4175 1708 4235 ait,
1743 4189 1861 4242 quae
1913 4185 2125 4229 constat
2153 4193 2220 4233 ex

620 4248 1005 4320 antiquissimis
1051 4253 1358 4314 Grzecorum
1392 4262 1581 4318 litteris
1623 4275 1783 4337 atque
1834 4272 2213 4340 monumentis,

620 4339 846 4396 insulam
880 4343 1113 4399 Siciliam
1147 4357 1309 4403 totam
1341 4366 1461 4409 esse
1491 4356 1672 4412 Cereri
1703 4367 1755 4411 et
1785 4358 1992 4415 Liberm
2024 4376 2217 4418 conse-

619 4441 839 4487 oratam.
891 4435 1002 4491 Hoc
1025 4452 1145 4492 cum
1182 4452 1390 4497 οςυιοι-ςυ
1415 4458 1602 4514 gentes
1626 4449 1703 4504 sic
1725 4451 2072 4519 arbitrantur,
2105 4466 2216 4513 tum

622 4523 750 4593 ipsis
780 4525 970 4581 Siculis
999 4538 1103 4583 tant
1130 4547 1438 4600 persuasum
1469 4549 1569 4604 est,
1614 4552 1670 4594 ut
1696 4543 2101 4600 animiseorum
2131 4548 2216 4603 itt-

608 4615 780 4670 situm
804 4628 962 4689 atque
986 4622 1222 4679 innatum
1251 4642 1371 4683 esse
1399 4631 1662 4689 videatur.
1700 4636 1831 4691 Nam
1861 4648 1917 4693 et
1945 4651 2099 4697 natas
2133 4658 2217 4699 es-

620 4720 678 4761 se
709 4707 804 4763 has
825 4710 877 4765 in
911 4710 994 4767 his
1017 4713 1150 4771 locis
1171 4717 1317 4785 deas,
1345 4732 1401 4777 et
1429 4722 1604 4795 fruges
1635 4728 1686 4781 in
1716 4743 1776 4785 ea
1810 4739 1948 4786 terra
1987 4736 2216 4803 primum

620 4812 863 4871 repertas
888 4806 1249 4881 arbitrantur;
1284 4823 1336 4869 et
1374 4825 1578 4886 raptam
1607 4836 1726 4877 esse
1756 4822 2024 4891 Liberam,
2057 4846 2218 4899 quam

618 4894 859 4951 eamdem
886 4898 1259 4973 Proserpinam
1283 4902 1492 4975 vocant,
1517 4926 1581 4966 es
1616 4913 1947 4972 Ennensiutn
1970 4936 2216 4990 nemore,

617 4986 706 5057 qui
729 4988 899 5055 locus,
927 4994 1015 5062 qui
1044 4996 1093 5050 iu
1126 4998 1298 5053 media
1336 5012 1418 5055 est
1440 5002 1609 5059 insula
1635 4990 1795 5070 situs,
1825 5011 2109 5069 umbilicus
2135 5016 2219 5073 Si—

618 5081 755 5137 cilizc
804 5086 1110 5145 nominatur
1166 5109 1179 5145 :
1238 5108 1396 5163 quam
1447 5112 1567 5153 cum
1618 5100 1937 5174 investigare
1980 5115 2035 5161 et
2081 5124 2216 5165 con-

615 5177 832 5244 quirere
893 5178 1058 5239 Ceres
1119 5185 1313 5253 vellet,
1383 5187 1579 5247 dieitur
1634 5193 1994 5254 intlammasse
2052 5202 2217 5259 taedas

619 5269 685 5324 iis
734 5272 941 5342 ignibus
982 5277 1073 5347 qui
1129 5294 1194 5333 ex
1242 5279 1423 5336 [Etnaz
1472 5285 1673 5341 vertice
1721 5302 2038 5359 erumpunt,
2083 5309 2217 5364 quas

616 5363 715 5416 sibi
760 5380 881 5420 cum
911 5367 1020 5436 ipsa
1072 5371 1368 5442 praeferret,
1415 5377 1599 5432 orbem
1640 5382 1879 5436 omnium
1935 5399 2217 5457 peragras-

615 5469 675 5509 se
708 5465 1094 5519 terrarum.....
1135 5465 1347 5522 Etenim
1399 5481 1619 5541 propter
1661 5484 1743 5529 est
1785 5477 2035 5546 spelunca
2068 5495 2216 5549 qua:-

615 5546 736 5601 dam
802 5565 1059 5609 conversa
1118 5555 1183 5610 ad
1242 5558 1565 5628 Aquilonem
1632 5564 1834 5621 inﬁnita
1895 5546 2212 5639 altitudine,

614 5654 716 5707 qua
771 5638 941 5695 Ditem
992 5655 1218 5713 patrem,
1283 5667 1303 5700 ι
1339 5652 1440 5706 hoc
1481 5662 1565 5707 est
1591 5654 1912 5725 Plutonem,
1965 5678 1985 5711 s
2038 5661 2217 5716 lerunt

617 5737 841 5797 repente
902 5748 1024 5788 cum
1075 5751 1236 5791 curru
1285 5741 1554 5805 extitisse,
1614 5745 2001 5819 abreptamque
2033 5767 2098 5807 ex
2150 5769 2216 5808 co

617 5819 736 5871 loco
770 5824 1031 5889 virginem
1055 5841 1237 5881 secum
1268 5842 1598 5899 asportasse.
1641 5845 1697 5889 et.
1716 5840 1896 5892 subito
1920 5856 2026 5894 non
2053 5845 2213 5911 longe

618 5921 647 5957 a
693 5906 972 5975 Syracusis
1031 5928 1339 5982 penetrasse
1380 5924 1478 5977 sub
1521 5933 1726 5992 terras,
1752 5926 2034 5999 lacumque
2062 5934 2114 5986 in
2146 5948 2213 5989 eo

2339 620 2663 692 Syracusani
2706 622 2874 680 festos
2913 626 3029 682 dies
3072 631 3470 689 anniversarios
3512 644 3679 706 agunt
3704 638 3936 696 celeber-

2341 714 2477 769 rimo
2526 716 2765 771 virorum
2798 721 3193 793 mulierumque
3243 736 3508 783 conventu
3544 748 3562 781 ι
3600 729 3739 802 (Cic.
3787 731 3935 793 Orat.

2339 820 2410 859 tv.
2476 806 2529 860 in
2589 805 2731 863 Verr.
2783 826 2903 881 pag.
2963 812 3087 869 l79.
3127 826 3180 869 et
3231 818 3434 889 seqq.).
3517 820 3585 875 Et
3632 820 3749 878 luce
3808 840 3937 882 sane

2339 901 2403 956 iis
2455 901 2609 971 plane
2656 914 3017 962 consentanea
3094 924 3255 974 sunt,
3313 930 3434 984 (tuae
3506 916 3695 972 eadem
3742 918 3809 973 de
3881 936 3938 977 re

2342 1003 2526 1048 narrat
2574 995 2840 1053 Dicdorus
2901 998 3151 1074 Siculus;
3211 1006 3298 1075 qui
3356 1008 3408 1061 in
3473 1011 3758 1065 sententia:
3829 1027 3938 1068 sua:

2338 1086 2801 1145 conﬁrmationem
2874 1090 2972 1147 hos
3020 1094 3204 1150 retulit
3252 1097 3465 1154 Corciui
3508 1110 3680 1172 poeta:
3730 1118 3938 1173 grzecos
3994 1135 4001 1140 -

2337 1193 2544 1234 γει-8ης.

2682 1310 2836 1356 Λίτουσι
2858 1313 3044 1364 Δήμητρός
3067 1315 3151 1353 κοτ’
3172 1311 3331 1367 dph-rev
3352 1318 3461 1369 κόρην

2677 1372 2874 1410 Πλςύτωεια
2898 1378 3054 1425 κξυςιὶοις
3076 1376 3239 1427 ἁρπάσαι
3262 1379 3503 1429 βουλιὺμασι,

2680 1437 2789 1473 Mani.
2813 1450 2854 1475 τι
2876 1440 2984 1486 γαίας
3008 1440 3057 1484 εἱς
3081 1440 3299 1491 “lugenti;
3325 1445 3474 1494 μυχαὺς.

2678 1498 2784 1546 Πόθῳ
2804 1494 2845 1536 δί
2866 1501 2990 1550 μητέρ’
3010 1502 3251 1552 ἡφανισμίης
3272 1506 3379 1554 κόρης

2680 1562 2848 1610 Μαίη-ἦρ’
2874 1562 3033 1601 insutis:
3053 1568 3177 1602 πᾶσαν
3199 1566 3233 1602 ιν
3256 1567 3374 1617 κύκλῳ
3395 1567 3517 1618 χθόνα.

2680 1623 2753 1660 Καὶ
2771 1624 2836 1669 τήν
2859 1624 2923 1672 μὶν
2946 1627 3153 1664 Λὶτναὶοισι
3172 1628 3331 1665 Iasii”
3350 1632 3477 1680 πάγοις

2677 1685 2793 1733 Πυρὸς
2817 1687 2994 1734 γέμουσαν
3019 1689 3176 1739 ῥιὺμασι
3199 1686 3441 1738 δυσιμϐόλθις

2680 1747 2806 1784 Πᾶσιν
2831 1747 3024 1790 στινάεαι·
3050 1752 3197 1790 ’ξένοισι
3214 1748 3257 1790 δι
3277 1755 3471 1803 παρθὶνου,

2678 1810 2787 1867 {iam
2810 1805 2960 1862 ἆμθιρον
2984 1809 3169 1864 hereses:
3192 1814 3321 1866 φθίνειν
3342 1819 3457 1867 τινος,

2678 1860 2770 1909 ὗοιν
2788 1872 2869 1918 Osi;
2892 1860 3041 1922 simul
3060 1860 3181 1921 (usa.
3280 1877 3348 1917 ἱτι.

2500 1956 2687 2029 ferunt
2712 1962 2843 2029 quod
2869 1963 2989 2013 alma
3015 1964 3217 2029 Cereris
3240 1968 3357 2017 olim
3382 1969 3499 2029 lilia,

2500 1976 2687 2010 rerum
2746 1976 2843 2013 non
2869 1976 2989 2013 atina
3015 1976 3217 2018 Cereris
3240 1976 3357 2017 olim
3382 1976 3499 2029 tilia,

2497 2020 2581 2094 §ic
2606 1976 2930 2094 traugulentis
2964 2038 3099 2094 rapta
3122 2028 3254 2079 Ditis
3271 2033 3528 2094 machinis,

2493 2083 2557 2155 ξξι
2580 2083 3077 2155 nigricantesinierit
3102 2100 3249 2141 terra:
3274 2106 3469 2155 specus,

2498 2146 2756 2217 Materque
2780 2150 3017 2217 perditam
3042 2146 3493 2217 requirens’anxié,

2494 2207 2858 2275 fliotpm‘vaglata
2882 2215 2951 2275 sit,
2973 2227 3061 2275 per
3086 2207 3219 2265 orbis
3242 2207 3493 2267 ambitum:

2495 2270 2633 2335 :I‘utic
2653 2270 2771 2335 qua;
2784 2276 2876 2323 sub
2900 2270 3057 2326 Λεῖιήω
3079 2278 3289 2328 collibus
3324 2279 3576 2331 Trinacria

2492 2332 2598 2404 ξειιὶ
2624 2332 2794 2404 scatet,
2818 2336 3094 2404 globosque
3112 2342 3265 2402 jactat
3288 2342 3556 2404 ﬂammeos,

2492 2393 2749 2469 ingemuit.
2764 2393 2921 2469 cuiuis
2942 2413 2953 2447 :
2976 2393 3192 2463 dumque
3228 2406 3366 2469 virgo
3391 2393 3653 2469 plangitur,

2495 2456 2629 2527 gens
2642 2457 3010 2527 Jovisalutnna,
3038 2456 3200 2527 egena
3234 2456 3587 2519 victustabu’it.

2490 2519 2619 2569 Hine
2643 2530 2736 2580 est,
2762 2524 2882 2572 deas
2904 2519 3060 2574 adhuc
3072 2519 3207 2589 quod
3234 2530 3461 2592 impense
3482 2531 3666 2582 colunt.

2460 2600 2682 2666 (Diodor.
2712 2603 2886 2667 Sicul.,
2911 2608 3018 2659 init.
3042 2608 3075 2659 l.
3103 2624 3132 2660 v
3151 2596 3458 2673 Bibliothcc.,
3484 2628 3532 2677 p.
3560 2615 3647 2665 201
3674 2622 3720 2667 et
3755 2619 3919 2683 seqq.)

2336 2706 2442 2763 Sed
2470 2707 2690 2766 Ovidius
2717 2710 2830 2767 haec
2859 2714 3076 2771 uberius
3102 2718 3285 2773 stricta
3316 2719 3495 2775 adhuc
3521 2720 3779 2778 describit
3812 2741 3933 2780 ora-

2335 2800 2498 2855 tione.
2534 2802 2673 2859 Duos
2696 2814 2873 2859 autem
2899 2815 3104 2862 tantum
3133 2824 3200 2864 ex
3228 2811 3290 2864 iis
3316 2826 3525 2875 versus,
3551 2813 3745 2883 quibus
3766 2816 3931 2873 Cere-

2335 2909 2469 2959 rem,
2514 2910 2635 2949 cum
2679 2897 2746 2951 ad
2807 2898 3022 2954 ιΕιιιτιιιι
3056 2911 3292 2957 montem
3340 2910 3695 2974 pervenisset,
3729 2921 3928 2961 memo-

2333 2997 2476 3041 ratas
2493 2986 2636 3043 faces
2657 2990 2968 3048 accendisse
2998 2995 3162 3060 cauit,
3198 3011 3338 3051 nunc
3369 2998 3788 3055 transcribemus
3813 3019 3828 3055 :

2579 3100 2684 3173 illic
2707 3105 2931 3173 accendit
2947 3108 3171 3173 geminas
3192 3122 3279 3172 pro
3301 3107 3527 3173 lampade
3551 3113 3711 3173 pinus,

2575 3162 2702 3215 Hinc
2733 3165 2936 3218 Cereris
2949 3162 3129 3229 sacris,
3157 3162 3287 3221 nunc
3309 3162 3508 3235 quo'que
3534 3162 3656 3223 t'zeda
3670 3162 3832 3226 d'atur.

3018 3250 3204 3318 (Ovid,
3230 3254 3264 3303 Ι.
3290 3268 3335 3305 tv
3377 3256 3533 3318 Fast.,
3562 3256 3677 3321 §6.)

2248 3315 2292 3377 δ
2326 3350 2529 3408 Statius
2554 3367 2767 3425 quoque
2811 3359 2863 3410 in
2894 3356 3045 3412 silvis
3082 3359 3178 3413 hos
3227 3359 3291 3415 ad
3323 3359 3521 3416 Julium
3574 3362 3925 3421 Menecratem

2324 3447 2540 3517 scripsit
2566 3447 2702 3503 duos
2729 3465 2948 3505 versus:

2417 3562 2595 3638 quue
2620 3562 2985 3638 AcueaCet-es,
3005 3580 3151 3638 cursu
3175 3570 3255 3617 cui
3274 3581 3475 3638 semper
3502 3572 3682 3622 anhelo

2417 3625 2648 3675 Votivutn
2670 3630 2803 3677 taciti
2826 3625 3109 3691 quassamus
3132 3631 3348 3695 lampada
3374 3625 3562 3697 mystae.

2762 3712 2930 3776 (Stat.,
2955 3711 2990 3763 ι.
3014 3712 3229 3781 ιηευιυ.
3260 3716 3444 3779 Carm,
3462 3717 3671 3782 penult.)

2323 3815 2408 3874 Ad
2438 3816 2551 3872 lttec
2580 3835 2708 3873 vero
2732 3818 3055 3876 Claudianus
3088 3824 3254 3879 tribus
3279 3825 3429 3880 libris
3459 3826 3765 3883 decantavit
3802 3844 3924 3899 rap-

2324 3920 2435 3965 tnttt
2472 3911 2830 3982 Proserpinae,
2879 3924 3039 3985 atque
3083 3917 3198 3985 ipso
3248 3917 3368 3972 libri
3402 3921 3557 3990 priuti
3601 3921 3753 3977 initio
3782 3923 3924 3977 faces

2323 4003 2441 4059 illas
2480 4016 2532 4059 et
2559 4016 2839 4075 serpentes
2865 4005 2943 4061 sic
2973 4019 3237 4063 memorat
3264 4028 3277 4063 :

2703 4160 2714 4171 .
2785 4160 2829 4196 ._
2867 4158 2880 4171 .
2952 4162 2964 4174 .
3037 4159 3066 4199 ,⁸
3114 4123 3222 4174 Iam
3248 4125 3677 4199 magnusabimis.

2449 4180 2656 4261 {luditur
2673 4186 2914 4261 strepitus
2934 4188 3111 4261 terris,
3134 4180 3472 4261 “templumque
3486 4190 3701 4261 remugit

2447 4246 2799 4323 Cecropidum,
2814 4246 3107 4323 sanctasque
3132 4246 3267 4300 faces
3279 4246 3480 4323 extollit
3504 4246 3726 4323 Eleusis:

2446 4310 2650 4375 .éttgues
2667 4310 2953 4371 Triptolemi
2988 4312 3218 4375 strident,
3246 4320 3298 4362 et
3314 4326 3545 4375 squamea
3567 4315 3733 4364 curvis

2448 4369 2578 4448 Colla
2600 4369 2772 4444 levant
2796 4375 2989 4448 astricta
3014 4371 3164 4448 iugis,
3192 4369 3429 4447 lapsuque
3443 4387 3639 4448 sereno

2443 4431 2612 4483 Erecti
2643 4447 2812 4485 roseas
2839 4431 3047 4486 tendunt
3070 4431 3129 4485 ad
3150 4431 3363 4487 carmina
3385 4439 3578 4489 cristas.

2782 4517 3074 4582 (Claudiam,
3101 4520 3136 4569 l.
3163 4519 3226 4571 de
3247 4525 3389 4585 Itapt.
3409 4523 3669 4588 Proserp.)

2323 4621 2398 4678 De
2431 4622 2511 4676 his
2538 4634 2703 4693 porro
2728 4622 2943 4681 Cereris
2982 4627 3274 4697 mysteriis,
3305 4626 3602 4700 diebusque
3625 4629 3773 4685 testis
3798 4644 3919 4687 vero

2245 4708 2297 4770 D
2326 4714 2389 4770 ba
2432 4730 2646 4786 quoque
2686 4717 2810 4773 fecit
2857 4717 3199 4786 Lactantius,
3258 4735 3466 4792 nosque
3515 4724 3677 4777 etiam
3720 4723 3788 4780 de
3836 4725 3919 4781 bis

2326 4800 2450 4856 alibi
2480 4802 2705 4872 egimus,
2738 4803 3043 4874 pluresque,
3073 4819 3209 4875 quos
3236 4807 3384 4861 adire
3410 4816 3464 4861 et
3494 4807 3670 4878 legere
3696 4809 3915 4879 poteris,

2325 4893 2607 4950 citaviutus
2633 4895 2946 4964 scriptores,
2976 4897 3064 4965 qui
3110 4897 3178 4951 de
3204 4897 3310 4952 illis
3339 4899 3462 4953 data
3491 4913 3655 4969 opera
3681 4901 3923 4973 disputa-

2325 5000 2516 5043 verunt
2544 4989 2811 5061 (Lactant.
2842 4991 2934 5045 lib.
2972 5008 3007 5046 ι.
3041 4991 3143 5045 div.
3176 4992 3332 5057 Inst,
3364 5008 3483 5063 cap.
3515 4994 3607 5059 21,
3640 5010 3758 5065 pag.
3793 4997 3916 5052 119.

2323 5092 2452 5137 tom.
2508 5098 2545 5135 ι.
2591 5083 2841 5154 Apparet.
2886 5085 2979 5140 lib.
3020 5100 3099 5139 Ill.
3141 5085 3346 5142 dissert.
3384 5087 3435 5151 1,
3478 5101 3600 5159 eap.
3641 5088 3696 5154 9,
3728 5096 3831 5143 art.
3858 5087 3917 5157 2,

2322 5191 2441 5248 pag.
2476 5176 2615 5243 758;
2652 5186 2706 5233 et
2732 5177 2853 5232 Not.
2899 5178 2952 5233 in
2981 5176 3073 5233 lib.
3102 5193 3116 5232 t
3149 5179 3400 5235 Ambros.
3446 5179 3511 5233 de
3576 5174 3768 5252 Virgin.
3797 5194 3914 5251 cap.

2317 5269 2371 5323 4.
2403 5267 2576 5341 μδ).

2391 5381 2572 5453 Pergit
2618 5381 2818 5437 Auctor
2869 5393 3097 5439 noster:
3139 5402 3157 5435 ‹
3198 5383 3267 5439 Et
3317 5399 3436 5456 qua:
3483 5383 3667 5453 Iovis,
3723 5385 3913 5458 inquit,

2317 5491 2471 5531 sacra
2501 5477 2663 5532 sunt?
2718 5475 2906 5532 Nutrix
2931 5475 3137 5546 capella
3166 5485 3270 5545 est,
3312 5485 3367 5533 et
3397 5477 3554 5534 avido
3583 5478 3917 5535 subtrahitur

2318 5568 2513 5636 infans,
2571 5585 2638 5624 ne
2665 5580 2902 5636 voretur,
2931 5578 2985 5624 et
3012 5568 3381 5642 Cot'ybantum
3411 5571 3693 5643 cymbalis,
3724 5587 3791 5627 ne
3818 5586 3915 5641 pa-

2322 5670 2402 5716 ter
2426 5661 2607 5717 audiat
2634 5661 2862 5731 vagitus,
2895 5661 3117 5715 tinnitus
3143 5661 3384 5716 eliditur.
3425 5680 3443 5715 ι
3492 5660 3597 5717 Sed
3627 5662 3764 5730 lnec,
3796 5676 3916 5733 qua:

2318 5755 2385 5810 de
2431 5755 2569 5810 Jove
2611 5770 2675 5809 ac
2722 5756 2954 5812 ethnicis
2995 5756 3447 5826 prmdicabantur,
3500 5757 3758 5827 testisque
3800 5757 3916 5827 ejus

2316 5844 2525 5911 diebus,
2570 5862 2599 5898 a
2649 5846 2804 5903 nobis
2851 5849 3099 5918 superius
3130 5846 3352 5920 (Supr.,
3380 5864 3507 5920 cap.
3550 5849 3635 5915 14,
3671 5856 3773 5903 art.
3807 5848 3914 5919 5.),

2315 5944 2476 6004 atque
2521 5937 2742 6005 insuper
2769 5956 2797 5993 a
2851 5956 2973 5996 mox
3008 5941 3226 5997 laudato
3262 5942 3455 5999 Ovidio
3494 5943 3624 5999 satis
3654 5944 3918 6015 explicata
