4264 6258
315 374 421 432 657

1690 360 2162 421 DISSERTATIO.

2290 357 2379 384 “""i

3519 352 3627 409 658

317 503 440 550 sunt
494 489 684 564 (Ovid.
733 487 826 543 lib.
882 501 913 540 ν
963 485 1198 554 Fastor.,
1255 498 1377 557 pag.
1435 482 1539 538 6t?
1593 489 1647 537 et
1690 496 1840 553 seqq.
1871 480 1911 551 ).
1940 482 1991 541 Α
2019 487 2297 550 suntqth
2324 476 2483 533 hodie
2506 476 2695 532 Roma:
2719 472 2871 530 Matri
2894 487 3002 529 non
3029 468 3624 535 deorum,seddaamo-

314 584 677 654 Quamobrem
705 583 757 637 id
808 587 1012 635 tantum
1041 578 1449 634 observavimus
1479 575 1594 632 haec
1624 589 1728 630 non
1757 572 1918 628 modo

317 676 489 742 lovis,
516 674 610 731 sed
640 674 757 745 ejus
783 673 945 729 etiam
986 671 1174 726 matris
1205 668 1372 726 Rheae
1396 683 1548 725 sacra
1581 667 1765 733 fuisse,
1797 679 1917 735 quas

318 771 389 826 ab
416 769 607 826 eodem
654 766 846 824 Ovidio
874 775 928 821 et
966 763 1270 828 Lactantio,
1305 763 1380 817 uti
1427 775 1525 816 suo
1562 760 1681 815 loco
1708 757 1917 813 videbi-

318 877 460 930 mus,
509 860 793 932 perspicue
812 853 1389 927 describuntur(ldem
1440 852 1533 907 lib.
1578 867 1629 906 tv
1686 849 1914 915 Fastor.,

322 972 443 1027 pag.
468 954 574 1009 {7‘2
602 963 656 1007 et
683 967 801 1021 seq.
856 949 1032 1014 Lact.,
1063 948 1177 1002 iib.t
1208 962 1327 1016 cap.
1360 946 1451 1010 Si,
1478 961 1595 1016 pag.
1620 943 1771 1013 ηδ).

393 1047 475 1102 Ad
506 1045 853 1115 Dindymenae
877 1040 1091 1097 tandem
1131 1038 1368 1111 Cybeles
1395 1052 1547 1092 sacra
1579 1036 1722 1090 venit
1753 1034 1923 1089 Minu-

322 1139 477 1195 cius:
511 1135 617 1192 Sed
664 1153 684 1188 ι
738 1133 921 1202 pudet,
954 1131 1145 1201 inquit,
1174 1130 1376 1184 dicere.
1424 1127 1736 1183 Adulterum
1764 1140 1921 1180 suum

321 1229 609 1286 iuieliciter
660 1227 938 1297 placitum,
966 1223 1222 1293 quoniam
1263 1229 1320 1276 et
1374 1220 1486 1289 ipsa
1518 1218 1778 1273 deformis
1826 1230 1917 1275 ve-

328 1326 436 1381 tula
465 1335 518 1380 et
548 1322 839 1379 multorum
866 1320 1090 1374 deorum
1116 1325 1287 1371 mater
1317 1354 1332 1381 ,
1356 1314 1422 1369 ad
1450 1324 1692 1384 stuprum
1722 1311 1924 1366 illicere

325 1435 434 1474 non
467 1426 697 1490 poterat,
746 1414 1039 1477 exsecavit,
1083 1420 1139 1465 ιιι
1180 1410 1339 1465 deum
1368 1408 1571 1464 scilicet
1601 1405 1800 1461 faceret
1824 1420 1922 1462 eu-

326 1511 583 1568 nuchum.
640 1508 866 1578 Propter
915 1506 1054 1560 hanc
1083 1503 1312 1558 fabulam
1365 1502 1491 1572 galli
1519 1515 1640 1556 eam
1678 1508 1732 1556 et
1761 1498 1926 1554 semi-

330 1605 434 1657 viri
463 1601 546 1657 sui
573 1600 817 1670 corporis
843 1596 1105 1666 supplicio
1143 1594 1349 1648 colunt.
1389 1611 1408 1645 ι
1457 1590 1714 1658 Quamvis
1744 1599 1925 1644 autem

329 1697 490 1761 hanc,
519 1703 576 1748 ut
605 1702 751 1748 recte
779 1699 966 1744 auctor
990 1697 1174 1743 noster
1210 1685 1304 1752 ait,
1354 1683 1588 1738 fabulam
1615 1682 1775 1737 aliter
1800 1681 1925 1735 Dio—

328 1789 496 1843 dorus
534 1785 768 1847 Siculus,
796 1782 1120 1845 Pausanias,
1174 1777 1419 1843 Servius,
1460 1777 1617 1831 aliter
1643 1791 1769 1830 vero
1795 1772 1924 1827 Ovi-

2020 570 2230 625 niorum
2280 568 2601 635 servientes,
2642 566 2815 638 gallos
2858 574 3071 630 vocant,
3121 578 3190 619 eo
3234 563 3379 634 quod
3424 562 3492 617 de
3527 562 3626 619 hac

2020 673 2180 735 gente
2230 663 2458 718 Romani
2494 670 2769 717 truncatus
2810 661 3049 725 libidine,
3099 659 3150 713 in
3175 658 3437 721 honorem
3467 655 3624 727 Atys,

2020 766 2178 826 quem
2228 754 2545 810 Eunuchum
2589 754 2691 810 dea
2741 753 2999 808 meretrix
3048 749 3272 813 fecerat.
3319 747 3630 804 sacerdotes

2023 849 2168 905 illius
2196 849 2571 920 manciparint.
2632 847 2929 916 Propterea
2973 854 3152 900 autem
3183 844 3462 900 Gallorum
3499 856 3631 912 gen-

2022 945 2088 1001 tis
2118 944 2361 1000 homines
2401 943 2815 1006 eli‘emiuantur;
2851 952 2909 995 ut
2933 940 3022 1011 qui
3055 940 3241 995 urbem
3278 938 3506 993 Romam
3544 940 3628 992 ed-

2026 1047 2235 1107 perant,
2268 1038 2367 1093 huc
2388 1038 2645 1094 feriantur
2668 1035 2960 1107 igndtninia
3003 1033 3383 1105 (liieronytn.,
3416 1032 3470 1086 in
3503 1040 3626 1101 cap.

2022 1146 2074 1184 tv
2106 1128 2271 1195 Ome,
2293 1145 2345 1184 ν.
2365 1127 2444 1198 2).

2099 1222 2203 1278 Sed
2234 1222 2302 1276 ab
2325 1221 2441 1276 aliis
2471 1221 2565 1275 ille
2612 1220 2850 1291 arguitur
2875 1218 3014 1290 quod
3041 1217 3140 1271 hos
3166 1223 3428 1272 castratos
3451 1214 3633 1269 Matris

2026 1312 2184 1369 deum
2231 1328 2330 1368 seu
2374 1313 2608 1383 Cybeles
2639 1310 2975 1377 sacerdmes,
3008 1309 3223 1363 natione
3253 1306 3436 1362 Gallos
3464 1304 3629 1361 fuisse

2027 1405 2312 1475 putaverit.
2377 1404 2518 1459 Vero
2545 1404 2741 1458 etenim
2799 1401 3027 1456 similius
3065 1399 3384 1471 quibusdam
3424 1398 3633 1453 videtur

2024 1494 2291 1569 gallorum
2322 1502 2516 1551 nomen
2544 1492 2650 1550 illis
2673 1490 2981 1564 impbsitum
3013 1509 3039 1544 ιι
3075 1492 3186 1546 viro
3210 1491 3425 1545 nomine
3452 1488 3632 1550 Gallo.

2026 1591 2137 1661 qui,
2170 1598 2227 1643 ιιι
2251 1589 2323 1643 ait
2339 1587 2660 1657 Stephanus,
2703 1586 2798 1640 fuit
2828 1586 3029 1655 primus
3045 1583 3268 1638 forsitan
3295 1582 3529 1655 Cybeles
3548 1596 3634 1637 sa-

2027 1681 2236 1737 cerdos.
2265 1680 2363 1734 Alii
2390 1680 2466 1751 sic
2494 1682 2827 1749 nuncupatus
2860 1684 3043 1746 putant
3091 1692 3120 1729 a
3164 1674 3317 1731 Gallo
3338 1716 3352 1739 ,
3384 1672 3630 1745 Phrygiae

2028 1775 2209 1839 ﬂuvio,
2241 1772 2329 1844 ‘qui
2358 1788 2421 1828 cx
2454 1770 2662 1827 Celenis
2708 1770 2977 1825 montibus
3006 1770 3056 1823 in
3087 1766 3404 1838 Sangarium
3433 1766 3627 1821 inlinit.

331 1883 454 1938 dius
481 1890 639 1951 atque
687 1875 980 1941 Arnobius,
1026 1885 1080 1928 ιιι
1120 1871 1258 1928 infra
1297 1869 1667 1935 ostendemus,
1702 1881 1923 1925 enarra-
1955 1871 2002 1932 B
2031 1865 2098 1921 Et
2127 1865 2243 1920 haec
2269 1875 2352 1920 est
2389 1868 2493 1918 uim
2535 1862 2695 1918 modo
2743 1852 3030 1917 Herodiaui
3072 1857 3408 1930 (llerodian.,
3459 1857 3547 1911 lib.
3580 1872 3633 1923 ι,

334 1975 534 2039 vcrint,
562 1987 659 2027 nec
680 1968 913 2025 Luciano
943 1976 1217 2036 tamquam
1242 1963 1466 2019 omnino
1496 1976 1620 2017 vera
1655 1960 1924 2024 videatur,

334 2066 406 2121 ab
431 2066 536 2121 isto
564 2071 734 2119 tamen
758 2062 919 2126 hunc,
950 2075 1109 2130 quem
1140 2056 1570 2113 verisimiliorem
1600 2062 1803 2118 censet,
1833 2067 1929 2107 ex-

337 2159 555 2229 ponitur
591 2157 645 2211 itt
698 2154 913 2210 modum
946 2171 958 2208 :
995 2172 1015 2205 ι
1061 2153 1214 2207 Attes
1252 2165 1451 2221 genere
1480 2149 1697 2219 quidem
1747 2145 1925 2218 Lydus

338 2252 456 2318 fuit,
487 2250 691 2321 primus
717 2258 894 2303 autem
932 2259 1206 2301 sacrorum
1241 2244 1396 2310 ritus,
1442 2244 1635 2311 quibus
1662 2240 1812 2296 Rhea
1837 2254 1931 2296 co-

338 2347 572 2410 leretur,
634 2340 855 2397 tradidit
887 2355 901 2393 :
934 2354 998 2394 ac
1036 2337 1231 2408 quibus
1283 2337 1541 2407 Phryges,
1575 2345 1629 2389 et
1666 2332 1819 2405 Lydi,
1877 2340 1933 2387 et

339 2435 719 2495 Samothraces
749 2434 802 2488 itt
832 2432 1001 2488 sacris
1027 2439 1269 2490 utuntur.
1312 2444 1372 2483 ea
1401 2427 1578 2482 omnia
1602 2426 1670 2479 ab
1700 2424 1825 2479 Atte
1846 2436 1936 2477 ac-

339 2538 618 2601 ceperunt.
676 2528 968 2597 Postquam
998 2525 1143 2580 enim
1169 2523 1342 2594 ipsum
1369 2521 1625 2577 castravit
1655 2518 1825 2584 Rhea,
1854 2514 1937 2571 vi-

342 2636 448 2679 tam
495 2621 712 2694 quidem
755 2619 963 2674 virilem
1020 2632 1183 2688 agerc
1226 2615 1421 2680 desiit,
1480 2612 1706 2667 formant
1758 2617 1938 2663 autem

344 2715 627 2772 femineam
700 2713 1024 2782 assumpsit.
1094 2717 1404 2778 vestemque
1477 2705 1795 2761 muliebrem
1860 2704 1940 2757 in-

341 2811 523 2864 duit...
560 2806 780 2863 Dicebat
804 2815 981 2860 autem
1005 2814 1059 2858 et
1086 2803 1152 2857 de
1176 2803 1350 2873 gallis,
1376 2800 1465 2868 qui
1495 2800 1548 2854 in
1571 2800 1767 2867 templo
1793 2804 1938 2863 sunt,

344 2900 486 2973 quod
510 2899 633 2971 galli
673 2897 870 2953 lunoni
895 2896 1108 2967 quidem
1143 2893 1576 2963 haudquaquam,
1626 2888 1793 2945 Rheae
1846 2902 1943 2942 au-

348 3004 456 3048 tem
478 2990 700 3046 castrari
722 2989 949 3052 soleant,
974 2997 1027 3041 et
1048 2987 1229 3041 Attem
1249 2984 1546 3039 imitentur.
1579 3000 1597 3033 ι
1630 2980 1766 3035 Τιιιη
1794 2979 1944 3035 dein-

346 3086 416 3141 de
443 3084 534 3139 ille
562 3082 811 3139 edisserit
841 3079 1110 3151 quomodo
1142 3080 1333 3133 tierent
1357 3074 1501 3147 galli,
1541 3089 1605 3130 ac
1646 3073 1820 3131 virilia
1865 3072 1945 3127 eis

347 3186 753 3247 amputarentur
806 3171 1088 3244 (Diodor.,
1139 3169 1232 3224 lib.
1264 3185 1315 3223 ιιι
1362 3166 1605 3222 Bibliotlt.
1661 3176 1779 3235 pag.
1817 3163 1941 3228 lM;

350 3268 579 3323 Pausan.
614 3266 707 3320 lib.
745 3280 818 3319 vn
850 3264 1088 3317 Arcadia.
1139 3276 1255 3331 pag.
1285 3259 1412 3317 225:
1458 3261 1634 3321 Serv.,
1670 3258 1722 3311 itt
1771 3256 1863 3311 lib.
1892 3271 1945 3310 ιι
1971 3259 2017 3322 C

350 3359 570 3415 Aineid.
598 3357 748 3428 Virg.
776 3373 825 3410 ν.
846 3354 971 3419 155;
1003 3353 1183 3419 Ovid“
1215 3352 1306 3406 lib.
1340 3368 1389 3406 tv
1409 3349 1551 3404 Fust.
1589 3348 1686 3421 §5;
1711 3348 1941 3414 Arnub.,

352 3456 445 3510 lib.
473 3454 592 3509 adv.
618 3452 768 3507 Gem.
801 3466 919 3521 pag.
968 3449 1067 3504 157
1096 3458 1150 3503 et
1179 3462 1320 3516 seq.;
1354 3447 1576 3499 Dissert.
1624 3444 1677 3496 in
1724 3440 1942 3507 Aruob.,

352 3564 468 3619 cap.
513 3547 607 3613 26,
658 3555 762 3600 art.
794 3546 845 3610 i;
891 3543 1113 3598 Lucian.
1148 3543 1210 3594 de
1256 3539 1364 3594 Dea
1391 3538 1515 3609 Syr.
1552 3553 1670 3608 pag.
1724 3536 1949 3619 150l£t

260 3632 266 3641 ’
352 3608 504 3710 seqq.
534 3608 672 3695 Ibid.
706 3608 839 3709 pag.
862 3637 1047 3709 l075).
1098 3635 1174 3690 Ex
1204 3633 1288 3688 Itis
1312 3608 1490 3687 autem
1521 3648 1640 3703 qua:
1668 3608 1950 3685 audistive't

353 3736 421 3789 ab
451 3751 517 3789 eo
545 3732 672 3787 alibi
702 3733 875 3787 adhuc
905 3732 1096 3786 tradita
1141 3737 1282 3793 sunt,
1319 3726 1531 3781 Minucii
1563 3724 1733 3780 nostri
1764 3736 1949 3779 narra-

357 3830 433 3880 tio
457 3827 613 3895 plane
632 3826 981 3879 conlirmatur
1007 3834 1168 3893 atque
1191 3821 1510 3876 illustratur.

432 3920 700 3976 Prieterea
754 3927 811 3974 ut
862 3919 1228 3983 Lactantium,
1278 3913 1657 3977 Prudentium,
1707 3910 1952 3980 aliosque

356 4028 515 4085 quam
546 4011 803 4082 plurimos
823 4011 1115 4075 mittamus,
1143 4008 1470 4078 Augustinus
1492 4005 1579 4074 qui
1608 4003 1720 4058 ιιίιερ
1751 4011 1951 4073 myste-

280 4154 288 4167 .,
354 4108 434 4162 ria
456 4105 799 4174 Carthagine,
835 4121 853 4154 t
890 4102 1133 4172 usqueiu
1160 4100 1492 4162 hesternum,
1516 4096 1707 4167 inquit,
1729 4094 1894 4159 diem,
1926 4112 1947 4145 ι

277 4185 286 4265 l
358 4198 410 4253 id
442 4207 546 4263 est,
578 4197 646 4251 ad
674 4211 831 4252 suum
862 4210 1033 4265 usque
1057 4202 1268 4263 tempus
1313 4189 1581 4246 celebrata
1609 4186 1776 4243 fuisse
1803 4183 1954 4240 testi-

358 4292 567 4359 licatur,
604 4290 672 4347 de
710 4292 775 4347 iis
813 4289 1003 4346 eadem
1045 4300 1254 4354 rursus,
1302 4293 1464 4355 atque
1506 4282 1738 4353 ipsemet
1767 4287 1954 4335 auctor

278 4369 293 4470 ξ
358 4395 561 4451 noster,
604 4383 796 4439 litteris
839 4379 1153 4436 mandavit:
1192 4395 1209 4429 t
1238 4375 1400 4433 Sacra
1423 4383 1572 4439 sunt,
1618 4374 1717 4439 ait,
1773 4369 1956 4426 Matris

358 4476 540 4542 deum,
572 4476 661 4532 ubi
693 4479 827 4547 Atys
858 4474 1078 4544 pulcher
1114 4471 1452 4535 adolescens,
1505 4468 1573 4523 ab
1602 4483 1663 4523 ea
1700 4465 1951 4531 dilectus,

279 4470 295 4633 ἰ
358 4476 540 4542 deum,
572 4476 661 4532 ubi
693 4479 827 4547 Atys
858 4474 1078 4544 pulcher
1114 4471 1452 4535 adolescens,
1505 4470 1573 4523 ab
1602 4483 1663 4523 ea
1700 4470 1951 4531 dilectus,

280 4635 295 4668 ι
360 4580 413 4624 et
441 4567 689 4624 muliebri
715 4564 833 4622 zelo
862 4565 1154 4629 abscissus,
1186 4565 1347 4619 etiam
1384 4558 1661 4617 hominum
1691 4561 1958 4618 abscisso-

272 3932 284 4023 ξ

275 4198 288 4403 l

365 4753 655 4825 (Lactant.,
710 4751 805 4806 lib.
858 4766 896 4819 t,
950 4765 1069 4820 cap.
1114 4748 1205 4815 2|;
1250 4746 1505 4803 Prudent.
1560 4745 1747 4818 bymn.
1797 4744 1852 4800 in
1899 4746 1961 4802 S.

366 4843 590 4900 Roman.
621 4844 721 4899 sub
747 4843 868 4908 lin.;
894 4844 1119 4914 August.
1164 4842 1256 4897 lib.
1293 4856 1343 4895 νι
1372 4840 1434 4894 de
1456 4838 1687 4905 Civitut.,
1721 4853 1838 4909 cap.
1869 4838 1964 4904 26,

281 4932 297 5056 ἱ
368 4951 488 5009 pag.
545 4933 692 5007 154).
748 4935 912 4991 Addit
945 4950 1105 5006 porro
1161 4934 1277 4989 haec
1325 4933 1589 4989 horrenda
1613 4946 1785 4995 sacra,
1818 4932 1967 4987 omni

366 5032 575 5056 -......:..-
601 5030 946 5056 ..ιιηιυνηεζιιιιη
967 5029 1199 5056 n..-.\:..-n
1241 5027 1304 5056 ηι.
1331 5026 1453 5056 ind"
1474 5042 1684 5056 ηιιιιηιιη
1708 5027 1965 5056 Alunt-nun;

365 5032 577 5088 scenica
600 5030 949 5087 obscoenitate
967 5029 1225 5100 turpiora,
1240 5027 1306 5083 ab
1331 5026 1456 5097 ipsis
1473 5042 1685 5098 quoque
1707 5027 1967 5081 observa-

368 5132 418 5177 ta
468 5122 633 5179 fuisse
705 5122 962 5177 Romanis
1014 5120 1204 5194 (ibid.
1263 5136 1382 5191 pag.
1459 5118 1618 5192 182).
1689 5117 1970 5189 Quaprop-

369 5225 449 5271 ter
498 5216 755 5272 Tatianus
847 5226 1006 5271 antea
1039 5214 1168 5270 illud
1219 5212 1448 5270 ethnicis
1493 5214 1625 5268 vitio
1679 5222 1965 5268 verterat:

374 5330 392 5363 t
441 5309 614 5379 Rhea,
658 5310 956 5381 inquiebat,
1012 5325 1172 5380 quam
1222 5308 1273 5362 in
1314 5307 1533 5379 Phrygii
1566 5306 1839 5362 montibus
1864 5303 1971 5375 Cy-

368 5402 544 5457 beiem
594 5409 809 5468 vocant,
841 5416 1132 5472 puerorqu
1163 5399 1531 5455 exsectionem
1563 5408 1782 5470 prepter
1807 5394 1969 5464 Atym

368 5502 603 5547 amatum
623 5493 672 5547 ei
700 5507 948 5562 puerum,
972 5491 1272 5546 instituisse
1290 5492 1471 5545 lerunt
1501 5507 1518 5540 t
1550 5487 1809 5560 (Tutiam,
1835 5494 1968 5539 orat.

368 5596 506 5639 cont.
551 5582 743 5647 Gneo"
790 5598 913 5655 pag.
964 5582 1066 5639 M7
1098 5583 1136 5653 ).
1167 5581 1274 5637 Nec
1322 5582 1500 5636 minus
1540 5578 1762 5641 diserte,
1807 5577 1972 5632 immo

370 5686 425 5731 et
453 5677 623 5746 magis
654 5676 889 5732 dilucide
942 5674 1302 5747 Hieronymus
1349 5673 1415 5727 de
1465 5670 1677 5735 iisdem,
1708 5683 1772 5722 ac
1802 5667 1974 5723 illinu-

371 5769 512 5835 cius,
547 5770 803 5825 Romanis
834 5769 951 5825 haec
989 5770 1297 5840 turpissima
1333 5764 1564 5837 Cybeles
1592 5762 1847 5834 mysteria
1873 5776 1972 5817 suo

300 5856 336 5949 ξς,
372 5859 549 5916 adhuc
599 5872 840 5933 tempore
887 5861 1308 5928 celebrantibus,
1367 5860 1445 5916 sic
1487 5856 1722 5928 loquitur
1761 5871 1773 5910 :
1823 5874 1841 5908 ‹
1905 5853 1971 5911 lii

280 4673 297 4937 ἰ

282 5062 301 5148 ι

283 5154 313 5290 ξ

285 5290 299 5388 i

285 5390 305 5495 ξ

362 4677 517 4728 rum,
565 4676 701 4730 quos
751 4660 924 4731 gallos
974 4667 1185 4722 vocant,
1234 4655 1546 4711 infelicitate
1590 4650 2036 4724 deploraturtD

2035 1974 2153 2032 pag.
2186 1956 2294 2015 4⁸76
2322 1957 2361 2030 ),
2403 1970 2586 2013 verum
2632 1954 2791 2012 etiam
2835 1951 3008 2009 Ovidii
3046 1952 3245 2023 Opinio,
3292 1966 3453 2022 quam
3487 1944 3634 2005 hisce

2033 2044 2275 2110 V6f:ii)ll8
2301 2050 2550 2121 ex'piiutil
2581 2067 2595 2103 :

2190 2163 2285 2215 Cur
2311 2162 2459 2226 igitur
2483 2158 2767 2226 gallos,gqui
2790 2171 2845 2226 se
2873 2152 3385 2226 excidereﬁocatnus.

2252 2214 2373 2277 Cum
2389 2214 2574 2274 tanth
2597 2238 2623 2272 a
2646 2214 2856 2285 Phrygia
2881 2218 3063 2285 Gallica
3086 2218 3239 2285 distet
3261 2214 3479 2285 humus?

2193 2287 2348 2346 Inter,
2373 2289 2458 2347 ait,
2486 2287 2689 2337 viridem
2711 2277 2925 2349 Cybelen
2944 2281 3165 2349 altasque
3190 2277 3421 2337 Celenas,

2254 2342 2426 2399 Amnis
2445 2342 2497 2397 in
2524 2350 2710 2405 insana,
2735 2342 2935 2395 nomine
2965 2342 3152 2406 Gallus,
3178 2353 3324 2406 aqua.

2195 2408 2413 2472 Quilibet
2430 2412 2543 2460 inde
2561 2402 2709 2464 furit,
2722 2407 2890 2472 procul
2910 2407 3028 2472 hinc
3045 2402 3285 2472 discedite
3302 2402 3449 2472 queis
3472 2402 3570 2461 est,

2256 2474 2382 2526 Cura
2413 2474 2556 2523 bonae
2571 2465 2781 2522 mentis:
2808 2470 2891 2533 qui
2909 2469 3035 2518 bibit
3057 2467 3196 2527 inde,
3221 2465 3355 2514 furit.

2723 2552 2906 2616 (Ovid,
2931 2550 2967 2600 ι.
2988 2564 3033 2598 tv
3060 2549 3218 2608 East,
3242 2545 3361 2609 δ’ὁ.)

2044 2660 2302 2718 Fluminis
2332 2669 2507 2713 autem
2540 2658 2680 2712 lllius
2710 2654 2950 2710 meminit
2976 2651 3181 2705 Plinius
3211 2689 3226 2714 ,
3257 2656 3415 2719 qttetn
3446 2645 3631 2701 videre

2046 2755 2245 2827 poteris
2273 2795 2287 2820 ,
2318 2745 2765 2824 quemadmodum
2804 2754 2859 2802 et
2886 2742 3133 2799 Vossiuut
3157 2784 3172 2809 ,
3223 2754 3285 2796 ac
3322 2734 3515 2794 Litium
3544 2736 3640 2792 Gi-

2045 2847 2252 2904 raldum
2297 2844 2364 2900 de
2404 2834 2489 2898 illa
2529 2840 2759 2913 Cybeles
2817 2848 2871 2893 et
2923 2833 3055 2907 Atys
3102 2833 3310 2898 tabula,
3341 2830 3411 2885 de
3454 2843 3641 2884 eorum

2046 2938 2316 3011 mysteriis
2344 2978 2358 3004 ,
2405 2936 2618 3006 illiSque
2660 2926 2814 3004 gallis
2858 2926 3215 2999 disputantes.
3295 2923 3370 2978 De
3414 2918 3496 2976 his
3544 2928 3643 2975 nos

2045 3045 2280 3103 quoque,
2310 3043 2374 3084 ac
2406 3027 2742 3099 potissimum
2766 3024 2833 3079 de
2855 3021 3067 3077 illorum
3100 3016 3479 3091 mysteriorum
3510 3028 3640 3068 auc-

2049 3134 2165 3179 tore
2218 3123 2345 3179 alibi
2390 3121 2780 3190 disputavimus
2826 3110 2994 3189 (Plin.
3029 3112 3116 3167 lib.
3163 3127 3290 3166 xxxi
3340 3109 3479 3163 Hist.
3511 3105 3639 3160 Nat.

2050 3231 2166 3286 cap.
2196 3214 2252 3276 2,
2274 3229 2391 3285 pag.
2422 3213 2547 3275 779;
2584 3210 2738 3265 Voss.
2773 3207 2810 3262 l.
2844 3224 2858 3263 ι
2890 3208 2952 3260 de
2976 3205 3121 3277 Orig.
3152 3214 3197 3259 et
3228 3203 3413 3273 Progr.
3451 3199 3644 3254 ldolol.

2049 3306 2282 3378 cap.20.
2325 3320 2444 3377 pag.
2480 3298 2547 3358 78
2596 3312 2649 3358 et
2696 3310 2873 3372 Seqq.;
2909 3296 3111 3354 Girald.
3144 3307 3347 3367 syntug.
3403 3309 3457 3348 tv
3509 3291 3641 3345 llist.

2050 3399 2217 3465 deor.;
2249 3396 2403 3453 Tom.
2438 3386 2459 3451 l
2494 3394 2739 3467 Αρρηνιιι.
2797 3394 2888 3449 lib.
2935 3407 3010 3447 ιιι.
3048 3391 3264 3447 dissert.
3314 3405 3349 3443 tt
3381 3430 3394 3454 ,
3437 3402 3555 3457 cap.
3591 3385 3645 3452 9,

2049 3502 2147 3547 art.
2179 3484 2235 3555 2,
2271 3506 2389 3564 pag.
2421 3490 2525 3545 758
2551 3500 2603 3543 et
2632 3500 2761 3559 Seqq

2120 3586 2383 3641 Carterutn
2425 3583 2638 3638 tametsi
2679 3580 2905 3647 eadem,
2962 3578 3034 3633 uti
3076 3579 3187 3648 jam
3223 3571 3597 3629 annotavimus
3632 3611 3646 3637 ,

2050 3670 2319 3727 diceretur
2351 3664 2448 3725 Isis
2477 3709 2493 3736 ,
2526 3667 2689 3723 Ceres
2717 3710 2731 3733 ,
2761 3660 2964 3739 Cybele
2995 3707 3009 3731 ,
3043 3665 3192 3718 Rhea
3224 3704 3237 3728 ,
3274 3660 3607 3731 Dindymene
3636 3696 3652 3723 ,

2052 3778 2115 3817 ac
2158 3763 2385 3818 Deorum
2418 3772 2587 3816 mater
2621 3802 2635 3828 ,
2665 3748 2890 3828 aliisque
2913 3756 3127 3819 adhuc,
3162 3762 3220 3807 ut
3250 3752 3566 3806 Plutarchus
3597 3758 3652 3802 et

2054 3854 2248 3910 Strabo
2273 3854 2561 3908 observ-aut
2586 3894 2600 3917 ,
2651 3843 2956 3907 nominibits
2998 3845 3360 3918 appellaretur
3390 3858 3404 3907 ;
3438 3847 3652 3895 constat

2054 3945 2401 4001 nihilominus
2439 3944 2650 4000 diversa
2696 3944 2858 3998 fuisse
2911 3946 3061 3995 saera
3091 3951 3143 3995 et
3166 3937 3325 4003 festa,
3369 3944 3489 4005 quae
3520 3949 3650 4003 :vgc-

2056 4039 2251 4094 bantur
2278 4039 2332 4093 iit
2356 4036 2571 4094 Cereris
2599 4034 2977 4105 Proserpinam
2999 4029 3312 4101 quatrcntis,
3340 4041 3403 4081 ac
3428 4025 3657 4097 Cybeles

2056 4126 2215 4185 simul
2241 4138 2296 4184 et
2321 4127 2511 4199 Atydis
2538 4126 2858 4182 memoriam
2887 4118 3188 4191 (Plutarch.
3221 4116 3273 4170 in
3313 4112 3427 4169 Vita
3454 4113 3652 4167 (ἔωσαν.

2055 4238 2178 4296 pag.
2206 4218 2329 4278 lll.
2362 4217 2541 4276 Strab.
2574 4217 2668 4273 lib.
2702 4230 2756 4270 ιι.
2782 4210 2968 4285 Geogr.
3001 4224 3120 4283 pag.
3156 4206 3256 4263 i69
3284 4206 3327 4279 ).
3374 4202 3481 4261 Sed
3508 4217 3658 4296 qua:-

2058 4293 2287 4386 cumque
2324 4328 2388 4371 ea
2432 4313 2539 4369 sint
2563 4355 2577 4377 ,
2622 4307 3026 4368 evidentissime
3064 4302 3437 4358 demonstrant
3463 4293 3653 4350 falsam

2061 4406 2274 4465 illorum
2301 4405 2633 4462 divinitatem
2665 4443 2680 4470 ,
2733 4408 2893 4472 atque
2922 4395 3204 4469 gentilium
3240 4408 3333 4449 eos
3358 4388 3654 4446 colentium

2061 4504 2450 4577 deplorandam
2475 4498 2771 4556 ca’eitatom
2797 4504 2851 4550 et
2883 4488 3196 4548 amentiam.

2664 4647 2956 4692 ARTICULUS
2991 4646 3071 4688 ιιι.
3094 4694 3098 4699 _

2071 4782 2148 4837 De
2191 4780 2308 4835 aliis
2347 4773 2712 4848 superstitiosis
2764 4781 2810 4827 et
2849 4768 3086 4824 absurdis
3138 4762 3418 4821 Gentilium
3456 4760 3660 4827 ritibus,

2139 4870 2320 4944 quibus
2366 4869 2539 4940 plures
2573 4864 2820 4937 sanguine
2863 4878 2956 4918 suo
2997 4861 3243 4922 libabant,
3274 4873 3333 4909 ac
3373 4851 3664 4909 vulneribus

2136 4966 2456 5035 ririliumque
2479 4961 2732 5017 excisione
2758 4954 3134 5027 supplicabunt,
3169 4950 3386 5018 deosque
3416 4945 3665 5000 ducebant

2146 5058 2349 5113 uicatim
2378 5056 2759 5115 mendicantes;
2787 5050 2851 5103 de
2882 5046 3100 5117 lupercis
3128 5043 3289 5097 cruda
3311 5040 3487 5109 hyeme
3516 5035 3665 5090 nudis

2147 5140 2570 5212 discurrentibus,
2596 5143 2765 5199 obvios
2795 5136 3171 5193 verberantibus
3193 5147 3253 5184 ac
3283 5130 3437 5200 pelles
3463 5126 3666 5181 ca’den-

2146 5243 2315 5305 tibus;
2337 5240 2401 5293 de
2430 5237 2590 5294 Saliis
2617 5234 2839 5307 pilentis,
2873 5241 2919 5285 et
2947 5239 3089 5284 scuta
3114 5235 3277 5280 vetera
3306 5221 3668 5292 circumferen-

2147 5334 2295 5389 tibus.

2141 5471 2421 5528 Neminem
2450 5480 2570 5523 esse
2598 5473 2867 5536 putamus,
2893 5459 2983 5532 qui
3012 5474 3079 5514 ex
3100 5456 3358 5513 hactenus
3386 5449 3670 5522 disputatis

2073 5567 2234 5623 facile
2284 5568 2393 5619 no'n
2435 5559 2695 5630 intelligat
2723 5557 2853 5628 quid
2901 5554 3004 5610 sibi
3054 5550 3316 5607 Minucius
3342 5546 3508 5609 velit.
3548 5558 3671 5600 cum

2075 5659 2338 5717 absurdos
2380 5657 2643 5728 planeque
2672 5650 3076 5723 superstitiosos
3113 5644 3477 5700 Romanorum
3507 5637 3673 5693 falsos

2075 5757 2206 5808 deos
2247 5748 2583 5805 adorantium
2626 5746 2760 5800 ritus
2797 5744 3128 5805 insectatur,
3174 5750 3238 5791 ac
3272 5730 3567 5804 quemlibet
3607 5743 3675 5783 ex

2074 5847 2182 5904 illis
2213 5842 2484 5900 hominem
2516 5838 2711 5895 merito
2752 5835 2975 5909 corripit
3014 5848 3030 5887 :
3086 5848 3107 5883 ι
3140 5827 3242 5899 Qui
3280 5825 3542 5895 sanguine
3570 5836 3670 5879 suo
