4264 6258
666 351 772 409 659

1937 358 2026 414 DE
2065 354 2320 414 MINUCII
2350 355 2651 413 OCTAVIO

3889 368 3988 420 (illi

675 467 846 535 libat,
881 478 936 525 et
974 469 1284 526 vulneribus
1312 471 1424 527 suis
1465 472 1727 543 supplicat
1757 511 1771 526 .
1811 515 1820 525 .
1859 513 1868 524 .
1909 513 1920 527 .
1958 515 1972 528 .
2008 515 2020 528 .
2063 484 2154 528 aut
2187 473 2270 528 cui
2302 475 2349 533 Λ
2383 474 2594 544 pergit,
2629 495 2647 526 ‹
2685 474 2898 530 vicatim
2931 475 3060 532 deos
3100 478 3341 542 ducunt,
3374 497 3391 528 ›
3430 479 3659 550 Cybeles
3693 481 3933 540 videlicet
3968 528 3981 552 ,

673 566 796 615 exta
824 568 952 614 sunt
970 559 1204 616 obscena
1232 561 1480 618 demessa
1515 605 1530 630 ,
1563 562 1834 632 quomodo
1862 565 2019 619 deum
2051 566 2218 620 violat
2251 605 2267 632 ,

678 651 770 721 qui
800 651 900 706 hoc
928 651 1090 708 modo
1119 652 1326 722 placat;
1373 669 1497 709 cum
1529 655 1574 708 si
1605 655 1882 710 eunuchos
1915 656 2053 711 Deus
2083 657 2265 723 vellet,

673 752 858 814 posset
885 758 1170 813 procreare
1189 787 1202 809 ,
1233 760 1340 801 non
1370 746 1596 802 facere.»
1625 747 1816 803 Nonne
1839 749 1982 803 enim
2007 749 2095 805 ille
2127 751 2197 805 ibi
2217 760 2272 808 et

670 833 739 888 de
768 833 997 904 Cybeles
1019 876 1032 899 ,
1074 836 1148 889 uti
1190 838 1432 907 proxime
1459 839 1796 904 dicebamus,
1823 850 1985 910 atque
2014 842 2173 898 etiam
2202 845 2271 900 de

673 922 950 990 Bellonte,
1006 927 1455 996 quemadmodum
1507 939 1665 986 antea
1719 933 1878 987 etiam
1930 935 2269 991 animadver-

671 1017 836 1073 timus
865 1020 885 1090 (
913 1018 1075 1089 Supr.
1105 1037 1226 1092 cap.
1256 1022 1312 1088 9,
1341 1034 1442 1079 art.
1470 1024 1548 1096 2)
1583 1024 1784 1082 insanis
1815 1027 1999 1098 utique
2022 1032 2271 1086 sacerdo-

673 1111 814 1167 tibus
842 1112 1122 1185 disputat?
1173 1115 1240 1172 Et
1280 1127 1427 1176 certe
1457 1118 1734 1178 Juvenalis
1775 1121 1845 1177 de
1890 1123 2130 1196 utrisque
2173 1141 2266 1183 ce-

670 1205 800 1261 cinit
833 1225 845 1260 :

1295 1363 1306 1375 .
1379 1364 1390 1376 .
1465 1367 1474 1376 .
1547 1370 1557 1379 .
1627 1330 1755 1381 Ecce
1780 1331 1992 1383 furentis

793 1381 1030 1460 Bellona,
1056 1388 1327 1460 matrisque
1352 1389 1500 1460 deum
1525 1393 1704 1460 chorus
1728 1381 2176 1460 intratam—ingens

794 1445 1022 1520 Semiviri
1041 1445 1258 1520 obsceno
1282 1449 1432 1520 facies
1456 1457 1734 1520 reverenda
1760 1445 1956 1520 minori,

791 1507 954 1574 Mollia
977 1511 1062 1574 qui
1087 1520 1227 1573 rupta
1254 1515 1415 1563 secuit
1438 1517 1675 1574 genitalia
1703 1526 1830 1568 testa

793 1568 900 1645 iam
928 1568 1238 1645 Iridemk'cui
1274 1589 1419 1645 rauca
1438 1568 1635 1645 cohors.
1660 1583 1739 1630 cui
1767 1589 1990 1645 tympana
2013 1585 2206 1634 caedunt

789 1631 1012 1693 Plebeia,
1041 1641 1091 1684 et
1115 1635 1329 1700 Phrygia
1353 1641 1559 1690 vestitur
1575 1631 1728 1692 bucca
1752 1631 1889 1693 tiara:

1163 1717 1435 1781 (Juvenal.,
1462 1725 1658 1789 Satyr.,
1688 1740 1732 1786 v,
1761 1727 1896 1776 circa
1911 1728 2079 1790 med.)

661 1824 667 1856 έ
736 1816 926 1874 Nonne
975 1824 1134 1876 etiam
1182 1823 1555 1897 Athenagoras
1607 1828 1676 1885 de
1722 1831 1948 1900 iisdem,
1995 1835 2094 1890 etsi
2155 1845 2260 1890 tam

661 1907 891 1966 obscure
943 1911 1011 1967 de
1053 1915 1305 1972 secundis
1368 1933 1527 1988 quam
1579 1923 1863 1992 perspicue
1912 1924 1981 1980 de
2028 1927 2214 1997 primis
2245 1970 2258 1996 ,

662 1999 798 2056 dixit
829 2019 841 2055 ε
874 2012 934 2056 Οἱ
953 2014 1039 2072 μὲν
1063 2012 1379 2076 ἀποτέμνουσι
1402 2018 1463 2067 τὰ
1487 2017 1670 2077 αἰδοῖα,
1705 2025 1748 2069 οἱ
1776 2020 1888 2088 περὶ
1915 2029 2000 2072 τὶν
2041 2010 2166 2073 ἰδίαν
2197 2059 2258 2077 ...

655 2098 717 2146 ἐῶ
745 2100 834 2164 γὰρ
867 2105 971 2157 τοὺς
1000 2102 1108 2157 ταῖς
1137 2110 1439 2172 μαχαίραις,
1494 2109 1578 2158 καὶ
1628 2112 1725 2169 τοῖς
1765 2113 2081 2180 ἀστραγάλοις
2124 2117 2258 2167 αἰκι-

657 2188 880 2251 ζομένους
912 2192 1079 2249 αὐτοὺς
1117 2198 1281 2262 λέγειν.
1323 2194 1458 2249 (ΑΙῙί
1486 2197 1730 2266 pudenda
1771 2202 2091 2258 exscindunt
2121 2246 2133 2266 ,
2168 2206 2258 2274 qui

661 2276 932 2344 conjuncti
962 2289 1087 2332 sunt
1123 2281 1285 2338 libeat
1316 2301 1327 2336 :
1363 2296 1417 2339 nt
1449 2286 1577 2342 nihil
1605 2289 1780 2345 dicam
1804 2291 1870 2347 de
1901 2294 2002 2349 illis
2024 2298 2112 2364 qui
2141 2298 2256 2352 cul-

657 2365 756 2421 tris
768 2378 821 2422 ct
837 2368 1063 2439 ﬂagellis
1077 2371 1286 2429 nodatis
1302 2377 1510 2447 seipsos
1531 2379 1916 2438 discruciant?»
1940 2386 2227 2454 (Athenag.
2241 2431 2255 2455 ,

663 2455 846 2528 Legat.
875 2476 970 2530 pro
997 2460 1302 2532 Christiau.,
1335 2483 1454 2539 pag.
1497 2470 1614 2543 29.)
1643 2474 1732 2540 At,
1757 2475 1893 2530 sicut
1922 2477 2009 2532 ille
2047 2479 2253 2547 soluto,

581 2621 592 2631 ‘
654 2546 726 2602 ita
757 2549 1015 2608 Martialis
1041 2556 1229 2613 stricto
1269 2574 1520 2617 sermone
1550 2563 1687 2620 dixit
1717 2586 1729 2621 :

781 2640 903 2722 Alba
929 2644 1088 2722 minus
1110 2651 1255 2722 saevis
1277 2649 1558 2722 lacerantur
1582 2655 1778 2707 brachia
1802 2661 1988 2722 cultris,

843 2705 960 2754 Cum
983 2706 1095 2757 furit
1120 2710 1179 2758 ad
1200 2711 1438 2777 Phrygios
1458 2718 1638 2767 enthea
1651 2705 2003 2774 iiidiaiiiaiiiié.

1156 2797 1409 2862 (Martial.,
1430 2801 1463 2851 l.
1487 2818 1538 2863 ιι,
1558 2803 1882 2872 Epigramm,
1899 2809 2003 2873 85.)

660 2889 735 2944 De
767 2892 948 2953 Matris
972 2913 1103 2956 vero
1131 2899 1292 2959 deum
1324 2907 1510 2976 mystis
1542 2908 1744 2966 Seneca
1787 2931 1794 2963 :

963 2991 1090 3056 ἔοι),
1117 2995 1156 3042 si
1181 2995 1358 3047 molles
1383 3000 1565 3050 imitata
1584 3003 1727 3056 viros.

965 3052 1111 3125 Tristi
1137 3056 1327 3125 laceret.
1350 3063 1542 3112 brachia
1567 3052 1746 3125 tecum,

967 3117 1085 3188 Quae
1112 3121 1302 3170 turrim
1328 3127 1468 3173 turba
1501 3127 1688 3188 parenti

957 3177 1169 3246 ﬂectere.
1187 3195 1334 3246 rauco
1356 3177 1561 3246 Conv-itu,
1591 3192 1652 3238 bu
1665 3206 1684 3237 ἰ
1697 3207 1774 3238 Iltti

960 3239 1113 3298 Ferit,
1139 3252 1185 3291 ut
1214 3245 1476 3306 Phrygium
1502 3239 1668 3312 lugeat
1695 3255 1853 3316 Αιδιιι.

1209 3322 1434 3385 ξῗῇριιμοεη
1484 3335 1754 3397 .(grmtem.,
1780 3347 1893 3397 act...
1917 3356 1980 3392 ιιι,
2009 3358 2138 3391 svi-ti.
2174 3347 2241 3410 Δ.)

647 3423 895 3479 Concinit
922 3430 1127 3499 utrique
1157 3430 1431 3490 Juvenalis
1455 3438 1664 3493 duobus
1694 3442 1774 3494 his
1802 3443 2129 3500 carminibus
2153 3464 2167 3500 :

707 3536 1344 3623 tamenettspectant,
1369 3549 1586 3623 Phrygio
1609 3568 1734 3617 quos
1757 3561 1953 3620 tempus
1976 3570 2081 3611 erat.
2102 3564 2198 3623 jam

713 3599 848 3649 More
875 3599 1228 3665 supervacuam
1251 3599 1422 3662 cultris
1444 3599 1743 3679 abrumpere
1759 3599 1997 3670 €556;qu

1145 3692 1417 3759 (Juvenal.,
1446 3701 1635 3763 Satyr.,
1675 3719 1723 3762 ιι,
1751 3705 1868 3754 circ.
1890 3704 1998 3769 tiu.)

642 3786 908 3846 Lucianus
939 3793 1134 3864 etiam,
1174 3813 1262 3861 τὴν
1306 3813 1512 3873 “pallia
1565 3814 1766 3862 κάτωθεν
1795 3818 1843 3875 ἕξ
1881 3816 2074 3881 αὐχένος
2121 3821 2245 3868 ἐλίσ-

641 3907 817 3954 σοντες,
849 3903 945 3950 τοῖς
971 3900 1147 3960 ξίφεσιν
1176 3901 1414 3963 Eripiteer
1442 3910 1548 3963 τοὺς
1588 3919 1758 3971 πήχεις
1776 3944 1790 3966 ,
1814 3909 1897 3958 καὶ
1925 3917 2013 3960 τὶν
2034 3916 2244 3974 γλῶττάν

639 3993 729 4032 τῶν
767 3982 964 4035 ὀδόντων
999 3989 1298 4056 ὑπερϐάλλων
1327 3998 1551 4060 ἕκαστος,
1600 4003 1760 4063 ἔτεμνε
1789 4010 1873 4052 καὶ
1892 4005 2095 4063 στοιὺιι-ινεν⁸
2121 4010 2239 4058 ὥστε

641 4070 686 4119 ἐν
723 4073 900 4140 ἀκαρεῖ
939 4080 1098 4132 ari-arat
1137 4089 1403 4143 πεπλῆσθαι
1442 4094 1666 4152 male.er
1708 4096 1934 4159 αἳματος.
2011 4112 2028 4145 t
2071 4093 2242 4166 Caput

635 4160 825 4218 subtus
873 4175 1057 4234 guttur
1107 4169 1335 4241 ligantes
1364 4217 1378 4240 ,
1430 4178 1650 4236 ensibus
1715 4182 1943 4239 lacertos
1990 4160 2190 4242 feriunt
2221 4231 2234 4253 ,

640 4254 872 4326 linguam
915 4261 1132 4332 insuper
1169 4265 1302 4322 foris
1332 4271 1522 4328 dentes
1567 4283 1848 4330 extensam
1891 4280 2118 4348 quisque
2150 4282 2236 4336 in-

634 4347 763 4402 cidit
791 4391 807 4416 ,
850 4361 909 4407 ut
936 4353 1080 4410 brevi
1111 4365 1354 4429 tempore
1379 4366 1554 4420 omnia
1580 4369 1840 4438 sanguine
1871 4383 2177 4428 tuanarent.
2209 4393 2228 4426 ι

637 4439 884 4533 ςιιιιοίηη.
912 4447 962 4499 in
993 4446 1122 4503 Luc.
1153 4452 1266 4507 sive
1294 4455 1432 4510 asin.
1467 4472 1586 4529 pag.
1615 4459 1778 4532 660).
1815 4463 2075 4533 Apuleius
2103 4481 2232 4522 vero

637 4529 837 4588 ferrum
869 4534 997 4591 illud
1042 4555 1241 4610 anceps
1272 4554 1428 4600 vocat
1454 4590 1468 4613 ,
1502 4566 1608 4618 quo
1635 4529 1984 4626 sua—quisque
2013 4556 2229 4615 brachia
2291 4627 2296 4631 ι

2302 3264 2310 3318 ξ
2359 3269 2517 3306 tenes
2547 3299 2557 3310 ,
2597 3253 2825 3324 Lyceum
2859 3255 2998 3309 Pana
3051 3272 3365 3313 venenatum
3398 3305 3405 3313 .

2375 567 2497 621 sive
2521 567 2704 622 Matris
2733 570 2898 624 Deum
2928 572 3295 627 simulacrum.
3321 573 3453 628 'l‘um
3482 575 3624 629 enim
3677 578 3816 647 turpi
3841 594 3982 649 pror-

2377 674 2470 714 sus
2500 661 2845 718 mendicitate
2872 665 3140 734 quashbet
3169 665 3335 734 stipes
3363 666 3690 738 colligebant
3717 684 3909 727 aureas
3931 684 3979 729 et

2377 763 2667 825 argenteas
2699 799 2712 821 ,
2769 755 2937 826 inquit
2983 757 3243 828 Apuleius
3269 757 3287 830 (
3317 759 3526 828 Apulei.
3557 760 3656 816 loc.
3689 761 3783 816 cit.
3811 763 3867 831 ),
3902 765 3978 820 vel

2376 852 2562 911 aeole-3;
2591 855 2672 903 καὶ
2709 855 2940 921 δραγμάς,
2976 871 2994 903 ‹
3024 852 3212 906 obolos
3239 861 3293 907 et
3321 853 3605 924 dragmas.
3652 857 3730 910 uti
3758 857 3834 911 ait
3873 857 3976 913 Lu-

2375 945 2561 999 cianus
2581 986 2596 1011 ,
2631 959 2693 999 ac
2718 946 2973 1016 quidquid
3013 946 3381 1016 unusquisque
3413 948 3519 1003 illis
3550 948 3752 1004 all'atim
3787 951 3976 1024 largie-

2376 1037 2533 1092 batur
2561 1037 2832 1108 (Lucian.)
2864 1039 2969 1094 Ioc.
2998 1039 3091 1094 cit.
3128 1038 3247 1094 Uno
3275 1048 3453 1095 autem
3480 1041 3643 1096 verbo
3670 1058 3698 1096 a
3724 1043 3976 1116 Dionysio

2371 1128 2781 1186 llalicarnasseo
2807 1132 3146 1200 appellantur
3184 1143 3618 1204 μητραγυρτοῦντες
3644 1178 3659 1202 ,
3709 1137 3726 1209 (
3755 1138 3971 1211 Dionys.

2375 1219 2550 1277 l'lalic.
2587 1222 2676 1277 lib.
2713 1239 2748 1277 ll
2780 1222 2950 1293 Antiq.
2991 1223 3141 1276 Ilom.
3179 1241 3228 1294 p.
3265 1226 3327 1280 9i
3367 1225 3410 1295 ),
3443 1226 3513 1280 ab
3543 1227 3662 1282 aliis
3697 1271 3712 1294 ,
3745 1238 3802 1284 ut
3849 1231 3972 1286 alibi

2375 1311 2602 1366 vidimus
2622 1356 2634 1376 ,
2667 1319 2988 1384 μητραγὺρττς
3008 1357 3021 1380 ,
3059 1335 3077 1367 ι
3117 1315 3238 1370 sive
3267 1317 3462 1386 stipem
3493 1317 3643 1374 Matri
3675 1320 3836 1376 deum
3863 1325 3974 1378 col-

2373 1389 2622 1474 ligentes.
2657 1425 2675 1457 »
2707 1405 3065 1472 Quamobrem
3094 1422 3121 1461 a
3151 1407 3482 1464 Tertulliano
3502 1453 3517 1477 ,
3554 1413 3691 1467 sicut
3719 1428 3818 1468 suo
3854 1416 3970 1470 loco

2377 1497 2680 1553 videbimus
2701 1539 2716 1564 ,
2745 1509 3085 1568 nuncupatur
3125 1519 3145 1552 ι
3181 1502 3369 1571 religio
3397 1504 3708 1560 mendicans
3736 1547 3750 1570 ,
3788 1527 3805 1557 ι
3856 1524 3971 1576 quae

2372 1603 2642 1659 cauponas
2684 1590 2944 1646 circuibat
2989 1590 3193 1662 (Tom.
3238 1594 3264 1646 l
3310 1593 3560 1664 Apparltt.
3625 1611 3746 1668 pag.
3795 1598 3899 1653 784
3927 1599 3967 1669 ).

2372 1682 2504 1750 Quis
2533 1693 2711 1738 autem
2760 1698 2864 1738 non
2898 1684 3179 1738 mirabitur
3203 1685 3346 1741 hunc
3385 1687 3817 1746 sordidissimum
3858 1707 3969 1746 mo-

2372 1789 2486 1828 rem
2519 1775 2903 1829 sacratioribus
2929 1775 3196 1830 lirmatmu
3228 1775 3391 1831 fuisse
3415 1780 3694 1848 gentilium
3722 1781 3966 1852 legibus?

2292 1865 2342 1924 B
2371 1867 2440 1921 At
2466 1865 2655 1922 Cicero
2684 1877 2859 1922 tamen
2890 1867 3028 1923 hanc
3051 1911 3063 1935 ,
3096 1870 3237 1924 inter
3264 1869 3396 1924 alias
3421 1870 3487 1926 ad
3516 1872 3740 1929 deorum
3763 1877 3964 1932 cultum

2369 1955 2699 2025 pertinentes
2728 2000 2742 2021 ,
2794 1958 2966 2027 legero
3002 1957 3219 2014 exhibet
3250 1978 3261 2013 :
3316 1980 3335 2012 ι
3371 1961 3574 2018 Ρηυιει·
3608 1964 3742 2020 Idea:
3787 1966 3966 2023 Matris

2368 2050 2622 2117 famulos,
2643 2066 2843 2122 eosque
2867 2053 3026 2122 jnstis
3047 2053 3258 2121 diebus,
3277 2071 3346 2110 ne
3371 2058 3490 2126 quis
3516 2058 3706 2129 stipem
3730 2062 3924 2132 engito.
3940 2084 3957 2115 ι

2367 2143 2498 2200 Εηιιι
2529 2158 2658 2199 sane
2687 2145 2758 2198 ob
2797 2160 3013 2200 causam
3045 2161 3150 2200 non
3190 2147 3305 2202 ausi
3337 2158 3465 2202 sunt
3495 2149 3631 2204 hunc
3675 2151 3962 2208 ridiculum

2365 2224 2571 2291 morem
2608 2237 2889 2307 antiquare
2918 2237 3050 2308 (Cic.
3072 2238 3163 2292 lib.
3189 2255 3222 2293 ιι
3247 2239 3310 2293 de
3330 2239 3498 2311 Legib.
3522 2244 3825 2312 p.555,lin.
3845 2245 3962 2317 14).

2365 2326 2529 2382 Paulo
2555 2328 2694 2383 enim
2719 2338 2900 2398 postea
2926 2329 3066 2384 idem
3089 2329 3312 2386 Cicero:
3340 2351 3356 2384 ι
3385 2332 3584 2403 Stipem
3613 2336 3958 2405 sustulimus,

2363 2419 2533 2490 inquit
2566 2462 2580 2482 ,
2613 2422 2713 2475 nisi
2746 2436 2862 2476 eam
2909 2437 3028 2492 qua:
3071 2423 3137 2477 ad
3182 2439 3378 2494 paucos
3417 2425 3531 2483 dies
3579 2429 3792 2499 propria
3822 2429 3961 2486 Idea:

2361 2512 2545 2569 Matris
2568 2557 2582 2581 ,
2615 2516 2924 2586 excepimus
2955 2537 2972 2568 ι
3005 2518 3024 2586 (
3052 2517 3196 2574 ldem
3229 2535 3346 2591 pag.
3378 2522 3624 2586 558.1in.
3651 2524 3723 2580 20
3748 2523 3789 2597 ).
3823 2525 3959 2582 Ιάωη

2363 2618 2523 2674 porro
2552 2617 2722 2661 mater
2747 2607 2936 2664 eadem
2968 2621 3050 2664 εει
3093 2626 3155 2665 ac
3191 2612 3351 2666 deum
3384 2623 3556 2670 mater
3585 2625 3636 2671 et
3663 2614 3880 2688 Cybele.

2435 2698 2510 2753 De
2554 2698 2812 2770 Lupercis
2850 2701 3064 2762 deinde.
3095 2703 3210 2760 lucc
3261 2707 3614 2776 proculdubio
3655 2710 3912 2766 Minucius
3939 2755 3954 2779 ,

2359 2805 2459 2845 nec
2487 2790 2635 2860 plura
2671 2793 2890 2863 scripsit
2920 2809 2937 2848 .'
2967 2795 3135 2851 «Nudi
3161 2798 3324 2852 cruda
3356 2799 3549 2870 hyeme
3573 2801 3894 2858 discurrunt.
3931 2823 3948 2855 ι

2358 2884 2534 2940 Certis
2561 2896 2739 2942 autem
2770 2889 2993 2945 testibus
3017 2892 3059 2945 si
3089 2893 3191 2948 hoc
3213 2894 3304 2948 tibi
3336 2895 3548 2964 probari
3586 2898 3822 2967 postules
3846 2941 3860 2962 ,
3887 2899 3952 2954 ad

2361 2987 2548 3024 manus
2594 2972 2746 3025 nobis
2786 2973 2964 3044 plures
3009 2977 3189 3047 utique.
3232 2990 3372 3033 sunt.
3433 2981 3638 3035 Primus
3692 2985 3947 3052 siquidem

2359 3063 2566 3116 obviam
2604 3077 2744 3119 ιθιιιι.
2781 3067 2955 3120 “Vitis
2979 3110 2991 3128 ,
3027 3070 3114 3136 qui
3157 3081 3326 3123 ttztll'al
3364 3074 3660 3126 utSttltttttiu
3703 3079 3860 3129 luisse
3887 3079 3950 3128 ab

2363 3160 2603 3211 llvatzdm
2640 3162 2876 3214 solemne
2924 3179 2982 3216 ex
3022 3165 3245 3218 Arcadia
3277 3168 3495 3220 uilitllttu
3526 3211 3534 3222 .
3585 3192 3595 3214 ε
3642 3179 3687 3218 ut
3723 3171 3842 3222 ntuli
3876 3171 3950 3230 itt-

3457 3277 3547 3327 ρον
3582 3265 3751 3315 imum
3795 3271 3950 3330 atque

2359 3347 2630 3399 t;i~(‘ivi:nn
2688 3359 2966 3402 currerent
3001 3370 3015 3394 ι
3081 3349 3234 3422 (Liv.
3291 3353 3380 3406 lib.
3433 3371 3475 3416 ι,
3537 3360 3559 3410 ξ
3612 3356 3710 3424 ὃ).
3753 3354 3949 3410 Deinde

2354 3438 2530 3492 Atilius
2599 3437 2825 3504 l‘ubcm,
2873 3459 2898 3492 a
2954 3442 3205 3511 Dionysio
3257 3444 3664 3500 llahcaruassco
3711 3451 3894 3500 enatus
3935 3493 3944 3509 ,

2349 3528 2593 3582 eamlem
2625 3529 2842 3585 tradidit
2871 3531 3024 3602 hujus
3055 3534 3422 3591 solemuitatis
3451 3538 3709 3608 originum
3731 3581 3744 3602 ,
3769 3541 3822 3593 in
3852 3557 3953 3612 qua

2351 3622 2596 3674 solebant
2637 3622 2864 3689 juvenes
2891 3667 2904 3689 ,
2950 3632 3205 3696 περιελθεῖν
3241 3631 3395 3698 δρόμῳ
3419 3641 3505 3685 τὶν
3531 3640 3685 3699 κώμην
3715 3641 3912 3698 γυμνιὺς
3935 3674 3949 3695 ,

2357 3733 2373 3762 ι
2409 3713 2580 3770 nudos
2607 3715 2746 3769 circa
2785 3716 2957 3771 vicum
2996 3719 3291 3784 cursitare,
3327 3721 3587 3790 pudendis
3614 3732 3815 3778 tanttun
3857 3739 3949 3778 re-

2347 3819 2476 3860 cens
2503 3813 2851 3862 mactatarum
2883 3809 3142 3878 pecudum
3171 3813 3376 3866 exuviis
3397 3815 3682 3869 succinctis
3737 3833 3757 3868 ι
3791 3815 3951 3886 (Dio-

2349 3913 2468 3969 nys.
2507 3898 2676 3954 Halic.
2723 3900 2812 3955 lib.
2844 3917 2879 3955 l.
2918 3901 3086 3968 Antiq.
3123 3902 3275 3958 Rom.
3308 3920 3428 3974 pag.
3463 3907 3530 3960 (i7
3565 3904 3605 3976 ).
3652 3905 3764 3962 Huc
3788 3909 3946 3962 etiam

2346 3991 2556 4047 accedit
2583 3992 2903 4048 Plutarchus
2927 4037 2940 4060 ,
2973 3995 3061 4064 qui
3085 3996 3299 4065 quidem
3323 3999 3576 4066 Opinatnr
3604 3999 3760 4069 hujus
3791 4000 3906 4054 festi
3926 4041 3942 4065 ,

2345 4082 2490 4150 quod
2522 4083 2830 4154 Lupercalia
2856 4086 3118 4141 vocabant
3142 4130 3156 4152 ,
3181 4097 3236 4143 et
3251 4089 3509 4157 juvenum
3529 4105 3717 4146 cursus
3736 4093 3940 4147 initium

2345 4172 2466 4230 duci
2500 4177 2736 4245 potuisse
2782 4193 2886 4230 non
2921 4186 3026 4232 tam
3055 4179 3123 4235 ab
3153 4179 3404 4235 Evandro
3432 4227 3442 4248 ,
3489 4199 3651 4254 quam
3688 4201 3715 4238 a
3749 4185 3890 4256 Lupa
3921 4228 3935 4252 ,

2342 4281 2445 4334 qua
2502 4265 2762 4322 Romulus
2813 4267 3071 4324 educatus
3127 4270 3318 4349 fuerat.
3354 4274 3422 4327 At
3460 4272 3661 4330 fatetur
3711 4277 3939 4346 juvenes

2341 4356 2512 4413 nudos
2557 4357 2909 4426 discurrisse,
2967 4361 3243 4418 czecidisse
3289 4366 3506 4421 scuticis
3544 4368 3682 4422 albis
3712 4370 3928 4425 obvium

2338 4463 2641 4520 quemque,
2694 4467 2794 4508 nec
2824 4453 3076 4510 mulieres
3103 4455 3402 4513 declinasse
3448 4459 3660 4516 illorum
3693 4462 3936 4518 verbera.

2339 4542 2641 4612 (Plutarch.
2664 4545 2719 4600 in
2754 4545 2871 4601 Vita
2888 4547 3116 4615 Romuli,
3138 4565 3257 4621 pag.
3282 4551 3370 4616 51,
3393 4561 3446 4607 ct
3467 4552 3752 4621 Quantione
3779 4552 3934 4610 liam.

635 4619 937 4680 dissecabat
960 4667 975 4692 ,
1008 4638 1059 4683 et
1080 4671 1093 4696 ,
1124 4643 1177 4686 ut
1200 4635 1271 4688 ait
1304 4635 1665 4696 Tertullianus
1686 4686 1700 4710 ,
1734 4644 1785 4698 hi
1814 4647 1935 4714 galli
1965 4659 2017 4702 ct
2043 4665 2228 4706 eorum

2360 4650 2459 4706 tag.
2485 4635 2593 4692 280
2620 4635 2662 4709 ).
2693 4637 2832 4693 Alibi
2862 4655 2988 4695 vero
3031 4619 3227 4696 narrat
3254 4643 3324 4697 M.
3356 4619 3638 4699 Antonium
3671 4660 3832 4700 unum
3865 4662 3934 4702 ex

633 4711 882 4784 princeps
910 4718 1234 4792 archigallus
1261 4731 1577 4798 sanguinein
1612 4735 1880 4804 impurum
1898 4779 1914 4803 .
1943 4744 2230 4800 castrando

636 4803 866 4862 lacertos
887 4850 902 4874 ,
935 4808 1156 4871 libabat.
1210 4817 1572 4886 Quamobrem
1613 4803 1818 4882 Seneca
1851 4831 1990 4900 apud
2021 4833 2230 4904 Augus-

633 4894 801 4951 tinum
829 4898 953 4956 inde
979 4906 1257 4974 gentilium
1286 4924 1506 4969 suorum
1531 4913 1665 4972 deos
1691 4919 1768 4974 sic
1795 4894 2049 4990 exagitat.
2086 4894 2228 4983 (ille

631 4988 814 5046 viriles
858 4993 957 5050 sibi
993 5008 1172 5068 partes
1198 5014 1471 5075 amputat,
1521 5009 1611 5065 ille
1656 4988 2081 5074 lacertos—secat.
2126 5019 2229 5077 Ubi

632 5081 796 5140 iratos
823 5083 955 5143 deos
985 5090 1172 5149 timent
1198 5136 1214 5162 ,
1261 5099 1351 5168 qui
1395 5100 1474 5156 sic
1505 5103 1764 5174 propitios
1793 5120 2066 5167 merentur
2091 5113 2115 5166 ?
2147 5115 2224 5186 Dii

631 5185 809 5230 autem
842 5180 988 5236 nullo
1033 5183 1229 5240 debent
1258 5190 1357 5244 coli
1388 5207 1586 5262 genere
1611 5239 1626 5262 ,
1674 5199 1717 5252 si
1743 5210 1795 5253 et
1839 5201 1940 5257 hoc
1965 5204 2169 5260 volunt.

634 5268 650 5333 (
679 5268 841 5365 rapui.
872 5272 964 5328 lib.
997 5293 1088 5332 vin
1119 5277 1462 5354 Metamorph.
1495 5298 1621 5345 ante
1651 5291 1740 5347 lin.
1784 5309 1904 5365 pag.
1934 5298 1959 5350 l
1979 5299 2058 5353 il.
2097 5299 2228 5355 Ter-

636 5359 752 5461 tull.
809 5363 1072 5461 Apologia.
1108 5385 1225 5441 cap.
1254 5373 1326 5430 25
1351 5386 1404 5431 et
1423 5377 1493 5433 25
1515 5421 1530 5444 ,
1564 5397 1681 5450 pag.
1705 5359 1971 5442 24’et'27.
1998 5390 2226 5461 August.

630 5448 827 5550 “IL-VII
858 5455 921 5550 de
947 5455 1096 5517 Civil.
1125 5477 1242 5534 cap.
1277 5468 1373 5533 10,
1408 5485 1525 5540 pag.
1691 5473 1728 5544 ).
1774 5475 1939 5534 Recte
1969 5448 2106 5550 ergo
2127 5482 2220 5537 Mi-

623 5543 812 5598 nucius
858 5549 928 5604 de
968 5551 1051 5606 his
1080 5596 1094 5618 ,
1137 5565 1296 5628 atque
1333 5560 1564 5620 Bellonae
1589 5543 1752 5624 etiam
1783 5569 2003 5628 forsitan
2034 5590 2225 5632 conse-

627 5637 817 5705 cratis,
850 5642 1102 5703 similiter
1128 5665 1548 5720 argumentatur.

695 5727 800 5783 Sed
833 5736 958 5789 caeci
990 5742 1406 5808 gentilestantae
1436 5749 1658 5805 deorum
1687 5768 1907 5813 suorum
1937 5770 2221 5819 contume-

623 5814 710 5871 liae
737 5821 894 5878 aliam
919 5827 1272 5897 adjiciebant,
1303 5839 1392 5905 qui
1425 5857 1443 5888 ι
1475 5841 1841 5901 mendicantes
1862 5885 1876 5913 ,
1914 5865 1932 5898 ι
1964 5851 2102 5909 sicut
2127 5854 2218 5908 ille

2336 4727 2421 4784 bis
2463 4727 2629 4784 fuisse
2656 4745 2837 4786 coram
2865 4731 3076 4788 Catsare
3100 4734 3241 4791 hunc
3289 4736 3340 4790 in
3382 4738 3594 4792 modum
3623 4737 3932 4795 discurren-

2335 4819 2477 4875 tibus
2505 4820 2598 4890 (Et
2622 4822 2675 4875 in
2716 4821 2832 4877 Vita
2863 4825 3092 4894 Antonii,
3129 4835 3248 4897 pag.
3293 4828 3445 4899 921).
3493 4828 3747 4886 Mulieres
3777 4847 3934 4902 porro

2336 4913 2527 4969 horum
2555 4914 2917 4985 Lupercorum
2947 4918 3052 4974 ictu
3083 4935 3145 4974 ac
3173 4921 3396 4976 verbere
3427 4920 3702 4977 fmcnndas
3729 4939 3787 4978 se
3820 4925 3930 4980 fieri

2334 5022 2494 5078 posse
2533 5009 2844 5067 credebant.
2876 5012 3032 5080 Audi,
3065 5016 3109 5069 si
3143 5015 3292 5078 velis,
3318 5014 3564 5071 Ovidium
3595 5015 3709 5072 haec
3735 5017 3932 5073 decan-

2332 5109 2534 5156 tantem
2554 5119 2567 5156 2

2461 5232 2620 5314 Nupta
2643 5237 2760 5298 quid
2789 5238 3093 5311 exsliectas‘i
3111 5237 3217 5288 Non
3244 5247 3295 5290 tu
3318 5240 3624 5312 pollentibus
3648 5242 3817 5314 herbis

2519 5297 2625 5346 Nec
2651 5297 2819 5354 prece.
2846 5297 2939 5348 nec
2967 5303 3158 5363 magico
3181 5297 3400 5352 carmine
3424 5314 3585 5354 mater
3609 5307 3710 5354 eris
3740 5321 3749 5352 :

2461 5356 2646 5427 Expipe
2669 5363 2887 5409 lct'titulze
2916 5356 3160 5421 patienter
3185 5365 3394 5415 verbera
3418 5365 3630 5427 dextras,

2517 5420 2625 5470 Jam
2645 5435 2784 5472 socer
2810 5432 3023 5472 ιιηιιιιιηῐι
3051 5439 3228 5476 nomen
3265 5427 3468 5479 habebit
3496 5432 3592 5479 avi.

3053 5509 3233 5572 (Ovid.,
3263 5513 3295 5563 l.
3318 5529 3370 5572 tt,
3398 5516 3556 5576 Fest,
3576 5517 3683 5578 §9.)

2333 5628 2437 5685 Sed
2466 5629 2602 5688 hanc
2633 5637 3068 5706 superstitionem
3095 5638 3235 5694 ridet
3263 5639 3535 5698 .luvenalis
3567 5664 3578 5697 :

2479 5785 2584 5837 Nec
2611 5789 2810 5851 prodest
2838 5793 2950 5856 agili
2973 5794 3154 5857 palmas
3179 5796 3408 5858 prmbere
3433 5797 3654 5862 luperco.

2991 5875 3258 5940 (Juvenal,
3285 5881 3447 5942 Satyr.
3475 5880 3540 5943 Il,
3566 5887 3678 5932 urite
3691 5881 3803 5946 ﬁn.)
