4264 6258
622 255 727 308 (illi

1912 241 1998 296 DE
2038 231 2296 295 MINUCH
2335 235 2634 294 OCTAVIO

3813 237 3909 294 6H

611 368 772 422 lieres
817 379 879 419 ac
920 365 1154 432 virgines
1197 361 1388 417 confici
1419 359 1598 415 solent
1657 375 1675 409 ι
1715 354 1871 429 (Cie.
1902 365 2040 411 orat.
2064 355 2097 408 4
2118 396 2134 419 ,
2163 354 2215 406 iu
2243 351 2294 410 A
2320 355 2663 418 custodibus,
2688 352 2852 423 jussit
2881 366 2950 407 ne
2997 351 3283 407 mulierem
3341 351 3605 406 interesse
3635 352 3914 420 permitte~

625 458 770 512 Verr.
819 472 939 528 pag.
988 455 1126 518 178,
1185 453 1279 507 litt.
1323 452 1467 520 2t.)
1515 450 1855 518 Quapropter
1905 445 2215 502 Laclantius

614 552 789 606 citatis
835 548 1076 619 ejusdem
1122 546 1398 602 Ciceroais
1428 543 1606 599 verbis
1645 542 1918 605 ostendit,
1967 540 2213 612 quzrdam

615 661 735 699 esse
764 642 958 711 templa
1003 642 1054 696 in
1092 656 1212 709 qua:
1243 637 1444 707 ingredi
1471 637 1602 690 viris
1639 651 1743 690 non
1787 635 1999 689 licebat.
2032 632 2212 701 (Lac-

619 746 751 789 tant.
799 735 888 788 lib.
920 750 993 800 ιι,
1029 747 1148 802 cap.
1183 733 1235 795 ι1,
1269 746 1388 802 pag.
1434 728 1576 794 159;
1619 737 1671 783 ct
1698 727 1788 784 lib.
1824 743 1914 792 ιιι,
1956 740 2075 796 cap.
2101 723 2172 778 20
2196 767 2211 792 ,

621 841 738 896 pag.
769 825 872 879 507

690 919 767 972 De
792 916 1004 972 Cereris
1029 923 1205 969 autem
1231 907 1419 985 Mysiae
1441 913 1696 976 sacrario,
1728 925 1790 966 ac
1817 910 1966 964 festis
1995 907 2212 971 diebus,

619 1010 807 1064 ἱδιιιιῐιο
845 1016 1105 1062 memorat
1145 1005 1474 1068 Pausanias,
1521 1018 1640 1073 quae
1684 1001 1751 1057 ad
1783 999 1999 1055 Minucii
2048 999 2216 1053 nostri

621 1103 951 1170 prapositum
983 1098 1223 1153 nonnihil
1253 1097 1418 1152 etiam
1439 1094 1618 1154 facere
1649 1100 1873 1166 possunt
1905 1109 1918 1145 :
1954 1110 1971 1142 ι
2004 1089 2216 1156 Festos,

622 1195 826 1264 inquit,
860 1193 973 1247 dies
998 1193 1200 1262 agitant
1228 1200 1430 1260 septem
1454 1229 1467 1253 ,
1516 1203 1744 1266 quorum
1775 1184 1935 1238 tertio
1960 1197 1991 1237 e
2016 1181 2218 1252 templo

625 1289 724 1342 viri
754 1302 941 1342 omnes
971 1292 1188 1349 exeunt,
1218 1284 1473 1338 mulieres
1500 1297 1628 1335 vero
1659 1280 1799 1333 intus
1825 1277 2060 1342 relictae;
2115 1275 2220 1328 ritu

624 1397 652 1434 a
684 1380 978 1450 majoribus
1029 1377 1260 1444 tradito,
1313 1385 1633 1430 nocturnum
1677 1380 1938 1443 peragunt
1982 1382 2217 1424 sacrum.

627 1475 810 1543 Neque
837 1487 964 1527 vero
993 1472 1140 1524 viros
1168 1477 1369 1524 tantum
1399 1466 1688 1522 excludunt
1708 1505 1720 1528 ,
1750 1463 1844 1518 sed
1872 1475 2033 1517 canes
2060 1461 2220 1514 etiam

635 1565 906 1620 masculos
933 1564 1177 1633 ejiciunt.
1210 1561 1436 1615 Postero
1481 1559 1569 1613 die
1616 1555 1860 1611 revisunt
1904 1552 2128 1607 feminas
2171 1551 2223 1603 in

627 1658 824 1728 lcntplo
873 1657 1005 1720 viri,
1074 1654 1348 1721 multoque
1414 1665 1536 1705 eum
1601 1648 1712 1702 risu
1781 1645 1924 1699 ultro
1979 1643 2226 1710 citroque

2322 458 2457 502 rent.
2478 468 2494 500 ι
2533 447 2551 518 (
2580 443 2812 502 Macrob.
2844 446 2931 500 lib.
2969 461 3004 499 ι.
3042 445 3313 502 Saturual.
3349 462 3463 514 cap.
3491 446 3610 516 12).
3643 445 3913 514 Quamob-

2320 557 2434 597 rem
2464 542 2687 597 canebat
2723 540 3039 612 Projiertius
3065 560 3076 595 :

2444 653 2650 702 Maxima
2686 666 2796 716 qum.
2822 655 3066 716 gregibus
3088 654 3267 703 devota
3295 659 3374 703 est
3397 667 3478 702 ara
3495 654 3733 716 repertis,

2508 718 2603 764 Ara
2632 731 2722 787 per
2748 716 2852 775 has,
2895 718 3074 779 inquit,
3101 719 3310 765 maxima
3337 719 3457 787 tacta
3482 729 3681 787 manus:

2445 779 2562 850 Has-9
2585 777 2731 850 nullis
2755 777 2982 850 umquam
3009 787 3174 850 pateat
3199 779 3482 850 veneranda
3506 778 3702 842 puellis,

2508 839 2740 890 Herculis
2766 839 2930 891 eximii
2964 839 3028 892 ne
3055 842 3122 891 sit
3148 841 3302 890 inulta
3325 843 3450 891 sitis.

3195 923 3371 988 (Prop.
3398 923 3431 973 l.
3454 939 3520 986 1v,
3547 922 3670 990 eleg.
3696 924 3796 983 10.)

2321 1031 2601 1089 Juvenalis
2628 1032 2792 1087 etiam
2826 1050 2838 1084 :

2452 1188 2463 1199 .
2567 1185 2578 1198 .
2680 1185 2691 1196 .
2793 1187 2804 1197 .
2911 1185 2920 1196 .
3026 1173 3058 1197 ,κ
3135 1147 3234 1198 Sed
3260 1149 3615 1197 moresinistro

2451 1211 2708 1274 Exagitata
2736 1211 2902 1270 procul
2927 1224 3026 1260 non
3053 1207 3400 1259 intratfemina
3427 1209 3596 1269 limen,

2453 1275 2581 1324 Solis
2606 1289 2689 1323 ara
2713 1275 2823 1323 dea:
2847 1275 3062 1323 maribus
3083 1281 3234 1335 patet.

3011 1355 3416 1421 (Juven.,Sutyr,
3439 1370 3492 1417 ιι,
3521 1367 3566 1403 υ.
3591 1355 3694 1417 87.)

2404 1464 2478 1518 De
2495 1462 2735 1532 ejusdem
2763 1460 2938 1516 adlmc
2960 1459 3205 1514 Herculis
3230 1458 3571 1514 caeremoniis
3598 1453 3739 1512 haud
3762 1455 3919 1510 dubie

2331 1556 2708 1627 intelligendus
2729 1567 2812 1612 est
2839 1555 3099 1610 Minucius
3121 1596 3134 1619 ,
3165 1569 3286 1608 cum
3319 1555 3589 1623 inceptum
3619 1565 3920 1606 sermonem

2331 1652 2409 1706 sic
2439 1651 2799 1720 prosequitur.
2825 1649 3026 1704 «Servo
3053 1647 3373 1718 quibusdam
3399 1644 3738 1700 cteremoniis
3765 1643 3928 1696 inter-

627 1751 765 1804 s.iles
816 1759 868 1802 et
905 1747 1045 1801 dicta
1095 1746 1366 1815 jaciuntur
1396 1762 1413 1795 ι
1455 1741 1476 1814 (
1511 1740 1742 1795 Pausau.
1797 1737 1885 1792 lib.
1920 1751 2015 1801 vn,
2047 1735 2100 1788 in
2128 1733 2220 1802 ﬁn.
2255 1746 2303 1806 B
2332 1759 2453 1800 esse
2511 1743 2781 1814 piacularc
2811 1743 3070 1812 unguium
3121 1751 3224 1798 es“
3263 1760 3282 1793 ,
3319 1739 3550 1805 Tamum
3603 1744 3784 1794 autem
3831 1735 3930 1788 ςυίι

647 1862 747 1899 ma.
779 1843 905 1899 "256.

647 1862 694 1896 ιιι
736 1886 747 1897 .
779 1843 905 1899 "256.

630 1863 645 1915 1
699 1862 838 2003 ἵξιιίιί
861 1841 1054 2016 ριέιοῖ
1085 1931 1372 2002 Dionysius
1403 1928 1843 1983 Halicarnasseus
1875 1921 2106 1977 monitos
2130 1932 2228 1974 nos

643 2030 766 2084 fecit
794 2027 944 2082 nefas
974 2027 1101 2080 viris
1159 2025 1326 2078 fuisse
1377 2023 1428 2076 iu
1481 2020 1660 2074 Vesta:
1715 2017 1837 2072 fano
1888 2021 2226 2086 pernoctare.

638 2122 820 2190 Neque
851 2121 1010 2190 etiam
1056 2116 1158 2170 illis
1188 2116 1238 2169 in
1272 2116 1433 2168 Bona:
1463 2113 1578 2167 dea:
1604 2111 1860 2180 templum
1886 2109 2056 2173 ullus,
2090 2105 2230 2160 sicut

640 2213 941 2270 Macrobius
961 2251 976 2276 ,
1011 2207 1434 2278 l’lularcllusque
1463 2213 1748 2267 testantur,
1792 2200 2005 2272 patebat
2031 2199 2228 2252 aditus.

640 2311 802 2368 Addit
849 2323 976 2363 vero
1027 2306 1126 2360 iste
1178 2303 1620 2374 quotiescumque
1666 2297 1921 2352 mulieres
1976 2306 2234 2364 quacum-

645 2420 750 2474 que
775 2403 827 2458 iu
856 2400 1018 2455 domo
1047 2397 1240 2452 festum
1278 2395 1422 2448 illius
1445 2402 1666 2472 agerent
1687 2433 1700 2456 ,
1728 2404 1789 2442 ea
1812 2386 2061 2442 omnibus
2081 2383 2230 2450 viris,

642 2510 802 2566 atque
843 2474 1011 2564 ipsius
1051 2490 1214 2545 etiam
1243 2486 1434 2542 domus
1479 2465 1699 2539 denario
1729 2482 1886 2552 plane
1911 2475 2232 2533 cedendum.

639 2590 975 2666 Quapropter
994 2581 1184 2637 Cicero
1211 2589 1319 2646 tota
1345 2576 1666 2648 eloquentia:
1687 2590 1798 2629 sua:
1819 2573 1869 2626 vi
1893 2572 1944 2626 in
1967 2567 2232 2632 Clodium,

643 2663 797 2752 cujus
827 2679 988 2734 etiam
1019 2672 1339 2729 Plutarchus
1383 2671 1503 2725 loco
1551 2669 1712 2723 citato
1763 2664 2036 2728 meminit,
2086 2662 2238 2715 inve-

644 2774 808 2841 hitur,
859 2769 1001 2840 quod
1046 2783 1108 2821 ea
1152 2780 1304 2821 sacra
1355 2761 1626 2834 aSpexerit
1667 2775 1730 2816 ac
1780 2754 2088 2818 violaverit,
2121 2768 2240 2823 quae

649 2885 666 2920 ι
685 2866 750 2922 iri
781 2881 849 2920 ne
893 2859 1249 2932 imprudentis
1279 2856 1496 2928 quidem
1529 2853 1700 2909 oculis
1729 2849 1968 2922 conspici
1998 2848 2076 2902 fas
2103 2853 2235 2901 erat.

639 2960 881 3034 (Dionys.
907 2955 1135 3009 Halicar.
1156 2953 1243 3008 lib.
1267 2969 1322 3018 ιι,
1347 2950 1518 3020 Antiq.
1556 2947 1740 3012 Rom.,
1775 2962 1898 3017 pag.
1949 2942 2078 3006 127;
2116 2938 2244 2993 Plu-

644 3031 1021 3116 tarch.Quazst.
1056 3046 1276 3101 Roman.
1321 3060 1441 3118 pag.
1472 3040 1602 3105 268;
1653 3035 1882 3093 Macrob.
1932 3035 2018 3089 lib.
2052 3050 2086 3088 I.
2137 3031 2242 3086 Sa-

2334 1837 2459 1892 illud
2492 1837 2667 1918 scelus
2689 1877 2702 1900 ,
2737 1851 2799 1890 ac
2828 1835 2929 1890 diis
2957 1835 3092 1889 adeo
3113 1876 3127 1900 ,
3163 1834 3234 1886 nti
3261 1827 3927 1898 somniaverantgentilcs,

2333 1933 2614 1994 odiosum;
2649 1940 2704 1984 ut
2744 1929 2924 1986 Potitii
2967 1943 3154 1988 omnes
3184 1927 3235 1980 in
3263 1923 3546 1980 duodecim
3579 1921 3811 1978 familias
3841 1919 3925 1974 di-

2336 2024 2469 2091 visi,
2515 2024 2607 2094 qui
2652 2034 2871 2078 auctore
2921 2022 3092 2092 Appio
3117 2064 3131 2088 ,
3165 2034 3318 2074 sacra
3351 2016 3598 2072 Herculis
3626 2015 3692 2070 ad
3727 2011 3932 2067 humile

2335 2131 2613 2172 servorum
2662 2113 3021 2187 ministerium
3063 2110 3472 2175 transtulerant,
3533 2107 3670 2164 intra
3722 2118 3928 2170 annum

2336 2210 2556 2268 extincti
2585 2208 2815 2274 fuerint;
2847 2209 2960 2278 ipse
2985 2221 3113 2268 vero
3163 2205 3364 2275 Appius
3392 2211 3511 2272 post
3535 2201 3738 2270 aliquot
3759 2213 3937 2252 annuos

2339 2305 2628 2361 luminibus
2657 2303 2898 2358 orbatus.
2931 2303 3188 2370 Quamvis
3217 2308 3393 2363 autem
3425 2297 3543 2352 lucc
3566 2294 3790 2350 deorum
3816 2292 3940 2346 vin-

2338 2398 2479 2454 dicta
2508 2397 2640 2452 falsa
2669 2413 2887 2466 prorsus
2919 2395 3147 2465 fictaque
3193 2408 3339 2448 sana:
3382 2391 3576 2446 mentis
3625 2385 3938 2443 tibicinibus

2339 2493 2534 2548 merito
2580 2491 2860 2555 videatur;
2910 2499 3215 2553 eanttamen
3267 2485 3335 2538 ab
3380 2483 3631 2539 Etlmieis
3666 2491 3937 2550 tamquam

2341 2586 2562 2641 omnino
2586 2600 2763 2640 veram
2791 2593 3100 2653 certamque
3123 2580 3449 2636 venditatam
3477 2593 3600 2633 esse
3625 2585 3786 2631 testes
3813 2583 3941 2629 sunt

2341 2677 2497 2742 Titus
2550 2676 2770 2743 Livius,
2816 2675 3060 2736 Valerius
3101 2674 3410 2736 Maximus.
3459 2673 3661 2726 Auctor
3708 2668 3829 2724 libri
3874 2667 3942 2722 de

2343 2773 2562 2844 Origine
2587 2773 2762 2844 gentis
2783 2771 3067 2834 Romamn,
3101 2767 3353 2824 Aurelius
3373 2765 3584 2832 Victor,
3633 2762 3942 2820 Lactantius

2345 2877 2399 2922 et
2428 2867 2517 2922 alii
2573 2866 2726 2940 (Liv.
2755 2867 2841 2920 lib.
2875 2881 2912 2928 ι,
2951 2864 2979 2936 §
3008 2864 3068 2928 8;
3103 2861 3275 2917 Valer.
3306 2859 3451 2914 Max.
3485 2860 3572 2913 lib.
3625 2875 3676 2924 1,
3725 2873 3839 2926 cap.
3888 2855 3938 2920 1,

2351 2959 2378 3030 ς
2418 2959 2501 3024 l7;
2534 2959 2680 3013 Auct.
2714 2957 2829 3012 libr.
2861 2966 2999 3027 gent.
3031 2953 3184 3018 Rom.
3242 2969 3360 3024 pag.
3417 2949 3544 3017 504;
3570 2948 3766 3003 Aurel.
3809 2945 3938 2999 Vict.

2349 3051 2411 3106 de
2458 3051 2590 3106 Viris
2610 3051 2798 3112 illustr.
2837 3049 2983 3121 ἕως
3013 3047 3229 3101 Lactau.
3262 3045 3348 3100 lib.
3380 3060 3435 3098 ιι.
3470 3041 3703 3096 lustitul.
3739 3056 3854 3111 cap.
3889 3039 3941 3106 7,

647 3146 838 3206 turual.
868 3160 984 3214 cap.
1017 3139 1085 3195 12
1113 3158 1127 3206 ;
1162 3136 1430 3192 Plutarch.
1464 3134 1516 3187 iu
1545 3131 1660 3187 Vita
1688 3128 1936 3193 Caesaris,
1971 3123 2244 3218 pag.77l5;
2277 3137 2322 3200 ρ
2357 3165 2477 3218 βαρ,
2516 3147 2660 3216 175).

648 3241 813 3297 Cicer.
846 3246 976 3293 orat.
1026 3235 1120 3300 50,
1167 3232 1230 3286 de
1252 3228 1490 3299 Aruspic.
1521 3240 1754 3295 rupem,
1788 3238 1906 3294 pag.
1933 3219 2060 3294 Q55,
2093 3217 2185 3270 liu.
2212 3218 2246 3270 ti

649 3346 696 3390 et
725 3350 829 3404 seq.
860 3342 906 3386 ct
934 3337 1065 3385 orat.
1099 3326 1193 3394 29,
1226 3342 1347 3397 pag.
1380 3321 1508 3387 420,
1541 3321 1633 3374 lin.
1661 3317 1791 3389 28.)

721 3425 1087 3495 Scriptor'tbus
1131 3429 1309 3486 autem
1337 3414 1538 3473 Graecis
1587 3428 1649 3468 ac
1700 3410 1906 3467 Latinis
1958 3407 2250 3464 conciuunt

653 3529 826 3596 pectre
847 3559 862 3586 ,
889 3526 944 3574 et
962 3514 1207 3572 Tibullus
1238 3510 1453 3582 quidem
1494 3508 1596 3562 hoc
1619 3520 1779 3562 versu
1803 3521 1817 3558 :

804 3630 954 3682 Sacra
974 3627 1125 3678 Bona
1147 3623 1362 3674 maribus
1393 3599 1492 3670 non
1519 3616 1754 3668 adeunda
1775 3614 1904 3666 dem.

1368 3702 1592 3770 (Tibull.,
1617 3701 1651 3750 l.
1677 3717 1713 3764 ι,
1742 3697 1899 3766 Eleg.,
1927 3696 2001 3761 6.)

657 3821 970 3892 Propertius
999 3831 1211 3888 quoque
1240 3814 1324 3869 bis
1346 3811 1554 3868 duobus
1581 3807 1909 3866 carminibus
1937 3823 1950 3860 :

785 3932 1037 3985 Femioea
1053 3929 1157 3980 loca
1179 3927 1339 3978 clausa
1362 3924 1490 3981 deae,
1511 3922 1778 3984 fontesque
1792 3918 2019 3985 piandos,

910 3993 1117 4058 Impune
1135 3999 1187 4042 et
1204 3986 1350 4040 nullis
1371 4000 1509 4036 sacra
1532 3983 1724 4034 retecta
1748 3983 1883 4031 viris.

1350 4071 1546 4133 (Prop,
1567 4068 1604 4116 l.
1629 4082 1695 4128 tv,
1722 4063 1880 4130 Elcg.,
1908 4064 2008 4126 10.)

734 4193 916 4263 Neque
944 4187 1089 4243 viros
1120 4194 1360 4248 tantum,
1403 4179 1500 4235 sed
1550 4177 1760 4232 illorum
1809 4172 1969 4234 etiam
2003 4169 2262 4240 imagines

661 4285 788 4342 inde
818 4259 1067 4350 exclusas
1109 4277 1276 4332 fuisse
1319 4282 1509 4327 auctor
1562 4269 1716 4324 nobis
1768 4275 1851 4320 est
1889 4263 2093 4318 Seneca
2147 4259 2259 4328 (lib.

662 4396 773 4447 avt,
803 4378 955 4447 epist.
988 4373 1046 4440 2,
1078 4388 1198 4442 pag.
1233 4363 1384 4438 40b).
1437 4373 1491 4420 et
1538 4359 1810 4419 Juvenalis
1841 4357 1924 4412 his
1973 4352 2216 4418 versibus
2245 4367 2257 4402 :

1011 4519 1022 4531 .
1092 4516 1104 4528 .
1175 4515 1186 4526 .
1256 4476 1348 4528 Ubi
1366 4474 1520 4524 velari
1545 4475 1746 4536 pictura
1761 4470 1985 4530 jubetur,

760 4549 1091 4608 Quoscumque
1117 4541 1324 4592 alterius
1345 4551 1498 4587 sexus
1523 4535 1705 4584 imitata
1723 4535 1926 4595 ligurum
1947 4537 2042 4578 cst.

1529 4617 1754 4678 (Juven.,
1783 4617 1949 4681 Satyr.
1975 4615 2026 4673 6,
2053 4626 2098 4662 υ.
2126 4612 2261 4676 559.)

742 4743 809 4793 At
837 4735 1072 4791 vicissim
1119 4729 1332 4794 feminis
1371 4725 1614 4798 quaedam
1663 4724 1900 4779 virorum
1934 4735 2084 4776 sacra
2116 4719 2266 4774 adire

669 4848 774 4887 non
805 4830 981 4883 minus
1010 4826 1274 4898 piaculum
1305 4841 1316 4876 :
1353 4838 1372 4871 ι
1413 4817 1676 4874 Nonnulla
1703 4859 1716 4882 ,
1749 4816 1822 4870 ait
1853 4828 2064 4869 rursum
2096 4811 2268 4873 Minu-

665 4925 778 4977 cius
804 4963 817 4986 ,
862 4920 1062 4988 absque
1116 4913 1330 4970 feminis
1380 4925 1529 4965 sacra
1579 4917 1744 4972 sunt,
1777 4926 1800 4970 ,ι
1836 4905 1958 4975 quia
1995 4922 2012 4953 ι
2055 4903 2266 4966 Hercu-

669 5022 857 5080 laneo,
913 5012 1083 5082 inquit
1140 5011 1205 5064 A.
1255 5004 1493 5072 Gellius,
1555 5001 1822 5057 sacriﬁcio
1888 4997 2168 5051 abstinent
2241 5013 2259 5046 ι

667 5113 684 5180 (
715 5109 844 5164 Gell.
893 5106 977 5160 lib.
1035 5120 1110 5158 ιιι.
1162 5099 1317 5164 Noct.
1352 5097 1501 5150 Attic.
1529 5137 1544 5162 ,
1574 5111 1687 5166 cap.
1720 5093 1774 5154 6,
1808 5108 1926 5162 pag.
1959 5089 2125 5159 586),
2166 5087 2269 5142 Ra-

675 5206 872 5258 tionem
927 5200 1085 5270 hujus
1134 5191 1402 5250 interdicti
1457 5190 1595 5252 hanc
1636 5186 1936 5250 Macrobius
1983 5181 2266 5248 reddidit:

679 5317 695 5348 ι
737 5295 948 5351 llerculi
973 5335 988 5359 ,
1013 5306 1140 5346 cum
1174 5290 1337 5344 boves
1367 5284 1630 5356 Geryonis
1661 5298 1757 5353 per
1785 5280 1950 5346 italiae
1981 5291 2140 5348 agros
2165 5275 2289 5330 du-'

668 5400 849 5453 ceret,
883 5387 1084 5440 sitienti
1111 5381 1389 5452 respondit
1419 5379 1611 5436 mulier
1633 5391 1822 5447 aquam
1869 5389 1928 5430 se
1969 5387 2073 5428 uou
2103 5385 2270 5442 posse

671 5491 963 5555 prarstare,
1009 5477 1151 5547 quod
1179 5475 1501 5535 feminarum
1539 5472 1654 5528 dea:
1699 5467 2070 5526 celebraretur
2112 5463 2229 5527 dies
2253 5505 2267 5529 ,

671 5593 768 5632 nec
813 5589 881 5630 ex
915 5588 980 5627 eo
1007 5578 1262 5639 apparatu
1307 5568 1434 5622 viris
1481 5573 1698 5634 gustare
1729 5559 1807 5614 fas
1839 5565 2007 5613 esset.
2041 5556 2268 5626 PrOpter

668 5667 808 5738 quod
837 5663 1096 5719 llcrculcs
1141 5660 1381 5720 facturus
1411 5671 1625 5711 sacruzn
1675 5652 1974 5708 detestatus
2018 5655 2100 5710 est
2132 5662 2270 5716 prte-

667 5758 890 5814 sentiam
922 5754 1241 5814 mulierum,
1290 5760 1344 5804 et
1385 5747 1565 5804 I’otito
1610 5759 1671 5798 ac
1705 5741 1944 5808 Pinario,
1995 5753 2272 5798 sacrorum

2421 3238 2682 3310 Opinatur
2712 3245 2971 3307 praeterea
3011 3233 3276 3288 Meursius
3330 3230 3572 3301 (Meurs.,
3606 3229 3644 3283 l.
3677 3243 3748 3292 tv,
3779 3223 3943 3279 Grarc.

2352 3337 2570 3408 feriatae,
2602 3348 2654 3404 p.
2692 3330 2815 3398 800,
2848 3339 2979 3383 tom.
3002 3328 3053 3382 7.
3087 3326 3257 3394 Antiq.
3289 3322 3528 3396 grazcar.)
3569 3322 3741 3377 servis
3781 3317 3944 3372 ancil-

2351 3429 2524 3499 lisque
2551 3425 2800 3489 vetitum,
2834 3438 2902 3477 ne
2942 3419 3012 3476 ad
3055 3417 3483 3486 thesmOpboria,
3507 3413 3722 3470 Cereris
3745 3410 3949 3466 scilicet

2353 3535 2504 3576 sacra
2545 3517 2900 3580 accederent,
2933 3521 3092 3583 atque
3133 3511 3185 3566 in
3218 3509 3489 3586 opinionis
3519 3494 3630 3567 suae
3659 3503 3948 3562 confirma-

2353 3616 2557 3670 tionem
2601 3612 2699 3668 hos
2729 3607 3122 3679 Aristophanis,
3149 3605 3296 3661 nullo
3320 3615 3499 3672 tamen
3528 3601 3760 3658 indicato
3788 3598 3909 3653 loco
3930 3638 3946 3664 ,

2356 3709 2488 3764 citat
2519 3721 2708 3763 versus
2741 3722 2753 3758 :

2744 3860 2755 3869 .
2789 3858 2798 3866 .
2833 3831 2877 3867 Σὺ
2899 3826 2934 3868 δ’
2966 3825 3051 3869 iuta
3074 3822 3102 3878 ᾧ
3119 3828 3256 3876 Θρᾶττ’
3277 3829 3315 3864 ιιι
3337 3821 3472 3872 ποδῶν,

2699 3894 2843 3938 Amm;
2867 3894 2936 3943 γὰρ
2960 3893 3023 3929 οὐκ
3046 3890 3162 3934 ἶξιστ¹
3187 3890 3329 3927 ἀχοὺιιν
3353 3895 3420 3926 τῶν
3435 3889 3561 3938 λόγων.

2521 4029 2531 4039 .
2635 4028 2644 4039 .
2748 4027 2760 4038 .
2859 3987 2933 4036 'l‘u
2953 3999 3072 4036 vero
3095 3985 3193 4040 abi,
3220 3997 3249 4033 ο
3266 3981 3454 4040 ancilla,
3475 3994 3504 4030 e
3528 3978 3706 4040 medio,

2517 4054 2687 4103 Servis
2713 4052 2848 4100 enim
2873 4063 2968 4099 non
2989 4048 3106 4098 licet
3124 4047 3296 4096 audire
3321 4045 3489 4094 verba.

2846 4131 3117 4194 Aristoph.,
3139 4130 3375 4185 conciam,
3401 4133 3494 4176 act.
3523 4126 3573 4186 5,
3592 4138 3648 4193 υ.¹
3671 4122 3800 4185 161.)

2366 4247 2421 4300 lu
2472 4245 2613 4298 illius
2655 4251 2830 4297 autem
2877 4237 3176 4302 comoedia,
3221 4235 3617 4290 Conciouantes
3663 4227 3950 4296 inscripta,

2367 4339 2732 4394 inveniuntur.
2783 4333 2912 4402 Quis
2963 4347 3090 4401 ergo
3143 4345 3205 4384 ex
3257 4328 3513 4381 hactenus
3562 4323 3752 4385 dictis,
3803 4320 3961 4390 plane

2370 4448 2474 4488 non
2529 4429 2816 4502 perspiciat
2859 4441 2963 4497 quo
3003 4427 3124 4496 jure
3169 4421 3476 4477 Lactantius
3517 4417 3708 4473 dixerit
3739 4415 3958 4479 Romus,

2288 4533 2342 4594 Ι)
2373 4537 2423 4580 et
2471 4525 2521 4578 in
2570 4523 2842 4592 plerisque
2889 4520 3008 4574 aliis
3053 4517 3273 4572 urbibus
3323 4529 3444 4570 esse
3487 4510 3726 4580 qumdatn
3761 4522 3913 4561 sacra
3943 4547 3958 4572 ,

2369 4634 2489 4690 qtae
2523 4617 2670 4672 uel‘as
2699 4625 2816 4670 erat
2844 4630 2871 4665 a
2903 4613 3032 4668 viris
3059 4611 3259 4680 aspici,
3308 4625 3369 4662 ac
3413 4605 3704 4662 sceleratos
3734 4600 3918 4655 haberi
3944 4641 3959 4665 ,

2369 4713 2456 4782 qui
2486 4710 2698 4774 Vestae,
2754 4715 2845 4762 aut
2902 4707 3062 4760 Bome
3107 4704 3250 4770 dcte,
3286 4709 3377 4755 aut
3401 4697 3612 4754 Cereris
3639 4694 3808 4750 mdettt
3835 4735 3849 4760 ,
3885 4702 3965 4747 ta-

2370 4805 2528 4862 metsi
2567 4802 2634 4856 ab
2662 4802 2792 4870 ipsis
2815 4800 2944 4855 viris
2972 4797 3282 4853 fabricatam
3312 4789 3626 4848 intraverint
3651 4788 3674 4838 ?
3699 4785 3958 4859 (Lactant.

2372 4901 2459 4954 lib.
2496 4917 2572 4954 ιιι.
2605 4898 2705 4950 div.
2744 4894 2900 4959 Inst,
2933 4910 3048 4963 cap.
3083 4893 3167 4950 10,
3197 4908 3314 4961 pag.
3342 4886 3496 4957 507.)

2448 4994 2685 5062 Denique
2721 4991 3022 5044 Minucius:
3063 5006 3081 5038 (
3122 4986 3239 5040 Alia
3269 5001 3416 5039 sacra
3439 5026 3453 5050 ,
3491 4985 3695 5056 inquit,
3747 4985 3968 5036 coronat

2375 5086 2614 5150 univira,
2662 5084 2762 5137 alia
2801 5080 3094 5137 multivira.
3136 5098 3152 5131 ι
3191 5078 3356 5132 Recte
3397 5076 3634 5146 quidem.
3665 5071 3815 5142 Apud
3840 5070 3968 5124 'l'er-

2377 5163 2666 5233 tullianum
2725 5175 2868 5230 enim
2924 5173 3197 5243 legimus:
3237 5189 3256 5221 ‹
3297 5170 3549 5226 Fortuna:
3591 5164 3833 5222 Muliebri
3878 5177 3970 5218 co-

2375 5287 2561 5327 ronam
2608 5284 2714 5325 non
2765 5268 2992 5337 impoitit
3043 5264 3144 5319 nisi
3196 5263 3436 5328 univira,
3487 5263 3625 5316 sicut
3670 5274 3768 5314 nec
3813 5254 3970 5310 matri

2375 5364 2624 5430 Matutae,
2657 5382 2676 5415 ι
2714 5361 2763 5416 id
2812 5371 2927 5424 est,
2980 5356 3074 5413 lno
3125 5357 3248 5411 filiae
3278 5356 3503 5419 Cadmi,
3552 5363 3605 5422 et
3636 5349 3972 5406 Athamantis

2378 5459 2534 5515 uxm‘i
2555 5501 2569 5526 ,
2619 5472 2778 5524 quam
2806 5453 2975 5509 Graeci
3004 5457 3271 5505 Asuxwém
3301 5449 3585 5503 vocabant.
3622 5444 3968 5517 (Tcrtulliau.

2377 5553 2462 5606 lib.
2481 5551 2545 5604 de
2574 5549 2811 5619 Mouog.,
2839 5563 2951 5616 cap.
2984 5545 3104 5610 ult.,
3133 5562 3253 5615 pag.
3287 5541 3440 5613 688.)
3465 5541 3734 5609 Scriptum
3763 5550 3976 5606 qunque

2377 5661 2405 5697 a
2444 5643 2695 5713 Dionysio
2724 5641 3132 5697 Halicarnasseo
3165 5637 3388 5707 legimus
3433 5631 3674 5706 ejusdem
3709 5627 3977 5683 Mulicluis

2380 5737 2635 5792 Fortuna:
2661 5735 3007 5812 simulacrum
3043 5748 3147 5786 non
3187 5715 3434 5786 ceronari
3466 5727 3548 5783 vel
3578 5742 3604 5780 a
3637 5725 3718 5782 bis
3766 5723 3943 5792 tmptis
3962 5757 3981 5789 ,
