4264 6258
327 229 437 284 (iiii

1767 217 2240 284 DISSERTATIO.

3537 230 3640 285 646

329 345 413 397 vel
445 358 472 396 a
505 341 712 409 viduis,
743 341 836 397 sed
863 340 1008 397 hunc
1043 341 1306 396 honorem
1357 341 1487 396 solis
1535 355 1726 396 recens
1757 343 1937 412 nuptis
1965 347 2012 404 Α
2044 339 2169 392 titur
2196 345 2503 400 auctorem,
2537 336 2663 408 quid
2706 338 2983 409 gentilium
3017 339 3405 412 scripturarum
3441 344 3644 400 dimisit

332 438 551 494 deferri.
611 436 836 491 Servius
884 452 1098 505 quoque
1148 437 1398 490 observat
1449 433 1738 488 Fortunam
1788 435 1932 488 illam

331 530 644 584 Muliebrem
675 571 688 595 ,
734 545 828 582 seu
879 529 998 596 ejus
1042 529 1428 592 simulacrum,
1476 541 1582 580 non
1628 527 1872 581 eot'onari
1905 541 1934 580 a

333 623 420 677 bis
489 622 669 689 nuptis
714 620 1031 674 mulieribus
1097 618 1361 690 (Dionys.
1427 617 1659 671 IIalicar.
1711 618 1799 670 lib.
1842 633 1936 671 VIII

336 715 509 784 Antiq.
549 713 696 768 Rom.
733 730 852 784 pag.
885 711 1015 778 526;
1043 711 1190 767 Serv.
1227 713 1279 766 in
1308 713 1397 767 lib.
1434 709 1741 766 ιν.ίΕιιθὶά.
1786 709 1930 781 Virg.

333 809 541 877 v.i9).
622 844 626 848 -

409 899 676 955 Caeterum
706 900 827 970 quis
854 899 990 954 adeo
1017 898 1185 954 hebes
1232 899 1562 968 obtususque
1614 912 1734 954 esse
1765 905 1939 968 petest

337 994 427 1064 qui
453 1009 518 1047 ex
541 992 659 1059 his,
693 1008 812 1062 qua:
839 992 1103 1047 hactenus
1129 994 1472 1062 exposuimus
1494 1035 1508 1060 ,
1559 1008 1662 1046 non
1698 992 1938 1062 protinus

337 1086 605 1153 intelligat
652 1101 812 1158 quam
843 1086 1004 1151 impia
1027 1127 1041 1152 ,
1095 1086 1332 1141 crudelia
1363 1097 1417 1140 et
1444 1087 1676 1141 absurda
1706 1086 1937 1152 fuerint,

338 1195 490 1235 sacra
509 1219 523 1244 ,
559 1181 691 1235 festa
711 1219 724 1244 ,
750 1180 1044 1251 mysteria;
1077 1196 1236 1249 quam
1265 1180 1628 1249 superStitiosi
1649 1223 1662 1245 ,
1691 1180 1936 1248 ridiculi,

338 1272 571 1328 infames
601 1275 758 1339 ritus,
792 1272 986 1342 quibus
1020 1272 1233 1327 Ethnici
1261 1273 1390 1328 deos
1427 1289 1554 1328 suos
1583 1274 1762 1328 colere
1793 1273 1940 1328 arbi-

345 1367 664 1421 trahantur?
692 1367 795 1434 Qui
825 1369 967 1421 enim
997 1368 1096 1422 nisi
1128 1368 1283 1436 plane
1313 1368 1480 1423 lictitii
1527 1369 1632 1433 dii,
1662 1378 1715 1423 et
1765 1369 1940 1422 homi-

341 1461 500 1517 nibus
527 1474 670 1517 recta
697 1463 904 1516 ratione
931 1462 1170 1531 praeditis
1198 1462 1494 1517 deteriores
1517 1504 1530 1527 ,
1563 1463 1666 1532 pati
1698 1472 1946 1532 poterant

342 1569 403 1608 se
436 1564 542 1608 tam
595 1554 761 1624 impio
813 1554 1155 1623 absurdoque
1195 1552 1337 1608 cultu
1391 1555 1682 1610 honorari?
1728 1553 1942 1608 Nullum

343 1647 523 1716 itaque
553 1662 673 1701 esse
702 1657 981 1715 putamus.
1016 1648 1106 1716 qui
1143 1647 1266 1702 inde
1288 1690 1302 1714 ,
1337 1657 1496 1717 atque
1541 1664 1606 1702 ex
1657 1647 1904 1701 omnibus
1926 1689 1940 1712 ,

2040 432 2332 485 intactum?
2370 450 2386 482 ›
2422 431 2749 502 (Hieronym.
2784 431 2950 510 Qatal.
2984 436 3138 503 scrip.
3171 437 3291 489 cccl.
3328 437 3355 508 §
3384 438 3468 492 68.
3500 437 3644 492 Itlctn

2044 524 2210 594 Epist.
2245 524 2316 579 85
2371 525 2437 577 ad
2485 523 2627 595 Mog.
2687 544 2803 595 pug.
2863 526 3032 597 (65.)
3066 527 3134 583 At
3183 529 3227 582 si
3279 528 3642 600 Ilieronytnns

2042 623 2146 668 tam
2179 618 2352 669 solers
2380 624 2434 670 ct
2491 618 2774 686 perspicax
2835 619 3093 673 librorum
3147 618 3446 690 indagator,
3505 623 3646 677 hunc

2041 722 2200 776 quem
2233 709 2434 777 legerat
2461 709 2676 775 librum,
2700 709 2914 764 Minucii
2948 727 3143 766 nomen
3177 711 3312 766 falso
3343 714 3647 783 praetulisse

2041 803 2280 867 censuit,
2336 819 2440 872 qua
2495 804 2702 858 ratione
2767 804 2911 858 aliud
2963 809 3030 860 de
3081 806 3174 859 illo
3222 823 3359 873 nos,
3418 823 3644 877 quorum

2042 893 2094 950 in
2125 910 2314 948 manus
2343 910 2448 949 non
2481 896 2655 959 venit,
2685 895 2923 952 feremus
2945 898 3248 967 judicium?

2115 987 2536 1041 Admirationem
2568 1003 2695 1042 vero
2721 989 3046 1059 quibusdam
3098 990 3145 1046 is
3193 1007 3323 1048 sane
3375 992 3642 1062 movebit,

2044 1079 2134 1147 qui
2166 1079 2439 1134 contendit
2467 1080 2754 1134 Minucium
2789 1082 3045 1148 Felicem,
3082 1085 3314 1139 maxima
3344 1088 3646 1154 argumenti

2045 1170 2206 1240 hujus
2246 1172 2507 1227 tractandi
2550 1172 2866 1230 difticnltatc
2909 1175 3262 1240 deterritum,
3299 1195 3404 1233 non
3433 1179 3649 1234 stetisse

2046 1264 2330 1333 promissis
2350 1306 2363 1330 ,
2417 1280 2484 1318 ne
2512 1265 2713 1335 aliquid
2745 1275 2949 1322 temere
2975 1268 3200 1324 delinire
3229 1279 3534 1341 cogeretur.
3568 1270 3650 1324 Ab

2049 1353 2150 1408 hac
2179 1357 2456 1410 enimvero
2482 1357 2684 1411 insulsa
2705 1360 3069 1416 ostentatione
3096 1373 3188 1415 aut
3217 1361 3650 1419 dissimulatione

2047 1448 2211 1516 plane
2243 1448 2569 1504 abhorrebat
2601 1450 2862 1507 Minucius
2895 1465 3102 1521 noster,
3142 1455 3295 1525 cujus
3325 1455 3612 1526 singularis
3635 1498 3647 1519 ,

2048 1542 2124 1595 uti
2155 1543 2416 1609 vidimus,
2450 1544 2747 1612 modestia,
2778 1547 3090 1619 candorque
3117 1549 3281 1603 animi
3323 1559 3433 1605 toto
3460 1550 3512 1604 in
3553 1549 3653 1605 Oc-

2052 1636 2174 1689 tavii
2209 1637 2343 1690 libro
2375 1639 2592 1692 emicat.

346 1749 456 1794 tota
487 1738 586 1792 hac
615 1740 666 1792 itt
699 1739 1082 1792 dissertatione
1107 1739 1394 1809 disputatis
1421 1782 1434 1803 ,
1467 1740 1809 1808 apertissime
1839 1754 1943 1793 non

2124 1728 2227 1780 Alii
2268 1738 2444 1783 autem
2474 1731 2765 1800 Opinautur
2793 1731 2970 1787 citatis
2992 1734 3108 1803 ejus
3141 1733 3317 1790 verbis
3354 1732 3487 1787 nihil
3531 1749 3652 1801 pro-

343 1834 525 1887 videat
550 1848 711 1903 quant
740 1845 890 1888 certo
925 1842 980 1888 et
1007 1832 1286 1888 evidenter
1313 1833 1574 1888 Minucius
1601 1833 1945 1888 demonstra-

349 1928 491 1980 verit
520 1926 762 1981 nuntium
792 1926 874 1980 his
907 1927 1154 1981 nefandis
1182 1927 1373 1980 ritibus
1394 1969 1408 1993 ,
1443 1929 1642 1996 totique
1665 1927 1943 1996 gentilium

348 2019 600 2089 religioni
637 2034 754 2074 esse
781 2020 1161 2074 remittendum
1185 2061 1199 2085 ,
1250 2036 1312 2075 ac
1341 2019 1688 2075 christianum
1716 2010 1948 2089 Religio-

351 2128 510 2178 nem,
565 2129 684 2183 qua:
735 2113 862 2167 nihil
920 2113 1022 2168 nisi
1080 2124 1324 2181 rectum,
1382 2114 1561 2184 pitnn,
1607 2126 1660 2168 et
1703 2127 1992 2175 sanctum,

348 2205 540 2270 docet,
587 2205 654 2260 ab
698 2205 950 2261 omnibus
988 2206 1386 2277 suscipiendam
1437 2221 1558 2261 esse
1607 2215 1661 2261 et
1710 2207 1948 2278 amplec-

347 2295 584 2351 tendatn.

915 2433 1144 2490 CAPUT
1186 2434 1372 2489 XXIII.

346 2567 421 2608 DE
459 2565 670 2614 QUODAM
702 2566 875 2618 LIBRO,
902 2566 1043 2616 QUEM
1082 2567 1324 2606 MINCCIUS
1353 2565 1414 2604 SE
1455 2565 1788 2606 SCRIPTUBUH
1818 2565 1949 2605 PRO-

347 2709 351 2712 γ
419 2658 623 2698 ιιιειεεε
650 2659 905 2710 γιυετιιιι,
942 2660 1005 2699 AC
1046 2659 1113 2698 DE
1150 2659 1440 2705 QUIBUSDAN
1489 2657 1636 2698 LOCIS
1681 2657 1948 2708 OBSCURIS,

423 2751 820 2802 NONNULLISQUE
864 2752 1236 2793 SCRIPTORIBUS
1275 2753 1342 2791 ΕΤ
1378 2752 1571 2798 Δτιίεις
1609 2752 1674 2792 ΔΒ
1701 2750 1819 2792 ILLO
1847 2751 1949 2791 ΜΕ·-

362 2806 396 2828 Ρ·

422 2845 599 2886 IOBAT
606 2848 618 2886 Ι
625 2846 650 2885 S
658 2873 670 2884 .

876 2984 1174 3025 ARTICULUS
1211 2982 1400 3023 PRIMUS
1409 3007 1420 3019 .

358 3083 544 3141 Utrum
589 3085 848 3140 Minucius
882 3087 1140 3157 scripserit
1170 3085 1357 3139 librum
1397 3085 1459 3138 de
1503 3083 1666 3150 Fato,
1712 3093 1800 3140 aut
1837 3100 1949 3137 eum

423 3196 478 3234 se
507 3181 757 3233 editurum
782 3181 1118 3251 promiserit?
1156 3190 1200 3234 et
1231 3180 1446 3255 obscura
1497 3180 1746 3257 quwdum.
1782 3180 1949 3247 expli-

424 3282 604 3327 cantur
634 3273 849 3328 Minucii
883 3275 994 3328 loca
1018 3316 1030 3338 ,
1083 3274 1164 3328 ubi
1197 3274 1258 3326 de
1288 3275 1500 3327 marinis
1553 3275 1622 3326 ad
1667 3273 1812 3327 Ostia
1857 3273 1950 3328 Ti-

427 3368 598 3422 berina
626 3370 876 3438 lavacris,
915 3371 977 3422 de
1003 3370 1142 3440 feriis
1173 3369 1457 3440 forensibus
1498 3378 1544 3422 et
1585 3373 1954 3435 autumnitate;

424 3464 550 3535 quid
589 3465 846 3518 substrata
896 3465 1109 3518 navibus
1161 3463 1374 3528 robora,
1421 3465 1534 3533 quis
1588 3463 1798 3534 puerilis
1853 3475 1950 3518 tes-

432 3569 601 3615 tarum
678 3562 731 3614 in
796 3577 938 3614 mare
992 3559 1398 3632 jaculationibus
1467 3559 1654 3626 ludus,
1716 3559 1819 3613 sive
1866 3575 1956 3630 ep-

429 3653 792 3718 ostracismus;
856 3653 982 3722 quid
1040 3654 1171 3707 soles
1231 3653 1323 3706 alii
1379 3663 1530 3723 atque
1587 3653 1710 3716 alii,
1766 3668 1827 3705 ac
1895 3651 1958 3704 de

431 3747 660 3808 nebulis,
725 3746 968 3814 nubibus,
1045 3746 1288 3816 fulgure,
1358 3745 1602 3814 fulmine,
1673 3755 1718 3797 et
1797 3743 1958 3797 Luna:

437 3837 707 3890 laboribus.

433 3973 725 4030 Gentilium
781 3973 845 4029 de
891 3973 996 4027 fato
1043 3989 1288 4030 errorem
1343 3975 1429 4030 tibi
1459 3973 1951 4043 rejicitMinucius,

361 4064 432 4118 ibi
451 4063 518 4118 de
543 4064 631 4118 illo
649 4080 709 4119 se
726 4065 1010 4135 aliquando
1038 4066 1204 4120 fusius
1229 4067 1618 4138 disputaturum
1641 4067 1957 4135 pollicetur?

369 4177 386 4208 ι
426 4161 503 4212 Ac
526 4156 593 4212 de
619 4157 746 4224 fato,
784 4159 953 4224 inquit
974 4202 986 4223 ,
1013 4160 1170 4224 satis,
1204 4160 1282 4214 vel
1309 4160 1352 4212 si
1377 4175 1540 4228 pauca
1567 4175 1665 4229 pro
1695 4170 1953 4227 tempore,

363 4249 679 4320 disputaturi
746 4251 878 4305 alias
932 4262 984 4305 et
1035 4253 1253 4314 uberius
1307 4263 1361 4307 et
1412 4253 1644 4322 plenius.
1699 4274 1718 4308 ι
1769 4251 1958 4308 Utrum

364 4353 540 4398 autem
574 4344 733 4399 fidem
769 4346 1079 4400 liberaret-it
1108 4363 1291 4413 suam,
1324 4348 1468 4402 dictu
1514 4365 1620 4403 non
1668 4348 1820 4404 facile
1856 4357 1956 4403 est.

363 4435 582 4490 Fatetur
635 4438 899 4508 siquidem
953 4439 1309 4510 Hieronymus
1360 4441 1625 4510 publicam
1687 4443 1739 4496 in
1786 4442 1958 4497 lucem

2054 1821 2314 1886 missum,
2364 1823 2458 1878 sed
2491 1841 2785 1892 suspensos
2836 1837 3040 1880 tantum
3082 1828 3300 1881 retineri
3347 1827 3650 1882 auditorum

2052 1915 2282 1968 animos.
2337 1914 2468 1968 Nam
2503 1916 2767 1974 Minucius
2819 1917 2963 1972 haud
3013 1918 3169 1988 plane
3214 1919 3443 1973 absimili
3493 1919 3652 1973 modo

2054 2006 2311 2062 dixerat:
2349 2029 2365 2059 ι
2427 2010 2586 2064 Multa
2638 2013 2703 2065 ad
2759 2013 2874 2082 haec
2937 2023 3255 2083 suppetunt,
3322 2015 3376 2068 ni
3442 2014 3655 2069 festinet

2053 2101 2244 2154 oratio.
2289 2121 2306 2152 ι
2342 2101 2470 2169 Quae
2497 2105 2640 2157 enim
2667 2145 2680 2167 ,
2732 2105 3008 2175 inquiunt,
3041 2107 3189 2175 plura
3216 2106 3478 2160 Minucius
3506 2122 3613 2161 uno
3635 2150 3649 2173 ,

2053 2208 2212 2262 quam
2239 2195 2345 2248 alio
2373 2195 2496 2249 loco
2527 2197 2810 2266 promisit?
2843 2196 2946 2252 Sed
2991 2197 3330 2252 dissimulare
3370 2214 3478 2252 non
3526 2212 3652 2266 pos-

2055 2301 2242 2341 sumus
2275 2289 2694 2357 promissionem
2730 2289 2996 2358 prioribus
3026 2291 3202 2360 potius
3223 2331 3237 2358 ,
3284 2306 3442 2360 quam
3474 2299 3654 2359 p0ste-

2055 2382 2286 2435 rioribus
2314 2383 2494 2437 verbis
2521 2384 2771 2452 exprimi.
2804 2383 2879 2438 De
2911 2383 3010 2438 hoc
3036 2399 3197 2454 porro
3227 2384 3340 2438 sive
3367 2397 3653 2452 numquam

2054 2473 2220 2538 edito,
2250 2474 2364 2528 sive
2387 2475 2496 2543 jam
2528 2491 2555 2528 a
2585 2477 2744 2546 longo
2776 2486 3017 2546 tempore
3036 2476 3315 2545 deperdito
3336 2491 3499 2545 Opere
3523 2475 3652 2529 nilnil

2055 2566 2208 2618 nobis
2238 2565 2471 2635 amplius
2497 2568 2780 2620 succurrit.

2130 2657 2207 2710 Ad
2240 2674 2300 2712 ea
2329 2658 2508 2727 itaque
2533 2660 2808 2713 veniamus
2837 2659 3048 2713 Minucii
3081 2660 3268 2724 verba,
3307 2675 3423 2729 qua:
3452 2661 3650 2714 obscu-

2055 2751 2229 2807 ritatis
2258 2752 2457 2822 aliquid
2488 2752 2685 2808 habere
2715 2753 2979 2806 videntur.
3008 2753 3148 2807 Libri
3180 2760 3355 2806 autem
3387 2753 3468 2806 sui
3503 2753 3653 2808 initio

2055 2843 2334 2899 Octavium
2392 2845 2627 2914 appellat
2691 2845 3064 2900 fidelissimum
3124 2860 3280 2899 suum
3339 2845 3656 2899 conturber-

2058 2936 2266 3003 naletn,
2309 2937 2434 3006 quia
2477 2937 2616 3003 apud
2657 2953 2746 3004 se,
2796 2953 2916 2991 cum
2965 2936 3190 2992 Romam
3241 2937 3522 3001 veniebat,
3574 2935 3657 2990 di~

2056 3029 2397 3097 versabatur,
2430 3040 2653 3102 eratque
2705 3030 2822 3099 ejus
2866 3030 3081 3101 hospes.
3113 3029 3246 3086 Cum
3289 3045 3354 3085 eo
3383 3040 3560 3085 autem
3593 3045 3656 3086 ac

1976 3139 2021 3202 ρ
2055 3120 2276 3176 Caecilio
2306 3124 2541 3176 marinas
2588 3123 2654 3178 ad
2679 3121 2826 3178 Ostia
2857 3122 3107 3178 Tiberina
3154 3123 3374 3178 balneas
3424 3138 3484 3178 se
3525 3123 3660 3192 peti-

2061 3216 2202 3270 visse
2233 3226 2475 3270 testatur.
2510 3217 2578 3270 At
2606 3227 2790 3286 postea
2815 3216 3143 3285 Augustinus
3169 3215 3238 3269 ibi
3270 3215 3427 3280 lavit,
3467 3216 3652 3284 (quia)

2059 3309 2231 3363 Graeci
2262 3317 2540 3380 βαλανέων,
2576 3310 2780 3379 inquit,
2819 3307 3118 3375 «dixerint,
3162 3307 3306 3378 quod
3335 3307 3656 3362 anxietatem

2058 3401 2258 3471 pellat,
2299 3421 2318 3452 ι
2350 3401 2614 3456 Minucius
2640 3417 2770 3457 vero
2804 3402 2965 3456 tradit
2994 3416 3089 3456 eas
3115 3401 3384 3456 siccandis
3415 3400 3661 3471 corporis

2060 3492 2378 3549 humoribus
2401 3509 2506 3549 non
2544 3509 2729 3564 parum
2757 3508 2877 3549 esse
2925 3493 3085 3548 utiles
3117 3491 3424 3564 (Augustin.
3455 3492 3543 3546 lib.
3581 3508 3657 3548 ιι.

2061 3584 2291 3654 Confess.
2325 3604 2439 3657 cap.
2479 3583 2590 3661 12).
2620 3587 2807 3642 Nonne
2833 3596 3012 3641 autem
3056 3587 3159 3641 hoc
3203 3584 3510 3642 conﬁrmari
3538 3584 3664 3640 inde

2061 3690 2272 3748 potest,
2327 3680 2469 3750 quod
2504 3680 2794 3736 Suetonius
2843 3680 3119 3736 memoriae
3175 3679 3410 3751 prodidit
3457 3678 3524 3733 de
3551 3682 3663 3734 Au-

2059 3782 2218 3840 gusto
2258 3771 2632 3842 lmperatore:
2673 3792 2690 3823 ‹
2730 3773 2971 3841 Quoties
2999 3789 3288 3828 nervorum
3329 3787 3489 3828 causa
3545 3787 3661 3825 ma-

2063 3867 2189 3919 riuis
2223 3867 2538 3936 Albulisque
2570 3867 2758 3924 calidis
2781 3868 3038 3922 utendum
3061 3877 3226 3938 esset,
3253 3867 3357 3923 hoc
3381 3875 3664 3921 contentus

2062 3966 2177 4011 erat
2199 3977 2215 4007 θ
2239 3957 2479 4028 (Sueten.
2505 3959 2592 4012 lib.
2614 3975 2644 4011 it
2667 3959 2924 4029 August.§
2957 3957 3079 4028 82).
3114 3960 3185 4012 At
3213 3959 3258 4011 si
3291 3958 3440 4013 nervi
3471 3958 3664 4022 laxnti,

2062 4060 2116 4104 et
2143 4051 2456 4105 humoribus
2494 4051 2832 4106 remissiores
2861 4051 2979 4105 laeti
3006 4093 3020 4116 ,
3047 4052 3200 4120 aquis
3241 4052 3460 4106 marinis
3490 4053 3665 4106 curari

2064 4153 2324 4213 possunt,
2357 4159 2534 4198 nouuc
2563 4143 2663 4196 dici
2695 4142 2853 4197 etiam
2883 4151 3057 4212 potest
3086 4141 3400 4208 Minucium,
3433 4141 3660 4212 ejusque

2062 4234 2238 4288 Socios
2291 4236 2537 4288 eamdem
2591 4234 2662 4288 ob
2707 4248 2921 4288 causam
2975 4247 3100 4287 usos
3131 4248 3251 4287 esse
3283 4233 3661 4288 Ostiensibus?

2069 4326 2145 4380 De
2172 4325 2372 4381 balucis
2423 4341 2581 4396 porro
2631 4326 2796 4381 libros
2850 4325 3162 4381 babemusa
3213 4325 3434 4382 tnedicis
3480 4341 3672 4381 teccns

2065 4421 2238 4476 editos
2259 4463 2271 4487 ,
2302 4437 2434 4492 quos
2457 4421 2738 4476 COIiSttlere
2760 4421 2928 4477 cuivis
2961 4431 3262 4494 promptum
3289 4430 3390 4476 est.

366 4529 630 4598 prudiissc
674 4530 989 4601 inscriptum
1041 4533 1322 4601 ipsiusmel
1365 4533 1579 4590 mum.“
1629 4535 1847 4589 nomine
1894 4536 1960 4590 de
1987 4536 2039 4599 D
2139 4514 2394 4568 Lavatutn
2428 4526 2604 4571 autem
2637 4516 2896 4571 Minucius
2928 4516 3052 4571 illuc
3085 4517 3213 4584 ibat,
3247 4535 3264 4567 t
3292 4532 3398 4588 quo
3426 4527 3670 4589 tempore

367 4621 502 4676 Fato
530 4624 725 4677 librum
754 4666 767 4688 ,
803 4640 897 4679 seu
927 4625 1216 4695 dialogum,
1249 4626 1339 4680 sed
1371 4627 1462 4696 qui
1489 4627 1556 4680 ab
1582 4625 1788 4681 Octavii
1818 4629 1960 4698 Stylo

368 4716 676 4785 discrepare
726 4717 827 4772 sibi
874 4718 1172 4771 videbatur.
1226 4719 1352 4785 Quis
1411 4719 1572 4788 igitur
1620 4720 1759 4774 hunc
1807 4736 1959 4786 esse,

368 4824 528 4878 quem
578 4823 635 4864 se
681 4811 1003 4880 scripturum
1053 4819 1242 4866 auctor
1307 4822 1491 4866 noster
1547 4814 1785 4882 polliceri
1822 4815 1967 4869 visus

369 4909 484 4966 est,
515 4916 754 4957 asserere
785 4903 1044 4957 attdebit?
1073 4905 1141 4957 Et
1169 4905 1218 4959 id
1247 4904 1460 4973 quidem
1506 4916 1560 4957 ut
1603 4907 1809 4974 planius
1842 4907 1964 4971 fiat,

367 4993 664 5048 audiendus
695 5006 775 5048 est
801 4995 1155 5064 llieronytuus
1189 5014 1201 5050 :
1242 5014 1258 5046 ι
1299 4996 1484 5059 Alius,
1515 4997 1620 5060 ait,
1677 4999 1810 5052 liber
1855 5001 1968 5053 sive

369 5086 550 5155 potius
577 5086 820 5157 dialogus
840 5129 853 5152 ,
888 5089 987 5141 sub
1018 5089 1232 5142 nomine
1261 5088 1376 5158 ejus
1408 5089 1575 5141 fertur
1602 5089 1667 5143 de
1696 5090 1848 5157 Fato,
1887 5092 1968 5145 vel

370 5189 554 5232 contra
585 5180 1023 5244 Mathematicos,
1081 5182 1169 5252 qui
1224 5199 1343 5237 cum
1396 5181 1467 5236 sit
1520 5192 1572 5234 et
1629 5185 1741 5253 ipse
1783 5185 1971 5239 diserti

371 5271 639 5339 hominis,
698 5291 802 5328 non
861 5276 990 5329 mihi
1026 5277 1234 5331 videtur
1261 5295 1380 5333 cum
1414 5281 1708 5348 superioris
1756 5277 1907 5343 libri,
1950 5297 1968 5329 ι

369 5365 573 5420 Octavii
605 5368 847 5433 scilicet,
885 5387 901 5418 ι
941 5369 1079 5439 stylo
1107 5371 1418 5427 convenire.
1459 5393 1476 5424 ι
1515 5372 1695 5442 Neque
1725 5371 1772 5425 id
1806 5370 1975 5425 semel

371 5461 571 5516 dixisse
597 5470 883 5515 contentus
909 5504 921 5528 ,
957 5461 1022 5515 ad
1053 5462 1296 5533 Magnum
1331 5466 1446 5519 lure
1476 5480 1661 5519 rursus
1691 5464 1754 5518 de
1785 5462 1975 5516 eodem

373 5555 510 5610 libro
541 5556 759 5626 scripsit
790 5572 800 5607 :
843 5574 860 5604 ‹
902 5555 1163 5612 Minucius
1196 5557 1342 5612 Felix
1367 5599 1382 5625 ,
1419 5558 1721 5613 causidicus
1753 5557 1978 5610 Romani

377 5649 478 5703 furi
505 5690 518 5713 ,
554 5650 604 5702 itt
638 5632 776 5705 libro
805 5650 889 5703 cui
944 5651 1125 5705 titulus
1157 5652 1410 5706 Octavius
1456 5661 1568 5716 est,
1619 5663 1670 5714 et
1709 5654 1763 5705 iti
1807 5651 1979 5704 altero

378 5751 564 5797 contra
599 5742 1030 5810 Matlicmaticos,
1062 5746 1104 5798 si
1138 5755 1314 5800 tamen
1359 5747 1637 5815 inscriptio
1685 5760 1788 5800 non
1839 5759 1981 5801 men-

2067 4606 2134 4662 ad
2165 4607 2492 4663 vindemiam
2516 4649 2532 4676 ,
2568 4607 2769 4678 inquit,
2821 4607 2970 4664 feria:
2993 4610 3331 4680 judiciariam
3364 4627 3546 4664 curam
3579 4626 3668 4666 re-

2069 4700 2400 4754 laxaverant.
2432 4699 2561 4754 Nam
2589 4710 2641 4756 ct
2673 4701 2721 4756 id
2767 4701 3023 4772 temporis
3075 4712 3194 4771 post
3237 4702 3477 4756 a-stivatn
3526 4703 3669 4758 dictu

2071 4794 2122 4846 in
2171 4795 2486 4864 temperiem
2536 4804 2704 4848 semet
2748 4795 3076 4849 autumnitas
3106 4794 3388 4866 dirigebat.
3430 4815 3448 4847 ι
3487 4796 3560 4852 De
3591 4797 3673 4852 his

2072 4887 2378 4941 forensibus
2407 4887 2558 4941 feriis
2586 4887 2701 4942 haec
2730 4889 2872 4942 Cattit
2903 4887 3104 4943 Statius
3131 4905 3143 4940 :

2167 5001 2315 5063 Certe
2331 5002 2428 5062 jam
2452 5001 2585 5050 latice
2608 5015 2701 5052 non
2726 5003 2935 5050 miscent
2954 5000 3117 5063 jurgia
3139 5000 3298 5062 leges,

2167 5062 2229 5110 Et
2254 5078 2421 5125 pacein
2447 5065 2588 5123 piger
2615 5078 2770 5110 annus
2795 5062 2966 5122 habet,
2989 5062 3277 5125 ntes.~esque
3301 5076 3518 5113 reversa:

2169 5124 2418 5173 Ditinsere
2439 5125 2618 5183 forum,
2656 5138 2749 5172 nec
2767 5124 2866 5185 jam
2892 5128 2982 5174 tibi
2997 5127 3148 5174 turba
3167 5124 3365 5173 reorum

2173 5187 2453 5252 Vestittulo,
2481 5185 2781 5249 querulique
2807 5197 2981 5248 rogant
3006 5189 3148 5236 exire
3174 5187 3400 5238 clientes.

2325 5270 2493 5334 (Stat,
2514 5269 2546 5316 l.
2574 5265 2851 5334 tv,Sylvur.
2873 5270 2937 5320 ad
2953 5270 3181 5333 Μαντώ,
3211 5283 3254 5320 υ.
3273 5272 3336 5322 56
3359 5277 3402 5322 ct
3423 5275 3575 5338 seqq.)

2154 5377 2281 5432 Post
2360 5376 2473 5430 hare
2528 5375 2938 5438 Valentinianus
2993 5376 3184 5436 Iunior
3235 5389 3294 5439 et
3343 5378 3679 5443 Theodosius

2082 5468 2302 5538 Magnus
2332 5468 2586 5522 harumce
2632 5467 2886 5523 feriarum
2917 5469 3379 5537 spatitttiidnobus
3407 5475 3680 5532 mensibus

2083 5559 2449 5615 circumscribi
2491 5560 2808 5627 voluerunt,
2859 5562 2982 5616 data
3028 5577 3179 5628 anno
3218 5563 3326 5619 589
3373 5565 3470 5619 hac
3523 5565 3678 5635 lege:

2093 5675 2108 5706 ι
2149 5656 2270 5710 Illos
2303 5666 2503 5708 tantum
2555 5655 2806 5712 feriarum
2864 5656 2980 5711 dies
3012 5657 3088 5712 ias
3115 5657 3248 5722 erit,
3283 5671 3417 5726 quos
3457 5658 3684 5727 geminis

2090 5746 2361 5803 mensibus
2415 5746 2478 5800 ad
2560 5747 2794 5817 requiem
2850 5748 3049 5804 laboris
3103 5747 3463 5821 indulgentior
3515 5765 3684 5806 anuus
