4242 6222
335 208 444 269 619

426 357 456 394 ._
505 364 523 394 _.
595 365 605 374 .
674 327 895 394 Cat-lique
922 331 1103 394 viasiet
1120 331 1281 382 sidera
1305 336 1562 394 monstrat,

422 389 660 441 Defectus
681 389 1002 453 solis'varios,
1027 393 1256 458 lunaeque
1278 394 1490 446 labores.

575 490 606 523 ι
862 475 1097 540 (Virgil.,
1122 478 1157 528 l.
1177 494 1211 528 ιι
1236 480 1432 546 Georg.,
1463 495 1508 531 υ.
1537 481 1672 546 478.)

328 583 402 640 At
441 591 624 639 contra
663 583 804 640 hanc
845 583 1126 640 ridiculam
1155 588 1590 663 superstitionem
1619 590 1816 661 saepius
1847 591 1930 645 in-

327 678 594 732 velmntur
638 678 961 733 sanctissimi
1006 677 1263 735 Ecclesiae
1308 679 1521 747 Patres,
1557 695 1620 736 ac
1666 683 1932 751 praecipue

321 769 586 827 Maximus
611 771 981 839 Taurinensis,
1013 775 1065 828 in
1092 773 1324 844 quodam
1371 790 1623 832 sermone
1663 777 1725 831 de
1771 777 1932 832 Luna:

323 864 550 933 defectu,
612 879 770 934 quem
817 879 884 920 ex
941 865 1211 921 Ambrosii
1240 867 1497 936 ejecimus
1526 869 1811 938 Uperibus,
1841 871 1930 925 ubi

321 954 460 1010 falso
503 957 622 1026 ejus
667 957 884 1012 nomine
929 957 1106 1013 editus
1145 959 1317 1014 fuerat
1370 958 1640 1032 (Ambros.
1682 962 1924 1032 Appeud.

319 1064 446 1121 pag.
500 1048 670 1122 377).
730 1051 990 1108 Minucius
1033 1067 1162 1108 vero
1209 1055 1328 1110 hate
1377 1057 1634 1111 adversus
1667 1057 1928 1114 Ethnicos

317 1151 495 1210 ttrgct,
543 1151 600 1196 ut
635 1157 824 1198 eorum
881 1159 1142 1210 errorem,
1190 1146 1458 1218 simulque
1511 1149 1747 1203 divinam
1794 1151 1927 1207 Pro-

321 1237 615 1292 videntiam
657 1253 723 1293 ex
774 1239 914 1295 lunae
960 1241 1305 1297 incrementis
1336 1253 1387 1299 et
1415 1242 1779 1302 decrementis
1833 1261 1928 1302 os-

317 1328 532 1384 tendat.

927 1422 1222 1464 ARTICULUS
1259 1425 1318 1464 ll.

313 1492 396 1548 De
426 1495 594 1550 citatis
625 1512 656 1549 a
685 1495 916 1553 Minucio
961 1501 1260 1568 quibusdam
1301 1504 1664 1574 scriptoribus,
1701 1507 1920 1581 Nepote,

388 1588 588 1656 Cassio,
611 1589 814 1657 Thallo,
839 1590 1084 1662 Diodoro,
1105 1605 1150 1649 et
1168 1598 1330 1652 at/icis
1345 1597 1635 1667 Theodoro,
1667 1600 1917 1674 Diagora,

387 1698 449 1736 ac
477 1680 781 1754 Protagora.

387 1774 521 1830 Tota
551 1775 765 1832 Minucii
793 1777 1084 1848 disputatio
1117 1783 1326 1838 tametsi
1357 1785 1518 1840 variis
1551 1787 1910 1856 potissimum,

313 1868 472 1925 sicuti
521 1873 846 1939 monuimus,
878 1875 1144 1929 rationum
1179 1878 1466 1934 momentis
1495 1881 1716 1944 nitatur,
1751 1883 1917 1953 pluri-

314 1978 438 2018 mos
475 1964 846 2032 nihilominus,
896 1969 1123 2026 celebris
1169 1971 1310 2040 apud
1365 1971 1627 2028 Etlmieos
1657 1977 1913 2045 nominis,

313 2054 632 2124 scriptores,
659 2060 821 2114 variis
858 2059 1073 2115 illorttm
1119 2061 1462 2132 opinionibus
1490 2066 1647 2135 plane
1678 2068 1918 2136 penitus-

311 2163 419 2218 que
450 2160 830 2221 repugnantes,
880 2154 1083 2210 citavit.
1119 2156 1362 2222 Quatuor
1389 2168 1567 2214 autem
1593 2161 1653 2214 'iu
1699 2177 1804 2215 uno
1832 2178 1918 2218 eo-

310 2239 544 2310 demque
594 2243 711 2297 loco
755 2245 823 2298 ab
869 2244 958 2299 illo
1008 2248 1368 2316 appellantur,
1424 2251 1624 2320 Nepos,
1672 2252 1908 2319 Cassius,

307 2333 554 2401 Thallus,
601 2352 664 2392 ac
709 2338 971 2394 Diodorus
1003 2340 1142 2396 haud
1185 2343 1346 2399 dubie
1375 2346 1611 2409 Siculus,
1643 2363 1671 2402 a
1703 2347 1916 2404 Justino

310 2428 552 2500 Martyre
595 2446 699 2484 non
734 2433 968 2488 minimis
1002 2435 1244 2490 laudibus
1282 2450 1575 2512 exornatus
1605 2441 1674 2496 ob
1718 2442 1916 2498 Biblio-

306 2523 484 2578 thecae
515 2523 785 2581 historica:
815 2528 999 2591 libros,
1030 2530 1119 2599 qui
1150 2546 1325 2600 gra‘ce
1352 2542 1405 2587 et
1431 2534 1595 2590 latine
1635 2535 1765 2591 editi
1794 2553 1914 2592 om-
1944 2568 1948 2570 -

302 2616 460 2670 nium
488 2618 735 2673 manibus
764 2628 1010 2676 teruntur
1055 2622 1321 2692 (Justin.,
1351 2625 1612 2684 Co/iortat.
1643 2631 1712 2684 ad
1747 2629 1912 2688 (ἔναιε.

301 2722 433 2779 pag.
471 2709 594 2782 10).

377 2801 601 2856 Primus
634 2819 760 2859 vero
787 2820 852 2862 ex
881 2806 964 2863 his
992 2809 1341 2880 scriptoribus
1382 2815 1689 2872 nominatur
1713 2818 1916 2877 Corne-

297 2892 408 2948 lius
438 2893 643 2963 Nepos,
677 2898 764 2966 qui
795 2899 934 2954 sicut
957 2901 1020 2956 Α.
1054 2903 1259 2960 Gellids
1293 2905 1560 2975 perhibet,
1589 2912 1804 2980 scripsit
1826 2913 1917 2968 Ci-

298 2987 530 3040 Ceronis
571 2989 726 3044 amici
750 2991 831 3045 sui
864 2991 1059 3058 Vitam,
1116 3006 1171 3050 et
1214 2997 1380 3052 libros
1424 3001 1487 3053 de
1524 2999 1657 3056 Viris
1695 3004 1914 3059 illustri-

295 3076 420 3141 bus,
486 3076 882 3150 Exemplorum,
925 3093 1086 3154 atque
1126 3085 1496 3144 Ultronicorum
1521 3092 1689 3163 (Gell.
1723 3095 1814 3150 lib.

297 3168 666 3238 Noct.Attic.,
690 3190 808 3244 cap.
838 3177 940 3243 28;
962 3178 1052 3233 lib.
1087 3195 1126 3246 ι,
1149 3195 1269 3252 cap.
1296 3184 1391 3248 18;
1429 3185 1520 3238 lib.
1548 3202 1642 3252 vn,
1675 3202 1794 3258 cap.
1825 3191 1911 3256 18;

292 3273 351 3318 et
384 3265 487 3318 lib.
521 3282 654 3329 xvu,
687 3283 808 3337 cap.
854 3269 914 3324 2|
942 3271 985 3339 ).
1047 3271 1203 3342 Stepe
1241 3277 1401 3329 etiam
1444 3277 1691 3334 laudatur
1730 3297 1758 3334 a
1809 3283 1918 3337 Pli-
1978 3322 1986 3329 .

293 3355 413 3420 nio,
458 3372 526 3412 ac
568 3360 807 3429 Augusto
837 3363 1155 3431 imperante.
1198 3366 1415 3431 obiisse,
1465 3379 1518 3444 et
1558 3371 1609 3424 in
1645 3370 1916 3430 Chronico

291 3445 622 3503 Eusebiano
665 3459 790 3506 tunc
818 3451 1064 3510 ﬂoruisse
1090 3456 1305 3513 dicitur.
1348 3460 1432 3516 Ab
1489 3462 1680 3519 eodem
1733 3477 1911 3524 autem

291 3538 486 3596 Plinio
510 3552 751 3608 vocatur,
779 3564 797 3596 ι
830 3546 959 3603 Padi
1009 3550 1181 3606 incola
1213 3571 1231 3602 ι
1278 3553 1466 3623 (Plin.,
1499 3556 1533 3609 l.
1569 3574 1642 3623 ιιι,
1670 3575 1788 3631 cap.
1824 3564 1911 3633 59,

286 3648 422 3704 pag.
460 3635 591 3700 545;
614 3645 672 3691 et
698 3637 789 3692 lib.
825 3654 878 3706 ιι,
912 3655 1026 3710 cap.
1057 3645 1128 3698 53
1151 3686 1164 3708 ,
1199 3661 1249 3713 p.
1280 3646 1405 3700 411.
1455 3649 1658 3705 Chron.
1691 3653 1912 3723 Euscb.,

283 3724 362 3778 ad
424 3740 560 3779 ann.
610 3728 644 3782 4
690 3729 938 3799 Augusti.
978 3733 1116 3788 Plin.
1170 3737 1206 3791 l.
1257 3753 1328 3803 vi,
1373 3755 1489 3810 cap.
1521 3741 1574 3806 9,
1610 3759 1730 3813 pag.
1759 3748 1912 3817 575).

280 3817 693 3888 Quaproptera
717 3822 946 3892 Catullo,
973 3825 1141 3882 cuntis
1161 3829 1434 3896 Italorum,
1461 3854 1480 3886 ›
1519 3835 1600 3890 his
1617 3839 1917 3907 appellatur

278 3915 580 3985 versibus,
601 3919 794 3988 quibus
818 3935 973 3975 suum
1005 3923 1195 3979 librum
1228 3926 1274 3981 ci
1318 3929 1460 3982 misit
1489 3929 1863 4005 dedicavitque
1898 3953 1909 3989 :

564 4013 649 4079 Cui
673 4014 800 4064 dono
825 4017 1040 4079 lepidum
1062 4033 1235 4070 novum
1261 4023 1477 4075 libellum

563 4076 890 4147 éridoptodo:
906 4083 1098 4142 pumice
1124 4085 1396 4147 expolitum

561 4138 773 4195 Corneli,
801 4143 886 4190 tibi
907 4138 1119 4199 namque
1136 4138 1404 4199 tu'solebas

568 4201 705 4273 Meas
730 4217 842 4253 esse
866 4201 1050 4268 aliquid
1078 4217 1251 4271 putare
1278 4226 1452 4273 nugas,

559 4262 666 4327 J_am
692 4273 745 4314 tu
769 4279 879 4315 cum
896 4262 1044 4318 au'sus
1067 4262 1139 4327 es,
1165 4285 1289 4322 unus
1313 4262 1548 4325 Italorum

562 4325 722 4397 Quone
748 4341 904 4397 aevum
932 4332 1097 4397 tribus
1119 4325 1372 4397 explicare
1391 4339 1575 4390 chartis

562 4386 750 4452 Doctis,
776 4389 992 4454 Jupiter,
1011 4402 1065 4444 et
1088 4386 1368 4448 laboriosis.

1032 4477 1247 4541 (Catull.,
1275 4481 1382 4532 iuit.
1403 4483 1489 4533 lib.
1515 4500 1549 4544 t,
1575 4497 1685 4550 pag.
1718 4490 1785 4550 1.)
1935 4515 1988 4574 D

261 4577 476 4648 Neque
536 4586 626 4633 est
671 4579 812 4649 quod
863 4589 916 4636 te
959 4591 1170 4638 moveat
1214 4586 1505 4657 Ausonius,
1554 4591 1645 4661 qui
1678 4592 1775 4650 hos
1804 4594 1908 4650 Ca-

263 4675 391 4726 tulli
430 4687 647 4729 versus
675 4673 910 4742 citando,
943 4674 1199 4746 Nepotem
1230 4679 1437 4736 Gallum
1467 4683 1664 4740 ibidem
1697 4703 1906 4744 nuncu-

258 4779 331 4836 pa
343 4775 426 4820 νιῑ
458 4777 479 4817 :

472 4856 527 4929 15
534 4869 607 4904 ec
626 4857 820 4907 doctum
844 4860 1022 4929 minus,
1046 4875 1150 4929 nec
1165 4867 1320 4929 magis
1343 4866 1617 4929 benignum

477 4918 653 4976 Quam
679 4936 831 4984 quem
857 4921 1012 4972 Gallia
1034 4918 1470 4986 prtebuitUCatullo.

879 5006 1104 5071 (Auson.,
1128 5009 1247 5072 Edy.
1278 5012 1304 5060 7
1334 5011 1400 5062 ad
1422 5015 1665 5078 Drepan.)

246 5087 382 5143 Non
432 5087 618 5143 enim
642 5089 765 5145 testi
790 5105 887 5145 suo
915 5095 1270 5160 c0ntradixit,
1324 5097 1417 5153 sed
1448 5099 1676 5156 Galliam
1715 5103 1916 5158 indicat

243 5182 595 5254 Togatam,
624 5197 738 5252 qua:
764 5184 951 5241 eadem
979 5201 1042 5242 ac
1057 5187 1206 5244 Italia
1235 5189 1614 5262 TranSpadana
1646 5205 1749 5250 est.
1775 5197 1912 5253 Alibi

244 5290 397 5329 vero
433 5275 600 5329 citat
635 5274 865 5340 ejusdem
903 5297 922 5328 ι
957 5277 1179 5348 Nepotis
1217 5279 1481 5339 Chronica
1507 5304 1526 5336 )
1554 5286 1719 5355 (Idem
1752 5289 1911 5357 epist.

242 5385 309 5424 ιιι
338 5368 428 5424 ad
457 5363 742 5421 Probum.
776 5367 843 5422 P.
873 5369 996 5444 P.).
1057 5373 1296 5444 Denique
1327 5377 1634 5434 Lactantius
1665 5381 1802 5434 illius
1848 5383 1912 5435 ad

226 5461 652 5526 Ciceronem,
683 5469 736 5516 et
763 5473 945 5517 contra
995 5467 1116 5528 eius
1145 5468 1210 5522 de
1234 5461 1573 5541 philosophia
1603 5474 1910 5542 opinionem

219 5551 573 5612 scribentis
656 5553 814 5608 verba
882 5559 1240 5629 transcripsit.
1288 5563 1498 5620 Videsis
1550 5565 1909 5633 Suetonium,

229 5648 576 5709 Vossium,
625 5652 693 5695 et
719 5647 859 5713 plura
901 5667 1021 5721 qum
1052 5652 1120 5707 ab
1149 5653 1239 5708 illo
1262 5668 1383 5726 post
1409 5658 1605 5713 editam
1635 5661 1914 5717 excellen-

241 5741 402 5808 liUm
438 5741 722 5795 virorum
754 5741 911 5795 vitam
956 5744 1234 5800 observata
1264 5760 1385 5805 sunt
1415 5752 1680 5822 (Lactant.
1733 5755 1822 5811 lib.
1860 5772 1912 5815 tu

762 5830 1038 5896 ΡΑτιιοι.
1070 5832 1188 5900 ΙΙΙῙ

1735 216 2208 279 DlSSERTATlO.

1964 341 2017 402 Α
2047 333 2245 400 Instit.,
2266 347 2383 402 cap.
2418 334 2506 400 15,
2530 348 2649 405 pag.
2691 333 2819 390 282.
2841 334 2990 392 Suet.
3021 336 3113 391 lib.
3145 352 3183 402 ι,
3217 339 3244 410 §
3274 338 3364 406 56,
3394 346 3448 396 et
3468 340 3560 398 lib.
3585 360 3643 409 ιι,

1847 3114 1989 3190 ιινο

2042 423 2069 493 §
2107 425 2191 478 77.
2251 423 2406 480 Voss.
2439 426 2501 480 de
2533 425 2671 480 Hist.
2706 427 2876 492 latim,
2907 428 2998 482 lib.
3031 445 3203 500 t,cap.
3234 432 3321 486 14.

2108 514 2345 580 Cassius,
2368 528 2726 587 cognomento
2740 518 2987 587 Hemina,
3006 522 3204 577 vixisse
3231 523 3398 579 fertur
3422 524 3485 580 C.
3515 526 3646 583 Cor-

2035 605 2178 660 nelio
2210 605 2455 672 Lentulo,
2484 609 2617 664 etL.
2640 610 2897 664 Mummio
2929 611 3164 668 Achaico
3185 613 3365 680 Coss.,
3389 634 3548 672 anno.
3577 619 3641 674 V.

2037 694 2098 751 C.
2131 697 2256 764 608,
2284 708 2445 769 atque
2471 714 2500 753 a
2541 701 2714 756 Plinio
2733 703 3032 772 appellatur
3063 722 3081 755 ι
3118 709 3513 765 vetustiSSimus
3540 727 3641 767 au-

2034 798 2152 844 ctor
2179 790 2488 846 Annalium.
2530 811 2553 844 ι
2587 793 2691 848 Sed
2718 795 2785 847 ibi
2817 794 3034 864 quidam
3065 795 3166 866 legi
3194 797 3382 853 volunt
3416 818 3434 851 σ
3475 803 3644 858 veris-

2033 881 2224 950 simus,
2259 903 2276 936 ι
2307 899 2413 939 non
2446 887 2842 942 vetustissimus
2863 931 2878 955 ,
2914 899 2970 943 ut
3002 903 3124 960 pote
3155 893 3244 962 qui
3270 893 3354 946 vix
3387 893 3456 949 70
3487 898 3644 952 annis

2034 975 2209 1030 Plinio
2225 977 2501 1048 antiquior
2533 981 2717 1045 luerit;
2757 999 2775 1032 ι
2810 980 3028 1037 Cassius
3054 1002 3072 1034 ι
3099 995 3278 1039 autem
3319 1005 3336 1036 ι
3362 985 3584 1043 Hemina
3618 1007 3638 1042 ι

2034 1080 2260 1124 vocatur
2287 1086 2316 1124 a
2348 1071 2637 1139 Macrobio,
2671 1073 2760 1143 qui
2798 1075 3094 1130 secundum
3133 1077 3261 1131 citat
3282 1079 3638 1135 Historiarum

2033 1161 2152 1229 ejus
2176 1160 2402 1230 librum,
2435 1165 2841 1234 atqueaSolino
2868 1166 3091 1222 Hemina
3125 1169 3644 1242 simpliciterappel-

2027 1252 2346 1324 latur(Plin.
2373 1256 2467 1310 lib.
2494 1273 2588 1312 xm
2617 1258 2751 1313 Hist.
2773 1258 2991 1328 Nalur.,
3017 1277 3134 1331 cap.
3165 1263 3250 1328 18,
3275 1281 3390 1335 pag.
3418 1267 3507 1332 84;
3534 1268 3645 1322 Ma-

2030 1345 2181 1400 crob.
2218 1346 2311 1400 lib.
2343 1363 2359 1401 ι
2391 1348 2692 1416 Saturnal.,
2719 1367 2838 1422 cap.
2872 1355 2960 1419 16,
3003 1370 3124 1425 pag.
3153 1355 3295 1422 247;
3328 1359 3498 1413 Solin.
3534 1361 3641 1414 Po-

2029 1434 2243 1506 lyhist.,
2275 1454 2395 1508 cap.
2445 1440 2504 1506 Ξ,
2536 1457 2655 1512 pag.
2713 1442 2823 1515 15).
2872 1445 3100 1502 Dilticilc
3143 1463 3272 1518 ergo
3317 1449 3460 1506 dictu
3490 1470 3586 1508 cur
3614 1469 3643 1508 a

2028 1531 2363 1586 Ter-tulliano
2407 1536 2817 1604 cognominetur
2885 1557 2903 1588 ‹
2940 1539 3158 1596 Cassius
3207 1542 3463 1600 Severus.
3508 1567 3525 1598 ι
3561 1549 3637 1603 De

2027 1621 2218 1677 eodem
2267 1625 2485 1696 quippe.
2534 1637 2694 1697 atque
2725 1629 2988 1686 Minucius
3037 1646 3243 1700 noster,
3278 1639 3635 1707 proculdubio

1945 1736 1991 1794 Β
2025 1714 2170 1786 loqui
2201 1718 2428 1775 videtur.
2465 1721 2572 1776 Sed
2602 1723 2668 1777 de
2701 1725 2803 1780 hoc
2836 1726 3148 1782 Tertulliani
3199 1730 3316 1785 loco
3349 1733 3401 1788 in
3449 1746 3632 1790 nostra

2023 1807 2090 1864 de
2117 1809 2233 1880 ejus
2267 1812 2415 1868 libris
2445 1813 2823 1873 dissertatione
2849 1821 3112 1890 agendum
3140 1822 3387 1892 (Tertull.
3412 1828 3631 1899 Apolog.

2023 1916 2142 1972 cap.
2181 1905 2268 1967 10,
2300 1919 2418 1975 pag.
2444 1905 2556 1978 12).

2096 2015 2318 2073 Thallus
2349 2035 2508 2088 porro
2542 2021 2764 2078 Cra-cus
2809 2026 3041 2095 scriptor
3065 2028 3184 2096 luit,
3227 2047 3384 2100 quem
3422 2033 3633 2089 Alrica~

2023 2125 2123 2164 tms
2163 2112 2302 2182 apud
2337 2114 2627 2169 Eusebium
2668 2132 2757 2172 res
2786 2119 3032 2187 Syriacas
3058 2122 3341 2191 scripsisse
3373 2126 3637 2191 testiﬁca-p

2024 2209 2130 2256 tur.
2154 2201 2474 2261 Mcntionem
2506 2207 2620 2277 ejus
2658 2208 2900 2265 fecerunt
2927 2211 3170 2268 Justinus
3196 2215 3419 2289 Martyr,
3450 2219 3630 2274 Theo-

2024 2295 2200 2364 philus
2250 2299 2651 2365 Antiocheuus,
2687 2318 2749 2357 ac
2791 2315 2910 2372 post
2951 2305 3094 2361 hunc
3135 2307 3466 2377 Lactantius,
3495 2321 3549 2366 et
3577 2313 3631 2368 in

2021 2385 2293 2443 Chronico
2340 2405 2518 2459 graeco
2562 2393 2826 2448 Eusebius
2879 2396 3106 2463 (Euseb.
3155 2399 3248 2452 lib.
3311 2417 3342 2454 ιι
3393 2401 3635 2474 Ρνωραν.

2024 2475 2223 2550 Evang.
2256 2496 2374 2550 cap.
2411 2484 2498 2548 10,
2553 2500 2675 2555 pag.
2709 2486 2845 2552 189;
2880 2487 3164 2558 Theophil.
3217 2508 3294 2559 ιιι,
3346 2496 3415 2548 ad
3461 2497 3637 2552 Autol.

2022 2586 2145 2642 pag.
2186 2573 2309 2638 139;
2345 2573 2589 2630 Lactant.
2623 2579 2717 2632 lib.
2767 2595 2782 2632 ι
2827 2579 3002 2635 lustit.
3038 2599 3158 2652 cap.
3196 2586 3290 2652 25,
3335 2604 3455 2660 pag.
3487 2591 3630 2658 1'52;

2020 2663 2221 2719 Euseb.
2249 2665 2341 2720 lib.
2373 2665 2605 2722 tC/trou.
2636 2686 2756 2742 pag.
2793 2673 2902 2742 14).

2093 2776 2229 2832 Tres
2268 2789 2531 2847 praeterea
2565 2782 2841 2853 impietate
2870 2801 2965 2841 sua
2998 2788 3231 2846 famosos
3257 2794 3439 2850 citavit
3465 2797 3632 2854 Carci-

2020 2870 2161 2937 lius,
2215 2871 2602 2943 Theodorum,
2658 2880 2979 2950 Diagoram,
3044 2895 3096 2939 et
3133 2887 3500 2959 Protagoram.
3560 2896 3632 2950 At

2026 2962 2425 3033 «Theodorus,»
2453 2970 2526 3022 uti
2546 2969 2632 3025 ille
2648 2972 3253 3045 ait,¢Cyren-.eus,rsive
3280 2982 3630 3054 Cyrenaicus,

2027 3075 2045 3108 ι
2074 3059 2158 3113 vel
2207 3061 2296 3130 qui
2329 3062 2478 3129 prior
2506 3063 2760 3136 Diagoras
2785 3069 3008 3137 Melius;
3055 3074 3144 3142 qui
3194 3085 3416 3146 uterque
3457 3079 3634 3136 nullos

2027 3150 2159 3207 deos
2197 3171 2216 3204 ι
2247 3170 2367 3210 esse
2407 3162 2806 3216 asseverabant.
2839 3164 3027 3220 Nonne
3054 3179 3231 3223 autem
3257 3171 3324 3224 ibi
3361 3189 3508 3228 more
3533 3191 3632 3230 suo

2021 3255 2236 3299 secutus
2302 3259 2383 3302 est
2432 3249 2780 3321 Ciceronem,
2826 3257 2915 3325 qni
2959 3259 3027 3313 de
3077 3269 3302 3331 utroque
3348 3264 3556 3322 dixerat
3614 3288 3626 3323 :

2027 3355 2044 3387 ι
2071 3338 2262 3395 Nullos
2315 3341 2447 3398 deos
2492 3360 2614 3401 esse
2639 3349 2858 3403 omnino
2879 3350 3131 3421 Diagoras
3150 3354 3358 3422 Melius,
3379 3367 3435 3412 et
3455 3358 3630 3414 Theo-

2018 3431 2181 3488 dorus
2225 3436 2550 3506 Cyrenaicus
2609 3451 2947 3509 putaverunt.
2989 3464 3006 3496 ι
3044 3445 3275 3501 Rursum
3310 3465 3440 3505 vero
3467 3453 3624 3520 paulo

2021 3535 2179 3593 post:
2214 3545 2231 3576 ι
2259 3527 2515 3597 Diagoras
2567 3532 2756 3588 atheos
2801 3536 2890 3605 qui
2943 3538 3119 3593 dictus
3165 3551 3286 3606 est,
3329 3553 3624 3616 posteaque

2021 3615 2360 3684 Theodorus,
2408 3637 2588 3677 nonne
2637 3636 2822 3694 aperte
2874 3627 3095 3683 deorum
3147 3640 3390 3688 naturam
3442 3615 3620 3692 sustu-

2018 3709 2231 3764 lerunt?
2257 3731 2274 3764 ι
2309 3712 2502 3784 (Cicer.
2533 3716 2664 3771 lib.t
2698 3717 2762 3772 de
2790 3717 2981 3774 Natnr.
3021 3721 3202 3788 Deor.,
3232 3740 3350 3796 pag.
3388 3728 3625 3794 195,|in.

2017 3803 2108 3868 40;
2146 3804 2273 3859 ibid.
2304 3823 2425 3878 pag.
2453 3809 2582 3873 ΞΜ,
2611 3810 2705 3864 lin.
2737 3811 2859 3881 52.)
2909 3814 3141 3870 Videsne
3182 3817 3265 3871 his
3313 3820 3461 3875 latini
3490 3822 3626 3877 Ota-

2021 3897 2151 3951 toris
2181 3901 2362 3954 verbis
2391 3901 2569 3970 colligi
2601 3919 2760 3972 posse
2799 3919 2894 3958 cur
2941 3907 3202 3964 Minucius
3251 3913 3497 3968 consulto
3529 3917 3625 3970 ad-

2019 3990 2213 4047 diderit
2237 4011 2251 4049 ':
2293 4013 2310 4045 ι
2337 3995 2431 4050 Vel
2463 3999 2553 4066 qui
2599 4000 2742 4066 prior
2775 3999 3063 4069 Diagoras?
3092 4022 3110 4054 ι
3147 4003 3279 4057 Nam
3313 4019 3499 4075 aperte
3529 4009 3620 4063 Ci-

2019 4099 2144 4140 cero
2184 4085 2324 4140 hunc
2367 4086 2654 4143 Theodoro
2707 4091 3061 4160 antiquiorem
3110 4094 3273 4149 fuisse
3332 4097 3618 4167 signiﬁcat.

2021 4178 2088 4232 Et
2137 4189 2284 4234 certe
2318 4181 2369 4234 iu
2398 4180 2670 4237 Chronico
2698 4183 3001 4240 Eusebiano
3031 4187 3096 4242 ad
3141 4204 3334 4242 annum
3373 4192 3512 4247 1555
3540 4194 3619 4248 le-

2019 4273 2226 4342 gimus:
2264 4291 2281 4322 ι
2310 4274 2562 4344 Diagoras
2591 4279 2920 4346 agnoscitur,
2947 4286 3001 4331 et
3026 4288 3320 4335 sectatores
3343 4282 3460 4352 ejus
3487 4285 3621 4355 phy-

2020 4366 2114 4420 sici
2160 4365 2482 4438 pliilOSOphi.
2517 4388 2535 4418 ι
2599 4369 2666 4423 Ει
2716 4370 2782 4423 ad
2838 4385 3039 4426 annum
3087 4373 3265 4427 15.19:
3317 4393 3334 4424 ι
3365 4377 3618 4448 Diagoras

2019 4457 2210 4514 atheus
2239 4461 2464 4528 plurimo
2504 4477 2754 4518 sermone
2779 4463 3098 4518 celebratur.
3123 4483 3141 4516 ι
3176 4465 3363 4520 Postea
3394 4484 3520 4523 vero
3547 4471 3616 4525 ad

2015 4566 2211 4605 annum
2277 4552 2439 4619 1697,
2499 4572 2516 4604 ι
2566 4554 2881 4609 Theodorus
2941 4557 3127 4611 atheos
3182 4563 3544 4628 cognoscitur.
3590 4582 3609 4614 ›

2013 4643 2272 4711 Quamvis
2321 4662 2449 4715 ergo
2489 4663 2749 4702 annorum
2801 4648 2934 4702 ordo
2957 4664 3061 4704 non
3099 4649 3231 4704 Satis
3259 4663 3504 4706 accnratc
3563 4654 3617 4709 iu

2017 4735 2402 4792 hocChronico
2434 4747 2650 4794 notatus
2682 4739 2865 4804 fuerit,
2895 4740 3019 4795 inde
3053 4749 3231 4796 tamen
3267 4741 3408 4797 haud
3434 4745 3610 4799 incer-

2016 4840 2070 4885 to
2118 4831 2391 4902 colligitur
2440 4833 2720 4904 Diagoram
2749 4848 2871 4887 esse
2897 4834 3182 4900 Theodoro
3230 4837 3612 4905 antiquiorem.

2089 4927 2164 4982 De
2191 4928 2349 4982 tertio
2387 4939 2564 4983 autem
2595 4927 2835 4997 ejusdem
2882 4929 3169 4997 impietatis
3199 4940 3448 4983 accusata
3498 4930 3618 4984 (1:1:—

2019 5020 2174 5076 cilius
2216 5023 2293 5075 sic
2326 5022 2604 5090 loquitur:
2645 5039 2662 5069 ι
2694 5019 3002 5075 Abderitem
3051 5021 3392 5088 Protagoram
3447 5021 3612 5074 Athe-

2022 5113 2236 5165 nienses
2287 5111 2384 5164 viri
2413 5111 2656 5165 consulte
2687 5111 2863 5178 potius
2892 5126 3049 5179 quam
3084 5110 3300 5178 profane
3325 5108 3391 5162 de
3416 5109 3616 5163 divini-

2022 5212 2130 5255 tate
2173 5203 2555 5271 disputantem,
2605 5213 2656 5257 et
2705 5203 3028 5272 expulerunt
3070 5205 3180 5257 suis
3215 5203 3426 5265 linihus,
3461 5213 3514 5257 et
3566 5205 3616 5256 in

2020 5297 2279 5350 concinne
2299 5295 2415 5364 ejus
2442 5299 2636 5365 scripta
2659 5296 2997 5351 deusscruut.
3035 5318 3051 5349 ι
3079 5299 3146 5352 At
3175 5297 3288 5352 lucc
3312 5298 3469 5352 etiam
3498 5315 3620 5365 pro-

2021 5387 2271 5442 culduhio
2305 5388 2492 5442 hausta
2525 5399 2649 5443 sunt
2677 5405 2740 5443 ex
2789 5390 3051 5445 Cicerone
3074 5433 3087 5456 ,
3120 5393 3209 5461 qui
3239 5408 3360 5446 cum
3403 5391 3628 5449 dixisset

2020 5484 2371 5553 Protagoram
2403 5484 2576 5552 palam
2611 5484 2911 5538 asseruisse
2934 5499 2992 5540 se
3015 5485 3148 5539 nihil
3175 5488 3397 5541 omnino
3433 5489 3499 5541 de
3527 5489 3634 5542 diis

2021 5573 2218 5629 habere
2254 5594 2271 5626 ι
2297 5575 2438 5644 quod
2471 5575 2669 5644 liqueat
2699 5590 2763 5628 an
2794 5575 2922 5638 sint,
2953 5577 3034 5630 vel
3069 5591 3173 5630 non
3204 5577 3336 5643 sint,
3371 5578 3632 5644 qualesve

2021 5667 2149 5732 sint,
2181 5686 2198 5720 ι
2233 5667 2349 5722 haec
2381 5668 2537 5736 paulo
2567 5675 2688 5737 post
2718 5666 2915 5736 adjecit
2940 5673 2967 5720 :‘
2994 5687 3012 5718 ι
3038 5668 3325 5724 Abderites
3367 5669 3630 5738 Protago-

2023 5773 2110 5816 ras
2159 5775 2278 5815 cum
2310 5762 2361 5817 itt
2389 5757 2650 5834 principio
2681 5760 2798 5818 libri
2834 5758 2913 5814 sui
2946 5761 3024 5814 sic
3056 5762 3322 5829 posuisset
3349 5777 3359 5812 ε
3398 5756 3476 5813 Dc
3507 5757 3639 5815 diis-

3069 5853 3144 5927 21

3538 225 3642 282 650
3732 264 3748 274 .
