4264 6258
359 311 468 368 (ξὲῧ

1854 293 2193 352 CllllONlCI.

3559 295 3668 352 654

354 435 540 484 noster
570 424 886 495 Anonymus
917 421 1097 486 habet,
1129 433 1248 489 qua:
1272 433 1390 471 cum
1427 415 1809 486 bypotliesmus
1833 414 1960 483 llip—
1988 412 2036 472 A
2066 409 2427 480 Prmstatejus
2455 410 2615 466 verba
2640 408 3022 467 transscribere
3041 424 3104 465 cx
3130 424 3356 468 numero
3376 428 3504 469 xvm
3528 429 3671 485 prie.

351 521 518 591 polyti
547 516 941 584 chronologicis
974 514 1024 567 in
1068 512 1305 582 ejusdem
1342 509 1583 564 Paschali
1611 508 1830 562 (latione
1858 507 1957 560 oh-

352 612 583 665 servatis
603 607 908 664 cons'entire
937 605 1233 669 vidcantur,
1265 618 1490 673 quaeque
1514 599 1648 656 adeo
1672 599 1959 669 Hippolyto

352 706 697 775 Anonymum
733 703 985 758 debuisse
1017 700 1095 756 las
1125 709 1209 756 est
1238 710 1293 753 ut
1335 699 1688 768 suspicemur.
1717 695 1958 763 Quorum

353 797 570 868 quidem
608 796 847 850 virorum
885 794 1218 850 eruditorum
1253 792 1532 846 sententiae
1570 791 1656 844 illa
1689 790 1740 843 ιιι
1776 788 1960 858 primis

355 907 455 947 nos
485 900 685 961 cogunt
711 890 994 955 accedere,
1038 905 1155 956 qua:
1198 888 1295 942 hac
1334 887 1400 941 de
1435 902 1494 941 rc
1537 885 1792 954 praeclare
1831 884 1962 937 satis

353 985 644 1040 edisseruit
668 982 894 1038 illustris
920 981 1115 1052 prwsul
1149 979 1466 1035 Franciscus
1494 975 1958 1047 Blancltiuiusll).

359 1076 449 1132 Sic
478 1077 640 1146 igitur
669 1077 756 1131 ille
789 1093 802 1132 :

428 1170 491 1224 ll.
530 1190 547 1221 ι
588 1167 1089 1238 Dolebamus,quod
1120 1167 1361 1221 liberillc
1392 1161 1739 1227 interciderit,
1772 1159 1962 1214 ttbidi-

356 1272 596 1334 gesserat
623 1262 939 1333 Hippolytus
974 1260 1489 1315 Demonstrationem
1522 1269 1821 1326 temporum
1841 1254 1967 1309 Pi!“-

356 1351 474 1405 cbce
508 1349 970 1420 quemadmodum
1036 1349 1089 1402 in
1152 1346 1376 1401 Tabula.
1427 1346 1571 1414 Opus
1618 1345 1760 1398 enim
1812 1341 1960 1402 illud.

359 1445 406 1498 si
444 1444 509 1498 ad
541 1458 637 1498 nos
672 1443 938 1514 integrum
983 1440 1334 1511 pervenisset,
1380 1437 1563 1492 haberi
1595 1436 1817 1492 deberet
1849 1443 1968 1503 post

359 1553 541 1593 sacras
581 1535 811 1591 Litteras
859 1535 1097 1588 omnium
1168 1532 1640 1603 pretiosissimum.
1690 1529 1964 1600 Siquidem

362 1641 488 1686 ante
530 1630 873 1700 Hippolytum
918 1643 1076 1682 nemo
1102 1627 1402 1696 digesserat
1435 1626 1486 1678 lll
1516 1637 1719 1698 certam
1749 1625 1964 1688 seriem,

366 1741 466 1780 nec
493 1723 557 1778 ad
584 1721 734 1795 Cycli
758 1735 998 1798 normam
1021 1719 1301 1790 redegerat
1321 1732 1506 1786 sacros
1531 1717 1754 1776 annales
1789 1737 1801 1770 ;
1827 1713 1968 1785 quod

2067 508 2300 561 fationis.

2066 646 2071 660 ,
2139 599 2225 654 ιν.
2266 621 2282 651 ‹
2320 601 2588 656 Cmterum
2615 600 2882 673 Hippolyti
2909 600 3178 657 Chronico
3207 602 3274 657 de
3299 618 3404 672 quo
3438 607 3669 675 agimus,

2064 695 2336 761 geminum
2386 710 2554 762 prOpe
2594 703 2696 756 est,
2730 693 2829 746 nisi
2859 692 3147 762 ipsummet
3189 697 3473 764 exstiterit,
3501 698 3669 753 Chrov

2067 785 2222 838 uicon
2265 786 2416 853 illud,
2448 786 2590 855 quod
2622 786 2787 840 edidit
2836 785 3096 841 Henricus
3127 785 3394 854 Canisius,
3451 799 3580 846 tom.
3612 807 3673 846 ιιι

2065 880 2246 948 Antiq.
2291 880 2463 946 l.cet.,
2518 891 2572 935 et
2618 881 2891 951 Philippus
2938 882 3205 944 Labbcus,
3259 895 3389 938 tom.
3434 902 3447 939 ι
3507 887 3673 942 Nova:

2067 973 2413 1027 Bibliotheca:
2471 990 2534 1028 ex
2590 990 2692 1028 ms.
2749 974 2868 1028 cod.
2915 974 3138 1047 Collegii
3170 976 3338 1032 Paris.
3368 979 3490 1032 Soc.
3521 979 3669 1045 Jeru,

2075 1063 2243 1119 hocce
2293 1065 2446 1119 titulo
2479 1084 2492 1117 :
2520 1065 2600 1119 De
2624 1066 2954 1154 diuisionibus
2991 1079 3035 1120 et
3087 1071 3493 1139 generationibus
3544 1090 3674 1140 gen-

2070 1158 2210 1210 tium.
2273 1158 2423 1224 Quod
2482 1157 2695 1227 quidem
2739 1158 3040 1214 Chronicon
3071 1161 3135 1213 ad
3166 1162 3456 1217 Alexandri
3493 1165 3681 1220 Setcri

2068 1265 2266 1302 annum
2321 1264 2434 1314 xm,
2465 1250 2929 1320 etlmqueimpcrii
2981 1260 3329 1320 postremum,
3375 1270 3481 1324 quo
3507 1257 3677 1326 impe-

2070 1351 2223 1400 ranle
2277 1359 2336 1399 se
2387 1345 2583 1398 vixisse
2617 1359 2721 1399 non
2777 1346 3166 1407 scmelauctor
3208 1349 3395 1413 innuit,
3433 1351 3682 1419 perduxi-

2072 1445 2174 1491 lur.
2206 1435 2256 1491 Is
2283 1452 2413 1492 vero
2469 1438 2518 1490 itt
2563 1437 2875 1507 praefatione
2921 1438 3317 1510 descripturunt
3341 1457 3398 1497 se
3426 1444 3518 1510 ait,
3548 1442 3682 1496 Gen-

2073 1530 2198 1582 tium
2257 1531 2574 1595 divisionem,
2642 1540 2688 1583 et
2750 1542 3015 1600 parentum
3059 1532 3428 1586 dinumeratam
3472 1551 3683 1604 genera-

2075 1622 2303 1686 tionem,
2379 1623 2764 1676 inltabitationis
2826 1641 3022 1694 quoque
3060 1635 3307 1695 tempora,
3351 1639 3396 1680 et
3440 1629 3687 1682 bellorum

2074 1715 2473 1782 commissiones,
2509 1725 2555 1768 et
2607 1715 2850 1769 Judicum
2889 1728 3134 1786 tempora,
3173 1721 3258 1788 qui
3309 1729 3354 1773 et
3399 1737 3460 1774 ex
3504 1723 3685 1790 quibus

366 1820 454 1874 ille
503 1815 752 1888 prmSIitit
795 1813 1217 1869 Christianorum
1259 1813 1577 1880 scriptorum
1615 1810 1836 1888 primus.
1867 1808 1967 1863 Oc-
2001 1808 2048 1867 Β
2077 1805 2300 1877 Regibus
2348 1811 2456 1863 nati
2502 1821 2638 1876 sunt,
2685 1812 2956 1882 qualesque
2997 1813 3310 1883 captivitales
3375 1819 3580 1886 papuli,
3639 1828 3688 1871 ct

365 1912 620 1968 currebat
650 1910 818 1965 dolori
872 1917 1058 1964 nostro
1099 1908 1176 1961 vir
1218 1906 1560 1962 doctissimus
1604 1905 1860 1958 Dominus
1903 1903 1974 1956 du

367 2005 554 2077 Cange
591 2007 642 2059 in
685 2014 951 2073 postrema
978 2001 1212 2056 editione
1243 1998 1514 2054 Paschalis
1554 1995 1804 2052 Cltronici
1838 2015 1850 2050 :
1888 1995 1977 2049 tibi

369 2100 437 2156 de
469 2096 740 2169 Hippolyti
776 2095 1017 2172 Conone,
1063 2105 1115 2148 et
1159 2092 1556 2160 Commentario
1603 2089 1821 2144 l’aSt'lltl‘.
1863 2088 1979 2157 plu-

370 2195 504 2251 rima
534 2209 656 2248 cum
688 2189 1005 2262 disseruerit
1035 2188 1274 2242 solidiori
1317 2203 1419 2256 qua
1485 2185 1649 2254 pollet
1680 2183 1980 2236 cruditiOne

372 2290 423 2344 in
454 2286 603 2354 omni
632 2299 830 2355 genere
862 2283 1181 2342 litterarum,
1202 2282 1344 2333 visus
1374 2289 1454 2332 est
1484 2278 1711 2347 aliquam
1746 2277 1794 2328 in
1830 2290 1978 2343 spem

377 2393 476 2435 nos
501 2377 769 2441 adducere
807 2374 924 2429 libri
971 2371 1272 2443 Ilippolytei
1303 2370 1606 2439 reperiuudi
1638 2376 1850 2421 vetusto
1891 2365 1982 2420 illo

377 2473 431 2526 itt
499 2469 704 2533 codice,
773 2481 930 2536 quem
996 2463 1244 2534 Canisius
1286 2461 1638 2534 Antiquarum
1694 2460 1982 2524 lectionum

377 2577 524 2622 tomo
570 2579 650 2628 ιιι,
683 2573 736 2618 et
781 2561 1026 2615 Labbeus
1081 2559 1131 2611 itt
1191 2558 1366 2628 primo
1419 2554 1763 2609 Bibliothecze
1804 2553 1987 2607 Manu-

376 2660 698 2729 scriptorum
730 2655 950 2726 publico,
973 2653 1112 2708 bono
1142 2653 1193 2709 iu
1225 2652 1394 2724 lucent
1421 2648 1773 2718 protulerant.
1807 2646 1982 2702 Ador-

380 2754 534 2808 navit
562 2767 691 2807 vero
721 2751 882 2805 etiam
914 2748 1026 2816 ipse
1047 2746 1112 2800 V.
1137 2744 1199 2800 C.
1233 2746 1440 2798 tertiani
1472 2739 1709 2811 ejusdem
1743 2738 1986 2808 Opusculi

380 2848 694 2920 editionem,
719 2861 869 2900 num.
895 2845 949 2907 4,
1002 2842 1053 2896 in
1076 2840 1299 2895 Selectis
1326 2837 1390 2892 ad
1422 2835 1794 2891 illustrandum
1826 2833 1987 2887 Chro-

385 2917 572 3005 nicon,
605 2941 745 3012 quod
776 2937 996 3009 parabat
1029 2955 1041 2988 :
1076 2935 1228 3005 cujus
1255 2932 1462 2988 titulum
1495 2932 1546 2986 in
1577 2929 1810 2985 indiculo
1841 2947 1861 2978 ι
1891 2928 1988 2984 Se-

383 3037 538 3093 lectis
571 3054 588 3092 ι
623 3034 844 3104 prtelixo
870 3045 938 3104 ex.
961 3028 1193 3102 antiquis
1221 3025 1547 3084 membranis
1576 3039 1699 3077 cum
1739 3019 1990 3078 redderet

382 3144 505 3199 pag.
551 3126 678 3192 405,
729 3125 798 3178 ita
846 3119 1243 3186 commendavit
1273 3135 1286 3172 ;
1317 3117 1402 3174 Ν.
1439 3118 1598 3182 Liber
1625 3113 1992 3186 generationis

2081 1901 2263 1969 quibus
2307 1900 2575 1956 Jutlicilnts
2632 1903 2953 1973 contigerint,
3005 1906 3190 1975 quique
3220 1907 3538 1973 Sacerdotes,
3578 1911 3692 1979 qui-

2084 1994 2174 2047 bus
2202 1996 2511 2064 temporibus
2560 2000 2784 2067 fuerant,
2841 2009 2886 2052 et
2935 2014 3047 2068 qua:
3074 2001 3275 2068 dirisio,
3307 2013 3354 2055 ct
3380 2019 3492 2072 qua:
3519 2006 3691 2074 perdi-

2085 2090 2153 2143 tio
2206 2095 2346 2160 facta
2389 2095 2474 2158 sit,
2531 2109 2751 2156 quonam
2795 2094 2944 2146 modo
2984 2097 3241 2165 generatio
3277 2098 3481 2151 seminis
3525 2097 3694 2152 Israel

2085 2181 2148 2236 de
2180 2183 2420 2238 Patribus
2469 2187 2520 2238 in
2549 2184 2751 2239 Christo
2803 2187 3054 2254 completa
3087 2187 3172 2254 sit,
3204 2198 3250 2241 et
3276 2200 3395 2258 quot
3417 2192 3694 2258 quantique

2087 2293 2174 2345 per
2229 2287 2420 2346 quanta
2495 2287 2719 2347 tempora
2777 2279 3161 2333 dinumcrentm'
3223 2281 3344 2335 anni
3386 2300 3416 2335 (ι
3460 2294 3694 2336 creatura

2087 2370 2264 2422 δανειΛί
2310 2387 2468 2440 usque
2514 2372 2567 2424 in
2622 2372 2755 2424 hunc
2795 2373 2950 2428 diem.
2997 2372 3302 2428 Prarfationi
3337 2374 3496 2428 Index
3529 2376 3695 2443 subji-

2088 2465 2258 2528 citur,
2311 2464 2466 2534 cujus
2518 2475 2680 2534 caput
2744 2467 2890 2522 hisce
2940 2467 3119 2522 verbis
3184 2478 3504 2538 conceptum
3562 2469 3694 2539 legi-

2091 2569 2176 2612 tur
2210 2575 2221 2610 :
2262 2556 2554 2610 Declarat.’o
2591 2557 2828 2620 Pasclue,
2873 2569 2918 2611 et
2970 2560 3083 2629 quis
3150 2561 3354 2629 quando
3387 2562 3600 2614 servavit
3635 2577 3699 2615 ea:

2092 2650 2401 2719 temporibus
2468 2650 2636 2720 Moysi
2660 2653 2713 2704 in
2767 2653 2900 2705 lmnc
2930 2653 3082 2704 diem.
3128 2652 3258 2720 Qum
3285 2654 3498 2723 quidem
3530 2655 3593 2708 ad
3631 2671 3697 2709 ea

2092 2742 2400 2796 referuntur
2447 2759 2564 2811 qua:
2617 2744 2880 2800 habentur
2943 2745 2992 2796 in
3064 2759 3124 2798 ca
3193 2747 3456 2810 sectione,
3504 2747 3588 2800 ubi
3627 2748 3696 2801 de

2058 2879 2059 2882 η
2095 2834 2356 2888 l'ascliatc
2389 2835 2614 2888 subinde
2668 2851 2693 2888 a
2743 2836 2946 2890 Judtcis
2974 2847 3162 2891 exacto
3211 2836 3402 2906 agitur.
3435 2837 3568 2891 Tum
3600 2838 3697 2891 ad-

2093 2927 2239 2982 ditur
2278 2945 2289 2979 :
2333 2928 2373 2980 A
2429 2930 2753 2999 generatione
2787 2939 2959 2982 autem
2999 2930 3189 2984 Christi
3231 2940 3342 2999 post
3381 2947 3484 2985 xxx
3533 2948 3698 2986 annos

2094 3037 2208 3074 cum
2233 3039 2413 3090 passus
2429 3034 2498 3077 est
2514 3022 2782 3088 Dominus,
2834 3023 3038 3076 Pascha
3075 3024 3375 3080 celebratur.
3400 3025 3446 3078 -Ι
3452 3044 3540 3097 pse
3564 3029 3701 3080 enim

2094 3125 2202 3169 erat
2240 3117 2441 3185 justum
2474 3115 2701 3171 Prisc/ia.
2726 3118 2769 3170 Α
2807 3117 3058 3173 Passione
3103 3131 3272 3174 autem
3301 3119 3514 3175 Domini
3543 3133 3701 3192 usque

382 3221 451 3275 ab
487 3218 656 3275 Adam
683 3231 850 3287 usque
879 3214 947 3270 ad
983 3213 1223 3270 ordinem
1261 3226 1379 3280 quin
1409 3211 1529 3281 (sic)
1561 3209 1905 3268 continentur
1935 3207 1987 3260 in
2015 3195 2059 3257 C
2093 3211 2146 3262 in
2208 3226 2302 3264 xm
2357 3228 2550 3265 annum
2591 3212 2788 3282 imperii
2840 3213 3119 3267 Alexandri
3169 3213 3383 3269 (ἐσίδω-ῖς
3418 3217 3540 3270 anni
3578 3234 3701 3274 (ξονι

384 3315 489 3370 hoc
518 3315 672 3369 libro.
725 3311 872 3381 Opus
905 3307 1048 3380 quod
1105 3305 1390 3375 Hippolyto
1446 3301 1729 3357 Portuensi
1758 3299 1988 3355 adscribi

387 3423 550 3479 posse,
585 3406 833 3462 duximus
881 3403 932 3456 in
982 3398 1344 3462 Prmiatione:
1383 3411 1445 3450 ex
1490 3394 1725 3449 editione
1775 3390 1987 3447 chrici

387 3499 612 3564 Canisii,
659 3507 713 3552 et
742 3492 970 3562 Philippi
1012 3490 1209 3545 Labbei
1238 3487 1305 3541 ad
1337 3487 1493 3542 [idem
1536 3485 1736 3541 codicis
1767 3481 1990 3554 Collegii

386 3595 556 3650 Paris.
609 3591 734 3647 Soc.
790 3589 915 3645 Jesu
960 3586 1317 3656 recognitum.
1369 3603 1387 3636 ›
1436 3583 1499 3638 Et
1533 3591 1678 3638 certe
1709 3579 1990 3650 iupracl‘ao

386 3691 538 3744 tione
568 3686 828 3757 plurimtts
859 3692 939 3739 est
973 3685 1032 3745 in,
1065 3679 1389 3751 coniecturis
1418 3675 1816 3746 conquirendis,
1851 3674 1991 3730 unde

390 3778 685 3850 Hippolyto
734 3776 986 3846 Martyri,
1046 3789 1204 3844 quem
1270 3771 1620 3825 Portncnsem
1682 3769 1991 3837 episcopum

391 3887 461 3929 ex
490 3886 564 3925 vn
605 3867 986 3924 suburbicariis
1024 3864 1187 3920 fuisse
1216 3869 1475 3928 autumat,
1511 3859 1668 3915 tribui
1698 3874 1807 3929 prae
1834 3867 1994 3922 caete-

391 3965 467 4020 ris
492 3962 707 4018 debeat.

462 4055 548 4111 ΙΙΙ.
581 4054 802 4119 Verum,
833 4053 877 4106 si
898 4049 964 4106 ad
988 4048 1333 4121 Hippolytum
1365 4045 1672 4116 episcopum
1703 4051 1759 4097 et
1796 4047 1995 4112 marty-

391 4167 510 4208 rem
533 4148 716 4223 Canon
745 4147 847 4202 iste
871 4160 1203 4200 marmoreus
1223 4139 1536 4197 referendus
1555 4147 1656 4202 est,
1681 4144 1737 4190 ιιι
1757 4134 1994 4188 omnium

392 4245 672 4301 doctorum
706 4240 979 4310 ipsiusque
1021 4236 1157 4291 adeo
1197 4232 1379 4304 Cangii
1426 4229 1679 4299 suffragio
1727 4226 1992 4289 refertur;

393 4337 887 4402 demonstraturum
933 4345 1019 4386 me
1063 4343 1183 4390 esse
1212 4325 1448 4389 conlido,
1491 4322 1556 4377 ad
1592 4318 1997 4387 eumdemllip-

395 4431 632 4502 polytum
674 4441 780 4482 non
812 4424 1080 4494 pertinere
1107 4419 1345 4476 codicem
1373 4416 1519 4470 illum
1548 4412 1914 4472 (Zanisianum,
1944 4417 1998 4463 et

395 4526 761 4588 Labbeanum,
792 4517 1078 4586 ccelcroqni
1110 4511 1454 4584 Spectabilem
1495 4526 1506 4561 :
1547 4507 1642 4563 sed
1672 4521 1792 4562 esse
1823 4503 1998 4577 potius

2092 3311 2343 3357 servatum
2397 3315 2468 3359 est
2498 3305 2720 3368 Pascha,
2751 3307 2887 3376 quod
2928 3310 2980 3361 in
3035 3311 3562 3365 commemorationem
3595 3311 3702 3364 Do-

2094 3398 2218 3450 mini
2268 3399 2426 3452 nostri
2476 3397 2602 3453 Jesu
2650 3398 2839 3454 Christi
2865 3411 3092 3454 servatur
3119 3421 3149 3455 (ι
3171 3402 3332 3456 nobis.
3359 3401 3519 3457 Fiunt
3547 3404 3705 3474 igitur

2095 3505 2266 3544 omnes
2332 3494 2456 3546 auiti
2514 3493 2576 3546 ab
2619 3493 2785 3547 Adam
2854 3512 3010 3564 usque
3055 3498 3107 3550 in
3148 3497 3280 3550 hunc
3319 3497 3452 3551 diem
3489 3501 3612 3553 anni
3642 3517 3698 3564 v,

2095 3599 2459 3653 uoccxxxvm.
2510 3587 2638 3655 Quae
2687 3587 2897 3656 quidem
2944 3588 3028 3643 hic
3072 3605 3100 3642 a
3157 3589 3312 3644 nobis
3338 3590 3492 3645 allata
3518 3590 3561 3644 si
3583 3593 3708 3661 quis

2095 3689 2214 3728 eum
2259 3677 2342 3742 iis,
2399 3693 2519 3749 qua:
2547 3671 2628 3732 ‘dc
2667 3679 2936 3751 Hippolyti
2988 3679 3260 3735 Chronico
3313 3683 3604 3752 attigimus,
3632 3684 3706 3738 ad

2097 3768 2349 3821 amussim
2407 3769 2654 3824 conferre
2709 3770 2872 3835 velit;
2924 3771 3052 3825 illud
3101 3772 3274 3840 ipsum
3307 3789 3427 3830 esse
3456 3775 3702 3844 ejusdem

2095 3861 2399 3917 Chronicon
2452 3862 2592 3916 haud
2633 3862 2920 3918 difﬁculter
2949 3863 3088 3918 forte
3109 3866 3385 3931 concedet,
3434 3869 3516 3922 cui
3540 3869 3701 3924 later—

2097 3953 2274 4008 culum
2320 3957 2363 4009 is
2407 3955 2762 4024 prmmiserit,
2813 3957 2894 4010 vel
2936 3957 3232 4012 subdiderit
3303 3959 3353 4011 in
3425 3960 3704 4015 Paschalis

2098 4048 2238 4112 festi,
2289 4048 2357 4104 de
2397 4063 2503 4116 quo
2536 4047 2587 4100 in
2618 4047 2728 4113 illa,
2758 4063 2918 4117 quam
2935 4049 3187 4115 diximus,
3210 4050 3450 4105 sectione
3473 4053 3601 4120 egit,
3624 4053 3706 4106 itt-

2098 4139 2343 4195 vcniendi
2375 4139 2644 4194 Canonetn
2671 4155 2763 4196 seu
2783 4140 3018 4209 regulam
3065 4156 3076 4191 :
3119 4141 3184 4193 ad
3221 4157 3378 4210 quam
3403 4143 3707 4211 prmtctitos

2100 4242 2153 4288 ct
2195 4242 2481 4302 sequentes
2521 4249 2690 4287 annos
2752 4231 3056 4318 expendere
3093 4233 3346 4288 lectorem
3390 4235 3637 4292 voluerit.
3675 4257 3694 4288 ι

2175 4328 2239 4381 ν.
2285 4327 2448 4382 Hectc
2496 4326 2710 4397 quidem
2748 4335 3152 4396 argumentatur
3191 4342 3255 4381 ex
3302 4326 3450 4384 hisce
3489 4328 3701 4383 duobus

2103 4421 2341 4475 numeris
2385 4435 2646 4474 annorum
2692 4434 2720 4474 a
2748 4421 3003 4474 Passione
3032 4419 3240 4476 Domini
3268 4419 3332 4475 ad
3379 4435 3576 4476 annum
3606 4439 3703 4477 χιιι

2101 4513 2283 4568 Severi
2309 4513 2620 4579 Alexandri,
2649 4529 2745 4568 nec
2773 4528 2878 4568 non
2913 4513 2980 4567 ab
3007 4529 3092 4580 eo,
3125 4529 3280 4584 quem
3311 4531 3425 4570 xxx
3457 4517 3541 4571 vel
3576 4532 3708 4573 xxx:

396 4616 762 4680 referendum,
811 4612 893 4667 Vel
940 4608 1004 4664 ad
1055 4607 1324 4665 nemnem
1371 4603 1516 4658 illm“
1564 4616 1626 4655 εκ
1680 4595 1997 4669 Ρ¹¹ῖ¹⁰εοβιιο
2025 4589 2226 4660 Dante
2267 4606 2578 4660 Passionem
2632 4623 2699 4661 ex
2747 4617 2986 4662 veterum
3031 4609 3292 4662 sententia
3346 4609 3705 4666 lucarnationi

398 4712 746 4769 christianum
792 4715 845 4760 et
885 4713 1171 4775 martyrem
1215 4719 1227 4754 :
1274 4713 1432 4769 quem
1479 4697 1592 4765 ipse
1638 4709 1663 4745 a
1707 4698 1998 4746 neocoratu

401 4804 587 4874 templi
625 4799 895 4870 Sarapidis
925 4799 976 4851 in
1015 4797 1178 4852 Porto
1223 4793 1468 4846 Romano
1499 4787 1563 4842 ad
1600 4786 1796 4840 Christi
1840 4782 1998 4837 tidem

400 4906 680 4956 evocatum
703 4895 1002 4963 suSpicatur
1029 4905 1091 4944 ex
1116 4889 1301 4944 Graeca
1326 4883 1672 4952 inscriptione
1699 4878 1838 4948 apud
1865 4878 2000 4945 Spo-

401 4991 573 5056 nium,
593 4997 725 5044 seet.
751 5003 808 5053 x,
837 4999 988 5039 nunt.
1019 4983 1111 5044 2'2,
1129 4981 1331 5036 Severo
1358 4974 1660 5032 Alexandro
1680 4974 1996 5041 imperante,

401 5083 610 5153 ipsique
658 5080 794 5133 adeo
840 5075 1128 5146 Hippolyto
1169 5071 1462 5142 aequalem;
1496 5077 1552 5122 et
1575 5067 1642 5123 de
1672 5063 2001 5140 temporibus
2033 5118 2036 5120 γ

402 5175 683 5243 scripsisse
703 5171 862 5226 docet
880 5185 944 5224 ex
964 5177 1203 5222 veterum
1226 5162 1562 5225 testimoniis,
1582 5175 1809 5228 eumque
1827 5157 2002 5211 adhuc

403 5266 732 5336 neopltytnm
781 5261 1027 5332 explesse
1069 5259 1403 5329 martyrium.
1451 5254 1663 5309 Accedo
1709 5254 1886 5322 itaque
1937 5248 2002 5302 ad

404 5374 524 5416 eam
564 5357 906 5418 sententiam,
941 5369 1098 5423 quam
1136 5352 1372 5407 secundo
1413 5350 1532 5403 loco
1571 5347 1710 5401 idem
1761 5343 2005 5397 laudatus

404 5464 591 5510 auctor
632 5453 683 5508 in
715 5450 1028 5522 prrelatione
1065 5448 1352 5511 subtexuit,
1387 5445 1571 5498 dicens
1603 5441 1684 5496 vel
1720 5438 2008 5508 Hippolyto

405 5549 681 5619 episc0po,
741 5564 757 5596 ι
817 5544 895 5598 vel
943 5542 1150 5596 auctori
1193 5539 1521 5611 syncbrouo,
1568 5530 1876 5616 qui-vixerit
1912 5528 2009 5583 sub

407 5627 715 5698 Alexandro
763 5639 1027 5711 Augusto,
1089 5658 1105 5688 ›
1160 5650 1280 5704 esse
1330 5633 1520 5686 librum
1575 5623 2010 5698 adjudicandum.

484 5774 565 5842 (ί)
597 5773 729 5843 Callo
760 5774 814 5837 ὅ,
846 5774 878 5844 §
910 5775 964 5839 7,,
997 5787 1148 5842 seqq.
1185 5767 1412 5840 Etapud
1439 5763 1677 5829 Fabric.,
1707 5769 1836 5817 tom.
1884 5775 2009 5830 opp.

413 5865 451 5906 ι.
485 5863 538 5922 p.
577 5846 637 5901 ll
660 5854 713 5900 et
739 5861 891 5916 seqq.

2106 4699 2394 4755 Dominicac
2425 4701 2708 4756 tribuebat.
2743 4701 3104 4768 Quinetiam,
3154 4713 3210 4757 ut
3238 4703 3428 4760 addam
3471 4707 3705 4776 reliquas

2106 4793 2352 4864 Epochas
2378 4796 2429 4849 in
2466 4809 2769 4850 marmoreo
2807 4795 3022 4851 Canone
3061 4796 3374 4859 recensitas,
3411 4800 3704 4856 concedam

2106 4889 2386 4960 plerasque
2431 4904 2614 4944 earttm
2663 4904 2780 4942 cum
2826 4888 3063 4941 numeris
3117 4889 3317 4942 codicis
3348 4889 3615 4946 Labbeani
3653 4902 3710 4946 et

2105 4984 2372 5040 Canis-iani
2413 5000 2727 5054 congruere.
2764 4984 2955 5038 Verum
2983 4999 3105 5038 cum
3148 4983 3457 5054 discrepent
3483 4987 3552 5042 ab
3592 4988 3705 5042 eis-

2107 5079 2228 5134 dem
2257 5080 2496 5147 rcliquie,
2522 5092 2692 5146 eaque
2718 5078 3071 5145 potissimum,
3100 5092 3216 5146 qua:
3243 5077 3428 5132 deﬁnit
3450 5079 3704 5135 interval-

2110 5174 2216 5228 lum
2243 5175 2378 5227 inter
2405 5173 2512 5229 duo
2537 5173 2814 5237 Pascltata,
2849 5171 3018 5225 Exodi
3047 5181 3100 5224 et
3129 5171 3396 5239 Ezechite,
3431 5174 3709 5230 evidenter

2110 5265 2426 5330 ostenditur,
2448 5279 2804 5320 marmoreum
2822 5264 3088 5336 Hippolyti
3105 5263 3408 5321 Chronicon
3428 5267 3707 5326 diversum

2111 5374 2282 5412 essca
2320 5357 2530 5426 Scripta
2583 5357 2681 5426 ipsi
2728 5356 2918 5429 aequali
2971 5357 3292 5426 incomputis
3343 5358 3705 5422 dissentienti.

2111 5453 2242 5507 Cum
2269 5467 2392 5524 vero
2410 5458 2618 5504 constet
2651 5448 2917 5520 Hippolyti
2937 5464 3186 5519 numeros
3221 5460 3324 5504 tam
3359 5469 3521 5522 prope
3559 5470 3718 5510 acce-

2114 5545 2242 5600 dere
2271 5545 2347 5617 atl
2376 5543 2686 5615 peritiorum
2715 5542 3174 5612 Cbronologorum
3205 5547 3518 5611 sententias,
3543 5548 3618 5600 uti
3647 5563 3718 5602 cx

2116 5639 2518 5709 comparatione
2535 5646 2810 5692 ostensum
2836 5636 2928 5690 fuit
2951 5652 3070 5706 pag.
3101 5637 3198 5692 105
3215 5652 3353 5709 seq,
3379 5649 3560 5693 contra
3591 5656 3718 5694 vero

2119 5733 2306 5787 vitiosa
2350 5729 2630 5801 manifeste
2672 5730 2740 5784 sit
2781 5728 3110 5799 computatio
3166 5732 3430 5803 Anonymi
3480 5733 3530 5786 iit
3587 5732 3722 5787 deli‘

2123 5824 2318 5883 niendo
2351 5824 2648 5896 praesertim
2678 5822 2961 5880 intervallo
2989 5839 3015 5876 a
3045 5823 3303 5881 Paschate
3330 5824 3492 5883 Josue
3519 5826 3583 5881 ad
3629 5826 3730 5886 Pa-
