4242 6222
371 274 478 334 857

1888 283 2227 343 CHRONICI.

3579 300 3686 357 658

369 393 479 450 592
523 408 554 449 a
591 395 859 452 Paschate
883 398 1050 455 Josue
1079 379 1144 455 ad
1187 399 1394 456 initium
1429 401 1593 457 David
1624 401 1786 458 additi
1823 404 1978 457 annis
2005 405 2052 464 Α
2083 403 2135 456 in
2165 405 2483 460 marmoreis
2502 405 2711 464 cellulis
2731 408 2830 464 sibi
2855 409 3058 481 optime
3083 421 3356 478 constans,
3379 411 3446 468 ad
3474 413 3691 471 vitiatos

365 485 480 542 342
505 487 573 543 ab
614 488 769 546 initio
807 491 971 548 David
1006 492 1073 547 ad
1106 494 1314 550 initium
1349 494 1615 562 Ezechiae,
1648 495 1979 552 constituunt

370 569 633 637 summam
658 584 785 641 954.

439 677 508 732 At
540 676 594 732 in
620 693 827 734 summa
859 680 1050 750 capitis
1073 698 1179 736 xm
1202 682 1472 738 Canisiani
1496 725 1508 749 ,
1539 693 1595 739 et
1623 683 1880 740 scctiouis
1901 700 1973 739 xu

364 767 637 824 Labbeani
686 770 891 827 codicis
942 773 1084 828 idem
1139 774 1480 830 intervallum
1530 776 1787 830 minuitur
1835 776 1972 846 plus-

363 878 524 932 quam
553 865 767 920 steculis
797 877 1030 937 quatuor
1061 886 1074 923 :
1105 883 1229 923 nam
1259 870 1601 925 constituitur
1630 871 1969 926 intervallum

359 956 429 1012 ab
449 956 615 1015 Josue
641 959 904 1016 Paschate
931 961 996 1016 ad
1028 962 1230 1018 Pascha
1258 961 1506 1020 Ezechizc
1542 981 1804 1020 annorum
1834 965 1959 1021 464.

439 1050 550 1106 VII.
601 1051 695 1107 His
730 1053 1183 1118 anacltronismis,
1230 1066 1282 1111 et
1321 1057 1757 1113 anticltronisntis
1786 1059 1852 1132 (si
1885 1059 1963 1114 l‘as

361 1157 443 1198 ρει
463 1143 662 1212 dicere)
698 1161 806 1200 non
844 1147 1049 1203 laborat
1079 1165 1316 1204 marmor
1342 1150 1607 1222 Hippolyti
1635 1172 1646 1204 :
1680 1153 1730 1206 in
1763 1168 1869 1222 quo
1893 1154 1965 1208 vi-

358 1235 556 1302 dimus,
578 1236 856 1292 intervalla
875 1253 938 1294 ex
962 1240 1158 1310 duplici
1179 1252 1453 1313 computo,
1485 1253 1589 1298 tam
1620 1263 1638 1297 ι
1663 1244 1910 1314 simplici,
1935 1267 1953 1300 ι

356 1344 517 1398 quam
550 1347 567 1379 ‹
603 1330 753 1398 juxta
783 1331 1074 1399 Danielem,
1111 1353 1130 1387 ι
1162 1337 1360 1407 optime
1395 1340 1700 1397 consentire
1722 1356 1840 1396 cum
1869 1357 1956 1398 ra-

357 1420 589 1477 tionibus
630 1423 988 1480 celebriurum
1029 1427 1511 1498 Cltronologorum,
1559 1433 1683 1488 dum
1713 1435 1959 1490 interval-

352 1513 464 1568 lum
492 1515 560 1569 ab
587 1515 774 1572 Exodo
804 1517 868 1573 ad
911 1519 1114 1575 Pascha
1147 1521 1387 1578 Ezecbize
1413 1539 1478 1580 ex
1519 1526 1830 1582 cellularum
1858 1528 1960 1584 dis-

355 1607 620 1674 positione
658 1608 1082 1679 deprehenditur
1121 1629 1384 1682 annorum
1414 1617 1538 1682 795,
1562 1619 1710 1690 juxta
1750 1621 1955 1690 simpli-

349 1712 470 1753 cem
496 1700 786 1769 calculum,
819 1704 900 1760 vel
931 1705 1029 1762 791
1067 1725 1084 1757 ‹
1112 1707 1265 1778 juxta
1296 1709 1572 1766 Danielem
1603 1730 1616 1765 :
1657 1733 1676 1765 ι
1713 1713 1956 1783 adeoque

2083 495 2326 552 codicum
2368 514 2625 554 nmneros
2664 501 2802 556 inter
2831 517 2890 557 sc
2928 502 3272 570 dissidentes,
3299 505 3448 560 etab
3489 521 3692 581 anony-

2080 587 2181 640 mis
2225 589 2534 646 auctoribus
2569 602 2859 662 acceptos,
2911 602 3020 648 tum
3077 593 3146 650 ab
3197 597 3480 667 anonymis
3521 591 3688 652 latine

2077 681 2318 736 redditos
2364 683 2724 740 inﬂectantur.
2753 685 2926 742 Velim
2973 687 3171 758 potius,
3196 696 3254 743 ut
3295 703 3361 744 ex
3393 687 3498 744 lide
3525 687 3686 760 hujus

2073 771 2308 829 Canonis
2363 774 2667 848 Hippolytei
2723 778 3062 850 corrigantur
3107 781 3299 835 menda
3355 782 3682 851 scriptorum

2073 863 2342 920 codicum.
2395 867 2574 922 Facile
2614 869 2758 924 enim
2809 870 3127 941 intelligitur
3187 871 3380 926 deesse
3425 887 3684 928 numeros

2071 957 2123 1010 itt
2156 959 2370 1026 scriptis
2395 958 2676 1015 Cltronieis
2703 963 2879 1034 capite
2907 979 3034 1017 xvtn
3065 962 3352 1019 Canisiano
3384 963 3526 1020 inter
3547 965 3684 1036 Epo-

2069 1048 2197 1103 cltas
2225 1050 2394 1105 Exodi
2438 1063 2492 1107 et
2531 1051 2798 1108 Ezechias.
2844 1053 3094 1109 Fortasse
3142 1055 3461 1110 intermedia
3501 1056 3680 1128 aliqua

2061 1138 2272 1208 jaeebat
2305 1141 2517 1212 Epocha
2548 1143 2616 1198 ab
2646 1143 2828 1198 Exodo
2861 1145 2926 1198 ad
2958 1145 3163 1199 initium
3195 1145 3355 1199 David
3387 1163 3400 1199 :
3431 1155 3541 1201 tum
3590 1149 3679 1204 illa

2065 1231 2494 1304 subsequebatur
2519 1235 2587 1290 ab
2611 1235 2762 1290 initio
2791 1236 2956 1291 David
2987 1236 3053 1291 ad
3084 1236 3395 1305 Ezccltiam,
3421 1255 3540 1310 qua:
3565 1255 3680 1295 cor-

2063 1325 2234 1394 ruptis
2289 1327 2530 1381 numeris
2561 1343 2667 1381 tton
2707 1326 2808 1381 sibi
2849 1337 3079 1382 constat.
3129 1329 3330 1383 Omitto
3373 1330 3508 1385 alios
3545 1333 3680 1386 anti-

2061 1411 2405 1472 cbronismos
2452 1433 2738 1473 recensere
2782 1434 2845 1474 ex
2893 1420 3111 1474 variatis
3161 1420 3477 1477 lectionibus
3523 1423 3673 1479 Canio

2062 1505 2196 1560 siani
2227 1517 2279 1560 et
2313 1506 2582 1562 Labbcani
2610 1509 2850 1575 codicis;
2894 1526 3027 1578 quas
3052 1511 3306 1582 colligunt
3330 1511 3675 1585 Cltronogra-

2062 1597 2176 1666 phi,
2201 1599 2291 1668 qui
2319 1599 2602 1655 conferant
2627 1617 2866 1656 summas
2888 1617 3152 1656 annorum
3185 1621 3212 1656 a
3236 1603 3416 1659 Mundi
3449 1606 3671 1660 conditu

2065 1697 2371 1757 putatorum
2403 1707 2466 1745 ex
2497 1692 2781 1764 Anonytno
2816 1715 2827 1748 :
2859 1693 3004 1748 unde
3045 1695 3327 1765 apparebit
3363 1697 3608 1752 distantia
3638 1715 3668 1753 a

350 1791 540 1848 haberi
586 1794 895 1852 distantiam
943 1799 1186 1854 Ezechim
1214 1816 1243 1854 τι
1275 1801 1536 1859 paschale
1573 1805 1736 1861 Josue
1761 1780 2036 1862 πέει-Β
2064 1780 2191 1836 .Icsu
2214 1782 2358 1838 Nave
2378 1784 2443 1839 ad
2477 1786 2690 1841 Davidis
2721 1787 2924 1840 initium
2947 1787 3098 1856 juxta
3129 1788 3466 1844 Canisianunt
3491 1807 3669 1846 exem-

349 1885 564 1941 calcnlo
608 1889 857 1960 simplici,
901 1902 955 1947 et
993 1893 1099 1949 750
1136 1910 1200 1949 ex
1232 1896 1440 1953 calculo
1473 1899 1629 1969 juxta
1659 1901 1951 1956 Danielem.

347 1976 546 2048 Neque
571 1983 707 2036 enim
734 1985 889 2040 aliter
919 1986 1217 2044 inciderent
1248 1991 1299 2044 itt
1328 1992 1549 2048 cellulas
1571 1995 1818 2050 lemmata
1840 1997 1951 2062 illa,

351 2069 594 2134 Exonus,
619 2083 672 2129 et
692 2075 871 2144 Jssus,
901 2088 956 2134 et
979 2080 1260 2150 EZECHIAS,
1293 2085 1390 2139 nisi
1413 2097 1617 2158 septem
1640 2089 1825 2146 Solidte
1855 2091 1956 2146 Pc-

341 2165 480 2220 tiodi
507 2170 746 2226 minores
775 2187 1036 2229 annorum
1067 2178 1191 2243 “2,
1220 2189 1269 2234 et
1299 2193 1556 2251 prmterea
1587 2185 1711 2238 anni
1753 2184 1788 2240 9
1821 2202 1951 2257 sup.

343 2270 617 2327 ponantur
646 2268 915 2322 numerari
941 2283 969 2321 a
1002 2269 1264 2328 Paschate
1296 2273 1465 2329 Exodi
1493 2276 1560 2332 ad
1587 2277 1790 2332 Pascha
1820 2280 1950 2336 Eze-

339 2351 480 2408 cltim
513 2371 527 2409 :
560 2366 617 2410 et
646 2357 858 2414 Periodi
890 2362 1126 2419 minores
1154 2376 1382 2436 septem,
1414 2368 1708 2426 imminuttc
1745 2371 1950 2428 cellulis

334 2448 452 2500 sive
499 2449 657 2504 annis
704 2450 774 2505 52
826 2451 974 2521 juxta
1024 2456 1321 2528 simplicem
1374 2460 1677 2525 calculum,
1737 2465 1823 2520 vel
1879 2466 1948 2522 53

341 2557 359 2589 ι
395 2537 551 2606 juxta
579 2541 852 2598 Danielem
877 2566 896 2598 ι
918 2547 1164 2604 dicantur
1183 2551 1443 2608 interesse
1459 2570 1485 2607 a
1508 2554 1768 2611 Paschate
1783 2556 1947 2616 Josue

338 2632 404 2685 ad
431 2631 641 2689 Pascha
664 2635 941 2716 Ezechiae:
965 2656 1087 2696 cum
1113 2659 1445 2716 unaqna'que
1467 2649 1719 2718 periodus
1747 2652 1942 2721 minor,

333 2724 420 2777 ubi
468 2727 642 2781 solida
691 2730 781 2794 sit,
813 2733 1057 2788 eamdem
1107 2748 1315 2806 repetat
1355 2741 1604 2796 cellulam
1635 2760 1646 2795 :
1682 2755 1733 2798 et
1761 2760 1948 2806 unum-

340 2821 593 2889 quodque
620 2827 874 2880 saeculum
905 2828 1111 2884 cellulis
1142 2846 1216 2884 xu
1244 2834 1546 2891 retrocedat
1588 2837 1639 2891 in
1680 2853 1941 2894 annorum

327 2911 763 2980 consignatione.
803 2917 1036 2976 Necesse
1080 2922 1239 2992 igitur
1278 2933 1359 2979 est
1385 2943 1555 2982 annos
1597 2930 1943 3000 interpositos

2063 1878 2179 1944 plar
2205 1893 2330 1932 ann.
2357 1878 2484 1944 555,
2512 1879 2660 1950 juxta
2692 1880 3037 1936 Labbeanutn
3069 1883 3196 1947 495,
3223 1899 3446 1952 quarum
3477 1895 3668 1940 neutra

2061 1971 2348 2037 respondet
2393 1971 2548 2026 annis
2594 1974 2645 2026 itt
2685 1971 2954 2037 Judicum,
2987 1982 3042 2027 et
3083 1974 3286 2044 Regum
3329 1990 3552 2030 numero
3587 1991 3669 2032 rc-

2059 2063 2298 2117 ccnsitis.
2335 2061 2686 2118 Commendat
2709 2065 2870 2136 igitur
2896 2066 3128 2121 maxime
3158 2066 3328 2121 nostri
3377 2067 3663 2121 marmoris

2060 2154 2244 2221 ﬁdem,
2279 2169 2331 2208 et
2361 2157 2721 2224 praestantiam
2751 2158 2932 2227 operis
2969 2156 3292 2228 Hippolytei,
3327 2157 3664 2226 comparatio

2054 2261 2174 2302 cum
2201 2248 2476 2304 codicibus
2510 2251 2748 2305 instituta
2785 2269 2797 2304 :
2833 2262 2884 2307 et
2917 2251 3247 2307 desiderium
3291 2253 3664 2308 vehementius

2056 2337 2285 2393 intendit
2312 2355 2534 2410 operum
2566 2343 2697 2396 tanti
2730 2343 2923 2410 Patris,
2961 2353 3014 2398 et
3048 2343 3298 2415 Martyris
3331 2363 3344 2399 :
3375 2359 3494 2414 qua:
3526 2344 3664 2404 intc-

2052 2447 2144 2503 gra
2174 2433 2556 2498 concidissent,
2586 2437 2685 2491 nisi
2717 2437 3103 2506 perennitatem
3143 2438 3376 2507 aliquam
3416 2436 3658 2507 ejusdem

2051 2524 2310 2580 doctrina:
2347 2527 2587 2597 reliquiis
2609 2528 2925 2598 praeclarum
2958 2529 3182 2600 hujusce
3211 2529 3546 2585 monumenti
3575 2545 3660 2587 vc-

2052 2619 2267 2688 stigittm
2295 2631 2681 2690 comparasset.
2709 2621 2982 2677 Hactenus
3003 2623 3068 2679 Υ.
3088 2620 3151 2678 C.

2124 2710 2212 2764 γη
2222 2712 2254 2763 ι.
2274 2711 2385 2766 Hoc
2408 2713 2585 2782 itaque
2611 2714 2879 2784 Anonymi
2900 2713 3205 2769 Clu-onicon
3225 2713 3512 2785 Hippolyto
3524 2730 3655 2786 syn-

2048 2803 2258 2867 cltroni,
2279 2805 2416 2872 quod
2433 2807 2663 2877 primum
2681 2807 2926 2862 Canisitts
2944 2807 3048 2879 (1),
3070 2807 3261 2862 tlci..de
3279 2807 3526 2863 Labbetts
3543 2807 3650 2880 (‘2),

2047 2907 2322 2965 postremo
2350 2894 2580 2968 Congius
2605 2898 2686 2969 (ὃ)
2710 2898 3050 2969 evulgarunt,
3075 2898 3195 2953 beic
3214 2898 3479 2954 edendum
3503 2913 3654 2953 cura-

323 3003 397 3057 ab
422 3003 615 3060 Exodo
645 3007 709 3061 ad
734 3008 1015 3067 Ezechiam
1046 3013 1227 3070 haberi
1260 3033 1326 3072 ex
1361 3020 1507 3075 ltiscc
1530 3022 1767 3078 celluliSt
1787 3025 1939 3093 juxta

2063 2989 2241 3053 timus,
2261 2990 2402 3044 velut
2425 2991 2773 3060 appendicem
2799 3008 3019 3061 operum
3041 2992 3503 3063 llippolytcorutn,
3527 3005 3649 3062 qua:

327 3095 601 3152 Danicgem
636 3120 654 3152 ι
687 3102 768 3155 vel
798 3103 850 3166 7’
880 3105 960 3159 vel
995 3107 1118 3173 ΗΟ,
1151 3109 1390 3178 “312.51,
1423 3113 1656 3182 “1245’
1691 3083 1933 3184 V813“,
2045 3083 2636 3188 Slt‘I'ml'iOI'c“\‘Dltltltittc
2670 3100 2717 3148 tt~
2745 3084 2966 3139 collecta
2993 3084 3250 3188 simul-ac
3275 3083 3476 3154 digesta
3520 3097 3647 3188 pro-

324 3191 408 3244 vel
455 3191 587 3257 457,
623 3194 706 3249 vel
750 3196 876 3260 569,
925 3200 1005 3254 vel
1037 3200 1164 3267 681,
1209 3204 1352 3274 quod
1378 3174 1546 3261 nemo
1574 3174 1768 3264 dixerit
1795 3174 1936 3266 nulla
1966 3188 2010 3250 (ἶ
2046 3174 2283 3236 ¹¹¹¹ί¹¹¹¹¹⁵ε
2333 3174 2632 3274 βαίηοηοιη
2667 3189 2916 3274 -Ινιοξιΐηηι
2945 3176 3010 3231 ad
3051 3177 3392 3274 Labbeanam
3424 3176 3648 3274 potissi-

327 3281 522 3338 idonea
555 3288 876 3344 ammrime
905 3301 1176 3360 permotus
1206 3269 1336 3352 {vel
1384 3297 1602 3354 domum
1649 3301 1754 3356 795
1793 3303 1936 3372 quod
2044 3283 2188 3322 munt
2221 3269 2494 3339 exegimus
2543 3289 2554 3324 :
2597 3271 2808 3326 collatis
2852 3272 3062 3326 interim
3109 3272 3304 3328 alicubi
3348 3271 3544 3327 Canisii
3591 3283 3646 3327 et

327 3378 649 3444 “scrupus,
684 3395 802 3436 cum
835 3386 1130 3458 elrcliqua
1170 3394 1510 3448 consemimu
1552 3410 1674 3450 cum
1719 3359 1938 3465 perhio.
2041 3359 2478 3468 Cattgtt‘cxcmp‘l
2504 3364 2703 3432 Tl'lbllS,
2743 3364 2885 3468 unde
2930 3365 3215 3467 nonnullas
3259 3363 3645 3468 descripsimus

328 3484 442 3523 rum
489 3470 959 3543 Cltrottologorunt
994 3455 1306 3549 rationibus,
1335 3500 1399 3538 ex
1429 3455 1934 3543 Bibliorutn'sacro-
2043 3455 2311 3560 “"313”?
2341 3455 2621 3558 leflioues’
2650 3456 3207 3560 qum,al_ic_"jus_prem
3381 3456 3643 3560 Yidébai'.

329 3576 442 3616 rum
491 3568 734 3622 numeris
781 3572 886 3626 rite
926 3573 1186 3630 collectis.
1219 3546 1348 3644 Qua:
1371 3594 1491 3636 cum
1523 3581 1808 3652 diligenter
1851 3601 1938 3640 ex-
2039 3554 2143 3652 "ir:
2175 3546 2304 3652 Quis
2335 3547 2500 3619 enim’
2530 3557 2589 3603 ut
2616 3564 2737 3652 cun.)
2766 3549 2986 3652 Pabbco
3027 3549 3236 3620 loquar’
3289 3549 3416 3605 illud
3458 3552 3642 3622 Angm

329 3671 494 3724 pensa
525 3662 751 3728 fuerint,
787 3667 1073 3737 constabit,
1117 3680 1173 3725 ut
1201 3682 1349 3740 pttto,
1387 3673 1593 3731 facilius
1621 3637 1790 3747 vpesse
1841 3695 1932 3735 re-
2038 3637 2304 3693 Stabulum
2340 3656 2562 3711 purgare
2586 3643 2789 3712 9°35"?

330 3747 480 3802 Slilui
521 3766 581 3806 ex
620 3770 925 3812 marmoreo
959 3758 1227 3815 Chronico
1250 3765 1462 3819 vitiatus
1489 3783 1743 3825 nuneros
1784 3774 1931 3826 Ano-

329 3841 481 3908 nymi
505 3840 781 3916 Hippolyto
803 3849 1024 3917 :cqualis
1043 3892 1056 3916 ,
1082 3867 1240 3922 quam
1265 3864 1322 3909 ut
1341 3846 1609 3929 Hippolyti
1629 3861 1930 3916 Chronicon

2101 3749 2174 3870 iii
2211 3749 3449 3870 filiiﬁliiiiii?'uigsi'tii‘ii‘io‘iiif’i‘igkféb‘iii

2102 3812 2174 3874 (:2)
2213 3812 2355 3863 Labb.
2378 3813 2501 3862 Nov.
2526 3816 2653 3864 Bibl.
2673 3831 2788 3867 mss.
2818 3817 2927 3866 libr.
2955 3826 3069 3867 tom.
3098 3835 3133 3879 ι,
3162 3832 3274 3882 pag.
3299 3812 3424 3869 298."
3438 3842 3456 3885 ι

2101 3875 2174 3936 (5)
2215 3876 2365 3940 Cong.
2394 3878 2442 3925 iu
2468 3876 2653 3928 Select.
2681 3880 2738 3928 ad
2765 3880 2944 3930 Chron.
2965 3880 3140 3930 Pasch.
3172 3893 3285 3944 pag.
3308 3883 3420 3933 415.

366 4015 893 4069 ___
994 4028 3510 4093 -ῄᾴἒέῖξμ-Ἠηψ-ἰ

1417 4197 2502 4330 CHRONICON

617 4429 1164 4518 ANONYMI
1223 4437 1440 4548 QUI
1497 4441 1717 4527 SUB
1777 4447 1952 4529 AL]

2063 4449 2516 4533 LANDRO
2573 4450 2824 4535 IMP.
2892 4448 3362 4535 VIXISSE

1293 4625 1478 4682 ANNO
1515 4625 1787 4686 CHRISTI
1826 4629 2133 4690 CCXXXVI
2191 4634 2657 4693 PERHIBETUR.

466 4818 650 4862 ιωειι
696 4819 1166 4867 GENEBATIONIS
1216 4824 1292 4870 AB
1337 4825 1517 4870 ADAM
1564 4826 1768 4881 USQUE
1815 4831 1898 4873 AD
1943 4829 2236 4879 ORDINEM
2283 4824 2308 4852 ἰ
2353 4835 2496 4889 ρυίε
2539 4835 2950 4882 CONTINETUR
2997 4835 3061 4879 IN
3111 4835 3233 4881 HOC
3280 4835 3490 4880 LIBRO.

1807 4995 2226 5030 -οΘΘΘΘΘΘο-

401 5160 748 5218 Diuumeralio
801 5173 1083 5236 temporum
1143 5174 1189 5220 et
1241 5174 1513 5223 annorum.
1565 5167 1926 5227 Generutiones
1951 5174 2003 5237 D
2029 5173 2155 5227 aula:
2179 5174 2334 5227 clara:
2359 5188 2375 5226 :
2404 5172 2490 5243 qui
2509 5188 2602 5238 ,ea:
2626 5172 2805 5242 quibus
2848 5171 3074 5244 gentibus
3100 5172 3583 5256 transtnigrouertmt
3613 5187 3633 5227 :

337 5256 493 5308 πεΜί
544 5271 703 5328 usque
741 5254 794 5311 in
846 5256 980 5311 hunc
1010 5256 1164 5313 diem.
1197 5257 1372 5314 Terra:
1409 5259 1589 5316 divisio
1614 5261 1772 5318 tribus
1801 5263 1924 5332 ﬁliis
2030 5277 2151 5339 quot
2181 5268 2396 5336 [Iuntina
2420 5268 2717 5322 nominato:
2746 5275 2865 5337 quot
2893 5276 3085 5320 montes
3113 5265 3361 5319 nuntianti
3371 5304 3384 5320 .

342 5345 459 5406 Noe.
2108 5358 2241 5424 Quot
2262 5355 2472 5413 Iudices
2494 5374 2514 5413 :
2543 5367 2588 5411 et
2617 5359 2728 5429 quis
2756 5360 3042 5426 quotannis
3072 5355 3319 5425 populum
3334 5356 3600 5422 iudicavit.

399 5441 686 5498 Declaratio
747 5446 971 5517 gentium
1005 5487 1018 5512 ,
1047 5462 1161 5515 quae
1184 5464 1248 5502 ea:
1266 5450 1446 5519 quibus
1495 5454 1646 5521 facta:
1686 5459 1804 5504 sunt
1833 5492 1848 5516 ,
1881 5460 1927 5505 et
2109 5449 2241 5518 Quot
2269 5449 2431 5522 Reges
2449 5452 2501 5505 in
2535 5448 2691 5504 Tribu
2715 5449 2747 5504 ,Ι
2757 5449 2856 5504 uda
2877 5465 2894 5503 :
2919 5461 2966 5504 et
2995 5449 3106 5520 quis
3127 5457 3242 5519 quot
3266 5449 3415 5504 armis
3442 5462 3630 5518 regna-

341 5548 445 5599 quas
472 5537 664 5609 singuli
692 5546 852 5594 terras
877 5548 924 5594 et
950 5539 1174 5596 civitates
1219 5541 1384 5597 sortiti
1427 5552 1542 5597 sunt
1571 5559 1590 5598 :
1629 5544 1930 5612 quatttrein-
2033 5546 2124 5601 vit.

1561 5679 1944 5742 LECTIONES
1982 5683 2070 5743 VA
2080 5681 2396 5742 RIANTES.

399 5814 423 5849 ³
448 5813 520 5864 Ad
547 5816 774 5866 ordinem
795 5829 910 5880 quae.
931 5819 1226 5872 continetur.
1253 5819 1433 5875 Sicms.
1455 5820 1582 5877 Edit.
1611 5822 1770 5877 Canis.
1795 5821 1913 5876 ad...
2021 5820 2194 5877 ordine
2219 5837 2336 5890 qute
2359 5822 2676 5878 continentur
2701 5822 2750 5875 in
2777 5819 2926 5888 hujus
2951 5813 3199 5869 volumine
3223 5812 3355 5869 libri.
