4264 6258
582 384 689 439 605

1836 381 2228 437 CIIRONICON
2269 380 2600 438 ANONYMI.

3788 383 3897 444 663

655 507 789 559 Sunt
816 515 992 559 autem
1033 505 1221 559 Insulae
1252 506 1302 558 in
1337 505 1416 558 his
1444 515 1758 558 communes
1786 503 1867 557 lue
1893 520 1905 554 :
1930 501 2172 565 Corsola,
2203 501 2258 560 Α
2282 500 2490 556 Arabes
2516 501 2673 568 ultra,
2721 500 3001 571 Sapientes
3048 499 3134 571 qui
3187 499 3438 556 dicuntur
3483 501 3886 572 Gymnosoﬁtai,

582 600 855 668 Lupadus,
887 598 1154 668 Agaudius
1178 639 1191 663 ,
1225 597 1431 668 Meleta:
1453 636 1468 662 ,
1499 597 1772 650 Ccrcenna
1798 637 1810 659 ,
1841 594 2027 656 Menis,
2059 592 2193 646 Car-

583 693 747 759 dinia,
771 694 978 758 Galata,
999 692 1260 758 Corsuna,
1287 693 1464 756 Creia,
1491 691 1714 768 Gaulus.
1739 690 1943 749 I‘iheda,
1971 689 2190 755 Ethera,

584 788 723 843 Care
743 798 866 847 ειυς.
895 787 1172 857 Astypala,
1197 785 1384 850 Chius,
1411 785 1634 844 Lesbus.
1661 783 1930 849 Tenedos,
1960 782 2189 849 Imbrus,

582 880 791 946 lassus,
821 876 1020 944 Cobns,
1053 875 1307 940 Chuitlos,
1342 878 1584 940 Nisurus,
1616 875 1871 946 Megisue,
1899 875 2130 946 Cyprus.

658 973 758 1040 Qui
787 983 962 1026 autem
993 987 1178 1026 eorum
1204 981 1326 1026 sunt
1354 971 1605 1036 litterati,
1632 971 1686 1024 hi
1712 980 1836 1026 sunt
1863 989 1875 1029 :
1903 971 2185 1037 Phenices,

583 1067 818 1145 [Egyptii
841 1111 855 1134 ,
890 1066 1171 1142 Pamphyli
1192 1109 1204 1131 ,
1240 1067 1502 1145 Phryges.

653 1144 786 1218 Sunt
812 1175 989 1216 autem
1016 1162 1148 1216 lines
1179 1144 1344 1215 Chaui
1373 1150 1401 1214 a
1431 1159 1783 1230 Rinocoryris
1804 1201 1819 1226 ,
1852 1174 1969 1229 qua:
1999 1158 2189 1214 dividit

583 1256 794 1327 Syriam
824 1263 877 1310 ct
903 1254 1217 1325 [Egyptum,
1255 1268 1424 1322 usque
1452 1251 1638 1308 Garira
1667 1253 1718 1306 in
1749 1252 1988 1321 longum.

655 1348 880 1403 Numina
933 1358 1110 1401 autem
1157 1348 1418 1416 gentium,
1466 1345 1581 1400 haec
1636 1345 2086 1418 suntuEgyptus
2133 1357 2188 1404 et

584 1443 857 1517 Aithiopia
888 1461 1003 1511 qttzu
1039 1443 1203 1496 tendit
1235 1441 1492 1495 adversus
1530 1441 1729 1495 Indiam
1759 1485 1772 1507 ,
1803 1451 1857 1496 et
1883 1445 2051 1497 altera
2085 1443 2186 1498 ΑΞ.

583 1537 806 1604 thi0pia,
857 1535 995 1589 unde
1028 1534 1384 1606 proﬁciscitur
1429 1533 1627 1590 ﬂumen
1663 1535 1974 1605 ASIhiOpum
1997 1578 2011 1600 ,
2046 1535 2184 1606 Ery-

585 1632 758 1686 threa,
789 1628 927 1698 quod
955 1639 1036 1682 est
1058 1628 1276 1682 rubrmn
1299 1627 1584 1682 attendens
1613 1627 1678 1681 ad
1707 1628 1978 1683 Orientem
2007 1647 2018 1682 :
2045 1628 2186 1683 The-

584 1721 680 1774 bca
713 1719 912 1791 Libyae,
943 1737 1059 1790 qum
1086 1719 1322 1774 extendit.
1350 1735 1516 1789 usque
1541 1717 1748 1790 Syrtes,
1774 1719 1975 1774 habens
1999 1728 2186 1790 gentes

585 1813 680 1865 has
707 1832 717 1864 :
746 1811 1078 1866 Nasamonas
1101 1855 1115 1879 ,
1163 1812 1334 1866 Macas
1359 1856 1372 1877 ,
1414 1812 1736 1866 Tautamcos
1767 1829 1780 1864 :
1808 1811 1972 1884 Libya
2017 1829 2135 1882 qum
2156 1829 2185 1866 a

2300 591 2425 646 nttdi
2456 593 2746 662 sapientes.

2369 685 2634 740 IIabitatio
2654 695 2832 741 autem
2855 701 3038 742 eorum
3066 702 3235 758 usque
3263 686 3590 741 IIinoeorura
3619 696 3674 743 et
3690 687 3886 744 Cilicia.

2365 777 2465 845 Qui
2487 789 2664 832 autem
2685 794 2869 834 eorum
2899 791 3160 834 noverunt
3187 781 3410 849 litteras,
3442 779 3494 834 hi
3516 790 3640 835 sunt
3665 797 3678 834 :
3699 779 3889 851 Iudici,

2296 871 2495 936 Persm,
2525 871 2692 940 Medi,
2726 873 2946 929 Chaldei
2967 915 2982 938 ,
3017 873 3130 928 Indi
3152 916 3166 940 ,
3196 873 3424 949 Assyrii.

2367 966 2462 1020 Est
2487 978 2662 1022 autem
2692 965 2947 1022 habitatio
2975 981 3185 1032 eorum,
3217 966 3269 1021 id
3299 976 3382 1022 est
3409 967 3636 1022 liliorum
3663 966 3810 1036 Seio,
3837 968 3890 1024 in

2294 1058 2511 1128 longum
2557 1057 2773 1128 quidem
2821 1059 2889 1113 ab
2939 1057 3083 1112 India
3132 1073 3299 1128 usque
3364 1057 3742 1114 Rinocorura:
3786 1059 3890 1116 lata

2291 1159 2468 1203 autem
2492 1165 2518 1203 a
2551 1149 2768 1204 Perside
2798 1159 2851 1204 et
2880 1149 3086 1204 Bactris
3125 1164 3292 1219 usque
3320 1149 3543 1204 Indiam.

2367 1240 2636 1296 Vocabula
2681 1251 2861 1296 autem
2914 1242 3152 1312 gentium
3204 1241 3319 1296 Iure
3358 1251 3518 1297 Sunt:
3548 1242 3746 1310 Persis,
3786 1243 3889 1298 Ba-

2291 1333 2532 1399 etrianzc,
2569 1332 2834 1399 Hircania,
2873 1333 3165 1404 BabyIOna,
3195 1333 3462 1399 Corbulia,
3497 1334 3714 1406 Assyria
3737 1375 3751 1397 ,
3780 1334 3890 1389 Me-

2290 1425 2586 1494 sopotamia
2609 1467 2621 1487 ,
2669 1425 2862 1480 Arabia
2905 1435 3062 1479 vetus
3086 1467 3100 1489 ,
3151 1424 3440 1489 Alimales,
3473 1423 3622 1479 India
3644 1467 3658 1489 ,
3697 1425 3888 1480 Arabia

2258 1545 2262 1551 -
2289 1518 2593 1582 eudzcmon,
2615 1516 2954 1589 Coeleisyria,
2983 1518 3362 1588 Commagena,
3400 1528 3454 1573 et
3504 1518 3742 1590 Fynieia,
3772 1535 3889 1591 qua:

2291 1621 2375 1668 est
2404 1611 2633 1666 ﬁliorum
2666 1611 2814 1668 Seni.

2944 1764 3128 1806 SECTIO
3169 1767 3244 1807 Vl.

585 1906 735 1975 Lepti
765 1907 1003 1960 extendit
1023 1920 1190 1976 usque
1212 1907 1474 1960 minorem
1499 1907 1695 1976 Syrtim
1723 1923 1735 1958 :
1765 1905 2031 1974 Numidia,
2054 1906 2188 1962 Mas-
2217 1891 2264 1950 Β
2363 1909 2561 1965 Gentes
2588 1918 2763 1964 autem
2805 1925 2924 1979 qme
2963 1909 3170 1986 linguas
3199 1925 3322 1964 suas
3350 1909 3586 1976 habent,
3617 1909 3699 1966 ha:
3728 1919 3886 1966 sunt:

584 2003 744 2068 seria,
777 2001 1086 2054 Mauritania
1116 2015 1234 2070 qum
1257 2000 1495 2054 extendit
1519 2015 1683 2070 usque
1715 2001 2023 2069 llereuleas,
2048 2001 2187 2072 quod

583 2105 664 2149 cst
697 2095 1089 2149 lleraeleoticas
1119 2095 1283 2148 stelas
1313 2104 1498 2148 contra
1527 2093 1800 2150 Gadiram.

655 2187 821 2241 Habet
855 2197 1028 2241 autem
1057 2187 1120 2240 ad
1153 2187 1370 2242 Borram
1401 2189 1719 2242 maritimam
1749 2187 2004 2252 Ciliciam,
2032 2187 2188 2244 Pam—

584 2279 840 2350 phyliam,
875 2278 1146 2345 Pisidiam,
1180 2279 1422 2350 Mysiam,
1455 2279 1779 2350 Lycaoniam
1807 2323 1821 2348 ,
1857 2281 2141 2352 Phrygiam
2170 2324 2184 2348 ,

581 2373 894 2438 Camaliain,
931 2374 1168 2444 Lyciam,
1198 2373 1434 2434 Cariam.
1469 2375 1714 2446 Lydiam,
1742 2375 1964 2445 Mysiam
2004 2376 2183 2442 aliam,

584 2465 869 2532 Troadem,
902 2465 1168 2530 Aulidem,
1203 2467 1465 2538 Bityuiam
1497 2475 1756 2533 veterem,
1795 2468 2077 2540 Phrygiam
2107 2470 2187 2524 aI-

584 2567 796 2613 liorem.

656 2673 826 2728 liabet
855 2675 1011 2728 etiam
1040 2672 1246 2727 Insulas
1277 2672 1406 2728 has:
1434 2674 1730 2728 Sardiniam
1755 2715 1766 2734 .
1797 2672 2008 2728 Cretam
2034 2715 2046 2736 ,
2077 2675 2182 2746 Cy-

584 2780 776 2834 prum,
812 2774 865 2820 et
909 2763 1107 2819 ﬂumen
1139 2763 1288 2820 Geun
1335 2766 1422 2834 qui
1467 2766 1762 2836 appellatur
1791 2765 1958 2821 Nilus.
1992 2767 2186 2822 Dividit

580 2867 759 2911 autem
791 2859 928 2911 inter
953 2859 1120 2912 Cham
1171 2867 1223 2911 et
1267 2859 1406 2912 inter
1448 2857 1678 2927 Japhet,
1707 2868 1759 2915 et
1789 2874 1852 2915 os
1893 2862 2182 2931 vespertini

576 2952 759 3004 maris.
805 2949 931 3006 Ilaec
947 2951 1122 3005 media
1149 2950 1316 3006 Cham
1345 2953 1641 3022 generatio.

1258 3102 1445 3143 SECTIO
1482 3103 1534 3142 γ.

655 3225 729 3278 De
763 3224 884 3278 Seni
916 3233 1092 3281 autem
1120 3226 1329 3282 seniore
1352 3226 1460 3281 ﬁlio
1494 3226 1626 3290 Noe,
1657 3236 1783 3282 sunt
1810 3228 1977 3284 tribus
1997 3229 2180 3300 cogni-

583 3324 650 3369 tae
681 3332 818 3379 xxv;
853 3315 918 3369 ad
947 3317 1217 3372 Orientem
1261 3319 1711 3374 inhabitavcruut.

655 3409 770 3462 Filii
803 3409 949 3472 Sem,
984 3410 1183 3472 Ailam,
1214 3411 1280 3465 de
1311 3428 1417 3480 quo
1449 3411 1680 3483 [Elymt-i
1713 3424 1766 3467 et
1791 3415 1993 3483 Assyrii
2023 3434 2033 3469 :
2061 3416 2127 3470 Et

655 3499 896 3562 Arfaxat,
932 3503 1072 3557 unde
1095 3501 1329 3558 Chaldaai
1356 3515 1410 3558 et
1437 3503 1589 3558 Ludii
1611 3548 1626 3571 ,
1653 3506 1791 3561 unde
1812 3506 2052 3563 Lazoncs
2077 3526 2089 3562 :
2114 3509 2183 3564 Et

655 3595 840 3661 Aram,
871 3595 1010 3649 unde
1043 3597 1208 3652 Etlies
1233 3615 1244 3650 :
1271 3599 1478 3667 priores
1521 3599 1617 3654 hos
1644 3602 1840 3656 excidit
1865 3603 2135 3658 Abraham
2168 3621 2182 3660 :

579 3697 634 3740 et
662 3687 748 3740 lilii
781 3688 942 3743 Aram
969 3690 1192 3758 Osce\i,
1239 3690 1306 3745 de
1333 3708 1440 3762 quo
1483 3693 1652 3758 Lidii;
1683 3705 1737 3750 et
1779 3695 1908 3752 Gart
1933 3739 1947 3762 ,
1979 3697 2044 3753 de
2073 3715 2179 3770 quo

581 3777 882 3846 Gasphcni;
913 3790 967 3834 et
993 3781 1192 3847 Moser,
1224 3783 1361 3838 unde
1388 3784 1621 3856 Mossyni
1652 3805 1663 3840 :
1695 3787 1760 3841 Et
2155 3837 2160 3842 .

652 3873 870 3926 Ari'aXat
899 3876 1080 3941 genuit
1129 3875 1248 3929 Sala
1274 3916 1290 3942 ,
1324 3886 1376 3931 et
1423 3878 1542 3933 Sala
1570 3881 1753 3949 gt‘llltil.
1803 3881 1996 3949 Ileber,
2039 3886 2180 3940 unde

576 3956 788 4012 Ilebra-i
813 3975 830 4012 :
855 3970 906 4013 et
935 3959 1110 4015 Ileber
1137 3963 1240 4015 nati
1272 3971 1395 4016 sunt
1425 3963 1530 4016 duo
1555 3964 1674 4029 filii,
1710 3965 1866 4022 Falce
1895 3977 1947 4022 ct
1979 3968 2174 4036 Debue,

576 4049 721 4105 unde
747 4050 959 4106 ducitur
986 4068 1152 4122 genus
1184 4055 1452 4109 Abraham
1476 4072 1489 4119 ;
1523 4066 1577 4110 et
1604 4056 1819 4112 Taetem
1841 4102 1853 4124 ,
1884 4068 1936 4114 et
1963 4060 2174 4117 Jeetan.

576 4143 760 4216 Jeetan
789 4156 966 4200 autem
1005 4148 1189 4216 genuit
1221 4149 1486 4218 l-leodal,
1515 4149 1718 4221 de_quo
1746 4151 1858 4224 Indi
1885 4170 1898 4218 ;
1934 4164 1986 4208 et
2009 4156 2172 4221 Salef,

571 4236 638 4291 de
663 4255 768 4312 quo
799 4239 1098 4304 Bactriani;
1145 4251 1197 4295 ct
1223 4243 1475 4297 Asarmot
1498 4286 1511 4307 ,
1545 4244 1613 4298 (Ic
1641 4260 1748 4314 quo
1793 4245 1998 4300 Arabes
2027 4249 2176 4318 prio-

569 4345 700 4392 res;
734 4342 789 4386 et
818 4333 992 4386 Durau
1021 4373 1034 4395 ,
1077 4333 1142 4388 de
1170 4350 1275 4403 quo
1316 4335 1574 4400 (Zamehi;
1610 4348 1662 4391 et
1709 4339 1868 4392 Derra
1892 4381 1905 4401 ,
1950 4340 2018 4393 de
2068 4357 2176 4412 quo

571 4420 770 4487 Mardi;
800 4435 853 4478 et
887 4425 1010 4478 lizei
1035 4467 1049 4489 ,
1088 4425 1156 4479 de
1193 4443 1298 4495 quo
1343 4427 1523 4480 Ariani
1551 4445 1564 4492 ;
1595 4438 1644 4481 et
1679 4429 1892 4484 Declam
1916 4473 1928 4495 ,
1960 4432 2028 4486 de
2070 4450 2176 4503 quo

567 4512 821 4575 Cedrusi;
853 4525 905 4568 et
931 4516 1097 4570 Gcbal
1121 4559 1134 4581 ,
1183 4517 1250 4570 de
1294 4534 1401 4588 quo
1431 4520 1637 4591 Scythii
1670 4523 1908 4589 priercs;
1943 4535 1996 4579 ct
2041 4527 2173 4582 Abi-

570 4606 730 4667 Ineel,
763 4607 830 4660 de
857 4623 964 4675 quo
995 4607 1242 4673 llit'caui;
1278 4620 1329 4662 ct
1358 4609 1520 4680 Sabat
1545 4653 1558 4676 ,
1610 4613 1748 4666 unde
1778 4613 1938 4668 Arabi
1974 4617 2128 4684 primi
2157 4637 2169 4672 :

2295 2002 2505 2058 Hebrazi
2534 2002 2625 2072 qui
2656 2011 2708 2056 ct
2737 2001 2928 2073 Iudici,
2961 2002 3184 2072 Assyrii,
3215 2001 3473 2069 Chaldrei,
3504 2002 3701 2068 Persa‘,
3731 2002 3884 2072 Medi,

2295 2094 2498 2150 Arabes
2521 2136 2536 2162 ,
2570 2093 2775 2149 Madian
2803 2136 2816 2158 ,
2849 2093 3157 2150 Adiabenici
3179 2136 3194 2159 ,
3242 2094 3430 2150 Taleni
3453 2141 3466 2161 ,
3503 2096 3842 2151 Alamosenni
3871 2135 3890 2162 ,

2291 2187 2577 2253 Saraceni,
2629 2187 2793 2256 Magi,
2838 2185 3054 2253 Caspii,
3109 2186 3324 2252 Albani,
3376 2187 3516 2251 Indi,
3558 2186 3883 2262 Ethiopes,

2292 2276 2552 2350 Egyptii,
2586 2278 2801 2350 Libyes,
2836 2277 3045 2340 Chctei,
3078 2278 3328 2332 (lananzei
3351 2320 3365 2341 ,
3396 2279 3656 2336 Ferezzei.
3687 2279 3881 2345 Euvei,

2292 2370 2583 2442 Gergesei,
2633 2369 2884 2434 Jebusei,
2936 2371 3170 2434 ldumei,
3235 2369 3552 2437 Samaritzc,
3600 2368 3884 2437 quices,

2293 2463 2446 2535 Syri,
2477 2462 2676 2517 Cilices
2697 2505 2710 2524 ,
2745 2462 3107 2525 'I‘harsenses,
3140 2461 3486 2532 Cappadoces
3510 2505 3522 2520 .
3573 2462 3828 2526 Armenii,
3863 2461 3889 2498 ³³

2292 2557 2480 2612 Hibeni
2503 2601 2518 2624 ,
2553 2557 2790 2619 Librani,
2826 2558 3022 2628 Srytie.
3052 2556 3265 2625 Colchi,
3300 2555 3465 2612 Sanni
3487 2598 3501 2622 ,
3537 2555 3886 2625 Iiusphorani,

2291 2650 2499 2710 Asiani,
2536 2650 2938 2717 Ilisauiienses,
2989 2649 3301 2720 Lycaones,
3353 2648 3600 2720 Pysiilm,
3646 2647 3844 2702 Galatae
3869 2689 3884 2713 ,

2289 2743 2631 2814 Pallagoues,
2667 2743 2897 2814 Fryges,
2945 2743 3110 2797 Achai
3133 2785 3147 2806 ,
3180 2741 3425 2797 Thes<ali
3448 2785 3463 2807 ,
3497 2741 3888 2809 Maehedones,

2289 2838 2518 2902 Traces,
2555 2838 2685 2910 Mysi
2708 2881 2722 2904 ,
2759 2838 2901 2892 Bessi
2925 2880 2938 2902 ,
2975 2837 3240 2898 Dardani,
3271 2836 3568 2902 Sarmatae,
3600 2837 3888 2914 Germani,

2290 2930 2528 2985 Panuoni
2549 2973 2562 2995 ,
2594 2930 2831 2996 Peones,
2862 2929 3075 2995 Norici,
3114 2930 3367 2984 Dalmatae
3389 2972 3402 2992 ,
3441 2929 3665 2983 Romani
3699 2929 3786 2999 qui
3835 2936 3890 2983 et

2288 3023 2488 3090 Latini,
2526 3023 2783 3094 Ligures,
2817 3021 2950 3077 Galli
2979 3021 3068 3092 qui
3117 3030 3172 3076 et
3197 3021 3392 3087 Celtic,
3429 3021 3714 3091 Aquitani,
3749 3019 3889 3074 Brit-

2288 3117 2396 3170 tani
2419 3157 2433 3180 ,
2467 3115 2684 3186 I'Iispani
2728 3115 2816 3184 qui
2847 3125 2899 3169 ct
2941 3114 3166 3185 Tyrreni
3189 3155 3202 3179 ,
3248 3112 3445 3180 Mauri,
3479 3111 3803 3178 Baeeuates,
3835 3122 3890 3168 et

2286 3191 2626 3273 Massennes,
2659 3208 2864 3272 Getuli,
2900 3209 3009 3263 Atri
3041 3209 3129 3280 qui
3181 3216 3233 3263 et
3278 3207 3538 3262 Barbare;
3565 3249 3578 3270 ,
3622 3204 3840 3261 Mazicei
3868 3248 3884 3273 ,

2206 3277 2251 3341 C
2285 3299 2636 3357 Garamantes
2665 3301 2752 3371 qui
2784 3310 2837 3356 et
2867 3277 3230 3367 Marmaredm,
3261 3299 3349 3371 qui
3375 3313 3541 3370 usque
3561 3297 3887 3369 [Ethiopian]

2287 3393 2662 3450 extenduntur.

2939 3543 3123 3585 SEC'I'IO
3162 3545 3256 3584 VII.

2357 3685 2728 3741 Necessarium
2759 3694 2936 3740 autem
2981 3685 3161 3752 putavi
3201 3693 3254 3739 et
3285 3683 3695 3739 iubabitationes
3731 3683 3879 3740 Gen-

2286 3782 2416 3835 tium
2448 3789 2503 3835 et
2539 3780 3035 3850 cognomiuatiunes
3067 3779 3348 3834 declarari.

2359 3873 2610 3941 Incipiam
2640 3883 2817 3929 autem
2846 3873 2912 3927 ab
2937 3872 3154 3926 Oriente
3181 3889 3195 3923 :
3221 3872 3503 3928 Persarum
3527 3885 3577 3929 et
3609 3873 3880 3929 Medorum

2285 3968 2672 4023 inhabitatures
2697 3967 2878 4021 Parthi
2909 3977 2961 4022 et
2985 3967 3173 4022 vicinae
3199 3976 3386 4036 gentes
3413 3969 3557 4038 pacis
3587 3983 3756 4037 usque
3783 3969 3884 4040 Sy-

2283 4063 2415 4117 riam
2449 4063 2605 4118 cmle.

2355 4155 2590 4210 Arabum
2639 4154 3027 4209 inhabitatores
3078 4155 3279 4209 Arabes
3329 4153 3691 4210 Eudimnoues
3737 4155 3881 4211 :hoc

2281 4249 2424 4304 enim
2459 4249 2672 4303 nomine
2699 4249 3055 4317 appellantur.

2356 4342 2731 4396 Chalda‘orum
2765 4341 3147 4395 inhabitatures
3169 4340 3612 4410 Mesopotameni.

2354 4435 2774 4490 Madiaucnsium
2800 4434 3181 4490 inhabitatores
3203 4433 3636 4505 Cyueducolpitzc
3662 4443 3715 4489 et
3741 4433 3846 4489 Tro

2279 4530 2506 4601 clodyla:
2538 4539 2594 4582 et
2636 4529 2945 4600 Iethyofagi.
3331 4535 3334 4538 ’

2351 4623 2660 4678 Graecorum
2687 4635 2866 4677 amem
2891 4630 3080 4693 gentes
3109 4632 3164 4678 et
3192 4621 3446 4678 vocabula
3474 4638 3504 4676 v
3529 4640 3540 4673 :
3565 4620 3748 4686 Jones,
3776 4621 3875 4676 Ar-

563 4708 620 4750 et
649 4697 784 4767 _Utir,
819 4699 884 4751 de
913 4714 1019 4769 quo
1047 4700 1284 4754 Armenii
1312 4711 1407 4762 ,.et
1431 4701 1641 4757 OEvilat
1661 4745 1676 4770 ,
1705 4705 1844 4760 unde
1875 4706 2172 4764 Getnnoso-
2200 4675 2252 4735 Β
2277 4719 2460 4784 οαᾱος,
2494 4717 2662 4772 Bmoti
2687 4760 2700 4784 ,
2733 4675 2922 4781 [Eolif
2947 4718 3207 4772 Lacones.

566 4792 692 4844 litm.
730 4789 790 4843 Ili
817 4806 1006 4845 omnes
1039 4793 1321 4846 Bactriani.

639 4883 839 4937 Omnes
869 4892 1044 4938 autem
1077 4885 1143 4939 dc
1177 4886 1342 4940 tribtts
1377 4885 1495 4942 filiis
1524 4888 1638 4944 Noe
1669 4902 1792 4944 sunt
1822 4909 1984 4946 vau.

638 4979 884 5033 Omnium
916 4989 1092 5033 autem
1125 4979 1351 5034 lilinrum
1392 4980 1517 5037 Sem
1557 4983 1814 5039 habitatio
1844 4997 1923 5041 est
1956 4998 1980 5024 η
2003 5003 2030 5042 a
2066 4989 2166 5044 Ba-

559 5075 666 5128 eris
700 5090 867 5143 usque
898 5074 1299 5141 Iihinoeoruris,
1325 5091 1443 5146 quae
1471 5077 1654 5133 dividit
1679 5081 1886 5151 Syriam
1917 5091 1971 5138 et
1997 5083 2164 5156 Egy-

563 5180 732 5233 ptum,
781 5177 834 5220 et
874 5167 1114 5223 Rubrum
1167 5183 1317 5224 mare
1357 5169 1425 5224 ab
1465 5185 1560 5248 ore
1601 5173 1890 5242 Arsinoes,
1933 5190 2052 5246 qua:
2089 5184 2172 5231 cst.

563 5258 745 5314 Ittdiic.

634 5353 728 5406 Ilze
760 5363 884 5408 sunt
913 5364 1089 5409 autem
1119 5372 1236 5426 qua:
1266 5367 1387 5412 sunt
1415 5358 1564 5413 facta:
1594 5376 1655 5412 ex
1688 5359 1768 5414 his
1796 5361 1996 5418 Gentes
2022 5380 2036 5419 :
2062 5363 2168 5419 He-

557 5444 688 5499 braii
721 5447 808 5516 qui
839 5447 1039 5515 Judmi,
1073 5449 1270 5516 Persae,
1304 5450 1477 5517 Medi,
1513 5453 1726 5518 Pmnes,
1762 5454 2006 5520 Arriani,
2041 5456 2163 5512 Ilir-

558 5540 714 5601 caui,
764 5541 997 5607 ASSy'rii,
1050 5542 1210 5605 Indi,
1263 5541 1492 5598 Maeardi
1525 5587 1538 5609 ,
1590 5545 1813 5613 Parthi,
1865 5549 2160 5616 Germani,

555 5629 834 5702 IIelymei,
865 5634 1082 5698 Cessei,
1115 5633 1320 5691 Arabes
1366 5637 1559 5708 primi,
1620 5635 1902 5706 Cedrusii,
1948 5641 2160 5714 Scytze,

2110 4866 2134 4886 I

2348 4812 2549 4866 lIurum
2578 4812 2960 4866 inhabitatures
2985 4811 3196 4866 fuerunt
3222 4811 3448 4875 Pontici,
3478 4811 3654 4876 Bitini,
3683 4810 3873 4878 Troes.

2273 4903 2494 4969 Asiani,
2546 4904 2690 4965 Cari,
2754 4903 2932 4972 Legii,
2994 4903 3232 4974 Pannyli,
3280 4903 3530 4976 Cyrinei,
3589 4913 3643 4960 et
3689 4904 3876 4958 Insula:

2275 4998 2485 5068 plures,
2520 4997 2570 5052 id
2617 5009 2697 5052 est
2745 4997 3005 5069 Cyelades
3055 4998 3272 5067 quidem
3315 4997 3506 5054 decem
3554 5015 3673 5070 qua:
3720 4999 3873 5070 Myrti

2270 5091 2514 5162 pelagum
2547 5091 2844 5146 continent.
2881 5091 3004 5145 Haec
3029 5101 3154 5145 sunt
3179 5101 3358 5146 autem
3391 5093 3607 5146 nomina
3640 5107 3823 5148 earum
3856 5109 3869 5144 :

2345 5181 2609 5245 Andrum,
2640 5181 2954 5236 Tenmmteo
2976 5225 2989 5248 ,
3015 5181 3212 5248 Naxus,
3241 5181 3401 5247 Geos,
3435 5182 3666 5254 Gyarus,
3694 5184 3871 5251 Delos,

2275 5275 2488 5346 Fynus,
2541 5273 2753 5338 Renea,
2804 5273 3050 5345 Cyrnos,
3103 5275 3360 5330 Maraton.
3417 5276 3556 5332 Sunt
3597 5288 3774 5334 autem
3821 5289 3875 5334 ct

2271 5369 2392 5424 aliae
2420 5367 2612 5422 Insula}
2662 5367 2893 5436 majores
2923 5383 3026 5429 xu,
3057 5383 3176 5436 qua:
3205 5369 3366 5424 etiam
3402 5369 3648 5424 civitates
3676 5370 3874 5425 habent

2272 5459 2530 5530 plurimas
2551 5501 2564 5524 ,
2597 5473 2719 5529 quin
2745 5456 2996 5514 dicuntur
3028 5459 3295 5528 Sporades
3315 5501 3329 5524 ,
3362 5461 3412 5512 in
3441 5461 3635 5530 quibus
3662 5460 3870 5516 inhabi-

2271 5559 2520 5606 taverunt
2568 5550 2763 5605 Graeci.
2816 5549 2942 5604 H:re
2983 5559 3108 5604 sunt
3157 5561 3333 5605 autem
3381 5552 3598 5606 nomina
3643 5568 3866 5608 earnm:

2269 5644 2508 5708 Eubma,
2541 5643 2731 5710 Creta,
2761 5643 2974 5711 Sicilia,
3004 5642 3234 5716 Cyprus,
3263 5643 3424 5713 Coos,
3459 5629 3687 5714 sumtis,
3723 5645 3872 5704 utio-

1809 5781 2189 5846 LECTIONES
2213 5785 2628 5844 VARIANTES.

624 5891 646 5915 “
677 5890 717 5936 Α
742 5890 923 5939 tht‘t‘is.
951 5893 1092 5941 L000.
1124 5895 1184 5942 ab
1204 5895 1357 5944 Acris.

2318 5899 2347 5939 ἲ)
2372 5901 2572 5951 Ινίἱῡειιί.
2604 5901 2746 5953 Labb.
2774 5903 2968 5956 Hiberi.
