4264 6258
366 367 470 418 665
1616 350 2009 411 CIIRONICON
2049 351 2334 409 ANONYM
2343 352 2381 408 1.
3563 347 3671 404 666

359 483 495 549 dus,
525 477 724 546 Chius,
752 477 1031 547 Thapsus,
1066 476 1298 532 Lemnus
1323 518 1339 545 ,
1367 475 1593 539 Lesbus,
1625 476 1958 529 Samotrace.
1990 474 2038 529 A
2070 485 2211 535 mus,
2265 471 2455 536 Axius,
2504 469 2764 542 Pyramus
2789 510 2803 534 ,
2845 468 3024 538 Bajus,
3061 466 3298 533 Hebron,
3353 465 3666 534 Sangarius,

360 575 458 630 Est
486 583 663 628 autem
694 585 724 625 a
757 569 963 624 Bmotia
995 568 1201 623 Eubma
1231 585 1244 621 :
1274 567 1430 621 siculi
1471 565 1538 620 ab
1585 563 1719 619 Ione
1748 561 1964 617 Ionides

358 668 604 723 civitates
655 682 744 720 xvi
798 666 878 718 lue
923 682 935 718 :
977 661 1354 725 Cladiomeua,
1405 660 1694 731 Mitylene,
1739 655 1962 721 Foczea,

359 761 579 824 Priene,
613 769 638 797 ει
669 759 820 830 Eryt,
853 757 1066 822 Samos,
1100 755 1264 822 Teos,
1293 754 1540 819 Colofon,
1573 750 1720 813 Cius,
1751 749 1963 815 Efesus,

359 856 597 921 Smirna,
647 853 952 912 Perinthus,
994 850 1333 927 Byzantium,
1359 846 1652 912 Calcedon,
1684 844 1884 899 Pontus
1914 852 1965 896 et

359 951 573 1005 Amisos
602 947 793 1002 libera.

430 1042 819 1104 Romanorum,
849 1041 937 1109 qui
969 1050 1021 1095 et
1052 1038 1396 1102 Citiensium,
1431 1045 1620 1104 gentes
1661 1043 1714 1089 et
1759 1031 1964 1087 inhabi-

360 1137 590 1193 tationes
636 1135 716 1190 hae
765 1144 888 1189 sunt
930 1151 944 1189 :
989 1134 1145 1189 Tusci
1172 1131 1590 1204 ,gEmilienscs,
1641 1129 1962 1192 Pincentes,

357 1229 616 1299 Campuii
639 1270 652 1291 ,
686 1226 1024 1297 Apulienses,
1061 1227 1280 1281 Lucani.

433 1322 682 1378 Afrorqu
713 1330 902 1389 gentes
927 1330 981 1376 et
1007 1318 1423 1373 inbabitationes
1452 1317 1534 1372 ha:
1561 1323 1686 1371 sunt
1713 1331 1726 1369 :
1758 1311 1967 1370 Lebde-

361 1417 446 1483 ni,
476 1417 614 1472 Ciuti
634 1459 648 1480 ,
675 1414 940 1476 Numid:e,
975 1413 1326 1476 Nasamones,
1360 1411 1502 1466 Saci.

434 1509 626 1564 Insula:
665 1517 844 1562 autem
872 1506 956 1561 hae
979 1515 1126 1571 sunt,
1154 1520 1274 1576 quae
1304 1503 1500 1558 habent
1529 1502 1777 1557 civitates
1803 1517 1816 1554 :
1838 1500 1966 1555 Sar—

363 1602 530 1666 dinia,
549 1601 794 1667 Corsica,
815 1598 978 1656 Girda
1002 1614 1120 1669 qua:
1137 1607 1192 1653 et
1212 1597 1465 1668 Benigga,
1481 1594 1960 1666 Cercyna,Galata.

441 1695 741 1749 Maurorum
793 1702 972 1747 autem
1044 1702 1228 1760 gentes
1296 1701 1352 1746 et
1421 1689 1835 1745 inbabitationes
1879 1687 1962 1742 ha:

363 1796 531 1842 sunt:
564 1783 850 1858 Musulani,
881 1782 1167 1850 Tingitani,
1193 1781 1573 1837 Cmsarienses.

441 1881 800 1950 Hispanorum
857 1887 1033 1931 autem
1082 1888 1268 1947 gentes
1319 1885 1373 1931 ct
1421 1874 1832 1930 inhabitationes
1880 1872 1962 1928 ba:
1992 1865 2040 1924 B

364 1986 514 2038 sunt,
537 1974 770 2048 Tyranni
804 1983 856 2026 et
888 1973 1280 2037 Turrenorum,
1312 1972 1403 2041 qui
1433 1981 1486 2025 et
1507 1970 1957 2034 Terraconenses,

368 2067 628 2140 Lysitani,
650 2067 852 2131 Beticii,
888 2066 1201 2136 Autryconi,
1232 2063 1526 2130 Vascones,
1554 2061 1773 2127 Calleci,
1796 2061 1883 2131 qui
1909 2070 1963 2117 et

365 2165 609 2220 Astures.

440 2258 634 2312 Insula:
661 2264 838 2310 autem
869 2269 987 2325 qua!
1027 2255 1295 2324 pertinent
1320 2252 1384 2306 ad
1417 2252 1718 2320 Hispaniam
1765 2249 1957 2304 Terra-

365 2365 658 2406 couensem
685 2359 794 2403 tres
839 2357 1004 2413 sunt,
1046 2360 1168 2416 quae
1195 2341 1587 2415 appellanturb
1638 2342 1958 2396 Valliaricae.

365 2443 772 2498 IIabentautem
800 2442 1043 2496 civitates
1071 2455 1102 2491 v
1132 2439 1266 2491 has:
1300 2436 1504 2501 Ebuso,
1545 2449 1565 2474 ο
1600 2435 1803 2495 Palmc,
1837 2433 1963 2488 Pol-

366 2533 550 2600 lcntia,
581 2549 700 2604 quae
741 2532 936 2587 dicitur
978 2529 1248 2600 Majorica,
1277 2527 1552 2594 Tomazne,
1581 2526 1823 2597 Magone,
1843 2540 1963 2597 qua:

363 2626 664 2697 appellatur
687 2625 962 2680 Minorica.

441 2718 642 2791 Harum
696 2717 1082 2772 illitubilaIOI'CS
1111 2715 1326 2770 fuerunt
1367 2711 1598 2769 Cauanei
1647 2710 1962 2781 fugientesa

368 2812 502 2888 facie
529 2811 656 2866 Iesu
684 2809 777 2863 filii
807 2807 950 2863 Nave
977 2826 988 2861 :
1017 2823 1137 2861 nam
1167 2814 1222 2860 et
1244 2805 1443 2860 Sidona
1475 2803 1562 2871 qui
1609 2801 1965 2857 condiderunt

363 2914 420 2960 et
449 2905 547 2974 ipsi
572 2900 823 2957 Cananei.
859 2900 1020 2967 Gadis
1047 2907 1225 2954 autem
1251 2896 1485 2953 Iebusmi
1514 2893 1890 2960 condiderunt,
1909 2900 1964 2946 et

366 2997 468 3066 ipsi
491 2996 738 3050 similiter
772 2993 997 3064 profugi.

438 3089 711 3144 Gallorum
741 3095 918 3143 autem
947 3084 1377 3140 Narbonensium
1405 3092 1592 3154 gentes
1619 3090 1672 3136 et
1699 3077 1961 3134 inhabita-

364 3184 564 3238 lioncs:
588 3180 865 3236 Amaxobii
892 3179 1099 3244 Graece,
1124 3177 1400 3233 Sarmatas.

2070 563 2360 627 Achelous,
2389 563 2620 629 Peneus,
2665 563 2901 629 Ebenus,
2950 559 3263 630 Sperchius,
3310 558 3554 629 Cayster,
3584 556 3673 612 Si-

2071 656 2599 720 mois,Seamauder,
2643 656 2919 726 Strymon,
2963 652 3299 718 Parthenius,
3347 650 3504 718 Ister,
3543 649 3674 704 Illa-

2069 751 2181 830 ritts
2205 751 2292 820 qui
2318 762 2370 804 et
2403 749 2692 813 Danubius,
2725 748 2966 810 Rhenus,
3003 744 3320 808 Rhodanus,
3361 743 3530 810 Betis,
3560 740 3670 798 IIe-

2068 841 2308 906 ridanus,
2330 843 2602 896 Thember
2627 842 2716 909 qui
2743 854 2885 894 nunc
2909 839 3105 894 dicitur
3129 837 3356 893 Tiberis.

2143 935 2399 990 Filiorum
2427 935 2584 1006 igitur
2613 935 2771 989 trium
2811 931 2923 988 Noe
2952 928 3272 1004 tripartitum
3300 928 3558 986 sarculum
3586 927 3668 984 di-

2069 1028 2303 1082 visorum
2315 1069 2327 1083 .
3105 1043 3112 1048 ·

2142 1121 2206 1175 Et
2229 1120 2443 1191 quidem
2491 1120 2615 1174 Sem
2664 1119 3051 1188 primogenitus
3092 1116 3300 1186 accepit
3346 1115 3667 1179 Orientem;

2068 1211 2235 1268 Cham
2261 1221 2442 1266 autem
2475 1211 2968 1277 Mediterraneum;
3016 1208 3158 1265 Iafet
3182 1207 3552 1265 Occidentem.
3604 1206 3672 1261 Et

2069 1305 2302 1360 ostensis
2327 1306 2596 1374 gentibus,
2616 1321 2735 1374 qua:
2761 1305 2830 1360 de
2857 1319 2964 1375 quo
2992 1313 3188 1360 creatae
3211 1302 3341 1370 sint,
3365 1298 3672 1357 necessario

2069 1399 2424 1455 decurramus
2455 1397 2520 1452 ad
2549 1411 2742 1452 annos.

2749 1553 2934 1595 SECTIO
2971 1555 3025 1594 IX
3037 1575 3054 1593 ο

2143 1678 2301 1734 Falce
2323 1691 2584 1732 annorum
2610 1691 2760 1732 exxx
2779 1675 2964 1746 genuit
2987 1675 3192 1746 Ragau.

2142 1770 2324 1841 ftagau
2351 1784 2616 1823 annorum
2648 1783 2828 1822 cxxxtt
2857 1765 3040 1837 genuit
3078 1764 3305 1820 Serueh.

2140 1861 2346 1918 Seruch
2375 1875 2637 1914 annorum
2658 1874 2798 1912 cxxx
2823 1858 3008 1927 genuit
3035 1855 3268 1910 Nachor.

2139 1953 2350 2011 Nachor
2377 1966 2638 2006 annorum
2673 1964 2841 2004 1.xth
2869 1949 3051 2018 genuit
3075 1946 3331 2000 'I'haram.

2138 2051 2312 2105 'I‘hara
2340 2062 2603 2102 annorum
2636 2060 2736 2098 Lxx
2768 2043 2952 2113 genuit
2973 2040 3267 2096 Abraham.
3537 2110 3548 2116 ἢ

2139 2141 2406 2197 Abraham
2437 2147 2613 2193 autem
2642 2145 2760 2192 erat
2786 2149 3046 2190 annorum
3077 2147 3236 2197 Lxxv,
3266 2144 3373 2201 quo
3423 2136 3669 2196 tempore

2065 2235 2226 2291 edixit
2255 2235 2327 2288 illi
2358 2234 2516 2298 Deus,
2551 2241 2606 2286 ut
2632 2232 2804 2286 exiret
2841 2229 2908 2283 de
2944 2237 3088 2282 terra
3131 2241 3248 2290 sua,
3287 2232 3340 2280 ct
3388 2221 3458 2278 de
3505 2220 3669 2277 domo

2066 2327 2230 2398 patris
2260 2327 2376 2390 sui,
2407 2334 2462 2379 et
2491 2323 2694 2378 veniret
2721 2322 2773 2375 in
2807 2329 3003 2376 terram
3043 2316 3340 2372 Chanaam.
3591 2314 3595 2317 ’

2137 2418 2296 2473 Fiunt
2324 2418 2482 2486 igitur
2512 2432 2540 2470 a
2569 2412 2832 2470 divisione
2884 2424 3164 2482 usquequo
3203 2407 3349 2464 venit
3394 2405 3666 2461 Abraham

2067 2515 2119 2569 in
2190 2523 2389 2567 terram
2448 2510 2720 2564 Chanaam
2789 2505 3165 2576 generationes
3211 2501 3480 2572 quinque,
3539 2498 3668 2553 anni

2067 2622 2268 2664 ncxvt:
2303 2607 2370 2658 ab
2399 2603 2571 2660 Adam
2606 2611 2784 2657 autem
2834 2599 3209 2671 generationes
3253 2613 3342 2662 xx,
3377 2596 3532 2650 annis
3585 2609 3666 2663 tu,

2068 2713 2445 2754 MCCCLXXXHI.
2773 2695 2776 2700 ’
3543 2737 3552 2740 -

2137 2791 2499 2847 Conversatus
2539 2796 2623 2842 est
2653 2794 2835 2841 autem
2883 2797 3006 2838 cum
3036 2780 3309 2837 Chanaam
3357 2779 3516 2834 annis
3557 2793 3663 2833 xxv

2065 2898 2120 2944 et
2142 2887 2325 2958 genuit
2348 2887 2520 2940 Isaac.

2137 2979 2285 3034 Isaac
2315 2991 2578 3032 annorum
2614 2991 2679 3030 ιιι
2734 2971 2921 3044 genuit
2945 2971 3129 3027 Iacob.

2135 3071 2302 3126 Iacob
2331 3083 2594 3122 annorum
2627 3081 2786 3138 ωίχνε
2813 3064 2994 3136 genuit
3013 3062 3164 3117 Levi.

2139 3161 2268 3218 Levi
2288 3174 2550 3216 annorum
2574 3175 2644 3213 χι
2664 3157 2849 3228 genuit
2867 3154 3057 3212 Caath.

435 3274 502 3329 Et
557 3274 655 3328 hos
703 3282 886 3327 autem
932 3270 1294 3327 necessarium
1325 3269 1423 3322 fuit
1448 3266 1722 3322 declarare
1750 3265 1864 3329 tibi,
1895 3279 1962 3320 ne
1990 3256 2034 3318 C
2143 3253 2307 3310 Canlll
2338 3266 2602 3306 ειηηοΐιιῐῐι
2634 3267 2697 3305 LX
2728 3250 2916 3320 genuit
2937 3253 3176 3302 Amm!“-

363 3367 659 3439 ignot;.rum
704 3367 942 3436 gentium
984 3362 1262 3428 vocabula,
1288 3371 1342 3418 et
1366 3369 1570 3434 gentes,
1600 3370 1652 3415 et
1681 3358 1959 3415 manifesta

362 3463 578 3518 flumina
600 3463 892 3534 ignorares.

992 3587 1180 3629 SECTIO
1222 3587 1336 3640 vui.

430 3693 680 3763 Incipiam
719 3705 847 3762 ergo
866 3692 1046 3746 dicere
1077 3689 1144 3744 de
1176 3689 1424 3760 gentibus
1447 3687 1514 3742 ab
1536 3685 1774 3742 Oriente.

435 3783 744 3838 Adiabeuici
793 3793 847 3838 et
892 3781 1289 3837 Talcuicoutra
1336 3779 1612 3838 Arabiam.
1670 3773 1952 3842 Saraceni,

363 3877 626 3933 Saraceni
653 3877 740 3931 alii
785 3876 1042 3930 Ataleuos
1073 3884 1257 3930 contra
1291 3872 1564 3927 Arabiam.
1593 3872 1784 3926 Albani
1829 3885 1958 3924 ron-

361 3981 440 4026 tra
482 3970 638 4042 Pylas
691 3969 930 4039 CaSpias.
959 3968 1253 4022 Mndinnitie
1303 3967 1555 4037 majores,
1597 3981 1730 4035 quos
1779 3979 1954 4033 expu-

356 4065 783 4138 gnavitMoyses,
812 4064 949 4118 inter
969 4062 1405 4132 Mesopotamiam
1430 4069 1483 4114 et
1504 4076 1648 4113 mare
1673 4059 1950 4113 Rubrum:

353 4156 526 4211 Minor
573 4169 749 4210 autem
781 4154 985 4209 Madiau
1019 4163 1101 4209 est
1146 4163 1329 4208 contra
1359 4168 1505 4206 mare
1533 4151 1774 4205 Rubrum
1803 4151 1954 4218 juxta

357 4252 766 4325 Egyptumbbi
785 4254 1026 4321 regnavit
1040 4249 1202 4303 Ilavel
1218 4263 1373 4304 socer
1387 4246 1553 4317 Moysi
1567 4247 1656 4315 qui
1675 4243 1951 4299 etIothro.

426 4343 628 4398 Contra
652 4342 1001 4412 Cappadoces
1031 4357 1059 4395 a
1108 4352 1259 4411 parte
1284 4340 1472 4395 dextra
1503 4337 1762 4402 Armenii,
1793 4335 1953 4390 Ilibe-

353 4437 440 4500 rii,
474 4435 498 4472 ἀ
529 4437 758 4499 Birrani,
787 4435 964 4506 Scytre
985 4477 998 4498 ,
1048 4433 1254 4496 Colchi.
1295 4433 1623 4506 Bosphorani
1651 4476 1665 4496 ,
1706 4431 1833 4487 Sani
1863 4431 1950 4500 qui

353 4529 694 4600 appellantur
723 4529 1011 4589 Sanniecs.
1064 4542 1231 4597 usque
1276 4527 1503 4581 Pontum
1557 4523 1948 4587 extendentes;

354 4621 554 4677 ubi‘est
606 4623 892 4685 Acecssus,
925 4620 1192 4685 Absarus,
1228 4629 1282 4675 et
1334 4617 1720 4691 Sebastopolis,
1754 4615 1949 4671 USsili-
1979 4649 2031 4711 Β

355 4729 478 4768 men
521 4714 660 4784 quod
695 4723 777 4768 est
811 4725 1012 4783 portus,
1046 4723 1102 4768 et
1150 4712 1337 4767 Pasius
1377 4711 1596 4777 flumen,
1627 4725 1792 4780 usque
1818 4708 1951 4765 Tra-

357 4818 584 4878 pezunta
615 4806 974 4862 extenduntur
999 4807 1079 4860 lite
1105 4815 1312 4876 gentes.

428 4898 634 4954 Montes
665 4911 841 4954 autem
873 4909 996 4952 sunt
1047 4898 1303 4952 nominati
1349 4913 1420 4951 xtt
1455 4895 1780 4958 :Caucasus,
1813 4893 1952 4948 Tau-

352 5006 463 5058 rus,
514 4991 688 5058 Atlas,
723 5002 745 5028 ο
782 4991 1108 5061 Parnaysus,
1155 4988 1405 5056 Citeron,
1438 4987 1660 5042 l-Ielicon
1682 5029 1695 5052 ,
1729 4985 1947 5041 Parthe-

352 5085 492 5148 nius,
523 5085 687 5156 Nysa,
722 5085 1082 5149 Lucabantus,
1115 5085 1331 5149 Penius,
1363 5085 1643 5154 Olympus,
1693 5082 1949 5137 Libanus.

423 5179 665 5232 Flumina
690 5189 866 5233 autem
896 5188 1224 5249 suttttnagna
1247 5187 1300 5232 et
1331 5179 1602 5231 nominata
1633 5192 1719 5229 XLI
1751 5192 1763 5229 :
1793 5174 1950 5230 Indos

351 5273 438 5343 qni
471 5283 524 5328 cl
568 5273 750 5330 li‘isou.
787 5271 934 5326 Nilus
983 5273 1070 5342 qui
1103 5282 1156 5325 et
1182 5271 1355 5335 Gcon,
1387 5269 1582 5340 Tigris,
1628 5267 1949 5340 Euphrates,

348 5370 639 5434 Iordanis,
712 5367 960 5431 Celisos,
1020 5366 1250 5432 Tanais,
1310 5365 1523 5429 Metios,
1581 5363 1948 5426 Erituanthus,

351 5462 500 5532 Alys,
534 5463 780 5532 Asopus,
841 5461 1214 5525 Thermodon,
1257 5461 1534 5522 Erasinus,
1578 5457 1731 5520 Rius,
1782 5457 1950 5510 Boru-

348 5556 590 5623 stheues,
649 5555 871 5624 Alf.uus,
925 5556 1153 5619 Taurus,
1210 5554 1434 5616 Eurota,
1487 5549 1778 5612 Meander,
1813 5548 1950 5603 Iler—

2140 3349 2357 3401 Amram
2391 3357 2654 3398 annorum
2687 3357 2795 3397 Lxx
2820 3340 3006 3412 genuit
3030 3339 3232 3394 Aaron.

2138 3441 2194 3495 lu
2227 3439 2558 3510 octogesimo
2581 3445 2761 3490 autem
2793 3445 2848 3490 et
2875 3433 3034 3488 tertio
3059 3445 3202 3487 anno
3231 3432 3431 3495 Aaron,
3463 3424 3667 3498 egressi

2064 3544 2188 3590 sunt
2218 3533 2312 3588 lilii
2341 3531 2503 3587 Israel
2557 3531 2625 3585 de
2651 3528 2908 3601 Egypto,
2938 3526 3170 3582 ducente
3193 3539 3289 3581 eos
3316 3522 3516 3593 Moyse.

2138 3627 2298 3682 Fiunt
2321 3625 2481 3696 igitur
2497 3637 2686 3678 omnes
2712 3623 2837 3676 anni
2865 3634 3132 3676 cccexxx.

2138 3721 2192 3774 In
2221 3719 2439 3773 deserto
2469 3733 2535 3770 x1.
2555 3729 2728 3769 annos
2757 3713 2882 3768 facit
2909 3711 3138 3782 populus
3158 3707 3260 3764 sub
3283 3707 3487 3780 Moyse.

2137 3811 2294 3867 Iesus
2339 3809 2484 3862 Nave
2517 3807 2742 3861 transito
2782 3803 3016 3860 Iordane
3055 3801 3182 3857 facit
3217 3803 3268 3855 in
3321 3809 3463 3856 terra
3492 3814 3663 3855 annos

2062 3921 2226 3967 xxvii,
2252 3904 2445 3958 bellum
2472 3903 2579 3970 agit
2600 3900 2754 3954 anuis
2776 3915 2867 3962 vu,
2889 3909 2941 3952 et
2969 3906 3252 3967 postquam
3283 3893 3525 3965 possedit
3553 3903 3664 3950 ter-

2062 4015 2174 4053 ram
2224 3998 2358 4051 vixit
2387 3997 2540 4049 annis
2571 4010 2659 4047 xx.

2134 4090 2290 4144 Fiunt
2320 4103 2470 4158 ergo,
2505 4100 2567 4140 ex
2600 4100 2706 4152 quo
2733 4083 3000 4137 Abraham
3038 4081 3182 4135 venit
3207 4081 3260 4134 in
3289 4088 3485 4134 terram
3508 4080 3647 4135 Cha-

2063 4197 2239 4244 uaam,
2271 4194 2436 4248 usque
2467 4177 2533 4230 ad
2556 4187 2784 4230 mortem
2808 4173 2938 4228 Iesu
2967 4171 3140 4234 Nave:
3163 4169 3541 4240 generationes
3558 4185 3660 4224 nu-

2062 4291 2210 4331 mero
2233 4289 2323 4337 vtt,
2348 4271 2471 4325 anni
2501 4287 2533 4325 υ
2561 4285 2659 4334 ;ex
2682 4268 2850 4323 Adam
2878 4275 3056 4320 autem
3073 4263 3453 4335 generationes
3485 4277 3658 4332 xxvii,

2057 4369 2181 4426 anui
2210 4384 2286 4435 Ill,
2309 4381 2668 4422 MCCCLXXXIV.

2741 4558 2925 4602 SECTIO
2964 4559 3017 4598 Χ.

2131 4713 2263 4768 Post
2294 4715 2520 4764 mortem
2569 4719 2698 4760 vero
2722 4703 2849 4760 Iesu
2897 4716 3126 4773 peccans
3175 4702 3403 4772 populus
3431 4699 3667 4757 traditur

2056 4806 2382 4863 Cusarsaton
2420 4802 2530 4873 regi
2567 4797 2989 4870 Mesopotamiae,
3017 4797 3104 4852 cui
3135 4795 3302 4851 servit
3324 4810 3498 4850 annos
3535 4809 3653 4859 vut,

2055 4912 2109 4957 et
2135 4916 2256 4955 cum
2283 4893 2650 4955 clamassetad
2694 4892 2979 4948 Dominum
3008 4930 3022 4952 ,
3043 4886 3649 4944 exsurrexitGothoniel

2056 4992 2224 5048 frater
2249 4989 2413 5047 Caleb
2446 4987 2628 5057 junior
2671 4983 2740 5039 de
2786 4982 2954 5037 Tribu
3006 4979 3172 5046 Iuda,
3205 4978 3294 5048 qui
3325 4975 3665 5032 denuntiavit

2057 5085 2154 5155 ipsi
2210 5082 2560 5144 Cusarsaton,
2591 5085 2646 5132 et
2675 5073 2869 5130 occidit
2904 5073 3072 5140 illum,
3109 5079 3164 5128 et
3191 5071 3359 5142 gessit
3403 5069 3654 5124 ducatum

2056 5175 2237 5249 populi
2265 5173 2422 5229 annis
2457 5188 2611 5226 χχχι.

2133 5270 2200 5323 Et
2245 5269 2438 5320 iterum
2485 5263 2612 5318 dum
2646 5269 2916 5332 peccaret,
2953 5257 3182 5313 traditus
3230 5266 3314 5312 est
3342 5255 3514 5326 Eglon
3545 5255 3663 5326 regi

2060 5362 2237 5427 Moab,
2257 5369 2312 5415 et
2338 5359 2560 5412 servivit
2588 5356 2661 5410 illi
2684 5354 2842 5408 annis
2872 5367 3021 5407 xvm.
3051 5349 3326 5406 Converso
3353 5357 3533 5403 autem
3563 5363 3661 5418 po-

2053 5456 2178 5527 pulo
2222 5449 2453 5506 surrexit
2489 5447 2635 5512 Aod,
2686 5446 2766 5499 vir
2800 5445 2868 5500 de
2915 5443 3080 5499 Tribu
3113 5441 3348 5510 Effrcm,
3393 5449 3449 5497 et
3476 5441 3660 5498 occiso

2057 5546 2250 5617 Eglon,
2271 5541 2599 5612 principatus
2616 5547 2697 5593 est
2722 5536 2920 5608 populo
2947 5536 3103 5590 anuis
3126 5550 3290 5590 Lxxx.

1584 5659 1965 5720 LECTIONES
2003 5651 2413 5715 VARIANTES.

414 5791 439 5818 ¹¹
469 5790 597 5849 Eryt.
628 5791 772 5841 Labb.
797 5789 1022 5849 Erythra.

415 5851 441 5888 h
467 5852 752 5912 Valliaricze,
783 5853 924 5903 Labb.
949 5849 1234 5912 Balearica}.

416 5922 436 5947 ε
469 5916 654 5977 I'ahne,
689 5915 827 5967 Labb.
860 5911 1060 5968 Pulctte.

2114 5772 2140 5812 ἀ
2179 5771 2391 5822 Birrani.
2418 5767 2587 5818 Labbe.
2617 5766 2830 5817 Gircani.

2125 5840 2149 5872 ε
2175 5836 2468 5898 Parnaysus,
2493 5831 2708 5884 Citeron.
2739 5828 2909 5880 Labbe.
2938 5827 3228 5891 Parnassus,
3269 5825 3534 5879 Cithaeron.

3820 679 3838 724 2
