4242 6222
608 254 711 315 667

1897 248 2288 310 CHRONICON
2328 249 2653 309 ANONYMI.
2732 262 2739 269 ‘

3748 306 3761 313 -
3800 248 3904 305 €68

677 368 886 427 illortuo
925 377 1104 425 autem
1156 367 1306 433 Aod,
1338 367 1657 439 deliuquens
1704 368 1934 437 populos
1975 366 2203 422 traditus
2228 367 2282 427 Α
2380 366 2508 422 Post
2538 367 2701 427 David
2726 375 2905 437 autem
2932 376 3121 443 regnat
3145 366 3399 423 Salomon
3431 364 3572 420 ﬁlius
3596 366 3731 436 ejus.
3754 369 3907 423 annis

609 471 695 515 est
739 460 892 516 Jabiu
932 461 1046 531 regi
1076 460 1487 527 Canaumorunt,
1524 460 1607 514 cui
1653 460 1878 525 servivit
1926 460 2081 514 anuis
2110 475 2201 513 xx.

608 551 725 613 Sub
747 570 811 609 eo
843 553 1183 624 prephetavit
1215 554 1476 620 chorra,
1512 566 1644 607 uxor
1668 552 1926 619 Lapidod,
1947 551 2013 606 de
2040 552 2206 605 Tribu

615 645 815 702 Eﬁ‘rem
852 662 864 700 :
900 655 955 700 et
1011 660 1105 715 per
1149 645 1315 715 ipsam
1356 644 1605 699 ducatum
1648 642 1817 712 gessit
1848 642 2015 696 Barac
2062 641 2210 696 Ami-

621 753 783 799 noen.
805 737 873 792 de
927 737 1066 792 tribu
1092 736 1381 807 Neptalim.
1410 736 1502 790 llic
1524 734 1856 809 denuntiavit
1893 733 2047 789 Jabiu
2073 733 2206 804 regi,

617 838 674 887 et
712 827 906 884 occidit
956 844 1080 884 eum
1106 869 1121 895 ,
1160 839 1215 884 et
1271 828 1515 899 regnavit
1539 825 1787 897 judicans
1818 840 1938 880 cum
1974 824 2209 881 Deborra

617 920 772 974 annis
799 937 887 976 XL.
1986 982 1991 989 .

693 1014 821 1068 Post
836 1012 987 1083 cujus
1016 1022 1244 1068 mortem
1269 1012 1510 1083 peccavit
1532 1013 1777 1082 populus,
1808 1020 1863 1083 et
1888 1010 2109 1064 traditus
2130 1018 2212 1063 est

622 1105 911 1171 Madiaueis
939 1109 1094 1163 annis
1138 1123 1206 1163 vn
1234 1149 1249 1175 ,
1281 1122 1440 1177 super
1472 1121 1606 1177 quos
1632 1106 1868 1162 surrexit
1894 1104 2111 1173 cheon
2144 1103 2211 1159 de

624 1203 762 1257 tribu
804 1202 1067 1270 Manasse,
1099 1202 1187 1272 qui
1212 1203 1261 1256 in
1289 1217 1384 1257 ccc
1419 1201 1569 1267 viris,
1598 1216 1704 1257 cxx
1736 1199 1967 1256 hostium
1996 1199 2066 1254 Μ.
2092 1213 2202 1269 pcr-

625 1295 778 1352 didit.
814 1296 908 1351 llic
934 1296 1073 1351 rexit
1103 1296 1361 1366 populum
1382 1296 1536 1351 annis
1554 1311 1640 1350 χι..

692 1388 859 1458 Hujus
888 1388 1029 1443 filius
1054 1388 1348 1445 Abimelec.

689 1481 819 1537 Post
869 1483 1010 1538 hunc
1059 1478 1268 1552 praefuit
1316 1476 1512 1553 populo
1540 1481 1710 1537 Tholc
1763 1480 1901 1535 filius
1929 1479 2078 1542 Fale,
2122 1478 2212 1532 ﬁlii

621 1574 834 1641 Caram,
853 1576 921 1631 de
950 1576 1088 1631 tribu
1138 1575 1336 1631 Eﬁ'rem
1365 1576 1521 1630 anuis
1550 1592 1638 1630 xx.
2112 1634 2119 1641 ε

693 1670 820 1725 Post
847 1671 1017 1735 hunc,
1062 1670 1317 1741 judicavit
1343 1670 1456 1725 Jair
1492 1668 1766 1725 Galadites
1811 1667 1878 1724 de
1920 1668 2059 1722 tribu
2105 1665 2215 1721 Ma-

622 1777 801 1827 nasse,
826 1772 878 1817 et
907 1762 1121 1833 praefuit
1146 1764 1302 1818 annis
1337 1779 1472 1817 χχιι.

695 1857 821 1912 Post
848 1857 1011 1922 hunc,
1047 1872 1275 1928 peccans
1314 1856 1545 1927 populus
1592 1856 1819 1910 traditus
1868 1865 1951 1911 est
1997 1856 2215 1910 Amma-

615 1949 743 2005 nitis
772 1934 930 2007 annis
954 1967 1106 2017 xvm,
1126 1961 1181 2006 et
1216 1966 1338 2006 cum
1366 1952 1653 2006 clamasset
1679 1950 1745 2005 ad
1769 1950 2077 2015 Dominum,
2102 1963 2219 2004 sur—

622 2045 766 2100 rexit
793 2044 896 2099 illis
922 2046 1174 2116 princeps
1202 2043 1357 2114 .lepte
1392 2044 1693 2109 Galaadita,
1722 2044 1790 2099 de
1813 2043 1952 2098 tribu
1982 2041 2118 2111 Gad,
2152 2041 2221 2097 de

626 2138 843 2193 civitate
866 2137 1161 2204 Masefath;
1190 2146 1245 2194 et
1267 2137 1435 2208 gessit
1462 2138 1713 2192 ducatum
1744 2136 1898 2191 anuis
1916 2152 1987 2190 vi.

701 2231 828 2287 Post
855 2231 1019 2299 hunc,
1044 2231 1305 2303 judicavit
1333 2232 1467 2287 Elon
1503 2232 1659 2286 annis
1693 2247 1747 2285 x.

703 2321 827 2378 Post
866 2322 1029 2387 hunc,
1063 2323 1323 2393 judicavit
1376 2322 1590 2378 Hebron
1631 2321 1775 2376 ﬁlius
1815 2320 2029 2377 Allelou
2060 2319 2225 2375 Fara-

631 2413 875 2481 thonoin,
900 2414 967 2471 de
992 2415 1131 2470 tribu
1167 2414 1387 2479 Eﬁ’rem,
1420 2415 1576 2469 annis
1592 2430 1705 2469 vnt.

703 2498 833 2564 Post
876 2509 1035 2575 bune,
1066 2524 1296 2580 peccans
1325 2509 1554 2582 populus
1605 2507 1833 2564 traditur
1868 2506 2097 2562 Alloﬁlis
2129 2521 2224 2577 per

626 2614 799 2656 annos
840 2617 928 2657 XI...

702 2692 830 2749 Post
856 2693 991 2760 haec,
1024 2695 1299 2751 conversis
1346 2694 1469 2751 ﬁliis
1521 2694 1685 2749 Israel
1714 2694 1948 2750 surrexit
1971 2692 2221 2757 Samson,

634 2783 777 2839 ﬁlius
797 2784 1003 2852 Manoe,
1028 2785 1095 2842 de
1118 2787 1258 2841 tribu
1285 2787 1420 2841 Dan.
1447 2785 1545 2843 Hie
1568 2785 1857 2842 debellavit
1884 2785 2147 2850 Alloﬁlos,
2171 2793 2227 2840 et

632 2878 799 2947 gessit
825 2879 1178 2948 principatum
1199 2879 1355 2935 annis
1384 2896 1472 2936 xx.
1922 2892 1925 2901 '

706 2967 1014 3035 Posthunc,
1053 2970 1167 3027 lleli
1194 2971 1446 3027 sacerdos
1467 2970 1726 3041 judicavit
1751 2986 1923 3028 annos
1948 2987 2038 3025 xx.

707 3060 874 3128 Post,
917 3062 1135 3120 Samuel
1181 3064 1442 3136 propheta
1493 3066 1643 3121 unxit
1678 3064 1806 3122 Saul
1851 3066 1905 3121 in
1936 3078 2138 3137 regem,
2173 3074 2229 3121 et

631 3154 747 3225 ipse
766 3155 1023 3226 judicavit
1051 3159 1308 3230 pupulum
1336 3160 1491 3214 anuis
1523 3176 1652 3216 xxx.

706 3246 833 3302 Post
885 3256 1114 3318 tempus,
1145 3264 1265 3305 cum
1318 3262 1563 3320 regnaret
1598 3251 1785 3316 David,
1818 3251 2002 3307 eduxit
2045 3266 2224 3308 arcam

633 3336 702 3393 de
729 3338 890 3394 domo
936 3340 1255 3403 Aminadab,
1284 3351 1338 3396 et
1378 3342 1596 3396 divertit
1623 3342 1853 3407 vitulos;
1885 3354 1941 3398 et
1973 3359 2095 3399 cum
2133 3360 2223 3399 rc-
2254 3356 2257 3359 '

633 3440 938 3487 verteretur
964 3431 1216 3502 opposuit
1252 3448 1442 3489 manus
1472 3433 1613 3489 ﬁlius
1639 3434 1961 3500 Amiuadab,
2007 3436 2225 3492 nomine

634 3522 741 3579 Oza
772 3534 823 3579 et
852 3540 1136 3594 percussus
1187 3537 1303 3584 est:
1334 3536 1389 3583 et
1416 3527 1592 3582 timuit
1618 3527 1805 3596 David,
1839 3538 1893 3584 et
1918 3527 2128 3583 induxit
2159 3529 2224 3583 il-

633 3615 740 3672 lam
772 3616 824 3672 in
859 3617 1081 3674 domum
1112 3619 1418 3676 Abeddarat
1444 3619 1658 3687 Gethei,
1693 3629 1747 3676 et
1775 3620 1901 3677 fecit
1944 3620 2017 3676 ibi
2058 3636 2216 3676 men-

631 3724 720 3765 BBS
747 3718 878 3767 tres.

703 3801 968 3870 Regnavit
1019 3814 1194 3860 autem
1244 3807 1369 3861 Saul
1414 3808 1568 3863 annis
1613 3823 1738 3863 xxx.
1772 3808 1897 3862 Erat
1927 3817 2104 3862 autem
2150 3807 2227 3864 illi

635 3896 743 3953 dux
775 3899 980 3966 Abuer,
1013 3899 1151 3955 ﬁlius
1186 3899 1313 3957 Ner.
1346 3902 1465 3972 Ipse
1493 3912 1669 3959 autem
1699 3901 1915 3959 Samuel
1947 3901 2095 3957 unxit
2127 3902 2228 3958 Da-

629 3991 716 4047 vid
749 3993 801 4047 in
843 4009 1046 4063 regem.

705 4083 869 4139 Fiunt
899 4086 1059 4156 igitur
1083 4086 1151 4141 ab
1177 4085 1307 4143 Jesu
1335 4102 1615 4159 usquequo
1640 4102 1936 4143 conversus
1956 4089 2096 4158 cepit
2127 4088 2231 4144 Da—

631 4176 720 4232 vid
760 4193 984 4249 regnum
1013 4180 1065 4234 in
1115 4181 1255 4236 tribtt
1302 4181 1438 4237 Juda
1468 4224 1483 4245 ,
1538 4183 1995 4252 generationest
2033 4204 2044 4237 :
2077 4183 2231 4239 anuis

631 4285 943 4343 ccecexxx;
977 4274 1045 4329 ab
1075 4274 1247 4330 Adam
1292 4286 1472 4331 autem
1498 4276 1875 4347 generationes
1908 4293 2066 4333 xxxiv
2093 4293 2107 4345 ;
2137 4293 2226 4335 an.

630 4377 710 4429 tv,
736 4379 1017 4422 ucccexrv.

1289 4472 1476 4514 δεδι-ιο
1515 4475 1587 4513 ll.

708 4551 974 4620 Deinceps
995 4560 1181 4621 regnat
1203 4551 1368 4606 David
1388 4553 1541 4607 annis
1574 4570 1639 4607 χι.
1670 4553 1942 4610 mensibus
1970 4570 2084 4609 sex.

710 4641 767 4697 lu
801 4636 981 4697 Ebron’
1021 4640 1197 4697 autem
1250 4638 1492 4714 regnavit
1520 4622 1671 4700 annis
1703 4662 1770 4700 vn
1800 4642 2073 4701 mensibus
2112 4662 2228 4715 sex,

639 4742 693 4789 et
721 4734 770 4790 iu
794 4735 1089 4791 Jerusalem
1118 4736 1275 4791 annis
1305 4753 1493 4791 χχχιιι.
1524 4737 1636 4793 Sub
1666 4736 1767 4793 hoc
1795 4737 2046 4794 sacerdos
2074 4739 2233 4795 Abia-

638 4827 781 4898 thar,
806 4828 945 4884 illius
969 4826 1263 4898 Abimelec,
1292 4846 1355 4887 ex
1382 4828 1580 4903 genere
1602 4831 1738 4899 lleli,
1770 4842 1821 4887 et
1850 4848 1913 4887 ex
1937 4831 2037 4887 alia
2064 4834 2232 4904 patria

634 4919 867 4981 Saddoc.

714 5019 1110 5090 PrOphetabant
1141 5030 1318 5076 autem
1341 5020 1670 5091 temporibus
1693 5020 1880 5087 David,
1916 5022 2029 5079 Gad
2056 5032 2109 5079 et
2130 5018 2234 5079 Na-

636 5112 786 5168 than.
811 5114 936 5168 Erat
953 5124 1130 5169 autem
1159 5114 1258 5181 ipsi
1295 5114 1464 5169 David
1486 5114 1590 5169 dux
1614 5108 1769 5175 Joad.
1792 5110 1931 5170 ﬁli'us
1958 5114 2161 5173 Sarviae
2181 5128 2228 5184 ³,

634 5207 841 5262 sororis
874 5207 1061 5262 David.
1095 5206 1190 5262 Hie
1212 5207 1566 5263 diuumeravit
1592 5210 1846 5280 populant
1876 5227 1889 5273 ;
1922 5221 1975 5267 ct
2000 5222 2115 5268 erat
2137 5229 2235 5268 nu-

632 5315 836 5368 merus,
856 5316 994 5371 quos
1026 5302 1327 5357 muneravit
1356 5303 1585 5359 ﬁliorum
1616 5302 1778 5361 Israel
1812 5306 2008 5375 millies
2032 5308 2236 5365 centies

626 5391 865 5447 milleni:
894 5391 985 5448 ﬁlii
1016 5400 1193 5449 autem
1223 5392 1361 5449 Juda
1390 5394 1831 5465 quadringenties
1875 5399 2074 5469 septies
2115 5401 2237 5456 mil-

623 5481 901 5540 leni.Levi
922 5493 1103 5541 autem
1128 5492 1182 5539 et
1205 5474 1485 5555 Benjamin
1518 5503 1619 5543 non
1649 5488 2243 5550 dinumeravit.Ntnne.

613 5588 710 5631 rus
732 5583 907 5633 autem
937 5590 1131 5640 eorum
1162 5582 1250 5653 qui
1273 5578 1585 5635 ceciderunt
1613 5596 1678 5635 ex
1699 5581 1888 5653 Israel,
1921 5602 2022 5641 Lxx
2052 5578 2237 5644 milli).

2313 474 2399 524 xL,
2423 470 2477 514 et
2520 459 2619 514 sub
2659 460 2776 528 ipso
2805 459 2981 515 adlmc
3007 458 3215 515 Natban
3258 460 3546 530 prophetat
3576 474 3588 512 :
3619 468 3673 515 et
3712 459 3908 516 Aebias

2320 564 2387 603 ex
2418 552 2596 617 Selon,
2623 560 2678 608 et
2699 553 2838 607 inter
2865 567 2962 608 eos
2985 551 3236 607 sacerdos
3265 550 3494 607 Saddoc.
3530 616 3535 623 _

2386 642 2515 697 Post
2562 642 2930 709 Salomonem,
2962 652 3148 713 regnat
3194 643 3435 698 Roboam
3470 643 3609 699 lilius
3646 643 3766 715 ejus
3815 660 3910 701 an-

2314 749 2414 789 nos
2448 752 2535 790 xtv
2569 753 2582 789 :
2614 736 2715 811 sub
2755 735 2857 791 hoc
2886 736 3111 792 divisum
3142 744 3225 791 est
3255 751 3477 807 regnum
3508 744 3562 791 et
3588 737 3830 807 regnavit
3857 738 3911 793 in

2316 830 2560 885 Samaria
2610 830 2896 887 Jeroboam
2952 846 3141 886 servus
3198 830 3525 897 Salomonis,
3553 829 3623 885 de
3647 831 3785 885 tribu
3816 830 3908 885 Ef-

2317 921 2477 991 frem,
2505 922 2790 993 prephetat
2819 932 3021 988 autem,
3063 934 3114 978 et
3144 923 3243 979 sub
3275 921 3559 978 Jeroboatn
3585 919 3783 978 Acbias
3811 922 3910 978 Se-

2318 1016 2534 1084 lonites,
2569 1029 2622 1073 et
2649 1017 2869 1073 Sameas
2899 1016 3038 1092 ﬁlius
3065 1016 3286 1071 Ailami.

2389 1108 2518 1164 Post
2563 1108 2826 1175 Roboam,
2861 1118 3047 1180 regnat
3078 1109 3244 1165 Abias
3272 1109 3411 1164 ﬁlius
3454 1109 3573 1179 ejus
3597 1110 3752 1165 annis
3779 1126 3909 1183 xvu.

2392 1202 2520 1259 Post
2550 1203 2764 1270 Abiam,
2795 1215 2979 1275 ri-guat
3012 1204 3156 1258 Asab
3186 1203 3326 1258 ﬁlius
3355 1204 3471 1277 ejus
3501 1202 3655 1258 anuis
3690 1220 3796 1258 xu.
3819 1204 3913 1259 Hic

2316 1297 2371 1352 in
2395 1308 2635 1367 tempore
2661 1299 2954 1355 senectutis
2974 1298 3137 1369 pedes
3150 1298 3336 1354 doluit.
3360 1296 3718 1369 Prophetabat
3736 1310 3915 1355 autem

2317 1390 2416 1449 sub
2440 1405 2506 1445 eo
2528 1391 2767 1447 Azarias.

2316 1548 2321 1553 _
2391 1483 2521 1545 Post
2558 1484 2724 1549 Asab,
2760 1492 2947 1563 regnat
2987 1484 3125 1539 ﬁlius
3160 1484 3277 1554 ejus
3303 1484 3564 1559 .losapbat
3596 1484 3753 1540 annis
3788 1500 3914 1540 xxv.

2317 1570 2429 1632 sub
2456 1577 2559 1632 hoc
2599 1577 2885 1649 prophetat
2906 1577 3104 1645 Helias,
3136 1589 3190 1634 et
3233 1564 3465 1635 Miebeas
3494 1579 3636 1635 ﬁlius
3660 1579 3915 1647 Jemblas,

2318 1679 2373 1725 et
2402 1671 2605 1725 Abdias
2658 1671 2802 1726 ﬁlius
2857 1672 3099 1726 Ananiae.
3150 1670 3264 1739 Sub
3319 1672 3528 1728 Micltea
3578 1682 3757 1729 autem
3805 1682 3921 1729 erat

2244 1762 2293 1825 B
2323 1764 2797 1836 pseudopropheta
2828 1764 3083 1820 Sedecias
3110 1764 3252 1834 filius
3288 1763 3563 1821 Canautci.

2397 1856 2525 1912 Post
2553 1856 2830 1927 Josaphat,
2866 1869 3051 1928 regnat
3086 1856 3228 1913 ﬁlius
3277 1859 3397 1930 ejus
3435 1857 3617 1913 .loram
3647 1858 3802 1913 annis
3825 1875 3916 1931 xx,

2325 1958 2380 2006 et
2406 1950 2505 2004 sub
2545 1952 2662 2020 ipso
2695 1950 2977 2022 prophetat
3032 1950 3239 2018 Helias,
3275 1961 3331 2007 et
3361 1961 3481 2022 pest
3520 1952 3662 2008 hunc
3693 1953 3922 2025 prophe-

2328 2051 2406 2120 tat
2429 2041 2676 2099 Heliseus
2692 2044 2793 2098 sub
2821 2043 2931 2098 lilio
2947 2043 3130 2100 Joram
3153 2040 3407 2110 Ochozia,
3436 2045 3536 2100 sub
3561 2058 3668 2115 quo
3694 2044 3926 2116 populus

2327 2137 2380 2193 in
2414 2137 2651 2193 Samaria
2686 2138 2824 2193 ﬁlios
2866 2153 3015 2206 suos,
3062 2148 3117 2194 et
3143 2150 3353 2195 stercus
3378 2138 3735 2194 columbinum
3764 2154 3926 2195 man-

2326 2228 2574 2297 ducabat,
2608 2239 2866 2299 regnante
2892 2231 2943 2284 in
2971 2229 3212 2286 Samaria
3238 2229 3435 2285 .loram.
3580 2211 3587 2217 ’

2400 2319 2527 2376 Post
2554 2320 2734 2375 Joram
2764 2322 3005 2392 regnavit
3029 2323 3173 2377 ﬁlius
3194 2323 3311 2394 ejus
3333 2322 3595 2379 Ochozias
3615 2338 3755 2379 anno
3774 2339 3885 2381 uno
3906 2342 3923 2380 :

2328 2421 2383 2469 et
2407 2414 2508 2470 sub
2541 2414 2641 2469 boc
2660 2414 2947 2485 prOpbetat
2977 2414 3173 2471 GOlhul
3205 2426 3263 2472 et
3289 2416 3567 2472 Labdone.

2400 2507 2529 2562 Post
2557 2508 2716 2575 hunc,
2746 2520 2935 2578 regnat
2973 2508 3243 2574 Gotbolia,
3275 2519 3445 2565 mater
3469 2509 3739 2577 chozize,
3764 2512 3923 2566 anuis

2328 2617 2437 2657 vnt.
2473 2600 2603 2669 Qua:
2634 2616 2928 2672 exsurgens
2955 2602 3150 2657 occidit
3178 2611 3330 2658 natos
3360 2604 3452 2656 lilii
3480 2604 3561 2657 sui
3591 2622 3604 2656 :
3634 2613 3751 2658 erat
3779 2604 3925 2658 enim

2328 2692 2397 2748 de
2425 2708 2625 2763 genere
2656 2693 2838 2748 Achab
2868 2694 3011 2762 regis
3038 2693 3200 2748 lsrael
3226 2710 3237 2745 :
3272 2708 3427 2748 soror
3451 2703 3629 2749 autem
3653 2693 3923 2767 chozire,

2331 2787 2549 2841 nomine
2571 2786 2850 2854 Zosabam,
2884 2802 3003 2840 cum
3031 2796 3176 2841 esset
3200 2785 3401 2842 Joiadaa
3433 2786 3739 2842 Sacerdotis
3766 2802 3924 2851 uxor,

2332 2878 2503 2934 furata
2536 2888 2619 2934 est
2646 2880 2804 2944 Joas,
2847 2879 3015 2933 ﬁlium
3045 2880 3316 2950 chozite,
3348 2880 3434 2936 cui
3461 2880 3646 2936 Joiada
3674 2880 3928 2936 sacerdos

2330 2972 2584 3042 imposuit
2613 2971 2992 3043 regimonium.
3020 2972 3311 3042 Propbetat
3331 2981 3509 3027 autem
3550 2970 3652 3027 sub
3679 2956 3925 3029 Gotbolia

2331 3064 2561 3120 Eliseus.

2252 3155 2297 3220 Ο
2405 3157 2531 3211 Pest
2550 3158 2705 3223 hanc,
2732 3167 2918 3228 regnat
2946 3157 3073 3212 .loas
3100 3156 3239 3211 ﬁlius
3258 3157 3504 3212 chozia:
3534 3159 3689 3213 anuis
3715 3173 3803 3212 ιι..
3832 3156 3928 3212 llic

2330 3251 2595 3308 interfecit
2623 3250 2937 3306 Zachariam
2970 3252 3132 3305 ﬁlium
3163 3249 3366 3306 Joiada:
3393 3249 3709 3305 sztcerdOtis.

2403 3342 2533 3397 Post
2560 3342 2707 3407 .loas,
2756 3351 2943 3413 regnat
2993 3341 3133 3396 ﬁlius
3177 3342 3294 3408 ejus
3330 3342 3574 3396 Amasias
3625 3343 3780 3397 annis
3810 3358 3925 3398 vni.

2403 3434 2531 3489 Post
2559 3435 2853 3499 Amasiam,
2890 3435 3131 3505 regnavit
3160 3433 3304 3489 ﬁlius
3331 3433 3449 3502 ejus
3476 3434 3632 3488 Ozias
3652 3435 3805 3487 annis
3833 3450 3926 3488 ιιι.

2329 3528 2427 3584 llic
2478 3530 2723 3599 leprosus
2766 3527 2868 3583 fuit
2921 3542 3200 3597 usquequo
3256 3536 3571 3582 moreretur.
3634 3525 3927 3581 Iudicabat

2331 3635 2508 3680 autem
2557 3622 2657 3679 sub
2696 3639 2762 3680 eo
2788 3622 3041 3679 Joatbam
3071 3622 3207 3676 ﬁlius
3239 3621 3377 3692 ejus.
3406 3620 3799 3691 Pro'phetabant
3819 3620 3927 3675 sub

2331 3714 2481 3785 Ozia,
2518 3714 2681 3771 Amos
2728 3728 2783 3770 et
2830 3713 3017 3769 Esaias
3081 3714 3220 3768 filius
3270 3715 3387 3783 ejus
3417 3754 3432 3779 ,
3478 3723 3533 3768 et
3584 3709 3739 3768 Ozete
3787 3700 3929 3768 ﬁlius

2332 3810 2548 3876 Beberi,
2575 3819 2627 3865 et
2658 3808 2822 3865 Jonas
2845 3806 2985 3863 illius
3018 3806 3230 3861 Amatbi
3258 3821 3320 3861 cx
3348 3804 3532 3861 Gofer.

2406 3902 2537 3957 Post
2562 3902 2766 3969 Oziam,
2794 3910 2981 3972 regnat
3012 3900 3151 3955 filius
3188 3902 3303 3970 ejus
3327 3899 3578 3955 Joatham
3622 3900 3776 3955 anuis
3817 3916 3928 3954 χιι.

2333 3994 2447 4052 Sub
2469 3992 2571 4050 hoc
2595 3994 2872 4066 propheta:
2896 3993 3105 4060 Esaias,
3139 3992 3301 4060 Osee,
3335 3992 3573 4049 Micbeas
3622 3990 3929 4059 Moratbita,

2333 4097 2387 4145 et
2412 4084 2531 4143 .loel
2562 4087 2700 4142 lilius
2731 4084 2941 4141 Batuel.

2405 4182 2534 4237 Post
2576 4180 2848 4247 .loatbam,
2879 4187 3069 4250 regnat
3096 4177 3238 4234 ﬁlius
3285 4178 3403 4248 ejus
3440 4176 3620 4234 Aebas
3649 4178 3806 4234 annis
3841 4164 3933 4247 xv,

2333 4270 2388 4334 et
2415 4277 2514 4333 sub
2530 4276 2630 4331 hoc
2654 4276 2928 4347 prophetae,
2956 4274 3161 4339 Esaias,
3194 4274 3334 4328 Osee
3355 4281 3411 4328 et
3436 4269 3670 4327 Miclteas
3702 4288 3719 4329 :
3746 4288 3936 4328 sacer-

2335 4370 2434 4427 dos
2456 4380 2632 4425 autcm
2680 4368 2856 4425 Urias.
2891 4364 3003 4423 Sub
3034 4352 3136 4423 hoc
3162 4366 3532 4438 Salmanassar
3552 4381 3643 4420 rex
3682 4364 3942 4439 Assyrio-

2338 4480 2459 4519 rum
2488 4478 2582 4519 eos
2608 4463 2698 4535 qui
2739 4471 2893 4517 erant
2921 4461 2975 4516 iu
3020 4458 3259 4516 Samaria
3300 4456 3699 4531 transmigravit
3728 4457 3781 4513 in
3822 4456 3940 4525 Me-

2255 4552 2311 4614 D
2335 4556 2481 4638 diam
2510 4565 2567 4611 et
2596 4555 2967 4628 Babyloniam.

2410 4652 2538 4707 Post
2561 4648 2758 4716 Achas,
2784 4649 3025 4720 regnavit
3050 4648 3190 4703 ﬁlius
3211 4648 3326 4717 ejus
3349 4647 3609 4703 Ezechias
3624 4647 3782 4704 annis
3804 4646 3939 4703 xxv.

2337 4744 2449 4801 Sub
2477 4745 2577 4799 hoc
2600 4742 2875 4813 prephetae
2902 4741 3105 4808 Esaias,
3133 4738 3383 4806 Micheas,
3409 4752 3462 4796 et
3483 4740 3642 4795 Osee.

2411 4839 2539 4893 Post
2569 4828 2873 4905 Ezechiam,
2906 4834 3044 4891 ﬁlius
3074 4835 3189 4905 ejus
3216 4836 3458 4890 Manasse
3485 4853 3609 4890 ann.
3640 4850 3728 4890 LV.

2412 4932 2538 4988 Post
2560 4932 2823 4997 Manasse,
2842 4941 3026 5001 regnat
3051 4929 3194 4985 ﬁlius
3214 4928 3331 5000 ejus
3345 4930 3509 4985 Amos
3530 4931 3687 4985 anuis
3702 4908 3942 4990 dhobus.

2414 5025 2543 5081 Post
2565 5029 2730 5080 Amos
2761 5034 2950 5095 regnat
2970 5020 3107 5078 ﬁlius
3134 5024 3251 5093 ejus
3279 5023 3455 5079 Josias
3482 5025 3636 5085 anuis
3658 5040 3811 5079 xxxi.
3845 5024 3954 5083 Hic

2339 5118 2483 5175 ldola
2512 5128 2566 5173 et
2592 5114 2838 5172 altarium
2861 5116 3116 5171 Samaria:
3137 5115 3440 5186 dissipavit.
3467 5114 3578 5172 Sub
3607 5115 3709 5171 hoc
3730 5115 3953 5175 Pascha

2341 5213 2670 5269 celebratum
2703 5220 2787 5265 est
2834 5225 2974 5265 anno
3001 5224 3130 5264 xvtn
3170 5209 3320 5279 regni
3364 5207 3501 5280 ejus.
3552 5206 3683 5262 Nam
3733 5223 3800 5267 ex
3833 5225 3959 5279 quo

2341 5315 2587 5381 mortuus
2612 5311 2695 5377 est
2723 5304 2848 5358 .lesu
2876 5300 3042 5368 Nave,
3062 5318 3167 5357 non
3194 5311 3276 5357 est
3307 5311 3575 5356 servatum
3603 5300 3805 5369 Pascha
3836 5304 3962 5358 sic-

2344 5408 2401 5455 ut
2428 5406 2571 5454 tuuc.
2605 5396 2717 5453 Sub
2740 5397 2842 5452 hoc
2864 5394 3072 5451 Celeias
3095 5395 3349 5451 sacerdos
3369 5404 3522 5466 pater
3546 5393 3797 5451 Jeremia:
3818 5412 3967 5467 pro—

2344 5492 2518 5563 phetae
2548 5491 2749 5546 invenit
2781 5491 2831 5544 in
2876 5488 3113 5545 sacrario
3160 5488 3353 5555 librum
3384 5488 3543 5558 Legis
3566 5486 3768 5543 inxvnt
3796 5504 3967 5547 anno

2345 5587 2493 5657 regni
2537 5585 2721 5641 Josite.
2779 5584 3107 5655 Fmpbetaut
3145 5592 3322 5640 autem
3361 5582 3461 5639 sub
3499 5597 3563 5640 eo
3609 5581 3764 5639 Oliba
3808 5598 3969 5642 uxor

1854 5689 2235 5763 LECTIONES
2271 5697 2690 5761 VABIANTES.

661 5800 686 5827 “
707 5797 885 5887 Soror/3'
944 5803 1125 5877 Ιιιιὺὐε,
1152 5811 1377 5894 σθμῇἱεὶι
1406 5812 1679 5884 legendum,
1724 5821 1929 5898 sororii.
