4264 6258
356 376 467 460 suo

1613 366 2000 430 CHRONICON
2042 363 2378 421 ANONYML

3564 351 3672 410 670

360 515 547 582 Sellim
578 528 609 568 a
632 518 780 567 veste
819 504 1137 571 sacerdotis,
1166 508 1221 558 et
1276 497 1527 556 Sofonias
1579 502 1634 550 et
1668 489 1956 554 Jeremi‘as,
1986 482 2041 542 Α
2138 481 2222 536 Ab
2253 478 2441 535 Exodo
2492 478 2708 551 Egypti
2738 492 2906 548 usque
2958 474 3010 529 in
3062 472 3347 551 transitum
3397 469 3669 539 Jordanis,

364 612 469 669 sub
494 616 600 681 quo
627 600 1095 679 pseudopropheta
1118 596 1368 652 Ananias.

440 679 575 761 Post
621 701 822 758 Josiam
852 739 868 763 ,
927 700 1122 765 regnat
1179 688 1430 746 Soionias
1497 684 1655 740 annis
1705 679 1962 751 quinque,

367 798 642 856 mensibus
682 791 953 849 undecim.

440 892 569 948 Post
601 888 881 946 Sofouiatn
912 927 926 951 ,
973 884 1163 954 regnat
1188 878 1417 935 Joaehas
1442 874 1584 928 illius
1608 868 1724 941 ejus
1754 880 1968 923 menses

366 994 623 1058 quatuor.
651 981 808 1036 Hunc
828 977 1012 1047 ligavit
1047 973 1260 1030 Neehao
1291 987 1383 1026 rex
1418 967 1657 1039 Egypti,
1682 972 1734 1018 et
1753 960 1971 1016 adduxit

366 1079 426 1135 in
449 1076 765 1149 Egyptum,
796 1071 1044 1127 ordinato
1073 1068 1126 1122 in
1158 1067 1280 1121 loco
1303 1064 1422 1134 ejus
1453 1059 1733 1125 Eliaehim,
1764 1058 1853 1129 qui
1880 1069 1971 1110 co-

369 1144 715 1245 gnominatus
771 1174 855 1221 est
880 1161 1148 1226 Joachim,
1198 1167 1389 1228 regnat
1440 1155 1594 1210 annis
1621 1170 1696 1207 xi.
1727 1151 1838 1206 Sub
1868 1144 1972 1204 hoc

374 1236 663 1337 prophetat
693 1257 979 1321 Jeremias,
1003 1263 1056 1310 et
1085 1251 1236 1313 Buzi.
1272 1259 1325 1305 et
1356 1248 1513 1305 Urias
1562 1246 1705 1301 Iilius
1749 1236 1974 1299 Samace

373 1336 441 1414 ex
485 1352 882 1411 Cariathiarim.
926 1347 1080 1402 Hunc
1129 1341 1626 1399 Nabuchodonosor
1668 1336 1851 1408 ligavit
1885 1351 1975 1390 ea-

371 1448 517 1505 tenis
559 1445 718 1502 aereis
746 1438 993 1498 Joachitn
1022 1452 1203 1509 regem
1250 1435 1407 1501 Juda,
1438 1440 1495 1490 'et
1520 1432 1672 1489 duxit
1709 1430 1763 1486 in
1800 1422 1975 1501 Baby—

374 1542 542 1598 lonia.

449 1634 577 1690 Post
600 1629 866 1695 Joachim,
894 1626 1085 1698 regnat
1108 1624 1246 1679 [ilius
1270 1622 1392 1693 ejus
1422 1620 1669 1676 Joachim
1692 1618 1849 1672 annis
1882 1616 1978 1671 tri-

377 1729 510 1791 bus;
541 1733 594 1780 et
636 1724 779 1778 hunc
804 1721 953 1776 ducit
975 1717 1041 1772 ad
1070 1733 1192 1773 eum
1219 1710 1583 1784 compeditum
1620 1709 1978 1766 Nabuchodo-

380 1834 546 1876 nosor
568 1831 660 1873 rex
693 1813 1005 1886 Babylonis,
1032 1819 1086 1865 ct
1114 1809 1249 1864 alios
1271 1824 1392 1863 eum
1422 1823 1507 1886 eo.

2070 574 2285 645 quando
2315 573 2474 628 Jesus
2505 572 2709 627 Pascha
2732 569 3043 636 celebravit,
3075 566 3351 645 suntanni
3383 581 3494 620 XLI.

2146 667 2410 724 Ezechias
2440 674 2561 737 post
2612 680 2785 719 annos
2814 678 3070 719 ccccexrv
3099 658 3397 715 celebravit
3449 648 3675 712 Pascha.

2148 762 2279 816 Post
2327 759 2615 815 Ezechiam
2661 757 2838 813 Josias
2890 771 3032 811 anno
3082 768 3204 810 cxtv
3269 749 3475 807 Pascha
3530 749 3678 807 cele-

2073 856 2267 913 bravit.

2147 948 2277 1003 Post
2310 944 2514 1002 Josiam
2549 944 2779 1000 lleszras
2808 952 2929 1015 post
2950 956 3120 997 annos
3147 954 3274 995 cvm
3303 938 3508 995 Pascha
3535 936 3681 994 cele-

2075 1040 2267 1097 bravit.

2149 1135 2277 1191 Post
2345 1132 2601 1188 lleszram
2657 1139 2681 1166 ιι
2738 1129 3026 1199 Servatoris
3101 1142 3262 1197 usque
3313 1125 3681 1198 generationes

2076 1230 2275 1288 Christi
2303 1237 2415 1299 post
2445 1244 2605 1281 annos
2630 1241 2797 1281 DLxm
2826 1222 3029 1279 Pascha
3068 1223 3146 1276 Iit.

2152 1327 2195 1380 A
2228 1324 2564 1395 generatione
2608 1330 2776 1375 autent
2805 1316 2996 1371 Christi
3035 1325 3156 1387 post
3188 1330 3300 1389 xxx
3328 1327 3522 1391 annos,
3565 1327 3685 1367 cum

2080 1433 2265 1488 passus
2312 1427 2382 1471 est
2429 1413 2715 1487 ,Dominus,
2769 1411 2975 1465 Pascha
3030 1409 3352 1477 celebratur,
3398 1408 3509 1479 ipse
3551 1406 3686 1462 enim

2080 1521 2198 1568 erat
2218 1513 2421 1581 justum
2442 1510 2667 1566 Pascha.

2091 1588 2198 1660 ΤΑ
2224 1607 2459 1677 passione
2485 1612 2661 1671 autem
2701 1600 2909 1655 Domini
2957 1614 3123 1670 usque
3148 1598 3199 1653 in
3229 1613 3324 1652 xm
3351 1610 3553 1651 annum
3584 1593 3686 1650 im-

2085 1700 2217 1771 peril
2266 1697 2597 1769 Imperatoris
2624 1692 2905 1749 Alexandri
2947 1691 3166 1746 Cwsaris
3214 1689 3338 1744 anni
3368 1702 3687 1763 ccvrserva-

2083 1806 2188 1850 tum
2218 1803 2285 1847 est
2308 1790 2539 1856 Pascha,
2574 1787 2715 1859 quod
2764 1787 2817 1841 in
2870 1786 3410 1841 cetmncmorationem
3462 1781 3679 1838 Domini

457 1911 559 1965 Per
582 1910 780 1978 ipsum,
806 1903 1148 1960 constituitur
1174 1894 1227 1955 in
1245 1902 1364 1955 loco
1385 1884 1501 1971 ejus
1525 1899 1692 1955 frater
1709 1898 1971 1962 Joaehim,
2004 1881 2053 1942 B
2083 1887 2250 1944 nostri
2279 1886 2405 1941 Jcsu
2433 1883 2630 1939 Christi
2651 1890 2879 1936 servatur
2908 1897 2938 1933 a
2962 1880 3122 1933 nobis.

383 2002 537 2072 cujus
568 1992 758 2058 nomen
789 1996 1064 2062 Sedecias,
1094 1994 1184 2065 q‘di
1208 2004 1260 2048 et
1291 1993 1602 2061 Jechonias,
1632 1995 1724 2064 qui
1772 2008 1969 2064 regna-

384 2098 457 2151 vit
484 2094 638 2150 annis
655 2111 728 2150 xl.

457 2182 514 2244 In
542 2204 684 2244 anno
708 2188 1032 2245 duodecimo
1058 2183 1459 2256 transmigravit
1488 2183 1637 2237 illum
1660 2181 1713 2236 in
1751 2180 1982 2252 Babylo-

382 2285 546 2349 niam,
578 2280 788 2351 effossis
809 2282 999 2347 oculis,
1022 2290 1075 2336 et
1102 2279 1359 2351 pdpolmn
1395 2275 1699 2331 transduxit
1734 2289 1858 2328 cum
1889 2288 1977 2339 eo,

388 2383 581 2445 praeter
605 2387 823 2443 paucos,
848 2373 937 2442 qui
964 2368 1145 2443 postea
1170 2372 1221 2425 in
1241 2370 1534 2441 [Egyptum
1561 2365 1979 2422 descenderunt.

383 2464 715 2535 Prophetant
744 2473 924 2520 autem
979 2465 1078 2519 sub
1122 2463 1347 2519 Sedecia
1377 2460 1641 2515 Jeremias
1693 2466 1747 2513 et
1785 2456 1982 2511 Amba-

388 2574 533 2622 cum,
570 2559 623 2613 in
653 2566 800 2613 anno
826 2566 1003 2613 autem
1037 2572 1090 2611 ιχ
1121 2557 1273 2627 regni
1301 2555 1417 2625 ejus
1443 2550 1852 2623 prOphetavitin
1882 2548 1985 2602 Ba-

380 2651 598 2722 bylonia
626 2650 897 2705 Ezechiel.
915 2650 1039 2705 Post
1055 2649 1198 2703 hunc
1220 2647 1497 2718 propheta:
1518 2644 1725 2698 Nahum
1744 2653 1799 2697 et
1819 2641 1983 2695 Mala-

383 2744 558 2811 ehias,
601 2752 658 2798 et
686 2742 913 2807 Daniel,
957 2738 1046 2812 qui
1072 2741 1206 2796 vidit
1227 2741 1297 2795 de
1334 2738 1683 2795 hebdomadis
1730 2738 1781 2790 in
1813 2735 1985 2805 primo

386 2848 530 2891 anno
559 2834 705 2890 Darii
736 2838 901 2906 regis,
947 2834 1040 2889 ﬁlii
1071 2817 1310 2897 Assueri,
1338 2831 1406 2887 de
1433 2830 1637 2886 semine
1686 2828 1982 2894 Medorum,

382 2931 473 3002 qui
491 2930 737 3003 regnavit
758 2944 923 3000 super
949 2943 1174 3000 regnum
1204 2926 1585 2982 Chaldeorum.

460 3026 518 3081 In
540 3026 715 3097 primo
743 3034 921 3080 autem
953 3038 1095 3079 anno
1122 3021 1270 3093 regni
1299 3016 1382 3075 sui
1404 3021 1573 3091 Cyrus
1594 3016 1798 3072 dimisit
1817 3030 1986 3086 popu-

392 3118 501 3174 lum
531 3118 709 3174 redire
735 3120 786 3171 in
830 3115 1153 3172 Jerusalem.
1190 3113 1268 3168 Eo
1300 3127 1564 3180 tempore,
1595 3107 1984 3179 qootemplum

387 3212 688 3274 mdilicavit,
722 3208 1046 3281 prOphetant
1090 3204 1249 3261 sintut
1292 3207 1504 3274 Aggeus
1549 3213 1602 3257 et
1648 3200 1982 3255 Zacharias:

2163 1980 2320 2034 Fiunt
2351 1977 2509 2047 igitur
2536 1990 2713 2030 onmes
2734 1974 2857 2045 anni
2892 1972 3055 2026 Adam
3086 1985 3255 2042 usque
3283 1969 3338 2024 in
3375 1968 3512 2024 hunc
3553 1968 3686 2024 diem

2085 2076 2208 2130 anni
2233 2073 2495 2144 quinquies
2523 2070 2662 2123 mille
2682 2068 2986 2140 septingenti
3007 2066 3216 2137 triginta
3238 2073 3372 2119 octo.

2704 2218 2893 2262 SECTIO
2932 2218 3045 2258 XIII.

2406 2343 2569 2415 Reges
2603 2340 2880 2398 Persarum
2899 2355 2961 2393 ea:
2983 2336 3205 2408 tempore
3225 2336 3366 2407 Cyri.

2158 2485 2332 2557 Cyrus
2360 2481 2590 2552 regnavit
2620 2478 2797 2533 Persis
2820 2477 2967 2530 annis
3008 2491 3134 2529 xxx.

2159 2578 2289 2633 Post
2313 2574 2475 2641 hunc,
2500 2571 2769 2641 Cambyses
2792 2558 2940 2623 annis
2963 2584 3159 2623 novem.

2163 2668 2441 2727 Smerdius
2467 2666 2646 2735 Magus
2668 2648 2920 2716 mensibus
2965 2656 3098 2714 octo.

2162 2764 2352 2818 Darius
2379 2760 2549 2833 anuis
2577 2772 2757 2811 xxxvr.

2159 2857 2359 2912 Xerxes
2384 2855 2540 2909 annis
2568 2867 2712 2906 xxvi.

2162 2946 2849 3019 Artaxerxesjbongimanus
2869 2940 3019 2995 annis
3040 2932 3223 2994 xxxvn

2160 3046 2361 3100 Xerxes
2386 3042 2493 3096 dies
2523 3032 2807 3111 sexaginta.

2166 3140 2462 3211 Sogdianus
2494 3148 2708 3190 tnenses
2739 3140 2964 3200 septem.

2166 3234 2353 3288 Darius
2373 3229 2579 3286 Nullius
2607 3226 2761 3281 annis
2781 3240 2932 3279 xvm.

386 3314 507 3373 Post
535 3318 672 3374 quos
717 3300 973 3357 Neemias
1016 3294 1155 3393 tilips
1184 3295 1370 3393 ncheli
1401 3296 1469 3350 de
1492 3293 1698 3348 semine
1719 3290 1877 3393 Israel
1906 3292 1981 3393 Ia-
2011 3271 2058 3335 C
3137 3314 3291 3369 ann-,5
3334 3294 3465 3368 Μὴ.

387 3397 611 3453 bricavit
658 3396 929 3450 civitatem
966 3378 1322 3455 Hierusalem,
1354 3404 1475 3444 cum
1530 3396 1674 3441 esset
1722 3386 1791 3439 ab
1832 3383 1987 3438 annis

386 3488 691 3546 Artaxersis
717 3487 858 3559 regis
878 3503 894 3543 :
918 3496 975 3542 et
995 3492 1115 3556 post
1142 3482 1282 3537 hunc
1300 3478 1572 3536 secundus
1593 3475 1985 3533 Mardochaeus.

1029 3615 1218 3656 SECTIO
1258 3615 1353 3653 χιι.

461 3741 621 3796 Fiunt
673 3739 832 3809 igitur
856 3755 884 3791 a
915 3736 1080 3793 David
1112 3750 1282 3806 usque
1302 3732 1600 3800 Sedeehian,
1626 3732 1716 3802 qui
1737 3741 1793 3788 et
1821 3730 1989 3786 Zeco-

392 3835 518 3899 nia),
587 3831 1133 3902 transmigrationetn,
1190 3830 1565 3899 generationes
1603 3842 1774 3890 xvm,
1834 3825 1990 3879 annis

394 3939 749 3999 ccgctxxvm,
798 3938 1012 3979 menses
1055 3940 1148 3989 ix;
1200 3923 1269 3976 ab
1307 3921 1478 3977 Adam
1530 3930 1706 3974 autem
1738 3935 1906 3989 usque
1936 3919 1988 3973 in

392 4017 920 4088 transmigrationem
954 4015 1258 4086 Babyloniae
1300 4013 1401 4066 sub
1442 4012 1724 4079 Jechonia,
1757 4026 1990 4083 genera-

394 4114 570 4169 tiones
592 4128 661 4179 LI,
693 4112 819 4166 anni
841 4127 910 4175 tv,
934 4126 1233 4189 nycccxntt,
1262 4121 1474 4162 menses
1498 4123 1572 4161 Ix.

464 4207 527 4261 Et
560 4215 680 4276 post
706 4208 1236 4277 transmigrationem
1265 4201 1595 4273 Babyloniae,
1621 4214 1789 4270 usque
1812 4198 1877 4254 ad
1898 4214 1992 4270 ge-

390 4301 727 4358 nerationem
755 4299 977 4364 Christi,
1021 4299 1394 4370 generationes
1417 4312 1531 4361 xiv,
1557 4311 1646 4350 an.
1677 4306 1846 4367 pCLx;
1878 4301 1932 4348 et
1959 4310 1990 4349 a

391 4394 740 4464 generatione
767 4391 968 4447 Christi
1012 4407 1179 4461 usque
1208 4390 1273 4444 ad
1318 4389 1628 4444 Passionem
1647 4428 1661 4451 ,
1691 4387 1946 4461 annixxx
1971 4402 1985 4448 ;

393 4496 449 4544 et.
477 4503 506 4541 a
535 4488 795 4543 Passione
826 4501 996 4556 usque
1023 4487 1090 4561 ad
1119 4485 1260 4538 hunc
1285 4498 1508 4552 annum,
1532 4481 1621 4553 qui
1665 4490 1747 4536 est
1768 4496 1863 4536 xm
1891 4480 1992 4535 im-

393 4584 526 4654 perii
548 4581 840 4638 Alexandri
857 4584 1060 4653 annos,
1088 4594 1178 4633 an.
1202 4593 1340 4633 (ενι.

380 4676 628 4742 ἕἚίίιιιι
651 4675 813 4746 igitur
843 4687 1032 4729 omnes
1057 4673 1181 4726 anni
1206 4671 1274 4724 ab
1296 4668 1487 4736 Adam,
1504 4683 1672 4736 usque
1692 4667 1759 4723 ad
1780 4668 1993 4724 tertium
2018 4662 2074 4724 D

384 4769 665 4835 ,deciumm
703 4764 1405 4836 Alexandrinimpcratoris
1478 4777 1715 4830 annum,
1767 4760 1893 4815 anni
1934 4775 1993 4826 γ,

381 4876 767 4925 .Itoccxuvm,

402 4991 411 5019 ι
468 4958 545 5015 Ut
582 4966 760 5017 autem
800 4964 854 5013 et
893 4954 1049 5015 aliter
1086 4951 1437 5013 ostendamus
1484 4966 1590 5007 non
1642 4958 1849 5004 tantum
1902 4960 1997 5017 per

382 5062 635 5125 .tempora
666 5067 881 5123 rgum,
912 5050 1013 5107 sed
1045 5050 1208 5106 etiam
1256 5065 1287 5107 a
1321 5065 1431 5119 quo
1473 5045 1680 5107 Pascha
1722 5052 1996 5125 servatum

372 5153 500 5216 -ωι,
516 5122 929 5204 dinumerantes
957 5144 1115 5201 simul
1139 5159 1312 5199 annos
1336 5143 1598 5199 dicemus.
1620 5190 1651 5197 ..
1936 5122 1967 5189 .’

375 5262 399 5293 ·.
466 5241 552 5298 Ab
575 5240 748 5315 Adam
775 5254 947 5310 usque
964 5238 1223 5293 diluvium
1252 5252 1343 5292 an.
1374 5251 1432 5301 ιι,
1454 5249 1691 5312 negatur.
1855 5290 1863 5299 ,
1898 5280 1903 5287 .
1960 5278 1967 5287 .

467 5334 521 5390 A°
571 5333 783 5391 diluvio
834 5344 1003 5402 usque
1048 5331 1118 5386 ad
1150 5330 1376 5386 .exitum
1425 5324 1696 5389 Abraham
1741 5324 1821 5383 de.
1858 5334 1999 5382 terra

378 5439 493 5483 -θυιι
523 5439 726 5482 ICXLY.
950 5474 957 5481 .
1865 5450 1869 5455 υ

388 5574 391 5579 .
471 5520 611 5575 Hinc
634 5522 921 5590 usq‘uequo
942 5517 1447 5575 exirentlsraelitre
1473 5516 1542 5573 de
1585 5512 1843 5584 Egypto,
1862 5511 1999 5567 edu-

378 5620 558 5666 eeute
582 5625 677 5667 eos
712 5611 941 5683 Moyse,
991 5609 1205 5681 quando
1246 5616 1302 5665 et
1346 5606 1550 5675 Pascha
1582 5604 1840 5672 fecerunt,
1874 5604 1998 5660 anni

386 5710 530 5759 sunt
553 5714 810 5760 CCCCXXX.
902 5750 909 5755 .

464 5937 492 5972 ⁸
526 5934 1040 5993 Socratemnam
1051 5928 1550 6001 Mantineam“,
1565 5924 1863 6007 Labbeanat.
1896 5950 1917 5963 ι·

2168 3420 2339 3497 0cor,
2401 3417 2487 3488 qui
2541 3424 2587 3469 et
2644 3400 2960 3466 Artaxerxes
3032 3407 3187 3463 annis
3226 3400 3376 3472 xxm,
3442 3401 3695 3457 mensibus

2094 3524 2308 3586 septem.

2130 3654 2140 3658 _
2166 3610 2321 3661 Arses
2350 3604 2556 3660 Nolhus
2579 3604 2734 3658 annis
2766 3586 2944 3657 tribus.

2170 3700 2365 3754 Darius
2413 3698 2562 3752 annis
2610 3706 2703 3751 xn‘.
2736 3686 2836 3779 Ilia
2867 3704 2938 3749 est
2963 3684 3111 3761 quem
3137 3689 3441 3748 Alexander
3479 3683 3699 3742 Macedo

2096 3795 2345 3865 deposuit
2371 3794 2421 3848 in
2454 3792 2614 3856 bello,
2644 3785 2782 3860 quod
2806 3781 2904 3842 fuit
2930 3784 3310 3842 inenarrabile.

2170 3886 2331 3941 Fiunt
2371 3898 2559 3939 omnes
2588 3884 2713 3936 anni
2744 3897 2933 3937 CCXLV.

2171 3970 2297 4034 Post
2346 3992 2510 4049 quos,
2570 3984 2808 4043 tempora
2848 3973 2958 4043 jam
3013 3969 3151 4045 apud
3189 3968 3402 4023 Gra‘cos
3447 3981 3513 4021 ex
3566 3966 3699 4021 eon-

2098 4068 2397 4126 structione
2427 4066 2799 4139 Olympia'dum
2851 4072 2980 4118 sunt
3029 4062 3174 4115 clara
3222 4075 3236 4114 :
3285 4074 3405 4113 nam
3426 4072 3583 4128 usque
3633 4057 3703 4111 ad

2097 4161 2466 4221 Alexandrum
2524 4152 2871 4215 Macedonem
2911 4157 3125 4210 fuerunt
3159 4150 3504 4223 Olytnpiades
3555 4150 3699 4213 cxtv,

2096 4273 2210 4332 qua:
2259 4257 2460 4311 faciunt
2513 4246 2684 4307 annos
2725 4264 2966 4327 cccgvt,
3009 4248 3071 4302 ab
3119 4244 3294 4317 Iphito
3323 4244 3409 4314 qui
3439 4240 3706 4297 constituit
3784 4266 3801 4287 ι.

2096 4342 2454 4426 Olympiadas.

2166 4449 2242 4501 Ab
2268 4446 2563 4519 Alexandro
2591 4458 2758 4514 usque
2785 4440 2852 4511 ad
2874 4439 3141 4502 Christum
3168 4432 3501 4506 Olympiades
3529 4436 3692 4497 Lxxx,

2096 4540 2241 4611 quod
2271 4547 2399 4594 sunt
2427 4538 2553 4593 anni
2583 4548 2780 4607 cqcxx.

2104 4636 2126 4687 ἐ
2174 4631 2452 4700 A__Christo
2479 4638 2821 4693 antemnaque
2875 4638 3075 4680 annum
3104 4633 3197 4678 xm
3227 4618 3440 4690 Imperii
3469 4618 3696 4672 Alexan-

2102 4725 2183 4779 dri
2208 4724 2553 4798 Olympiades
2579 4738 2721 4789 Lvm,
2748 4720 2883 4791 quod
2910 4725 3029 4772 sunt
3054 4718 3177 4789 anni
3198 4718 3452 4770 chxxvr.

2176 4821 2311 4876 Sunt
2362 4834 2481 4890 ergo
2530 4830 2703 4871 omnes
2758 4813 3097 4883 Olympiades
3148 4820 3317 4878 usque
3363 4810 3557 4860 annum
3611 4820 3701 4859 xm

2102 4913 2386 4971 Alexandri
2440 4910 2668 4969 Caesaris
2741 4906 3077 4980 Olympiades
3148 4896 3324 4969 ceu";
3396 4899 3535 4971 quod
3584 4904 3704 4954 tum

2101 5025 2224 5064 annt
2253 5022 2392 5062 ΙΙΧΙΙ.

2725 5151 2910 5194 SECTIO
2950 5148 3062 5189 XIV.

2635 5271 2863 5327 Nomina
2891 5277 3157 5324 creatum.

2178 5396 2370 5489 Adam,
2402 5402 2556 5489 Seth,
2583 5390 2749 5489 Erios,
2779 5404 2999 5483 Cainan,
3030 5400 3293 5471 Malaleel,
3322 5398 3500 5461 Jared.
3530 5399 3698 5466 Enoc,

2084 5484 2449 5588 ~Riatusalain,
2465 5484 2722 5566 Lamech,
2743 5494 2877 5564 Nec,
2897 5494 3044 5577 Sent,
3073 5496 3314 5562 Arfaxat,
3334 5492 3479 5560 Sala,
3500 5492 3699 5559 lleber,

2108 5582 2290 5666 Falec,
2314 5582 2545 5672 έιιῐίψιο
2565 5591 2732 5648 divisa
2751 5584 2834 5672 est
2862 5586 3023 5655 terra,
3046 5582 3255 5659 Rogaui
3288 5582 3475 5669 Seruo,
3499 5585 3700 5657 Nagor,

2107 5680 2630 5789 "triumuiratum,
2664 5668 2831 5757 Isaae,
2863 5680 3045 5757 tacui,
3077 5668 3233 5754 Iuda,
3268 5668 3452 5757 rates,
3480 5676 3699 5747 Εει-ωη,

1302 5838 1321 5847 ,ί
1366 5838 1411 5863 ..
1548 5846 1557 5861 ε
1592 5796 2014 5875 ~~Leertortns
2042 5770 2504 5876 vKﬁmefES.“

3798 4740 3859 4781 εκ
3908 4724 3927 4783 ’.
