4264 6258
572 373 668 431 671

571 495 756 561 Aram,
813 488 1134 554 Aminadab,
1188 487 1464 548 Naasson,
1518 481 1763 545 Salmon,
1818 479 1945 542 Boz,
2008 476 2166 540 Obet,
2201 472 2248 532 A

570 588 746 657 Iesse,
778 585 964 653 David,
995 583 1272 648 Salomon,
1301 579 1565 638 Rohoaut,
1597 575 1810 640 Abiam,
1861 572 1991 638 Asa,
2013 569 2171 625 Iosa-

571 682 727 753 phat,
758 679 961 740 Iuram,
1003 674 1287 740 Ochozias,
1332 671 1480 734 Ioas,
1527 667 1790 733 Amasias,
1824 664 2002 727 Ozias,
2045 661 2172 716 Ioa-

577 774 745 840 tham,
773 770 972 836 Achaz,
993 766 1271 833 Ezechias,
1307 763 1599 828 Manasses,
1625 759 1813 822 Amos,
1841 756 2038 812 Iosias.

647 866 821 923 Josias
846 873 1024 920 autem
1065 861 1248 934 genuit
1297 858 1504 914 Iouaau
1544 865 1599 912 et
1627 853 1868 909 Ioachim
1897 859 1952 905 ct
1981 848 2176 903 fratres

575 961 715 1032 ejus,
759 957 1018 1014 Eliachint
1068 955 1158 1025 qui
1192 961 1246 1008 et
1273 950 1514 1007 Ioachitu
1571 957 1625 1004 et
1649 945 1926 1004 Sedeciam
1980 943 2068 1013 qui
2124 951 2178 996 ct

576 1053 825 1112 Ieeouias
863 1050 1039 1106 dictus
1062 1057 1145 1104 est
1171 1045 1377 1102 Salutu.

650 1149 706 1203 lu
749 1142 1219 1214 transmigratioue
1263 1147 1440 1194 autem
1470 1133 1776 1206 Babyloniae
1795 1128 2037 1187 Ioachim
2089 1142 2181 1198 ge-

579 1240 696 1296 nuit
723 1237 1034 1294 Iechoniam
1079 1243 1133 1288 et
1163 1229 1464 1288 Sedeciam.
1495 1225 1744 1282 Jecouias
1788 1232 1966 1277 autem
1997 1218 2182 1291 genuit

581 1331 860 1397 Saiathiel,
893 1328 1162 1383 Fanueam
1195 1335 1250 1379 et
1273 1323 1415 1387 Sale,
1444 1321 1580 1377 Saer
1605 1328 1660 1375 et
1690 1317 1991 1382 Ieconiam,
2023 1313 2183 1370 Orta-

580 1441 707 1483 muo
737 1436 790 1481 et
819 1422 980 1478 Deebi
1010 1431 1063 1477 et
1085 1417 1349 1480 Filil‘auia,
1379 1412 1674 1470 Zorobabel
1703 1421 1758 1466 et
1828 1409 2024 1464 fratres
2063 1404 2184 1476 ejus

585 1519 748 1576 Ahiut
775 1526 831 1573 et
852 1516 1104 1572 Μιιειιιτιιιι
1133 1522 1186 1569 et
1214 1511 1467 1574 Ananias,
1493 1517 1547 1563 et
1573 1505 1751 1562 Saladi
1784 1518 1942 1560 soror
1970 1514 2178 1566 eorum,

585 1624 640 1669 et
663 1610 857 1668 Sedbel
883 1620 936 1665 et
960 1607 1158 1673 Thoul,
1179 1613 1236 1661 et
1264 1602 1478 1668 Archia,
1513 1611 1567 1656 et
1595 1597 1812 1662 Asadia,
1847 1605 1901 1652 et
1927 1593 2181 1652 Sobesec.

659 1704 998 1762 Ediﬁcatum
1039 1711 1121 1757 est
1149 1709 1326 1755 autem
1355 1695 1721 1756 sanetuarium
1746 1701 1988 1761 tempore
2018 1688 2181 1744 Zoro-

601 1799 826 1866 bahelis,
859 1796 1013 1866 cujus
1061 1792 1200 1848 ﬁlius
1218 1787 1389 1846 Abiud
1424 1807 1436 1842 :
1469 1787 1665 1843 dehinc
1703 1782 1991 1848 Eliachim,
2022 1785 2184 1847 Azor,

587 1893 783 1957 Sadoc,
816 1891 1028 1957 Achim,
1059 1885 1269 1953 lleliud,
1313 1883 1554 1946 Eleazar,
1602 1880 1840 1944 Mathan,
1883 1877 2066 1944 Iacob,
2093 1875 2186 1932 Io-
2221 1873 2264 1931 Β

595 1986 747 2056 seph,
792 1985 876 2040 cui
906 1984 1226 2054 desponsata
1272 1976 1372 2031 fuit
1418 1975 1581 2045 Virgo
1620 1972 1803 2039 Maria,
1860 1985 1979 2043 quae
2008 1969 2191 2042 genuit

590 2077 768 2132 Iesum
797 2075 1056 2132 Christum
1077 2087 1144 2128 ex
1171 2070 1374 2141 Spiritu
1403 2077 1611 2124 sancto.

1233 2222 1423 2264 ssc'rto
1467 2221 1552 2280 xv.

1075 2303 1449 2381 Prophetarum
1478 2300 1707 2354 nomina.

670 2414 863 2491 Adam,
905 2413 1040 2479 Noe,
1074 2410 1366 2475 Abraham,
1411 2409 1577 2471 Isaac,
1604 2404 1791 2471 Iacob,
1822 2403 2055 2476 Moyses,
2089 2400 2194 2456 Aa-

594 2522 716 2576 ron,
748 2507 907 2563 Iesus
956 2504 1122 2570 Nave,
1164 2501 1367 2558 Heldad
1422 2510 1476 2556 et
1522 2498 1720 2566 Modat,
1761 2496 1952 2560 Natau,
2004 2492 2191 2558 David,

597 2601 874 2666 Salomon,
921 2597 1203 2663 Elmodac,
1258 2594 1455 2651 Achias
1505 2592 1747 2657 Silouita,
1789 2591 2010 2645 Sameas
2059 2586 2197 2643 ﬁlius

599 2697 774 2761 Elam,
794 2694 1050 2756 Auanias,
1072 2691 1273 2757 Helias,
1291 2689 1523 2744 Micheas
1554 2688 1696 2742 ﬁlius
1729 2685 1972 2751 Emblac,
1999 2681 2194 2748 Abdiu,

600 2789 870 2854 Heliseus,
914 2785 1180 2852 Abladan,
1209 2784 1396 2848 Amos,
1430 2782 1631 2847 Esaias,
1684 2779 1822 2835 Osee
1853 2777 1990 2832 ﬁlius
2019 2776 2195 2838 liceri,

595 2882 814 2950 Joanas,
876 2879 1126 2946 Micheas,
1171 2879 1376 2944 Rabau,
1413 2876 1568 2932 Iohel
1611 2874 1750 2929 ﬁlius
1791 2872 2002 2936 Batuel,
2047 2871 2200 2927 Iere-

599 2978 736 3031 mias
761 2976 899 3030 ﬁlius
945 2975 1142 3029 llelcize
1179 2971 1496 3036 sacerdotis,
1537 2969 1860 3040 δονιιοηὶειε,
1889 2967 2019 3030 Buz,
2067 2965 2201 3020 Eze-

600 3069 761 3135 chiel,
793 3067 968 3132 Urias,
1013 3066 1256 3128 Sameas,
1304 3063 1595 3125 Atubacuc,
1629 3060 1821 3126 Naum,
1857 3058 2060 3124 Daniel,
2094 3057 2204 3112 Ma-

603 3161 822 3227 lachias,
855 3161 1103 3231 Aggmus,
1133 3157 1440 3225 Zacharias,
1471 3165 1523 3211 et
1561 3154 1662 3210 sub
1705 3151 1925 3210 Christo
1977 3151 2197 3207 Simeou

602 3265 656 3310 et
678 3253 913 3310 Joannes
941 3252 1198 3324 Baptista.

678 3348 809 3404 Item
860 3347 1111 3403 Mulieres
1142 3345 1524 3415 Pr0phetissaa,
1555 3341 1736 3406 Sarra,
1771 3339 2042 3406 Rebecca,
2096 3338 2202 3393 Ma-

601 3443 680 3498 ria
708 3456 864 3497 soror
885 3441 1073 3512 Moysi,
1100 3440 1369 3505 Debbora,
1398 3436 1548 3492 Oliba
1575 3444 1630 3491 et
1655 3433 1756 3490 sub
1778 3433 1993 3488 Christo
2023 3432 2200 3509 Arma,

605 3534 900 3613 Elisabeth,
931 3533 1101 3590 Maria
1122 3549 1241 3605 quae
1265 3533 1448 3602 genuit
1486 3529 1764 3586 Christum.

1251 3631 1438 3706 SBC'I'IO
1475 3664 1586 3704 XVI.

1214 3740 1443 3797 Nomina
1463 3739 1680 3813 Regum.

675 3859 803 3914 Saul
830 3858 898 3914 de
935 3857 1099 3914 Tribu
1122 3857 1423 3927 Beujamin.

683 3952 970 4022 Postquam
1014 3962 1193 4006 autem
1234 3950 1545 4005 translatum
1583 3957 1666 4003 est
1711 3961 1934 4018 regnum
1984 3946 2035 4000 in
2083 3945 2206 4001 Tri-

609 4045 734 4101 butu
784 4043 943 4110 Iuda,
1004 4043 1192 4106 David,
1251 4042 1530 4108 Salomon,
1570 4040 1831 4106 Hoboam,
1874 4039 2030 4106 Abia,
2076 4039 2205 4102 Asa,

607 4140 732 4197 Iosa
741 4141 886 4212 pltat,
902 4139 1110 4205 Ioram,
1125 4138 1406 4205 Ochozias,
1423 4137 1689 4202 Ioatham,
1709 4134 1906 4199 Ach-az,
1927 4133 2204 4199 Ezechias,

605 4234 899 4298 Mauasses,
943 4233 1130 4299 Amos,
1159 4231 1356 4293 Iosias.
1405 4228 1670 4295 Ioachim,
1713 4227 1998 4292 Eliachim,
2039 4225 2208 4281 Sede-

610 4332 722 4386 cias
776 4339 829 4386 et
881 4328 1130 4385 Ieconias
1163 4345 1178 4382 :
1216 4328 1315 4382 sub
1367 4326 1470 4382 hoc
1515 4325 1913 4396 transmigratio
1962 4321 2098 4378 facta
2126 4331 2211 4378 est

607 4422 710 4477 sub
731 4419 1246 4476 Nabuchodonosor.

684 4513 910 4567 Nomina
945 4526 1155 4581 regum,
1181 4511 1272 4580 qui
1303 4518 1658 4580 regnaverunt
1684 4508 1735 4562 in
1783 4508 2024 4564 Samaria
2047 4524 2210 4580 super

611 4605 798 4661 decem
829 4603 1022 4658 Tribus
1043 4619 1108 4657 ex
1137 4617 1243 4673 quo
1270 4617 1491 4671 regnum
1520 4599 1751 4656 divisum
1780 4611 1882 4656 est.

685 4695 972 4753 Ieroboam
1004 4695 1146 4750 ﬁlius
1175 4693 1380 4748 Nabath
1411 4693 1564 4747 anuis
1592 4709 1722 4746 χχιι.

686 4788 893 4844 Nabath
919 4788 1057 4842 ﬁlius
1083 4787 1202 4856 ejus
1237 4785 1392 4841 annis
1409 4785 1637 4840 duobus.

684 4881 824 4938 Saba
847 4881 987 4937 ﬁlius
1007 4880 1190 4936 Acilia:
1211 4879 1365 4934 anuis
1388 4893 1529 4933 xxw.
1572 4877 1668 4935 Hic
1685 4877 1969 4934 vindicavit
1991 4876 2210 4934 domum

611 4975 920 5034 Ieroboam.
1873 4978 1880 4983 -

691 5071 820 5126 llela
861 5068 1001 5124 ﬁlius
1031 5067 1167 5123 Base
1194 5065 1349 5122 annis
1379 5063 1608 5121 duobus.

682 5161 898 5217 Zatubri
942 5162 1096 5216 annis
1121 5161 1214 5216 xu.

689 5256 874 5312 Achab
901 5255 1040 5310 ﬁlius
1068 5255 1185 5325 ejus
1215 5255 1369 5310 anuis
1397 5269 1527 5309 χχιι.

688 5349 978 5413 Ochosias,
1030 5348 1169 5402 ﬁlius
1221 5347 1440 5416 Achab,
1505 5357 1560 5404 et
1618 5348 1799 5404 Ioram
1861 5346 1998 5402 ﬁlius
2057 5345 2214 5402 Ieco-

615 5446 736 5510 uiae,
766 5445 918 5500 anuis
947 5459 1039 5499 xu.
1072 5443 1182 5498 Sub
1209 5442 1310 5498 hoc
1344 5442 1482 5500 ﬁlios
1512 5457 1638 5498 suos
1672 5452 1725 5498 et
1753 5451 1960 5498 stercus
2003 5440 2208 5496 colurn-

612 5537 798 5594 biuum
832 5537 883 5593 hi
915 5537 1004 5606 qui
1037 5545 1188 5592 erant
1219 5537 1270 5591 in
1299 5536 1562 5602 Samaria,
1587 5535 2066 5592 manducaverunt.

690 5628 840 5695 Iehu,
872 5627 1016 5684 ﬁlius
1062 5627 1265 5694 Namsi,
1295 5630 1448 5685 anuis
1478 5643 1667 5682 xxvut.
1717 5627 1886 5681 Hicin
1911 5625 2062 5681 initio
2093 5626 2213 5695 pius

607 5720 708 5778 fuit
737 5740 750 5776 :
781 5721 908 5777 fecit
933 5721 1222 5777 vindictam
1241 5735 1402 5791 super
1422 5721 1642 5776 domum
1673 5717 1880 5789 Achab,
1904 5718 2098 5776 occisis
2121 5716 2212 5774 Io-

607 5825 722 5863 ram
749 5819 803 5864 et
828 5809 1064 5874 Iezabel,
1097 5821 1151 5865 et
1179 5811 1408 5867 Ochosia
1436 5811 1580 5882 Rege
1600 5809 1758 5866 Iuda.

678 5899 910 5954 Ioachaz
934 5900 1090 5955 annis
1111 5914 1239 5956 xvn.

1824 351 2213 414 CIIHONICON
2258 346 2588 406 ANONYMI.

3779 325 3886 382 672

2347 466 2474 523 Ioas
2495 463 2635 519 ﬁlius
2660 459 2778 529 ejus
2799 456 2953 514 annis
2985 469 3095 511 xvi.
3127 451 3223 508 Hic
3244 447 3515 506 Amasiam
3544 459 3721 515 regem
3752 441 3889 497 occi-

2279 561 2374 624 dit,
2413 568 2466 615 ct
2505 554 2770 613 deSIruxit
2811 552 2880 608 de
2925 565 3080 606 muro
3119 546 3418 604 Jerusalem
3453 542 3630 599 cubita
3657 529 3863 608 cccc.'_

2348 651 2656 712 Ieroboani,
2687 649 2826 704 ﬁlius
2857 647 3005 712 Joas,
3035 642 3189 698 annis
3215 657 3304 697 xv.

2354 747 2592 808 Azarias,
2629 743 2766 798 ﬁlius
2799 741 3110 804 Ieroboam,
3146 735 3425 792 mensibus
3456 733 3644 788 tribus.

2352 838 2550 904 Selem,
2579 835 2718 890 filius
2747 835 2901 898 Ahia,
2936 847 3120 887 mense
3145 844 3273 885 uno.

2355 929 2661 986 Uuoruauc.
2691 927 2830 981 ﬁlius
2858 925 3013 990 Gaili,
3043 923 3194 978 annis
3218 922 3426 977 decem.

2356 1022 2592 1076 Falacias
2620 1020 2822 1076 Manna:
2847 1018 3001 1073 annis
3029 1015 3258 1071 duobus.

2354 1117 2566 1182 Facea,
2620 1114 2756 1170 ﬁlius
2791 1111 3088 1177 Romolius,
3145 1109 3303 1164 annis
3349 1107 3562 1163 decem.
3617 1105 3710 1160 ilic
3779 1104 3876 1159 ob-

2285 1209 2428 1267 sedit
2457 1207 2756 1264 Jerusalem
2779 1249 2793 1272 ,
2822 1211 3081 1276 regnante
3105 1201 3304 1267 Acbaz,
3333 1215 3438 1254 non
3481 1197 3714 1269 possedit
3742 1211 3882 1276 eam.

2357 1300 2514 1368 Osee,
2569 1301 2709 1354 ﬁlius
2763 1298 2912 1362 Dale,
2966 1296 3120 1350 anuis
3175 1302 3318 1348 octo.
3375 1290 3488 1348 Sub
3542 1290 3646 1344 hoc
3696 1271 3883 1344 decem

2293 1393 2486 1449 Tribus
2529 1391 2922 1461 transmigrauit:
2983 1397 3104 1442 sunt
3160 1387 3214 1440 iu
3270 1383 3489 1455 regione
3539 1380 3815 1436 Medorum
3856 1394 3890 1434 a

2291 1485 2664 1540 Saltuauassar
2700 1523 2715 1548 ,
2763 1485 2855 1552 qui
2906 1490 2960 1535 et
3017 1480 3192 1549 ipsum
3245 1477 3386 1532 Osee
3438 1473 3743 1543 colligatum
3796 1470 3890 1550 lia-

2291 1579 2425 1634 beus
2478 1577 2641 1642 abiit,
2694 1582 2952 1646 regnante
3005 1570 3183 1628 Achaz
3237 1583 3396 1639 super
3430 1565 3564 1622 duas
3597 1564 3794 1620 Tribus
3833 1562 3887 1617 iu

2289 1669 2584 1727 Jerumlczn
2595 1709 2607 1724 .
2945 1677 2950 1682 '

2929 1770 3110 1812 SECTIO
3149 1770 3278 1809 XVII.

2793 1849 2845 1906 Ν
2850 1851 3021 1905 omina
3044 1847 3404 1925 Sacerdotum.

2367 1975 2547 2026 Aaron
2592 1965 2773 2038 genuit
2806 1963 3046 2026 Eleazar,
3089 1960 3311 2022 Finees,
3381 1955 3606 2021 Achias,
3663 1952 3887 2014 Razaza,

2296 2063 2508 2128 Moriat,
2539 2059 2786 2124 Aruaria,
2811 2054 3048 2121 Amitob,
3078 2052 3262 2118 Setlis,
3281 2050 3543 2113 Achivas;
3575 2046 3731 2116 hujus
3752 2045 3892 2099 ﬁlius

2300 2157 2481 2212 Helias
2517 2153 2804 2225 Pr0phela;
2836 2161 2890 2206 et
2907 2146 3317 2214 Salou,Ioram,
3343 2146 3504 2198 Amos
3531 2141 3712 2198 Ioada:
3726 2139 3888 2203 ﬁlius,

2295 2250 2566 2314 Sedccias,
2599 2246 2845 2312 Sedecia,
2869 2241 3044 2305 Iehel,
3085 2239 3234 2305 Uria,
3269 2237 3470 2299 Tieetu,
3500 2235 3658 2290 Salon
3681 2231 3771 2302 qui
3794 2245 3892 2301 ge-

2298 2343 2414 2398 nuit
2437 2341 2687 2404 Celciam,
2720 2339 2872 2407 cujus
2903 2333 3041 2389 ﬁlius
3068 2331 3366 2388 Hieremias
3392 2327 3649 2398 propheta
3665 2334 3721 2380 et
3744 2326 3894 2378 Aza-
3943 2324 3961 2338 ‘

2299 2435 2407 2489 rias
2432 2433 2568 2488 ﬁlius
2595 2432 2802 2496 Azazac,
2835 2428 3026 2491 Sareu,
3071 2422 3338 2480 Iosedech
3361 2421 3449 2492 qui
3477 2418 3660 2491 genuit
3699 2416 3885 2472 Iesum

2299 2527 2388 2598 qui
2423 2525 2519 2579 fuit
2568 2522 2842 2586 sacerdos,
2872 2536 2995 2576 cum
3053 2519 3441 2572 instauraretur
3489 2511 3746 2582 templum
3775 2517 3897 2580 post

2301 2617 2692 2687 captivitatem,
2725 2611 2971 2675 Celicias,
2999 2607 3261 2671 Ioachim,
3297 2604 3519 2659 Caedue.

2376 2711 2505 2766 Item
2535 2710 2636 2764 alia
2689 2706 2878 2778 patria,
2913 2720 2975 2760 ex
3031 2719 3132 2773 qua
3167 2701 3261 2755 fuit
3291 2696 3540 2753 Ezechiel
3594 2694 3850 2767 prepheta
3879 2708 3896 2748 :

2301 2804 2457 2868 Jode,
2506 2803 2728 2867 Fatuea,
2771 2797 3043 2863 Atuorius,
3093 2793 3306 2857 Zadiar,
3340 2788 3633 2854 Samuhel,
3679 2785 3898 2849 Evexia,

2304 2895 2580 2960 Mclehius,
2606 2889 3108 2961 Salou,';Comorius,
3136 2885 3427 2949 Barracim,
3453 2881 3740 2947 Solfouias,
3757 2878 3902 2934 Max-
3977 2951 3980 2953 _

2303 3004 2410 3050 ses,
2439 2985 2669 3050 Celcius,
2698 2985 2841 3045 Buzi.
2865 2979 3134 3037 Ezechiel.

2377 3081 2506 3135 Item
2538 3079 2639 3134 alia
2671 3077 2859 3147 patria,
2913 3073 3053 3129 unde
3098 3072 3212 3129 iieli
3263 3069 3552 3134 Sacerdos,
3596 3067 3751 3135 cujus
3803 3063 3897 3120 lilii

2307 3174 2500 3229 Fiuees
2551 3180 2605 3226 et
2649 3171 2765 3225 Oliu
2816 3167 3094 3238 rapiebant
3140 3163 3582 3218 inunolatioucm.
3646 3159 3903 3226 Princeps

2227 3266 2272 3329 C
2309 3265 2495 3336 patriae
2525 3263 2593 3318 de
2623 3263 2745 3317 ﬁliis
2786 3259 2952 3326 Gaad,
2998 3255 3365 3323 Achimelech,
3393 3251 3704 3318 llabiathar,
3747 3249 3901 3317 Urin,

2307 3356 2537 3412 Nathau.
2573 3355 2707 3411 Heli.

2378 3443 2509 3497 ltetu
2525 3397 2702 3511 ’patria
2726 3438 3044 3501 Leviticum,
3074 3434 3215 3490 unde
3237 3429 3604 3488 fuitSamuhel
3621 3428 3901 3501 prolilteta:

2309 3535 2489 3590 Chore
2539 3534 2628 3605 qui
2708 3531 2904 3587 restitit
2970 3529 3148 3584 Mosi:
3214 3528 3356 3581 ﬁlius
3413 3524 3571 3594 hujus
3627 3523 3901 3587 llclcana,

2307 3627 2490 3686 Sufetn
2520 3627 2778 3690 ctAbiar,
2830 3625 3079 3688 Zeraam,
3127 3619 3460 3684 Chelchanu,
3495 3616 3727 3674 Samuel.
3765 3613 3902 3669 Huic

2316 3722 2530 3777 fuerunt
2578 3719 2686 3776 duo
2733 3717 2824 3773 ﬁlii
2877 3731 3159 3773 munerum
3211 3721 3616 3784 acccptatorcs,
3665 3707 3817 3765 Iolth
3848 3717 3908 3763 ct

2313 3815 2500 3872 Ilabia.
3613 3850 3622 3855 _

2385 3908 2595 3962 Initium
2639 3907 2832 3977 patriae
2864 3903 3192 3970 Levitarum,
3233 3901 3374 3957 unde
3409 3909 3533 3956 sunt
3558 3897 3902 3962 Sacerdotes,

2313 4003 2540 4059 ministri
2591 4012 2646 4057 et
2693 4001 2910 4056 Levitm.
2969 3999 3223 4054 Atnbram
3283 3995 3419 4050 ﬁlius
3470 3991 3704 4058 Cahaad,
3767 3990 3909 4045 ﬁlius

2315 4097 2459 4164 Levi,
2493 4097 2631 4151 ﬁlius
2652 4095 2836 4151 Iacob.
2882 4094 3007 4149 Levi
3038 4092 3220 4164 genuit
3249 4091 3455 4146 Gcrsou
3483 4098 3537 4144 et
3570 4085 3806 4150 Cahaad,
3854 4097 3910 4140 et

2313 4191 2522 4246 Merati.
2563 4188 2683 4244 Filii
2708 4197 2887 4243 autem
2939 4185 3167 4252 Gerson,
3226 4182 3405 4240 Setnei
3462 4190 3516 4237 et
3568 4179 3908 4236 Etueher.lli

2314 4283 2402 4336 lilii
2435 4281 2635 4336 Levila:
2676 4292 2730 4335 et
2771 4279 2864 4334 ﬁlii
2907 4277 3143 4343 Cahaad,
3178 4275 3451 4340 Atnbram,
3487 4273 3657 4328 Esaar
3685 4271 3902 4337 Cefron,

2314 4373 2486 4432 Odiel.
2520 4373 2773 4430 Atubratn
2802 4373 2986 4444 genuit
3006 4372 3220 4443 Moysen
3270 4379 3323 4424 et
3348 4371 3548 4431 Aaron,
3575 4377 3629 4422 et
3659 4365 3902 4424 Mariam.

2315 4469 2494 4524 Aaron
2526 4467 2702 4537 genuit
2733 4481 2796 4520 ex
2826 4464 3097 4520 Helisahet
3119 4477 3306 4518 sorore
3327 4459 3592 4527 Naasson,
3621 4457 3824 4522 Nadab,
3856 4465 3911 4512 et

2315 4559 2513 4626 Abiud,
2551 4557 2867 4622 etEleazar,
2913 4566 2968 4612 ct
3017 4555 3270 4610 Ithamar.
3322 4552 3516 4608 Mortui
3559 4559 3683 4605 sunt
3726 4557 3908 4604 autem

2236 4665 2290 4724 ι)
2317 4650 2500 4708 Nadab
2527 4660 2580 4705 et
2602 4648 2775 4704 Abiud
2827 4648 3113 4704 offerentes
3156 4648 3330 4718 ignem
3362 4645 3611 4700 alienum.
3648 4641 3774 4696 Post
3799 4642 3909 4696 Aa-

2316 4759 2414 4800 ron
2437 4785 2451 4810 ,
2489 4743 2710 4799 Eleazar
2729 4743 2968 4811 suscepit
2994 4741 3351 4796 sacerdotium
3375 4757 3388 4806 ;
3423 4746 3544 4808 post
3570 4736 3907 4800 Eleazarum,

2316 4838 2532 4894 Fiuees.
2572 4835 2806 4892 lthamar
2851 4847 3029 4890 autem
3079 4845 3131 4890 et
3183 4834 3323 4890 ﬁlius
3369 4834 3485 4904 cjus
3517 4849 3532 4889 :
3566 4832 3712 4886 Isaar
3735 4839 3910 4885 autem

2315 4931 2483 4987 frater
2523 4931 2778 4986 Ambram
2811 4940 2864 4985 ct
2903 4933 3016 5002 ipse
3063 4930 3266 4984 Levita.
3319 4928 3486 4998 Hujus
3518 4926 3632 5000 .ﬁlii
3659 4925 3831 4981 Chorc
3857 4934 3914 4981 et

2319 5023 2508 5079 Nabith
2550 5035 2604 5080 et
2647 5023 2864 5080 Gazer:
2911 5034 2966 5079 et
3009 5022 3099 5076 lilii
3150 5021 3329 5076 Chore
3377 5020 3473 5075 Air
3519 5030 3572 5074 et
3605 5017 3835 5072 llclcana
3860 5025 3916 5071 et

2321 5116 2572 5186 Abiasap.
2609 5116 2706 5171 llic
2734 5115 2910 5172 Chorc
2938 5115 3135 5171 restitit
3163 5113 3419 5169 adversus
3451 5111 3669 5182 Moysen
3720 5117 3778 5165 et
3819 5109 3917 5163 Aa-

2317 5225 2438 5276 ron,
2459 5218 2513 5266 et
2539 5210 2689 5264 Chao
2718 5210 3004 5278 absorptus
3028 5217 3111 5263 est
3134 5208 3184 5262 iu
3217 5205 3464 5262 Viriseel.
3492 5203 3706 5259 Cebron
3750 5201 3916 5257 frater

2315 5306 2558 5368 Amram,
2579 5303 2823 5370 Aercius,
2852 5302 2946 5357 ﬁlii
2967 5301 3083 5371 ejus
3104 5299 3345 5366 Misaltcl,
3372 5296 3711 5368 Elisaphath,
3736 5306 3790 5350 et
3811 5295 3915 5350 Sec

2317 5397 2384 5451 tis
2402 5407 2456 5453 et
2496 5397 2628 5452 Dile.
2656 5395 2719 5451 Hi
2763 5396 2963 5451 Levitze
2992 5394 3172 5450 traditi
3201 5401 3344 5448 sunt.
3377 5391 3580 5448 Omnes
3609 5400 3786 5445 autem
3808 5391 3917 5444 Aa—

2318 5505 2415 5546 ron
2446 5499 2501 5546 et
2532 5490 2623 5545 ﬁlii
2645 5491 2761 5559 cjus
2791 5490 2946 5544 Area:
2968 5487 3320 5551 'l‘cstamenti,
3352 5495 3408 5539 ut
3439 5484 3804 5539 ministrarent
3828 5481 3909 5547 ei,

2317 5593 2371 5640 et
2399 5584 2646 5639 tollerent
2677 5597 2796 5637 eam
2829 5601 2841 5636 :
2873 5590 2928 5636 ct
2955 5579 3092 5635 facta
3119 5589 3201 5634 est
3231 5579 3308 5633 eis
3352 5591 3475 5648 pars
3495 5575 3703 5630 decima
3734 5587 3917 5629 sacer-

2321 5677 2538 5733 dotibus
2560 5677 2785 5742 initiata,
2823 5685 2878 5732 et
2923 5674 3292 5746 ptimogenita,
3330 5681 3355 5709 ιι
3385 5681 3437 5727 et
3467 5685 3590 5742 qua:
3621 5671 3672 5725 in
3703 5666 3914 5725 sacriﬁ-

2315 5771 2414 5828 ciis
2442 5770 2751 5838 constituta,
2783 5777 2838 5824 et
2885 5766 3260 5840 primogenita,
3315 5773 3369 5820 et
3417 5762 3683 5819 destinata
3715 5758 3917 5817 Levitis

2378 5909 2402 5936 ⁸
2428 5906 2489 5956 Et
2511 5917 2624 5968 qua?
2747 5906 3092 5968 primogenita.
3116 5905 3240 5956 Hac
3259 5901 3429 5955 desum
3452 5900 3584 5965 apud
3607 5899 3753 5951 Labb.
