4252 6258
619 301 723 356 679

1969 295 2036 350 IN
2070 293 2134 363 S.
2175 292 2571 352 CORNELIUM

3829 289 3948 346 680

617 413 893 472 sexdecim
913 412 1250 485 coepiscopis
1277 410 1436 479 facto,
1465 409 1694 475 adulter,
1737 417 1895 480 atque
1925 420 2214 466 extraneos
2243 410 2293 470 Λ
2321 425 2428 464 non
2455 407 2887 472 admitterentur,
2921 404 3023 461 nisi
3055 411 3266 476 peracta
3297 405 3619 476 pmnitentia
3643 404 3942 471 diuturna,

615 509 731 564 fieri
766 522 795 562 a
825 506 1190 564 desertoribus
1219 505 1439 571 nititur,
1475 525 1492 556 ι
1526 503 1576 559 id
1607 511 1692 559 est
1717 518 1746 557 a
1775 502 2054 558 Novatiani
2094 502 2216 556 fau-

615 601 822 658 toribus
849 599 950 672 (~l).

690 693 932 765 Egregiis
980 706 1104 748 eum
1146 689 1400 757 'meritis,
1445 688 1838 759 virtutibusque
1895 694 2216 742 exornatum

617 786 783 842 fuisse
807 827 824 853 ,
859 783 946 839 vel
978 783 1103 839 inde
1146 781 1447 854 Cyprianus
1471 780 1688 850 arguit,
1722 779 1866 850 quod
1893 822 1906 844 ,
1941 779 2104 834 Decio
2131 793 2221 833 su-

617 877 858 948 perstite,
881 875 1178 930 Romanam
1209 873 1506 928 Ecclesium
1534 872 1937 941 gubernandam
1969 883 2220 940 suscepe-

619 973 692 1030 rit
717 989 730 1024 :
769 989 788 1024 ι
817 969 1031 1026 Etenim
1062 977 1186 1038 post
1210 970 1580 1038 episcopatum
1604 981 1708 1022 non
1732 965 2089 1024 exambitum.
2113 979 2218 1018 non

617 1074 909 1130 extortum,
939 1062 1032 1119 sed
1053 1062 1123 1118 de
1154 1062 1269 1129 Dei,
1293 1061 1383 1133 qui
1416 1060 1727 1116 sacerdotes
1764 1058 1908 1122 facit,
1941 1059 2218 1113 voluntate

619 1167 931 1230 susceptum
959 1199 973 1223 ,
1015 1165 1213 1228 quanta
1247 1155 1298 1209 in
1348 1154 1467 1224 ipso
1497 1161 1749 1221 suscepto
1789 1153 2096 1221 episcopatu
2126 1165 2223 1204 suo

617 1254 820 1308 virtus!
861 1258 1116 1322 quantum
1146 1250 1310 1304 robur
1339 1246 1502 1302 animi
1530 1247 1543 1300 !
1598 1245 1772 1316 qualis
1802 1244 2028 1300 firmitas
2064 1242 2219 1297 fidei!

619 1347 762 1418 quod
803 1361 900 1402 nos
949 1343 1178 1414 simplici
1228 1341 1394 1399 corde
1446 1349 1502 1395 et
1539 1340 1846 1410 perspicere
1891 1337 2124 1408 penitus,
2171 1343 2225 1390 et

621 1439 843 1494 laudare
881 1437 1175 1501 debemus,
1221 1434 1425 1490 sedisse
1465 1431 1789 1502 intrepidum
1822 1431 2007 1484 Roma:
2045 1430 2099 1483 in
2139 1442 2227 1482 sa-

619 1529 878 1588 cerdotali
926 1527 1217 1592 cathedra,
1252 1541 1318 1581 eo
1363 1533 1636 1596 tempore,
1679 1537 1800 1578 eum
1855 1530 2114 1592 tyrannus
2146 1519 2226 1572 in-

619 1628 790 1684 festus
830 1627 926 1682 Dei
968 1623 1339 1680 sacerdotibus
1387 1621 1544 1676 fanda
1587 1629 1749 1689 atque
1799 1616 2028 1672 nefanda
2080 1629 2227 1669 com-

620 1721 952 1785 minaretur,
1000 1733 1123 1774 cutn
1181 1716 1352 1771 multo
1407 1714 1733 1780 patientius,
1790 1721 1846 1766 ct
1895 1708 2228 1765 tolerabilius

2321 515 2375 561 et
2404 507 2605 573 integra
2637 521 2651 558 :
2685 506 2754 558 ita
2786 512 2960 556 tamen
2992 509 3047 555 ut
3076 501 3206 570 ipsis
3229 502 3280 555 in
3313 515 3567 570 supremo
3595 501 3718 556 vita:
3741 501 3952 557 discri-

2322 599 2466 654 mine
2515 597 2894 652 subveniretur
2923 637 2936 660 ,
2982 609 3156 667 neque
3200 594 3467 649 absolutio
3515 601 3570 649 et
3620 593 3949 650 communio

2325 699 2632 759 negaretur.

2396 779 2655 834 Emndem
2716 777 3028 849 pontificem
3100 793 3131 833 e
3197 777 3532 833 catacumbis
3588 778 3947 833 transtulisse

2322 885 2549 942 corpora
2579 881 2888 926 sanctorum
2930 869 3073 924 Petri
3100 878 3155 925 et
3185 869 3336 924 Pauli
3368 878 3544 925 narrat
3594 881 3783 925 auctor
3811 872 3950 926 libri

2325 964 2656 1018 Pontificalis
2704 962 2783 1035 ('5)
2825 980 2838 1017 :
2893 964 3182 1034 subditque
3225 963 3291 1018 ad
3323 973 3624 1018 extremum
3654 966 3954 1021 exsulasse

2321 1055 2736 1120 Ceutnmcellis,
2783 1064 2837 1110 et
2883 1055 3168 1124 plumbatis
3211 1071 3272 1110 os
3319 1057 3435 1125 ejus
3465 1065 3748 1112 contusum
3781 1057 3952 1112 Decii

2320 1147 2472 1217 jussu
2499 1149 2600 1220 (4).
2660 1147 2770 1202 Sub
2797 1146 3038 1204 Cornelii
3065 1147 3377 1216 pontificatu
3408 1165 3513 1205 non
3543 1150 3715 1204 solum
3743 1166 3949 1220 persc-

2330 1242 2564 1296 cutionis
2595 1239 2848 1310 procella,
2883 1256 3002 1310 qua:
3032 1240 3175 1295 Decii
3208 1241 3427 1296 interitu
3455 1243 3688 1296 extincta
3715 1241 3952 1298 videba-

2339 1341 2448 1399 tur,
2483 1347 2511 1385 a
2543 1331 2698 1388 Gallo
2725 1342 2778 1387 et
2811 1331 3104 1387 Volusiano
3129 1331 3310 1387 denuo
3335 1335 3563 1388 excitata
3593 1375 3605 1396 ,
3638 1335 3951 1390 Ecclesiam

2329 1425 2654 1495 exagitavit;
2687 1424 2783 1480 sed
2808 1425 2973 1479 etiam
3003 1424 3200 1494 duplex
3230 1424 3495 1492 schisma;
3521 1427 3748 1496 primttm
3772 1443 3801 1482 a
3823 1427 3952 1485 Νο-

2329 1517 2874 1588 vatoCarthaginensi
2901 1527 2955 1573 et
2985 1519 3285 1574 Novatiano
3307 1519 3553 1576 Romano
3581 1521 3950 1593 presbyteris,

2334 1610 2652 1677 Romanam,
2686 1613 2984 1681 praesertim
3021 1613 3350 1679 Ecclesiam;
3388 1615 3618 1670 alterunt
3646 1616 3712 1670 ab
3735 1616 3941 1673 eodem
4001 1663 4004 1665 .

2330 1705 2544 1775 quidem
2570 1705 2776 1760 Novato
2799 1707 2926 1760 olim
2954 1708 3249 1773 incentore,
3282 1708 3376 1763 sed
3408 1707 3547 1764 duce
3573 1708 3942 1779 Felicissimo,

617 1814 848 1880 audiret,
878 1811 1044 1867 levari
1072 1809 1332 1864 adversus
1354 1821 1412 1861 se
1437 1806 1689 1860 aemulum
1716 1801 2032 1873 principem,
2062 1814 2220 1870 quam
2253 1801 2299 1860 B
2327 1810 2380 1854 et
2409 1799 2718 1855 Novatianis
2749 1800 3024 1855 erroribus
3065 1801 3218 1869 plane
3255 1804 3564 1873 oppositum
3584 1845 3598 1870 ,
3636 1803 3945 1860 Ecclesiam

619 1908 870 1962 constitui
901 1905 1086 1959 Romm
1128 1902 1218 1957 Dei
1260 1899 1645 1954 sacerdotem:
1685 1916 1704 1948 ›
1753 1910 1913 1966 quem
1949 1894 2070 1948 ideo
2101 1901 2223 1946 ante

623 1999 939 2070 martyrium
969 2003 1260 2066 martyrem
1286 1992 1560 2045 voluntate
1591 2005 1684 2044 sua
1714 1988 1878 2042 fuisse
1907 1985 2186 2056 praedicat.

693 2092 757 2146 ll.
798 2087 1108 2146 Cornelium
1138 2087 1354 2140 natione
1375 2083 1703 2146 Romanum,
1733 2096 1798 2135 ex
1823 2090 1976 2150 patre
2003 2079 2224 2132 Castino

622 2193 809 2240 natum
839 2194 962 2236 esse
1015 2178 1200 2232 scribit
1244 2175 1562 2230 Anastasius
1615 2170 2090 2234 bibliothecarius,
2137 2169 2222 2222 vel

623 2275 870 2348 quisquis
915 2271 988 2326 illi
1040 2270 1282 2342 prativit;
1333 2268 1416 2323 cui
1469 2267 1630 2320 etiam
1664 2263 1915 2320 nonnulla
1966 2263 2224 2316 Actorum

621 2367 930 2440 apographa
950 2407 965 2432 ,
995 2375 1048 2420 et
1082 2363 1256 2434 quond
1287 2363 1586 2416 Romanam
1611 2360 1838 2431 patriam
1866 2357 2030 2412 etiam
2067 2356 2225 2410 Cata-

630 2463 787 2534 logus
809 2461 1175 2516 Romanarum
1201 2457 1544 2521 Pontificmn,
1570 2471 1602 2510 e
1626 2453 1984 2509 serenissima:
2011 2451 2227 2520 Regina:

624 2555 832 2613 Suecize
862 2553 1182 2610 bibliotheca
1211 2562 1337 2606 ante
1367 2560 1495 2604 tom.
1529 2565 1546 2603 ι
1573 2548 1760 2618 aprilis
1787 2546 1856 2601 ab
1883 2544 2226 2601 Henschenio

631 2649 831 2715 editus,
863 2644 1229 2702 consentiunt.
1263 2643 1422 2698 Forte
1449 2642 1609 2712 igitur
1638 2639 1797 2695 fuerit
1819 2655 1850 2694 e
1875 2637 2223 2693 celeberrima

625 2744 714 2800 illa
748 2743 890 2797 inter
915 2741 1188 2795 Romanas
1229 2736 1461 2791 familias
1495 2743 1656 2806 gente
1695 2731 1943 2790 Cornelia
1975 2731 2224 2810 progeni-

621 2847 706 2894 tus
735 2881 749 2903 ,
785 2845 843 2891 ut
880 2833 1202 2890 Franciscus
1250 2829 1578 2884 Blauchinus
1613 2827 1822 2882 censuit
1863 2825 1954 2898 (ex
2003 2823 2226 2878 Cornelii

623 2931 863 2986 arbitror
908 2924 1216 2995 vocabulo),
1261 2923 1312 2977 in
1355 2921 1507 2977 Notis
1547 2918 1814 2974 historicis
1855 2917 1920 2972 ad
1953 2916 2222 2972 laudatum

621 3021 1116 3082 bibliotltecarium.

692 3117 844 3172 Illum
877 3129 970 3185 per
1010 3126 1200 3168 omnes
1251 3105 1647 3166 ecclesiasticos
1679 3105 1926 3171 ordines,
1961 3103 2222 3174 insignia-

2333 1891 2424 1946 Dei
2457 1892 2507 1946 in
2540 1893 2716 1948 Africa
2746 1894 3095 1962 perturbavit.
3131 1893 3202 1949 Ut
3229 1896 3371 1950 enim
3401 1896 3680 1951 Novatiani
3701 1897 3947 1953 detesta—

2330 1985 2422 2040 bili
2445 1987 2735 2042 severitate
2758 2003 2975 2042 omnem
3006 2002 3158 2059 spem
3192 1989 3363 2044 venia:
3391 1989 3559 2060 lapsis
3587 1991 3799 2061 penitus
3840 2007 3950 2048 nc-

2329 2079 2555 2150 gandam
2605 2080 3046 2147 contendebant,
3103 2081 3174 2136 ita
3225 2081 3341 2144 illi,
3391 2082 3682 2137 damnabili
3733 2084 3946 2153 pariter

2333 2172 2670 2226 conniventia
2695 2213 2710 2236 ,
2744 2188 2772 2225 a
2804 2173 2977 2242 primo
3020 2173 3198 2226 statim
3233 2174 3620 2242 persecutionis
3651 2174 3736 2229 die
3759 2216 3773 2240 ,
3807 2190 3946 2231 cum

2330 2265 2561 2319 recentia
2591 2264 3014 2335 delinquentium
3043 2265 3281 2321 facinora
3315 2267 3600 2332 ferverent,
3629 2277 3684 2323 et
3719 2268 3908 2323 sacrifi
3928 2300 3947 2310 -

2329 2355 2427 2410 clis
2475 2355 2721 2411 nefandis
2747 2373 2853 2412 non
2886 2366 3090 2412 tantum
3122 2357 3320 2413 diaboli
3361 2359 3569 2423 altaria,
3618 2359 3710 2414 sed
3753 2359 3947 2416 adhuc

2329 2464 2517 2505 manus
2545 2451 2674 2521 ipsa:
2722 2451 3017 2520 lapsorum,
3062 2459 3223 2522 atque
3252 2466 3344 2505 ora
3378 2451 3667 2518 fumarent,
3694 2467 3943 2508 commu-

2329 2541 2512 2598 nicare
2546 2558 2667 2598 cum
2696 2542 2882 2614 lapsis,
2914 2552 2969 2600 et
2997 2546 3328 2614 poenitentia:
3357 2545 3579 2616 agenda:
3604 2546 3942 2604 int-'rcederc

2329 2651 2435 2690 tton
2463 2635 2810 2702 deStiterunt,
2830 2636 3268 2716 testeCypriano,
3290 2640 3514 2710 epistola
3548 2657 3613 2696 LV
3638 2641 3703 2697 ad
3730 2641 3935 2699 (ἴοι-πιθα

2334 2730 2486 2784 Ιὶυιη.
2539 2730 2942 2798 Felicissimus,
2975 2747 3098 2787 cum
3145 2747 3203 2788 se
3247 2733 3313 2787 ab
3353 2734 3621 2789 Africanis
3663 2736 3936 2806 episcopis

2330 2821 2382 2877 in
2433 2824 2663 2879 concilio
2708 2825 3051 2895 congregatis
3093 2826 3403 2881 damnatum
3460 2827 3691 2894 videret,
3739 2837 3797 2883 ut
3843 2829 3934 2898 jus

2328 2917 2724 2973 communionis
2777 2935 2884 2989 quo
2934 2919 3248 2986 exciderat,
3309 2922 3359 2976 in
3409 2921 3649 2977 Ecclesia
3697 2923 3934 2978 Romana

2329 3009 2681 3066 sufTuraretur
2715 3053 2728 3075 ,
2781 3012 3005 3066 Romam
3060 3015 3371 3084 navigavit,
3421 3026 3477 3070 et
3525 3017 3700 3070 fucum
3756 3019 3932 3074 facere

2329 3113 2516 3159 sancto
2561 3103 2815 3161 Cornelio
2857 3105 3104 3160 Pontifici
3152 3106 3381 3162 Maximo
3419 3117 3644 3163 conatus
3682 3119 3782 3164 est.
3827 3110 3934 3166 Sed

623 3209 805 3281 quoin
832 3205 1134 3262 Eeclesiam
1168 3203 1354 3258 merita
1382 3200 1447 3255 ad
1472 3200 1706 3269 supremi
1738 3196 2076 3267 pontificatus
2105 3195 2218 3264 api-
2248 3195 2293 3257 C
2328 3195 2459 3250 nihil
2487 3195 2737 3257 obtinuit,
2772 3195 2874 3250 nisi
2916 3211 3028 3251 suae
3058 3197 3420 3252 damnationis
3447 3200 3929 3269 confirmationem,

623 3319 741 3360 cem
770 3299 1101 3361 ascendisse.
1133 3293 1519 3364 irrefragahilis
1551 3292 1700 3347 testis
1724 3297 1806 3345 est
1835 3289 1894 3345 S.
1922 3286 2226 3360 Cyprianus

630 3395 683 3450 in
713 3393 916 3464 smpius
952 3390 1063 3462 jam
1109 3387 1322 3442 laudata
1358 3385 1593 3456 Epistula
1626 3383 1693 3437 ad
1737 3381 2120 3437 Antonianum.
2158 3381 2227 3434 At

629 3485 870 3558 ejusdem
900 3491 1050 3554 gesta
1089 3496 1120 3535 a
1160 3479 1375 3535 nemine
1422 3473 1686 3530 recensita
1728 3472 2048 3542 reperimus.
2080 3472 2229 3527 Atta-

624 3593 748 3636 mcu
776 3591 896 3632 cum
923 3590 954 3630 e
983 3573 1228 3629 Romano
1256 3569 1414 3624 Clero
1450 3567 1643 3629 fuerit,
1676 3564 1814 3618 haud
1853 3563 2014 3618 dubie
2037 3562 2104 3617 ad
2144 3563 2226 3632 ip-

629 3683 748 3727 sum
780 3675 991 3740 spectat
1021 3679 1146 3734 pars
1167 3704 1183 3730 ,
1221 3671 1276 3717 et
1315 3659 1424 3714 fors
1454 3673 1563 3713 non
1593 3656 1811 3711 minima
1842 3669 2029 3709 eorum
2051 3694 2065 3720 ,
2108 3669 2226 3723 qua:

624 3763 815 3818 Clerus
844 3759 953 3815 ille.
979 3757 1035 3813 S.
1068 3755 1210 3811 Petri
1235 3750 1503 3807 Cathedra
1534 3764 1628 3819 per
1657 3746 1878 3802 Fabiani
1903 3745 2221 3817 martyrium

625 3862 848 3910 vacante
867 3892 884 3918 ,
916 3851 968 3904 in
998 3847 1312 3904 calamitosa
1341 3841 1709 3899 illaEcclcsim
1737 3849 2053 3911 tempestate
2077 3852 2227 3907 egre.

624 3948 712 4020 gie
741 3944 1008 4018 praastitit.
1029 3941 1258 3997 Exstant
1274 3937 1436 3992 varia:
1464 3936 1602 3991 inter
1615 3933 1961 4004 Cyprianicas
1984 3931 2227 4001 epistola:

627 4061 697 4100 ex
744 4042 938 4114 quibus
983 4038 1321 4110 perspicuum
1366 4041 1478 4098 est,
1511 4038 1712 4102 quanto
1750 4027 1865 4083 zelo
1909 4024 2100 4082 Clerus
2142 4025 2229 4080 ille

628 4153 737 4195 nou
768 4135 931 4192 modo
970 4133 1265 4189 Romanam
1297 4126 1602 4198 DimcesinZ,
1635 4123 1728 4180 sed
1754 4132 1810 4178 et
1836 4121 2227 4192 Carthaginien-

630 4245 769 4296 sem,
803 4228 1045 4299 aliasque
1073 4224 1275 4281 curarit
1305 4219 1409 4294 (2).

702 4323 1011 4380 Cornelium
1043 4330 1313 4389 tamquam
1339 4314 1468 4370 vitio
1493 4323 1734 4369 creatum
1764 4310 2087 4380 Episcopum
2107 4307 2220 4363 Ro-

629 4431 846 4474 manum
875 4413 1229 4472 calumniatus
1250 4419 1332 4464 est
1361 4407 1690 4462 Novatianus
1714 4404 1989 4460 Romanus
2014 4402 2229 4474 presby-

630 4522 762 4578 ter,
797 4508 1086 4578 instigante
1129 4503 1367 4568 Novato,
1419 4500 1738 4571 presbytero
1782 4498 2223 4568 Carthaginensi,

2332 3299 2389 3342 ut
2416 3303 2482 3342 ex
2505 3303 2665 3357 supra
2700 3287 2912 3343 laudata
2941 3299 3154 3344 constat
3185 3290 3242 3343 S.
3273 3288 3526 3361 Cypriani
3552 3293 3799 3362 epistola.

2401 3377 2491 3432 Ill.
2533 3378 2654 3448 Ipso
2683 3381 3071 3449 persecutionis
3091 3380 3316 3436 exttrdio
3343 3383 3466 3436 anni
3492 3381 3622 3449 252,
3644 3382 3932 3440 Cornelius

2334 3471 2609 3526 Romanus
2659 3471 2902 3527 Pontifex
2950 3472 3348 3530 Centumcellas
3389 3473 3582 3547 (Civita
3618 3476 3868 3549 Veccltia)
3901 3494 3932 3532 a

2331 3561 2485 3621 Gallo
2533 3565 2858 3634 imperatore
2908 3565 3177 3636 relegatus
3222 3577 3341 3632 est,
3394 3567 3547 3638 cujus
3577 3570 3628 3623 itt
3663 3570 3765 3624 fide
3793 3585 3932 3625 con—

2331 3657 2580 3712 stantiam
2609 3655 2910 3727 Cyprianus
2939 3658 3180 3729 epistolis
3200 3659 3312 3715 suis
3343 3676 3504 3730 qttam
3534 3662 3762 3716 maxime
3788 3677 3933 3717 eom-

2332 3746 2548 3802 mendat
2576 3747 2654 3820 (5)
2691 3766 2704 3797 τ
2746 3765 2766 3800 ‹
2804 3746 3167 3816 Cognovimus
3189 3790 3205 3813 ,
3254 3751 3418 3805 frater
3447 3752 3764 3809 charissime
3785 3797 3798 3818 ,
3832 3755 3928 3819 ait,

2331 3840 2484 3906 fidei,
2523 3855 2586 3895 ac
2626 3840 2839 3895 virtutis
2873 3852 3066 3896 vestrae
3103 3843 3406 3899 testimonia
3433 3845 3686 3914 gloriosa,
3720 3858 3768 3901 et
3801 3862 3932 3902 cou-

2332 3934 2582 3990 fessionis
2613 3943 2805 3991 vestra:
2848 3936 3106 3991 honorem
3149 3939 3226 3992 sic
3251 3939 3558 3995 exultanter
3596 3942 3926 4010 accepimus,

2333 4037 2391 4082 ut
2419 4029 2470 4084 in
2502 4029 2730 4093 meritis,
2761 4043 2826 4086 ac
2857 4029 3104 4085 laudibus
3130 4031 3323 4087 vestris
3351 4048 3450 4088 nos
3479 4049 3688 4104 quoque
3709 4037 3931 4104 partici-

2334 4135 2429 4190 pes
2459 4162 2474 4186 ,
2523 4131 2577 4174 et
2621 4120 2798 4176 socios
2845 4132 3218 4190 computemus
3255 4142 3267 4178 :
3310 4143 3328 4176 ›
3379 4136 3432 4180 et
3480 4135 3598 4196 post
3642 4126 3866 4194 plurima
3911 4144 3925 4180 :

2338 4232 2356 4265 ‹
2388 4213 2569 4268 Virtus
2617 4213 2726 4268 illic
2763 4213 3014 4285 Episcopi
3055 4216 3410 4285 praecedentis
3450 4218 3658 4287 publice
3683 4234 3927 4290 compro-

2333 4307 2454 4362 bata
2482 4317 2582 4372 est,
2616 4306 2871 4362 adunatio
2900 4309 3186 4377 sequentis
3210 4309 3555 4365 fraternitatis
3581 4323 3795 4368 ostensa
3825 4323 3925 4368 est.

2332 4400 2468 4455 Dum
2495 4399 2637 4470 apud
2667 4415 2764 4454 vos
2794 4415 2930 4456 unus
2955 4400 3186 4467 animus,
3217 4411 3273 4457 et
3299 4419 3400 4458 una
3430 4421 3530 4460 vox
3561 4414 3663 4472 est,
3695 4407 3929 4463 Ecclesia

2333 4491 2510 4548 omnis
2541 4491 2782 4547 Romana
2810 4492 3055 4548 confessa
3083 4505 3182 4549 est.
3221 4494 3458 4562 Claruit,
3499 4497 3692 4555 fratres
3721 4500 3928 4555 charis-

629 4605 790 4673 idquc
821 4611 927 4657 tam
959 4598 1130 4663 vafre,
1171 4605 1226 4654 et
1256 4594 1545 4660 malitiose,
1579 4604 1638 4649 ut
1669 4593 1954 4648 nonnullos
1989 4608 2055 4647 cx
2099 4607 2230 4647 con-
2256 4589 2308 4649 1)
2335 4586 2492 4654 simi,
2527 4586 2693 4652 fides,
2723 4603 2884 4657 quam
2911 4587 2979 4643 de
3025 4587 3174 4644 vobis
3203 4589 3390 4646 beatus
3421 4593 3708 4660 Apostolus
3734 4594 3928 4664 praedi-

627 4693 927 4753 fessoribus
956 4689 1194 4746 traheret
1220 4689 1273 4743 in
1313 4696 1492 4758 partes
1523 4701 1684 4750 suas,
1725 4700 1787 4739 ac
1831 4699 1925 4754 per
1986 4693 2095 4739 tres
2124 4685 2232 4754 epi-

633 4801 834 4858 scoms
861 4800 964 4858 qua
993 4783 1203 4851 fraude,
1251 4797 1353 4852 qua
1383 4781 1432 4836 vi
1469 4779 1772 4852 compulsos
1805 4779 2090 4848 episcopus
2115 4777 2228 4832 Ro.

625 4895 840 4946 manus,
866 4879 1002 4937 clam
1027 4877 1326 4942 ordinatus,
1358 4875 1589 4944 primum
1621 4873 1672 4928 in
1705 4872 1947 4928 Ecclesia
1989 4870 2228 4925 Romana

631 4976 867 5034 scltisma
905 4973 1188 5030 excitaret.
1230 4969 1361 5026 Eam
1399 4969 1469 5023 ob
1495 4982 1607 5023 rem
1640 4964 1925 5021 Cornelius
1949 4964 2226 5034 sexaginta

627 5069 1002 5141 episcoporum
1039 5063 1267 5122 concilio
1304 5062 1526 5117 Romam
1577 5075 1718 5115 anno
1759 5059 1859 5114 251
1909 5067 2225 5125 convocato,

627 5159 983 5218 Novatianum
1006 5200 1021 5225 ,
1055 5157 1283 5228 ejusque
1309 5161 1604 5210 sectatores
1631 5147 1972 5208 anathemate
2003 5150 2228 5205 damna-

626 5252 721 5319 vit,
756 5261 814 5308 et
837 5249 1209 5313 confessores,
1256 5246 1345 5316 qui
1379 5245 1511 5318 lapsi
1541 5245 1783 5311 fuerant,
1815 5243 1880 5299 ad
1913 5243 2229 5300 reconcilia-

629 5345 832 5401 tionem
878 5352 934 5399 et
983 5341 1355 5413 paenitentiam
1400 5337 1761 5394 admittendos
1802 5351 1924 5393 esse
1968 5336 2224 5392 decrevit.

628 5437 746 5495 lloc
781 5438 833 5492 in
890 5434 1134 5491 Concilio
1170 5434 1442 5504 lapsorum
1479 5446 1639 5486 causa
1684 5429 1989 5486 decretorio
2030 5428 2233 5497 judicio

630 5531 782 5590 finita
825 5538 905 5586 est
938 5570 954 5596 ,
997 5537 1363 5598 statutumque
1406 5535 1464 5580 ut
1494 5525 1627 5594 lapsi
1671 5523 1738 5578 ad
1793 5522 2230 5578 communionem

706 5667 786 5740 (l)
825 5665 1082 5740 Cyprian.
1111 5665 1217 5740 lo_c.
1249 5664 1348 5740 cit:

701 5733 782 5809 (2)
826 5733 958 5792 Vide
1015 5733 1266 5809 Cypriani
1322 5733 1622 5805 Epistolas,
1675 5747 1821 5787 num.
1878 5748 2020 5796 xxx,
2095 5743 2231 5785 xxxt

631 5822 795 5868 XXIII.

2331 4680 2488 4734 cavit.
2530 4698 2548 4731 ι
2590 4678 2716 4733 Haec
2762 4680 2974 4750 aliaque
3021 4681 3249 4751 plurima
3295 4682 3592 4754 Cyprianus
3631 4687 3694 4741 ad
3725 4687 3924 4742 Corne-

2331 4772 2484 4838 lium,
2530 4771 2620 4842 qui
2669 4773 2813 4827 exilii
2863 4774 3152 4842 aerumnis,
3209 4775 3589 4850 laboribusque
3632 4783 3924 4846 coniectus,

2332 4865 2491 4937 paulo
2520 4875 2640 4934 post
2666 4864 2755 4920 die
2785 4864 2993 4921 decima
3033 4877 3221 4937 quarta
3251 4872 3575 4937 septembris
3601 4885 3801 4944 martyr
3829 4874 3926 4929 ilii-

2332 4958 2455 5014 detn
2495 4957 2744 5013 occubuit
2775 4975 2787 5011 :
2827 4975 2846 5008 ε
2880 4957 3010 5013 Post
3037 4958 3171 5026 hoc,
3205 4980 3223 5012 ι
3255 4961 3327 5014 ait
3353 4962 3664 5020 Pontifieale
3697 4967 3926 5032 Damasi,

2335 5070 2354 5102 ‹
2383 5049 2779 5106 Centumcellas
2836 5051 3126 5122 expulsus,
3171 5052 3241 5108 ibi
3281 5068 3402 5109 cum
3431 5055 3600 5122 gloria
3641 5057 3926 5115 dormitio-

2333 5158 2456 5200 nem
2487 5146 2711 5213 accepit.
2753 5160 2770 5192 ι
2805 5142 2956 5198 Diem
2986 5142 3165 5198 obitus
3198 5144 3558 5217 Hieronymus
3589 5148 3768 5216 docet,
3798 5151 3925 5206 dum

2406 5300 2654 5378 f3)__H:rc
2677 5301 2954 5378 translatio
2980 5301 3179 5357 incerta
3193 5314 3282 5378 est
3308 5305 3538 5378 Barouio
3560 5309 3623 5362 ad
3647 5326 3772 5364 ann.
3796 5312 3925 5378 221,

2339 5373 2368 5444 §
2396 5370 2730 5446 f5.fl’agio_ad
2759 5372 2937 5446 curnt).
2966 5389 3162 5427 annum
3187 5375 3213 5446 §
3239 5377 3273 5432 5
3302 5389 3350 5431 ct
3386 5377 3680 5435 Blauchino
3709 5384 3759 5436 in
3788 5370 3930 5440 uotis

2337 5442 2755 5520 dd‘Anqstasinut
2787 5442 3241 5510 bibliothecarimn,
3275 5457 3403 5502 tum.
3436 5465 3492 5515 ll,
3527 5466 3647 5520 pag.
3681 5454 3803 5509 905.

2411 5515 2488 5592 (fl)
2523 5516 2655 5592 Erat
2681 5513 2734 5568 id
2760 5529 2928 5585 genus
2958 5525 3342 5592 tormentorum
3370 5513 3541 5592 quasi
3562 5513 3826 5592 flagellum
3858 5541 3924 5580 cx

2335 5587 2607 5664 funicolis,
2639 5585 2690 5639 in
2714 5601 2936 5664 quat-“um
2976 5585 3925 5664 summitatilius_'glandesvplttttthem

2335 5667 2488 5731 erant
2531 5656 2795 5731 i:upac_t:e.
2830 5656 3003 5731 Baron
3039 5661 3107 5710 ad
3136 5656 3470 5731 Μανίῳ-υἱοῖς.
3510 5656 3732 5720 Roman.
3775 5667 3860 5722 die
3892 5667 3929 5723 ϐ

2328 5729 2486 5810 junii:
2517 5727 3195 5810 Callemusffeﬂartyrum
3225 5727 3561 5791 Cruciatibus.
3597 5751 3716 5810 pag.
3740 5737 3868 5794 204.

2407 5798 2486 5873 (ὅ)
2525 5798 2774 5871 Cypriau.
2806 5799 2973 5876 Epist.
3005 5798 3108 5858 Lvt.
3599 5798 3604 5818 ⁵
