4252 6258
350 356 445 409 681

1741 343 2254 402 PROLEGOMENA
2269 385 2281 397 .

3539 352 3648 407 082

346 472 414 526 «ιο
451 465 716 540 Cypriano
759 465 832 519 ait
869 464 946 537 (1)
973 479 987 517 :
1024 483 1041 515 ι
1071 463 1268 517 Passus
1308 469 1390 516 est
1432 461 1532 516 sub
1565 459 1852 516 Valeriano
1884 469 1938 514 et
1964 464 2016 522 Λ
2041 472 2162 513 esse
2189 433 2731 511 obserrat'Autonius
2762 454 2974 526 Pagius,
3006 457 3137 512 cnm'
3159 455 3212 513 in
3241 459 3395 518 annis
3432 466 3648 532 pontili-

346 563 594 620 Gallieno
619 559 988 629 persecutione
1018 567 1203 612 octava
1225 598 1239 622 ,
1273 557 1461 612 eodem
1485 556 1588 621 die,
1619 571 1723 624 quo
1758 555 1941 606 llomzn

345 661 668 724 Cornelius,
711 657 805 710 sed
844 670 950 709 non
994 653 1189 709 eodem
1235 667 1398 707 anno.
1440 672 1458 704 ι
1501 651 1705 721 Nempe
1733 650 1943 704 decimo

345 762 536 808 octavo
561 750 668 804 kal.
700 748 956 812 octobris,
986 762 1089 818 qua
1112 747 1197 800 die
1221 744 1544 816 Cyprianum
1567 753 1780 798 constat
1811 758 1946 795 tuar-

348 845 487 915 tyrio
516 850 830 898 coronatum
874 839 1038 894 fuisse
1062 878 1076 904 ,
1108 847 1163 893 et
1203 838 1482 906 utriusque
1513 836 1770 891 memoria
1799 834 1946 889 cele-

342 937 549 992 bratur.
671 995 674 998 ,
1065 999 1070 1004 _

416 1028 505 1084 IV.
547 1028 665 1096 Quo
683 1036 862 1083 autem
887 1025 1076 1080 mortis
1101 1039 1296 1095 genere
1317 1030 1410 1078 aut
1429 1010 1696 1093 supplicio
1725 1029 1945 1076 sanctus

349 1122 591 1180 Pontifex
615 1122 847 1187 obierit,
888 1120 1044 1190 plane
1074 1120 1464 1188 incompertum
1507 1126 1590 1171 est
1621 1133 1634 1170 :
1677 1130 1798 1168 nam
1826 1129 1945 1184 quae

348 1217 418 1272 de
467 1216 569 1270 illis
619 1215 673 1269 in
717 1213 848 1268 urbe
890 1213 1126 1265 llomana
1175 1210 1275 1264 sub
1318 1210 1482 1264 Decio
1527 1208 1768 1280 martyrii
1813 1209 1945 1262 Acta

349 1308 588 1376 ejusdem
616 1307 874 1369 referunt,
908 1304 1038 1359 nihil
1066 1302 1287 1358 omnino
1313 1303 1562 1373 probant,
1593 1318 1714 1356 cum
1745 1304 1812 1356 ab
1833 1317 1949 1354 ern-

347 1402 476 1456 ditis
518 1401 656 1455 inter
698 1399 879 1468 spuria
923 1397 1250 1465 rejicianlur.
1308 1395 1672 1450 Vetustissimi
1717 1393 1946 1463 catalogi

348 1493 667 1566 Pontiﬁcum
709 1499 896 1547 auctor
938 1499 1140 1545 tantum
1169 1489 1332 1555 dicit,
1369 1489 1519 1543 illum
1559 1503 1681 1542 cum
1725 1508 1742 1540 ι
1776 1487 1945 1558 gloria

348 1587 725 1642 dormitionem
754 1603 772 1636 ι
821 1582 1207 1638 Centumcellis
1252 1582 1547 1650 accepisse.
1596 1580 1749 1636 Unde
1806 1596 1945 1634 non-

349 1682 482 1736 nulli
519 1679 936 1743 exiSIimarunt,
984 1693 1104 1732 eum
1149 1675 1378 1730 naturali
1420 1677 1595 1745 potius
1637 1690 1795 1745 quam
1834 1675 1948 1728 vio-

351 1776 494 1830 lenta
539 1782 710 1828 morte
762 1772 1067 1827 defunctum
1112 1785 1265 1835 esse;
1313 1785 1408 1838 per
1454 1768 1597 1823 exilii
1637 1777 1844 1833 tamen,
1887 1781 1950 1820 ac

2045 559 2195 603 catus
2226 548 2476 614 Cornelii,
2516 559 2625 603 tum
2658 550 2708 602 in
2750 549 3033 604 Deciorum
3086 554 3454 610 consulatibus
3502 556 3646 612 desi-

2045 641 2290 712 gnandis.
2316 640 2502 694 Nullus
2531 642 2671 695 enim
2697 651 2778 696 est
2798 654 2887 696 aut
2921 643 3059 696 Decii
3089 645 3252 713 patris
3283 658 3526 716 quartus,
3555 661 3648 706 aut

2047 735 2192 790 Decii
2225 735 2315 788 lilii
2345 735 2612 790 secundus
2647 737 2982 791 consulatus.
3010 737 3219 792 Gallum
3259 750 3436 796 autem
3490 744 3647 799 Volu-

2047 829 2252 882 sianum
2290 829 2447 883 Decio
2483 831 2723 899 Angusto
2765 830 3001 884 secundo
3044 847 3138 886 seu
3180 834 3356 898 tertio,
3391 845 3445 890 et
3489 837 3649 892 Decio

2049 921 2258 974 Ctesare
2287 921 2515 990 primum
2547 922 2856 976 consulibus
2900 926 3225 980 successisse
3251 942 3316 980 ex
3347 926 3494 982 fastis
3525 945 3645 984 cer-

2053 1022 2161 1066 tmn
2207 1024 2289 1067 est
2336 1029 2348 1064 :
2396 1012 2638 1083 adeoque
2670 1015 2722 1068 in
2751 1016 2992 1086 catalogo
3016 1033 3139 1072 mox
3168 1019 3444 1076 dictonon
3486 1039 3650 1077 annos

2050 1106 2196 1173 duos,
2227 1106 2320 1162 sed
2347 1124 2538 1161 annum
2563 1125 2719 1162 unum
2749 1109 2997 1166 Cornelio
3025 1113 3185 1169 fuisse
3212 1115 3648 1173 adscribendum.

2051 1200 2312 1267 Quocirca
2334 1215 2455 1255 eum
2474 1202 2551 1256 sic
2569 1204 2946 1273 corrigendum
2963 1206 3209 1263 laudatus
3231 1210 3424 1281 Pagius
3441 1226 3650 1280 censet,

2052 1301 2109 1346 ut
2137 1307 2362 1347 «annum
2391 1310 2554 1348 unum
2585 1295 2744 1350 Decio
2769 1297 2833 1351 III
2863 1308 2916 1352 et
2936 1299 3115 1368 Decio,
3158 1320 3175 1352 ›
3213 1302 3331 1358 loco
3362 1307 3650 1362 verborum

2051 1402 2212 1438 annos
2243 1387 2370 1442 duos
2404 1389 2561 1443 Decio
2606 1389 2693 1456 IV,
2743 1401 2797 1444 et
2829 1393 2988 1448 Decio
3019 1395 3064 1448 II
3091 1397 3464 1454 substituatur.
3501 1401 3653 1458 Unde

2050 1479 2291 1547 sequitur
2320 1489 2375 1532 ut
2403 1481 2446 1534 si
2465 1480 2749 1537 Cornelius
2769 1501 2960 1539 annum
2987 1503 3164 1556 unum,
3199 1493 3652 1560 quemadmodum

2051 1571 2144 1624 illo
2171 1573 2224 1627 in
2247 1574 2490 1644 catalogo
2511 1576 2778 1644 scribitur,
2801 1590 2855 1634 et
2879 1599 2896 1631 ι
2926 1598 3138 1638 menses
3165 1596 3293 1652 tres,
3340 1607 3357 1640 ι
3401 1605 3462 1644 ac
3494 1609 3512 1642 ι
3539 1592 3653 1649 dies

2054 1666 2238 1722 decem
2264 1688 2281 1721 ι
2305 1671 2461 1738 sedit,
2490 1688 2610 1727 eum
2629 1676 2900 1741 eumdem,
2932 1697 2951 1730 ι
2975 1680 3129 1736 Gallo
3143 1694 3195 1736 et
3217 1685 3506 1742 Volusiano
3523 1704 3654 1744 con-

2053 1759 2253 1814 sulibus
2279 1779 2298 1811 ›
2329 1761 2465 1833 (hoc
2486 1773 2569 1818 est
2598 1781 2743 1820 anno
2777 1768 2970 1824 Christi
3007 1771 3170 1846 252),
3206 1774 3292 1831 die
3328 1778 3389 1832 14
3419 1792 3655 1850 septem-

351 1869 488 1922 [οι-ιε
514 1867 673 1922 eliam
717 1867 951 1920 carceris
983 1880 1249 1919 mrumnas
1276 1862 1595 1928 accelerant,
1627 1861 1854 1932 ideoque
1883 1861 1950 1914 alt
1978 1864 2026 1924 B
2057 1851 2164 1907 bris
2207 1857 2464 1927 martyrio
2489 1872 2804 1916 coronatum
2833 1879 2954 1920 esse
2985 1882 3106 1921 vera
3134 1872 3464 1928 monimenta
3494 1877 3654 1933 [idem

354 1960 594 2016 Ecclesia
625 1969 680 2013 ut
709 1969 998 2030 martyrem
1032 1957 1223 2012 merito
1251 1956 1376 2011 coli.
1415 1955 1793 2012 Verumtamen
1837 1970 1942 2008 non

353 2053 550 2108 desunt
579 2053 874 2106 testimonia
897 2053 1097 2122 graVia,
1133 2067 1249 2120 qum
1276 2050 1578 2120 ambiguam
1608 2050 1752 2104 illam
1787 2049 1947 2118 phra-

358 2147 462 2201 sim
483 2186 497 2211 ,
538 2163 556 2195 ι
585 2159 705 2200 cum
740 2144 907 2215 gloria
934 2143 1310 2198 dormitionem
1342 2143 1568 2210 accepit,
1601 2161 1618 2193 ι
1652 2141 1718 2195 de
1751 2149 1946 2210 marty—

353 2241 435 2295 rio
459 2256 554 2311 per
588 2235 898 2310 supremum
927 2238 1242 2308 supplicium
1274 2245 1647 2292 consummato
1673 2235 1944 2302 accipien-

354 2336 475 2390 dam
507 2336 758 2390 suadent.
792 2334 1056 2402 Imprimis
1081 2330 1450 2402 S.Cyprianus
1477 2332 1532 2384 in
1563 2329 1796 2398 lipistola
1821 2344 1946 2382 Lvttt

354 2428 422 2482 ad
477 2427 533 2482 S.
580 2426 831 2491 Lucium,
874 2423 1105 2478 Cornelii
1146 2437 1533 2487 successorem,
1572 2420 1716 2475 illum
1752 2420 1950 2472 beatum

355 2528 628 2589 martyrem
667 2517 896 2570 disserte
934 2514 1166 2585 appellat
1201 2532 1213 2568 :
1242 2513 1385 2567 Idem
1416 2513 1542 2566 lacit
1567 2510 1807 2581 Epistola
1837 2524 1945 2564 LVII

355 2609 420 2664 ad
449 2609 505 2664 S.
551 2608 882 2677 Stephanum
916 2606 1116 2674 pariter
1159 2603 1396 2673 Papam:
1434 2620 1452 2653 ι
1497 2601 1804 2657 Servandus
1840 2610 1944 2662 est,

356 2703 625 2774 inquiens,
650 2712 1049 2754 antecessornm
1085 2695 1412 2760 nostrorum,
1440 2695 1715 2751 beatorum
1750 2705 1949 2766 marty-

356 2812 474 2852 rum
521 2794 754 2849 Cornelii
801 2800 854 2847 et
893 2791 1042 2846 Lucii
1084 2790 1256 2845 honor
1278 2789 1638 2858 gloriosus...
1684 2788 1758 2841 Illi
1783 2788 1945 2854 enim,

359 2888 499 2959 pleni
537 2885 737 2956 Spiritu
779 2884 872 2940 Dei
898 2893 951 2938 et
996 2885 1046 2936 in
1090 2883 1321 2952 glorioso
1349 2880 1606 2951 martyrio
1644 2880 1946 2944 constituti,

358 2979 588 3033 dandam
618 2993 735 3033 esse
771 2978 932 3046 lapsis
973 2991 1156 3046 pacem
1216 2985 1583 3028 censuerunt:
1619 2992 1636 3024 ι
1673 2975 1950 3026 Consonat

361 3071 625 3127 Eusebius
667 3071 716 3124 in
762 3069 1012 3124 Chronico
1048 3069 1232 3123 dicens
1274 3086 1285 3120 :
1332 3085 1349 3117 ι
1403 3067 1656 3120 Romana:
1702 3066 1952 3120 Ecclesia:

359 3167 754 3236 episcopatum,
797 3171 915 3232 post
977 3161 1196 3216 Fabiani
1236 3160 1522 3230 gloriosam
1562 3168 1826 3225 mortem,
1877 3174 1950 3212 xx

2051 1944 2266 2012 faciant,
2316 1965 2456 2004 anno
2499 1950 2695 2008 Christi
2724 1955 2852 2024 251,
2896 1957 3033 2027 junii
3073 1961 3107 2015 4
3149 1961 3236 2017 die
3289 1965 3656 2033 pontiﬁcatum

2053 2041 2252 2094 inierit.
2289 2060 2307 2092 ι

2130 2150 2147 2181 ι
2190 2133 2395 2188 Placuit
2425 2136 2584 2190 etiam
2611 2138 2727 2194 lucc
2759 2143 2938 2210 Opinio
2967 2144 3178 2201 erudito
3210 2147 3659 2226 Tillemontioﬂ)

2053 2226 2138 2294 qui
2175 2236 2228 2279 et
2273 2238 2529 2296 praeterea
2570 2230 2876 2288 Cornelium
2924 2238 3142 2296 minime
3182 2253 3306 2299 ante
3345 2247 3653 2317 paschalem

2052 2319 2177 2411 anui
2214 2319 2310 2375 251
2358 2322 2499 2376 diem
2547 2316 2849 2381 ordinatum
2893 2346 3012 2387 esse
3055 2335 3296 2403 pluribus
3327 2316 3660 2411 argumentis

2054 2410 2274 2482 colligit.
2313 2413 2597 2471 Probabile
2639 2430 2744 2487 cst,
2785 2436 2888 2475 non
2937 2426 3104 2478 multo
3145 2410 3423 2498 postquam
3466 2435 3656 2492 Decius

2053 2518 2118 2556 ex
2155 2503 2292 2559 Urbe
2323 2508 2388 2561 ad
2419 2510 2815 2579 expeditionem
2849 2529 3034 2570 contra
3065 2519 3268 2576 Gothos
3291 2525 3634 2586 discessisset

2056 2596 2196 2662 quod
2230 2597 2369 2652 circa
2401 2615 2588 2655 verum
2621 2612 2831 2672 tempus
2861 2608 2985 2661 anni
3025 2609 3126 2666 251
3158 2617 3398 2686 contigit,
3453 2621 3655 2677 clerum

2057 2689 2419 2761 pupulnmque
2444 2693 2769 2764 Romanum,
2804 2699 2900 2752 hac
2918 2705 3202 2760 occasione
3223 2708 3422 2776 oblata,
3454 2728 3655 2769 convc-

2058 2782 2218 2847 nisse,
2252 2795 2305 2838 et
2335 2787 2386 2839 in
2417 2786 2653 2844 Cornelii
2687 2791 3007 2849 eleetionem
3035 2801 3394 2860 consensisse.
3440 2803 3510 2858 Et
3540 2805 3656 2862 haec

2057 2876 2270 2944 quidem
2299 2878 2545 2949 Cypriani
2572 2881 2637 2937 de
2669 2883 2829 2939 Decio
2855 2888 3015 2942 verba
3044 2890 3126 2960 (5)
3165 2909 3177 2944 :
3216 2911 3233 2942 ι
3271 2894 3424 2962 Quod
3460 2900 3656 2953 tolera-

2057 2969 2214 3023 bilius
2238 2972 2449 3026 audirct
2475 2975 2642 3030 levati
2671 2978 2930 3035 adversus
2956 2998 3014 3036 se
3053 2987 3302 3041 auntthnn
3333 2990 3656 3062 principem,

2057 3076 2217 3129 quam
2258 3065 2511 3118 constitui
2555 3065 2739 3121 Roma:
2782 3069 2874 3124 Dei
2914 3077 3270 3140 sacerdotem,
3329 3099 3348 3132 ι
3385 3082 3461 3136 sic
3494 3084 3658 3139 inter-

2060 3154 2258 3222 pretari
2303 3156 2446 3221 licet,
2478 3167 2536 3211 ut
2564 3158 2848 3230 Tyrannus
2890 3163 2979 3219 ille
3010 3169 3196 3223 nuntio
3227 3171 3438 3238 eodem,
3469 3185 3522 3229 et
3553 3178 3657 3230 im-

359 3260 590 3330 susccpit
613 3258 899 3314 Cornelius
941 3257 1097 3310 annis
1133 3253 1374 3318 duobus;
1416 3254 1503 3323 qui
1529 3262 1582 3308 et
1608 3253 1721 3324 ipse
1753 3262 1953 3323 marty-
1981 3255 2025 3317 ρ
2061 3248 2264 3316 perium
2298 3265 2326 3301 a
2353 3247 2496 3304 Julio
2527 3250 2753 3307 Valente
2799 3267 3134 3326 usurpatum,
3183 3273 3236 3316 et
3265 3263 3571 3322 Cornelium
3603 3270 3656 3324 in

359 3353 441 3407 rio
480 3361 767 3406 coronatus
791 3356 922 3414 est:
956 3368 974 3400 ι
1022 3348 1080 3403 S.
1126 3346 1389 3400 Pacianns
1435 3347 1489 3399 in
1524 3345 1760 3414 Epistola
1811 3361 1844 3399 ιι
1885 3344 1952 3398 ad

349 3447 846 3523 _Sympronianum,
899 3443 956 3497 S.
997 3441 1308 3497 Cornelium
1352 3440 1586 3494 occisum
1629 3440 1812 3502 fuisse,
1846 3455 1952 3492 non

360 3543 588 3595 obscure
627 3538 878 3592 insinuat.
925 3535 1112 3589 Adhuc
1149 3534 1344 3588 clarius
1387 3532 1620 3603 loquitur
1668 3532 1723 3587 S.
1764 3532 1954 3586 lIiero-

359 3647 553 3704 nymus
578 3631 628 3685 in
663 3630 778 3684 Vita
820 3630 876 3685 S.
911 3628 1060 3681 Pauli
1100 3625 1367 3690 Eremita',
1399 3635 1526 3678 tom.
1558 3641 1606 3678 tv
1632 3623 1793 3694 Opp.,
1823 3624 1955 3679 edit.

361 3725 559 3788 Paris.,
592 3733 727 3793 part.
753 3721 927 3782 '2,col.
949 3721 1016 3775 69
1041 3737 1052 3772 :
1090 3737 1108 3770 ι
1131 3717 1410 3772 Cornelius
1436 3717 1956 3788 Romae,(2yprianns

361 3815 687 3892 Carthagine
734 3813 874 3868 felici
920 3827 1111 3868 cruore
1163 3813 1477 3880 martyrium
1531 3810 1885 3880 pertulerunt.
1927 3826 1946 3860 ι

364 3911 482 3966 Non
509 3909 735 3962 obscure
757 3909 915 3960 etiam
938 3905 1170 3975 loquitur
1197 3904 1426 3972 Prosper
1454 3903 1504 3955 in
1527 3900 1793 3954 Chronico
1816 3901 1955 3953 inte-

362 4018 461 4072 gro
487 4001 711 4056 dicens:
751 4017 769 4049 ι
805 3999 1057 4052 Romanae
1098 3995 1351 4051 Ecclesia:
1386 3994 1750 4062 episeOpatnm
1775 4035 1788 4057 ,
1835 4001 1959 4061 post

362 4095 585 4153 Fabiani
635 4093 923 4164 gloriosam
972 4101 1220 4154 mortem,
1279 4103 1352 4141 xx
1401 4086 1624 4154 suscipit
1676 4084 1960 4140 Cornelius

364 4189 517 4244 annis
546 4187 775 4253 duobus,
806 4185 894 4255 qui
925 4191 1042 4254 post
1061 4182 1332 4237 biennium
1366 4179 1555 4234 eodem
1586 4177 1845 4248 martyrio
1866 4191 1960 4231 eo-

364 4293 606 4342 ronatur.
639 4301 657 4334 )

439 4377 501 4432 V.
539 4395 557 4428 ι
593 4376 971 4445 Episcopatum
1017 4371 1252 4426 tenuisse
1303 4366 1496 4422 dicitur
1543 4363 1824 4420 Cornelius
1884 4362 1953 4415 ab

364 4471 597 4527 Eusebio
611 4468 823 4540 quidem
846 4467 925 4540 (2)
945 4486 960 4517 ι
975 4465 1126 4520 annis
1146 4463 1356 4517 circiter
1378 4461 1563 4524 tribus,
1580 4478 1598 4511 ›
1621 4459 1672 4512 in
1692 4458 1959 4514 Chronico

365 4576 564 4631 autern,
583 4565 664 4619 cui
685 4563 1043 4633 Ilieronymus
1056 4557 1288 4613 concinit
1307 4557 1384 4628 ('5)
1411 4573 1427 4604 ι
1450 4552 1846 4621 anuis-duobus.
1864 4551 1957 4605 »1η

364 4658 502 4714 libro
524 4655 841 4719 Pontilicali,
891 4672 909 4705 ι
944 4653 1098 4706 annis
1129 4651 1320 4714 tribus,
1361 4647 1548 4702 diebus
1589 4646 1808 4710 decem;
1848 4664 1866 4698 ι
1905 4645 1958 4699 in
1985 4647 2040 4706 D

368 4748 656 4818 exemplari
677 4745 1005 4810 Corbeiensi,
1031 4756 1082 4798 nt
1102 4745 1154 4797 in
1175 4741 1507 4796 Bucberiano
1526 4740 1790 4810 catalogo,
1821 4757 1839 4788 ι
1862 4754 1960 4792 an-

369 4843 452 4896 nis
477 4840 704 4905 duobus,
733 4838 1006 4892 mensibus
1035 4837 1222 4900 tribus,
1247 4834 1432 4890 diebus
1462 4833 1680 4899 decem;
1710 4853 1726 4884 ι
1754 4833 1805 4886 in
1831 4832 1964 4885 Fos-

368 4932 590 4996 satensi,
634 4945 776 4984 nunc
807 4928 1139 4991 Colbertino,
1178 4942 1278 4982 nec
1322 4941 1427 4980 non
1465 4923 1603 4993 apud
1646 4922 1962 4978 Bollandutn

367 5042 432 5083 ex
482 5024 680 5080 Codice
718 5024 843 5076 olim
889 5022 1184 5078 Suecorum
1232 5019 1449 5090 reginae,
1515 5032 1654 5072 nunc
1688 5008 1959 5082 Vaticano,

374 5133 547 5174 «anno
570 5135 694 5184 uno,
722 5117 994 5171 mensibus
1011 5115 1241 5179 duolms,
1261 5113 1449 5168 diebus
1479 5111 1644 5166 trilms
1663 5152 1676 5174 ,
1707 5129 1724 5161 )
1750 5108 1964 5180 pumili-

367 5225 543 5271 catum
582 5213 817 5284 gessisse
853 5209 1063 5264 dicitur.
1100 5209 1169 5263 At
1207 5207 1539 5262 nominatum
1573 5204 1964 5259 Bncberianum

368 5307 692 5378 eatalogum,
721 5305 772 5358 in
801 5317 906 5372 quo
930 5301 1236 5356 Cornelium
1266 5300 1470 5355 sedisse
1496 5298 1718 5368 legimus
1755 5316 1773 5348 ι
1797 5311 1968 5351 annos

367 5403 526 5469 duos,
566 5415 782 5456 menses
829 5409 958 5456 tres.
1000 5395 1117 5451 dies
1160 5395 1370 5461 decem,
1403 5409 1433 5447 a
1461 5391 1772 5448 consulibus
1810 5390 1967 5444 Decio

366 5495 456 5560 IV,
481 5506 530 5550 et
558 5492 718 5547 Decio
744 5489 809 5558 11,
833 5504 1002 5560 usque
1019 5488 1172 5545 Gallo
1199 5485 1576 5547 etVolusiano,
1603 5501 1621 5533 ›
1651 5479 1966 5536 mendosum

447 5647 529 5718 (I)
570 5645 882 5718 Ilieronym.
949 5644 1011 5698 de
1061 5643 1254 5711 Script.
1319 5639 1517 5693 Eccles.
1584 5635 1635 5688 in
1685 5632 1919 5705 Catolog.
1953 5674 1969 5699 ,

372 5719 752 5869 ωῗῇξξὶιευι).
779 5786 847 5841 ll.
879 5785 950 5869 E._
970 5786 1339 5869 lil_)r..vn.,”cap.

546 5860 885 5928 I-Iieronym.,
915 5858 979 5910 de
1021 5856 1128 5911 Vir.
1153 5851 1370 5923 illustr.,
1388 5866 1507 5924 cap.
1530 5851 1616 5906 66.

652 5949 931 6015 ΡΑτιιοιι.
977 5946 1085 6014 III.

2060 3339 2387 3412 Episcopum
2437 3343 2592 3400 Urbis
2633 3356 2940 3417 cooptatum
2983 3353 3247 3409 (IidICI‘I'iI.
3283 3357 3451 3413 I’orro
3485 3360 3660 3417 Julius

2059 3449 2289 3505 purpura
2328 3437 2468 3491 circa
2512 3453 2750 3494 mensem
2781 3441 2976 3497 Maium
3007 3447 3133 3500 anni
3162 3447 3262 3502 251
3294 3462 3531 3520 arrepta,
3560 3469 3660 3510 nec

2058 3528 2229 3583 multo
2253 3539 2374 3598 post
2401 3533 2612 3587 occisus
2645 3546 2747 3589 est.
2781 3535 3002 3591 Demum
3034 3540 3301 3597 Eusebius
3330 3554 3383 3597 et
3409 3560 3528 3600 cum
3557 3546 3659 3603 hac

2058 3623 2322 3677 sententia
2350 3634 2404 3678 et
2426 3639 2607 3680 secum
2639 3630 2912 3684 conciliari
2940 3633 3018 3687 sic
3047 3645 3219 3703 potest
3251 3653 3263 3688 :
3300 3647 3355 3691 ut
3381 3655 3500 3694 cum
3523 3641 3659 3697 Cor-

2061 3713 2260 3767 nelitttn
2296 3733 2312 3765 ι
2351 3716 2507 3770 annis
2532 3718 2746 3773 circiter
2775 3721 2941 3774 tribus
2973 3742 2991 3773 ι
3027 3725 3390 3795 episcopatum
3423 3732 3657 3787 tenuisse

2059 3806 2264 3874 scribit,
2296 3817 2505 3878 tempus
2539 3826 2568 3863 a
2620 3811 2836 3866 Fabiani
2881 3815 3025 3868 obitu
3066 3818 3130 3870 ad
3163 3819 3392 3876 Cornelii
3428 3834 3656 3881 mortem
3712 3831 3714 3836 '

2059 3896 2399 3966 ittlcrjecluut
2425 3900 2671 3969 judicare
2703 3905 2965 3970 voluerit;
2998 3908 3087 3961 ubi
3111 3920 3287 3963 autem
3321 3928 3442 3967 eum
3478 3934 3498 3965 ι
3533 3917 3661 3972 duo-

2061 3990 2160 4044 bus
2186 3992 2341 4044 annis
2374 4011 2391 4041 ι
2425 3992 2632 4046 sedisse
2660 3994 2839 4082 docet,
2872 4013 3032 4051 unum
3060 4001 3408 4068 completum,
3443 4017 3496 4060 et
3525 4010 3659 4065 alte-

2062 4097 2178 4133 rum
2207 4081 2512 4136 inchoatunt
2553 4099 2650 4152 pro
2678 4081 2886 4139 duobus
2909 4092 3254 4158 computarit.
3296 4111 3311 4142 ι
3354 4095 3466 4150 lluc
3491 4113 3658 4169 usque

2061 4171 2404 4226 Constantius
2433 4188 2615 4229 nosmr
2645 4175 2749 4246 (6).
2779 4177 2986 4232 Videsis
3014 4180 3174 4234 etiam
3200 4183 3484 4240 clarissimi
3517 4190 3658 4245 inter

2065 4264 2420 4319 Bollandistas
2454 4264 2788 4323 Constantini
2808 4269 3074 4340 Suyskeni
3101 4279 3544 4333 commentarium
3579 4281 3659 4335 hi-

2065 4359 2322 4414 storicum
2345 4359 2412 4414 de
2444 4360 2502 4415 S.
2536 4359 2789 4419 Cornelio
2819 4365 2960 4435 Papa
2985 4375 3040 4420 et
3066 4366 3317 4440 Martyre,
3347 4369 3374 4442 §
3406 4388 3463 4438 II,
3509 4389 3564 4428 ιιι
3604 4386 3659 4430 et

2065 4469 2150 4517 tv,
2185 4463 2238 4508 et
2271 4455 2564 4522 prmsertim
2607 4455 2634 4528 θ
2670 4473 2762 4525 xu,
2822 4475 2941 4530 pag.
2975 4460 3075 4515 I77
3104 4470 3158 4516 et
3194 4479 3345 4534 seqq.
3377 4465 3548 4522 Tomo
3577 4484 3651 4523 tv.

2064 4545 2416 4616 Septembris.

2609 4664 2997 4723 ARTICULUS
3023 4668 3084 4722 II.

2418 4818 2463 4858 S.
2507 4819 2749 4859 CORNELII
2778 4821 2829 4858 Ρ.
2873 4821 2939 4859 ET
2972 4821 3029 4860 ιι.
3061 4821 3300 4862 εειιιρτι.

2142 4937 2183 4990 I.
2212 4937 2501 5008 Complura
2533 4938 2908 4993 sollicitudinis
2951 4940 3272 5008 Apostolica:
3315 4953 3663 4999 monumenta

2067 5029 2262 5085 litteris
2283 5028 2629 5100 consignasse
2656 5038 2873 5084 sanctus
2897 5030 3134 5084 Pontifex-
3166 5031 3494 5096 perhibetur.
3527 5049 3664 5104 quo-

2068 5136 2187 5176 rum
2212 5131 2389 5178 tamen
2418 5137 2543 5191 pars
2570 5122 2798 5175 maxima
2831 5121 3030 5174 interiit
3055 5120 3155 5191 (7).
3187 5122 3258 5175 De
3287 5123 3366 5174 his
3399 5123 3466 5176 ita
3491 5124 3664 5178 Eusc-

2070 5214 2188 5269 bills
2207 5213 2286 5284 (8)
2321 5205 2465 5268 ἦλθόν
2493 5214 2534 5264 δ’
2563 5220 2636 5267 οὖν
2684 5217 2750 5274 εὶς
2802 5220 2927 5279 ἡμᾶς
2971 5216 3217 5267 ἐπιστόλαι
3264 5219 3524 5282 Κορνηλίου
3561 5206 3672 5270 ῥω-

2139 5346 2216 5419 (I)
2247 5347 2561 5402 Tillcmont.
2594 5344 2830 5399 tllémoir.
2864 5361 2952 5397 sur
2985 5345 3046 5398 S.
3081 5344 3350 5409 Corncille,
3381 5356 3416 5399 t.
3445 5363 3536 5414 ιιι,
3567 5358 3668 5404 art.

2073 5422 2161 5483 15,
2191 5434 2311 5488 pag.
2343 5420 2471 5472 551.

2145 5489 2226 5559 (5)
2249 5487 2500 5559 Cyprian.
2530 5503 2659 5559 t.._c.
2691 5504 2745 5541 ιι.
2782 5487 2869 5559 19.

2149 5556 2228 5629 (6)
2255 5556 2532 5614 Constant.
2572 5556 2737 5627 Epist.
2777 5557 3056 5612 Rommtor.
3089 5557 3363 5630 Ponti/ia,
3397 5575 3517 5630 pag.
3547 5560 3670 5616 125.

2148 5628 2229 5702 (7)
2280 5629 2404 5702 Iliae
2449 5641 2513 5702 et"
2540 5646 2665 5702 quae
2698 5643 2995 5702 sequuntur
3038 5646 3102 5683 ex
3135 5628 3385 5684 Galland.
3425 5628 3674 5685 Biblioth.

2081 5699 2228 5757 Max.
2289 5700 2418 5754 νεα.
2476 5699 2596 5754 ΡΡ.
2659 5709 2696 5753 t.
2755 5716 2831 5767 ιιι,
2885 5701 3098 5772 Prolog.
3142 5716 3193 5770 p.
3253 5702 3346 5766 55,
3399 5717 3518 5773 cap.
3581 5719 3677 5772 vn,

2080 5774 2461 5829 desumuntnr.

2152 5842 2232 5918 (8)
2266 5844 2465 5900 Euseb.
2499 5844 2565 5900 11.
2602 5843 2665 5907 E.
2703 5843 2801 5902 lib.
2835 5859 2908 5911 VI,
2938 5857 3058 5915 cap.
3083 5843 3173 5897 48.

3057 5933 3137 6001 22
