4252 6258
604 364 716 428 683

1963 369 2029 428 IN
2070 367 2128 428 S.
2169 359 2573 428 CORNELIUM

3810 374 3914 437 684

597 494 752 554 μχίων
774 486 1034 539 ἓπισκότου
1068 478 1181 553 πρδς
1206 480 1283 540 τδν
1311 496 1395 545 τῆς
1424 466 1684 555 Ἀντιοχέων
1721 490 1965 549 ὶκκλησίκς
2004 496 2194 541 Φαϐίον.

2312 484 2523 538 tertiam
2555 480 2622 538 de
2651 480 2815 553 gestis
2859 480 3079 554 synodi;
3122 490 3369 555 quartam
3408 486 3475 543 ad
3504 488 3755 549 eumdem
3804 494 3910 550 Fa-

604 581 894 637 -Ταυτσιῖς
916 578 1037 638 ἀλλγῖ
1051 600 1126 637 τις
1141 582 1364 632 («molis
1393 591 1598 639 συνήπτο
1621 590 1703 635 τσῦ
1723 586 1985 650 Κορνηλίου
2007 584 2211 650 περὶτῶν

609 683 734 730 κατὰ
760 684 850 727 τὶν
877 676 1060 726 συνόδεν
1084 674 1336 744 dapem-nov
1373 677 1454 726 καὶ
1487 679 1634 729 πάλιν
1660 680 1799 743 ἑτέρα
1826 678 1931 743 περὶ
1970 691 2061 729 τῶν
2086 681 2211 727 κατά

606 772 852 823 Νοούατον
895 770 1215 837 πραχθέντων.
1279 762 1389 821 Hoc
1433 777 1536 832 est,
1591 768 1882 839 interprete
1935 764 2149 823 Valesio
2192 785 2207 821 :

613 877 633 911 ι
668 860 892 914 Exstant
917 858 1093 913 adhuc
1136 859 1379 929 epistolae
1411 860 1642 915 Cornelii
1672 860 2033 916 Romanorum
2079 859 2207 932 Epi-

606 950 757 1022 scopi
806 950 872 1007 ad
912 949 1134 1006 Fabium
1183 950 1563 1007 Antiochensis
1618 950 1878 1009 Ecclesia:
1924 950 2208 1022 prmsulem

602 1046 807 1100 missa}.
833 1062 851 1098 ι
888 1044 1069 1100 --His
1104 1042 1354 1111 adjuncta
1389 1055 1506 1101 erat
1548 1046 1651 1101 alia
1699 1046 1940 1117 ejusdem
1975 1046 2209 1103 Cornelii

600 1140 860 1210 epistola,
896 1138 963 1194 de
1000 1139 1084 1194 his
1123 1155 1242 1210 qua:
1283 1139 1334 1194 in
1382 1139 1600 1212 Synodo
1635 1140 1849 1197 decreta
1884 1142 2129 1198 fuerant:
2154 1150 2209 1197 et

600 1247 787 1288 rursus
819 1232 924 1287 alia
950 1231 1017 1288 de
1042 1232 1371 1288 facinoribus
1396 1232 1587 1289 Novati
1634 1253 1646 1289 :
1692 1232 1772 1289 Ad
1802 1250 1961 1305 quem
1986 1233 2201 1305 quidem

598 1324 783 1380 locum
824 1324 1075 1380 observat
1112 1324 1349 1380 eruditus
1396 1326 1700 1383 Cotelerius
1754 1327 1856 1399 (1).
1915 1325 2206 1382 Eusebium

597 1418 777 1473 verbis
803 1417 1499 1489 11118,ὶπιστὸλαιΚορνη).ιου,
1515 1436 1673 1475 unam
1695 1419 2206 1475 lantummodoCor-

596 1511 864 1567 nelianam
893 1513 1177 1582 epistolam
1209 1511 1575 1581 signiﬁcasse:
1600 1512 1742 1583 quod
1776 1530 1909 1568 sane
1933 1514 2205 1585 perspexit

596 1612 653 1658 et
674 1601 1053 1676 Hieronymus.
1090 1606 1223 1658 Dum
1248 1605 1391 1659 enim
1418 1604 1707 1660 Eusebium
1731 1605 2031 1671 aﬁ'ectatus,
2064 1606 2204 1661 inter

594 1701 890 1770 scriptores
936 1699 1333 1756 ecclesiasticos
1381 1699 1689 1754 Cornelium
1753 1708 2039 1764 recenset,
2086 1696 2203 1756 hrec

597 1793 760 1850 habet
789 1794 872 1865 (2)
904 1810 919 1848 :
954 1811 972 1845 ι
1008 1792 1308 1859 Cornelius,
1341 1792 1597 1849 Romanre
1628 1792 1784 1849 Urbis
1815 1793 2134 1864 Episcopus,
2176 1810 2195 1846 ι

2317 574 2459 630 bium
2488 574 2639 629 valde
2664 575 2947 645 prolixam,
2984 585 3038 631 et
3062 575 3373 635 Novatiana:
3403 580 3676 640 haereseos
3702 602 3909 656 causas,

2316 676 2369 724 et
2394 667 2676 723 anathema
2704 669 3092 725 continentem.
3129 686 3149 722 ι
3200 670 3396 727 Verum
3442 675 3587 733 aliud
3619 678 3795 750 egisse
3834 681 3912 735 vi-

2312 762 2469 817 detur
2494 761 2684 818 doctor
2718 764 3003 827 maximus,
3033 763 3160 819 dum
3193 765 3369 821 locum
3436 768 3801 829 Eusebianum
3834 775 3911 830 in-

2313 858 2509 927 spexit,
2545 864 2601 911 nt
2627 867 2746 927 post
2771 856 3044 913 Valesium
3068 858 3304 914 advertit
3334 859 3640 920 Cotelerius
3669 866 3767 938 (9).
3803 865 3912 924 Eu-

2313 950 2493 1003 sebius
2521 950 2689 1015 enim,
2727 958 3006 1020 postquam
3045 952 3232 1021 primae
3281 950 3517 1009 Cornelii
3561 957 3807 1026 epistola:
3846 959 3913 1014 ad

2313 1042 2541 1097 Fabium‘
2587 1041 3007 1098 Antiochensem
3073 1043 3402 1101 mentionem
3452 1046 3673 1117 injecit,
3729 1052 3909 1106 statim

2311 1134 2528 1189 subdit:
2565 1153 2583 1186 (
2624 1134 2756 1190 Alia:
2789 1141 3048 1203 praaterea
3098 1135 3264 1191 latino
3303 1153 3555 1195 sermone
3594 1142 3913 1213 conscriptae

2312 1237 2524 1284 exstant
2551 1228 2793 1298 epistolae
2821 1228 3093 1300 Cypriani,
3125 1238 3179 1284 et
3204 1230 3432 1286 aliorum
3461 1234 3782 1300 antistitum,
3812 1237 3905 1305 qui

2310 1336 2430 1377 cum
2454 1323 2572 1393 ip~o
2600 1323 2650 1376 in
2674 1320 2851 1377 Africa
2878 1325 3187 1393 congregati
3214 1334 3369 1379 erant
3401 1342 3413 1377 :
3447 1341 3513 1382 ex
3539 1327 3735 1396 quibus
3763 1328 3914 1384 colli-

2310 1415 2473 1486 gitur,
2508 1415 2640 1485 ipsis
2687 1414 2849 1471 etiam
2906 1416 3195 1485 placuisse,
3230 1425 3287 1472 ut
3328 1418 3707 1475 subveniretur
3736 1421 3800 1476 iis
3824 1423 3913 1492 qui

2309 1509 2362 1565 in
2395 1510 2741 1566 tentationem
2776 1510 3116 1576 inciderunt;
3146 1521 3309 1583 utque
3339 1522 3531 1570 auctor
3552 1513 3770 1570 nefaria:
3800 1515 3913 1586 opi-

2308 1602 2485 1657 nionis
2512 1603 2671 1658 simul
2702 1617 2822 1658 eum
2847 1603 2932 1670 iis,
2958 1604 3048 1675 qui
3072 1604 3138 1659 ad
3162 1616 3341 1675 partes
3358 1606 3527 1677 ipsius
3550 1607 3910 1679 desciverant,

2307 1695 2374 1750 ab
2397 1694 2650 1751 Ecclesia:
2673 1696 2963 1752 Catholicae
2985 1698 3258 1753 consortio
3280 1700 3475 1754 merito
3501 1699 3856 1758 abdicaretur.
3886 1721 3905 1755 ι

2306 1788 2508 1854 Quibus
2531 1787 2713 1844 relatis
2745 1789 3038 1846 secundam
3068 1799 3333 1847 memorat
3367 1791 3602 1849 Cornelii
3631 1794 3909 1864 epistolam

593 1890 893 1959 .._.scripsit
915 1888 1194 1959 epistolam
1228 1888 1293 1942 ad
1324 1888 1541 1943 Fabium
1574 1886 1925 1943 Antiochenre
1947 1888 2197 1943 ecclesia;
2227 1884 2275 1947 Β
2304 1877 2370 1934 de
2395 1880 2493 1945 his,
2529 1892 2649 1950 quae
2679 1880 2732 1935 in
2764 1882 2993 1953 synodo,
3025 1882 3265 1938 Romana
3294 1884 3524 1953 scilicet,
3555 1885 3773 1942 decreta
3791 1886 3909 1944 fue-

592 1984 925 2054 episcopum.
971 1981 1103 2035 Rem
1138 1980 1357 2036 conﬁcit
1383 1980 1447 2035 V.
1490 1979 1552 2035 C.
1586 1980 1789 2049 aliquot
1815 1978 2078 2050 ejusmodi
2112 1981 2193 2036 lo-

593 2075 866 2130 cutionum
919 2070 1180 2141 exemplis
1221 2071 1273 2125 in
1326 2070 1561 2125 medium
1610 2069 1873 2124 adductis.
1909 2068 2190 2139 Epistolas,

589 2164 797 2233 inquit,
844 2171 900 2219 et
942 2162 1011 2218 de
1055 2178 1160 2216 una
1198 2162 1423 2231 epistola
1464 2160 1601 2227 dici,
1645 2162 1987 2216 observatum
2019 2160 2194 2216 doctis

590 2256 994 2324 Scripturarum
1018 2254 1402 2324 interpretibus
1429 2251 1494 2308 ad
1523 2252 1691 2307 libros
1711 2252 2191 2308 Macchabmorum.

592 2351 685 2407 Sic
716 2350 947 2407 Sanctus
978 2348 1328 2419 Polycarpus,
1362 2347 1644 2416 alloquens
1674 2344 2066 2415 Philippenses,
2122 2344 2197 2399 ait

590 2458 660 2500 ex
689 2450 871 2499 vetere
912 2444 1207 2512 interprete
1241 2440 1343 2512 (5).
1383 2457 1400 2491 ι
1432 2439 1616 2508 Neque
1644 2453 1764 2509 ego,
1798 2451 1973 2509 neque
2004 2437 2195 2493 similis

589 2536 733 2591 alius
774 2536 902 2601 mei,
936 2535 1134 2605 poterit
1177 2533 1327 2603 sequi
1368 2532 1684 2602 sapientiam
1726 2530 1863 2585 beati
1893 2540 1947 2585 et
1976 2529 2194 2602 gloriosi

589 2627 966 2696 Pauli.—Qui
995 2636 1051 2683 et
1080 2626 1278 2682 absens
1308 2626 1527 2694 scripsit
1556 2624 1707 2679 vobis
1739 2622 2008 2693 Epistolas
2042 2640 2054 2678 :
2096 2643 2113 2674 ›
2147 2624 2194 2686 ὃς

589 2727 673 2777 καὶ
696 2725 830 2777 ἀπιὼν
848 2726 959 2791 ὑμῖν
983 2726 1179 2791 ἔγραψεν
1206 2726 1454 2779 interdiu;
1481 2734 1493 2769 :
1523 2718 1793 2782 Attamen,
1814 2730 1879 2769 ex
1894 2714 2084 2770 eodem
2114 2712 2195 2768 in-

588 2823 849 2886 terprete,
879 2823 1098 2869 sanctus
1128 2812 1218 2866 ille
1249 2810 1595 2881 Smyrnensis
1633 2810 1860 2863 antistes
1890 2807 2049 2875 paulo
2078 2814 2197 2876 post

589 2910 749 2965 unius
794 2916 998 2963 tantum
1029 2904 1266 2960 Paulina:
1296 2904 1729 2974 Philippensibns
1763 2901 2032 2973 inscriptae
2064 2898 2192 2972 Epi-

586 3002 744 3057 stolae
788 2999 1101 3055 meminisse
1117 2996 1447 3066 comperitur
1472 3012 1483 3048 :
1512 2995 1611 3061 Qui
1645 2995 1784 3059 estis,
1812 2994 1979 3063 inquit
2008 2992 2086 3065 (t)
2139 2992 2193 3047 in

590 3092 857 3163 principio
884 3091 1128 3162 epistolae
1171 3089 1308 3157 ejus.
1344 3086 1497 3142 Aliud
1527 3090 1724 3157 prtesto
1750 3093 1834 3140 est
1880 3084 2193 3153 exemplum

585 3199 654 3240 ex
686 3186 802 3255 ipso
827 3182 1082 3247 Eusebio,
1112 3180 1267 3251 cujus
1284 3180 1397 3233 haec
1414 3180 1575 3234 verba
1602 3179 1708 3251 (5):
1736 3182 2033 3245 Μνημονεύει
2061 3183 2192 3257 γετοι

2298 1980 2441 2026 runt.
2496 1971 2667 2037 Quam
2718 1989 2848 2045 ergo
2903 1975 3141 2031 secando
3190 1977 3311 2033 loco
3385 1978 3563 2033 laudat
3632 1980 3907 2051 epistolam

2299 2062 2355 2118 S.
2389 2063 2767 2136 Hieronymus,
2812 2081 2916 2121 non
2968 2069 3239 2137 Cornelio,
3273 2069 3366 2125 sed
3393 2069 3664 2144 Cypriano
3711 2072 3913 2130 adseri-

2296 2158 2493 2213 benda.
2536 2158 2721 2229 Neque
2777 2163 2938 2217 etiam
2991 2163 3221 2218 Ruﬁnus
3270 2164 3489 2220 Eusebii
3535 2166 3696 2222 verba
3726 2170 3909 2239 ,probc

2299 2251 2577 2319 accepisse
2635 2254 2962 2323 comperitur
3018 2270 3031 2308 :
3078 2256 3353 2325 Siquidem
3400 2273 3517 2327 qua?
3561 2259 3911 2317 Cmsariensis

2298 2342 2585 2411 episcopus
2623 2342 2690 2399 de
2721 2347 2955 2400 secunda
2984 2345 3221 2402 Cornelii
3266 2349 3493 2419 epistola
3524 2351 3702 2419 tradit,
3732 2353 3904 2408 inter-

2298 2442 2539 2502 pretatur
2556 2435 2782 2506 ipsemet
2805 2437 2874 2494 de
2904 2440 3075 2509 prima
3100 2438 3267 2496 Fabio
3284 2442 3637 2499 Antiochensi
3654 2446 3909 2517 episcopo

2298 2525 2577 2596 inscripta.

2373 2618 2460 2673 IV.
2510 2619 2706 2676 Verum
2738 2616 2864 2677 illud
2894 2623 3075 2693 potius
3098 2633 3281 2681 nostra
3312 2624 3557 2695 interest,
3591 2629 3763 2701 inquit
3804 2626 3904 2687 do-

2298 2715 2567 2771 ctissimus
2590 2717 2904 2774 Callandius
2928 2719 3043 2790 (iit)
3072 2735 3192 2775 cum
3215 2721 3375 2777 docto
3408 2720 3712 2779 Eusebiano
3738 2727 3906 2781 inter-

2298 2810 2449 2876 prete
2496 2806 2798 2877 advertere,
2849 2826 2912 2865 ex
2972 2811 3228 2881 Epistolis
3282 2812 3521 2869 Cornelii
3570 2815 3794 2886 primam
3836 2793 3907 2872 ac

2273 2896 2509 2952 -tertiam
2547 2898 2711 2955 fuisse
2741 2915 2770 2955 a
2799 2908 2987 2957 sancto
3020 2902 3113 2957 illo
3139 2902 3395 2973 pontiﬁce
3435 2921 3612 2975 grzeco
3652 2921 3906 2964 sermone

2300 2992 2645 3061 perscriptas.
2679 3011 2695 3044 ‹
2731 2994 2906 3061 Quum
2936 2996 3101 3063 enim,
3130 2998 3305 3066 inquit
3330 2998 3599 3063 Valesius,
3635 3000 3903 3058 Eusebius

2299 3097 2365 3138 ex
2408 3085 2563 3139 tertia
2608 3085 2834 3156 epistola
2874 3088 3099 3157 plurima
3132 3087 3363 3145 adducat
3408 3092 3737 3161 testimonia,
3772 3109 3903 3149 nus-

2297 3193 2455 3248 quam
2486 3179 2615 3233 dicit
2642 3195 2703 3235 ea
2735 3195 2798 3235 ex
2834 3182 3003 3237 latino
3043 3198 3296 3240 sermone
3345 3186 3396 3239 in
3452 3203 3689 3257 graecum
3734 3188 3901 3247 fuisse

586 3279 670 3329 καὶ
694 3279 834 3335 αὐτὸς
864 3280 889 3327 ὁ
915 3266 1200 3343 iugata?”
1228 3279 1275 3327 ἓν
1295 3276 1437 3333 ἰδίαις
1468 3277 1739 3332 ἰπιστὸὶαις
1762 3274 1865 3330 ταῖς
1908 3279 2023 3339 πρὸς
2054 3261 2193 3323 Avu-

2303 3274 2556 3329 translata
2597 3293 2609 3328 :
2640 3275 2782 3345 quod
2828 3286 3005 3332 tamen
3039 3290 3296 3349 perpetuo
3327 3295 3552 3338 monere
3582 3284 3897 3351 consuevit,

598 3379 771 3429 νοείτεις
796 3373 862 3431 εἰς
890 3376 963 3423 ἔτι
996 3374 1074 3421 νῦν
1098 3364 1212 3438 παρ’
1244 3370 1358 3433 ἡμῖν
1389 3370 1673 3433 σωζομξναιε
1705 3379 1792 3426 τῆς
1816 3370 2087 3433 Νιρκίσσαυ
2116 3370 2193 3416 σὺν

586 3467 716 3531 αὗτῳ
738 3464 1015 3533 προεδρίας,
1043 3466 1167 3516 κατὰ
1186 3465 1346 3515 ταῦτα
1395 3467 1515 3523 λέξιν
1539 3460 1612 3510 ἐτὶ
1636 3460 1765 3510 τελεῖ
1784 3465 1967 3527 γραφῶν
1992 3471 2077 3517 τῆς
2104 3460 2191 3509 αὖ·

588 3570 675 3616 τῆς
704 3558 974 3615 turmatim.
1008 3552 1139 3619 Qum
1165 3550 1380 3621 quidem
1416 3557 1640 3604 sanctus
1671 3548 2031 3620 Hieronymus
2062 3560 2193 3619 pau-

584 3646 663 3702 cis
692 3642 1153 3714 complectensgsie
1180 3641 1352 3696 reddit
1380 3640 1461 3711 (6)
1495 3658 1507 3695 :
1545 3658 1563 3692 ‹
1604 3640 1699 3696 Hie
1726 3639 2103 3712 (Alexander)
2136 3642 2189 3696 in

585 3738 697 3793 ﬁne
735 3736 1012 3808 cujusdam
1057 3735 1331 3805 epistolas,
1370 3748 1530 3805 quam
1560 3732 1743 3787 scribit
1773 3731 1839 3788 ad
1884 3734 2190 3788 Antinoitas

589 3844 755 3901 super
798 3842 929 3899 pace
962 3825 1240 3893 Ecclesire,
1274 3834 1381 3881 etc.
1424 3843 1442 3876 ι
1484 3822 1745 3879 Nimirum
1776 3834 1833 3878 ut
1870 3824 1969 3879 viri
1998 3824 2189 3880 eruditi

586 3921 748 3978 verba
765 3934 1017 3989 usurpem
1034 3919 1115 3990 (7)
1134 3918 1398 3990 frequenti
1420 3918 1559 3989 apud
1578 3934 1737 3974 omne
1754 3933 1922 3989 genus
1941 3926 2188 3975 auctores

590 4030 692 4071 usu
716 4014 881 4079 venit,
910 4013 1053 4083 quod
1082 4011 1152 4067 de
1173 4013 1427 4083 singulari
1457 4013 1705 4083 epistola,
1758 4010 1995 4083 dialogo,
2024 4011 2189 4068 libro.

589 4124 696 4181 que
721 4108 1023 4177 loquentes,
1049 4105 1372 4176 quandoque
1395 4106 1585 4176 plurali
1617 4121 1843 4161 numero
1876 4112 2114 4160 utantur.

659 4198 749 4257 lll.
790 4200 874 4256 Ad
905 4200 1020 4254 haec
1061 4199 1115 4253 in
1150 4198 1313 4253 allato
1355 4208 1501 4254 textu
1542 4196 1849 4254 Eusebiano
1875 4216 1995 4255 cum
2028 4198 2187 4254 docto

587 4294 707 4366 ejus
760 4295 1055 4363 interprete
1102 4292 1494 4347 observandum
1546 4293 1811 4357 occurrit,
1864 4288 2185 4347 llistoricum

586 4388 978 4443 Caesariensem
1019 4392 1130 4439 tres
1156 4385 1415 4438 duntaxat
1446 4384 1681 4438 Cornelii
1715 4383 1971 4454 epistolas
2000 4400 2185 4440 recen-

585 4490 743 4536 sere:
774 4479 1000 4548 primam
1021 4476 1086 4530 ad
1118 4476 1361 4540 Fabium,
1390 4475 1812 4531 Antiochensetn
1843 4476 2179 4545 episcopum,

589 4573 658 4628 de
702 4573 945 4627 Romana
991 4568 1221 4639 synodo,
1253 4568 1426 4637 deque
1462 4568 1623 4623 Italiae
1653 4576 1708 4623 et
1742 4570 1935 4623 Africa:
1974 4571 2185 4638 episco»

2299 3369 2509 3440 quoties
2541 3369 2691 3424 latini
2739 3371 3018 3441 scriptoris
3050 3374 3413 3429 testimonium
3444 3374 3576 3430 citat
3609 3393 3623 3430 :
3666 3377 3899 3450 exempli

2296 3465 2487 3533 gratia,
2523 3480 2645 3519 cum
2674 3462 2825 3520 locos
2848 3465 3052 3535 profert
3077 3482 3142 3523 ex
3175 3466 3487 3525 Tertulliani
3510 3470 3897 3544 Apologetico;

2297 3564 2389 3610 aut
2428 3572 2547 3611 cum
2576 3555 2833 3627 epistolas
2860 3557 3227 3614 Romanorum
3277 3562 3596 3633 principum.
3630 3582 3649 3615 ι
3689 3564 3898 3620 Deinde

2298 3650 2561 3706 Eusebius
2592 3650 2707 3720 ipse
2754 3650 2875 3707 heic
2916 3653 3046 3707 satis
3090 3653 3282 3721 innuit,
3326 3656 3547 3725 primam
3580 3656 3721 3711 illam
3750 3655 3894 3712 Cor-

2297 3739 2421 3795 nelii
2468 3738 2537 3795 ad
2578 3740 2803 3796 Fabium
2855 3743 3137 3812 epistolam
3204 3745 3457 3814 scriptam
3507 3745 3671 3804 fuisse
3714 3763 3895 3818 graeco

2294 3848 2563 3892 sermone.
2622 3830 2909 3904 Postquam
2967 3839 3108 3890 enim
3162 3835 3230 3892 de
3290 3836 3377 3891 illa
3428 3839 3889 3907 commemoravit,

2294 3925 2441 3980 addit
2506 3923 2842 3995 conjunctam
2902 3928 2948 3982 ei
3003 3927 3169 3984 fuisse
3216 3928 3373 3983 aliam
3421 3930 3589 3985 latino
3642 3946 3892 3989 sermone

2293 4020 2549 4088 scriptam
2579 4019 2860 4087 epistolam
2888 4018 3141 4091 Cypriani
3174 4040 3185 4073 :
3216 4022 3356 4090 quod
3403 4020 3619 4093 quidem
3665 4040 3771 4079 non
3821 4026 3890 4081 ad

2293 4109 2468 4175 deret,
2503 4112 2606 4165 nisi
2638 4111 2875 4167 Cornelii
2907 4113 3133 4181 epistola
3184 4115 3435 4184 superius
3487 4126 3778 4172 memorata
3808 4116 3892 4172 di-

2293 4219 2453 4261 verso
2483 4217 2732 4260 sermone
2765 4205 2959 4275 scripta
2991 4207 3174 4261 fuisset
3219 4205 3345 4261 haec
3367 4207 3458 4263 illa
3490 4209 3622 4264 satis
3648 4212 3891 4280 apposite

2293 4292 2638 4371 quaequidem
2660 4312 2847 4355 scnlen
2878 4302 2923 4356 ia
2946 4302 3325 4357 eruditissimis
3347 4303 3475 4359 viris
3492 4304 3886 4379 probatur(li).

2366 4393 2427 4448 V.
2461 4393 2664 4447 Praeter
2689 4392 2850 4449 hasce
2908 4394 3162 4465 epistolas
3189 4412 3367 4466 graeco
3402 4412 3657 4453 sermone
3696 4414 3889 4453 exara-

2293 4493 2393 4551 tas,
2444 4486 2657 4554 scripsit
2697 4486 2856 4540 etiam
2901 4485 2958 4542 S.
3002 4486 3288 4542 Cornelius
3332 4486 3536 4559 aliquot
3581 4489 3783 4545 litteras
3819 4490 3887 4546 ad

2291 4576 2347 4631 S.
2382 4575 2706 4648 Cyprianum
2731 4620 2743 4643 ,
2800 4579 2938 4635 inter
2967 4580 3118 4650 cujus
3145 4580 3399 4651 epistolas
3437 4582 3560 4637 dute
3590 4584 3881 4639 etiamnum

586 4681 781 4737 porum
806 4677 1076 4719 consensu
1108 4659 1437 4716 :secundam
1464 4659 1531 4715 de
1557 4660 1788 4716 decretis
1815 4661 2004 4732 synodi
2033 4679 2045 4714 :
2078 4670 2183 4716 ter-
2210 4673 2263 4733 D
2291 4666 2560 4743 leguntur,
2594 4671 2841 4728 videlicet
2896 4672 2965 4728 46
2994 4681 3048 4729 et
3084 4675 3177 4742 48,
3224 4683 3434 4732 czetera‘:
3470 4675 3673 4746 pariter
3707 4676 3886 4747 perie-

590 4762 719 4816 tiam
753 4759 831 4814 ‘de
869 4756 1198 4812 facinoribus
1240 4754 1516 4810 Novatiani
1559 4755 1625 4809 ad
1669 4755 1915 4810 eumdem
1958 4754 2183 4811 Fabium

588 4850 942 4907 Antiochense
962 4848 1107 4902 urbis
1126 4846 1466 4917 episc0pnm;
1492 4862 1557 4902 ex
1581 4862 1680 4918 qua
1701 4847 2180 4903 luculentissimum

589 4943 915 5009 Excerptum
948 4938 1100 4994 nobis
1132 4937 1394 4993 Eusebius
1435 4938 1691 4992 servavit.
1723 4940 1793 4992 At
1826 4937 2183 5010 Hieronymus

587 5045 816 5105 quatuor
859 5041 1140 5089 enumerat
1163 5030 1245 5103 (8)
1273 5047 1285 5083 :
1316 5048 1335 5081 ι
1363 5030 1665 5096 Cornelius,
1701 5030 1890 5100 inquit,
1923 5030 2183 5086 Rotnante

587 5127 737 5182 urbis
761 5126 1066 5197 episc0pus,
1096 5123 1161 5177 ad
1192 5137 1350 5192 quem
1376 5131 1499 5177 octo
1533 5120 1787 5192 Cypriani
1824 5131 2039 5178 exstant
2068 5124 2183 5193 cpio

586 5219 767 5284 stulte,
819 5217 1035 5287 scripsit
1089 5213 1375 5283 epistolam
1432 5212 1499 5268 ad
1559 5214 1784 5269 Fabium
1835 5215 2187 5272 Antiocheam

590 5311 835 5366 ecclesiae
862 5309 1175 5379 episc0ptm
1203 5307 1268 5363 de
1296 5305 1503 5377 synodo
1535 5306 1791 5373 Romana,
1821 5308 2023 5377 Italica,
2057 5310 2190 5365 Afri-

586 5419 755 5470 cana;
786 5413 840 5459 et
866 5402 1023 5456 aliam
1048 5399 1115 5455 de
1138 5401 1456 5468 Novatiano,
1477 5397 1619 5457 etde
1648 5400 1730 5455 bis
1751 5399 1843 5473 qui
1871 5402 2001 5472 lapsi
2026 5412 2185 5469 sunt;

685 5537 737 5607 1)
772 5537 1006 5592 COteler.
1040 5535 1105 5589 ad
1135 5550 1256 5607 cap.
1284 5536 1335 5597 5,
1368 5533 1600 5607 Epistol.
1640 5535 1695 5591 S.
1734 5534 2036 5607 Polycarpi.

685 5540 707 5591 1
772 5538 1006 5592 COteler.
1040 5538 1105 5589 ad
1137 5550 1256 5599 cap.
1284 5538 1335 5597 5,
1368 5538 1600 5602 Epistol.
1640 5538 1695 5591 S.
1734 5538 1804 5589 Po

656 5538 737 5681 ᾖ)
770 5608 1079 5681 [lieronynL
1110 5602 1172 5681 de
1188 5598 1294 5658 Vir.
1328 5598 1541 5681 illustri”
1574 5621 1691 5675 cap.
1723 5606 1811 5681 (ὡϐε

654 5674 737 5747 (ὅ)
771 5674 1058 5746 Pulycai’p.
1091 5677 1248 5743 epist.
1274 5676 1340 5728 ad
1363 5674 1623 5747 Philipp.,
1646 5674 1772 5747 'cap.
1798 5678 1851 5733 5.

687 5746 740 5814 li)
773 5748 845 5799 Id.
876 5746 1005 5801 ibid.
1040 5762 1158 5814 cap.
1194 5746 1279 5799 11.

687 5751 718 5802 li
773 5750 845 5799 Id.
876 5750 1005 5801 ibid.
1040 5762 1158 5814 cap.
1194 5750 1279 5799 11.

663 5750 742 5883 ξεί)
774 5815 974 5867 Euseb.
1010 5816 1073 5867 li.
1102 5818 1161 5883 Ε.
1186 5815 1284 5883 ψ).
1316 5831 1387 5877 v1,
1417 5830 1538 5883 cap.
1572 5817 1655 5869 11.

653 5880 732 5953 (6)
763 5883 1082 5948 Hieronym.
1111 5882 1171 5934 de
1186 5880 1291 5932 Vir.
1315 5880 1501 5935 illustr.
1534 5898 1653 5951 cap.
1686 5884 1772 5937 62.

2287 4773 2433 4819 Tum.

2361 4857 2471 4912 Sub
2514 4855 2753 4928 ejusdem
2796 4854 3010 4913 nomine
3053 4859 3472 4915 eirumferuntur
3509 4860 3732 4932 insuper
3771 4860 3888 4916 dnze

2290 4948 2617 5015 Decretales,
2659 4949 2725 5007 ab
2752 4946 2958 5007 [sidoro
2985 4951 3282 5008 Mercatore
3313 4952 3619 5023 productae,
3663 4963 3716 5008 et
3745 4952 3889 5024 apud

2288 5040 3027 5117 Labbeum(1‘2)etMansium
3058 5042 3172 5118 (15)
3192 5045 3393 5101 relatae.
3426 5045 3624 5101 ilarum
3641 5047 3808 5102 altera
3823 5045 3888 5101 ad

2369 5180 2450 5257 (7)
2477 5180 2672 5257 _S_tnith.
2706 5181 2883 5257 Schol.
2904 5184 3040 5257 ads.
3074 5180 3355 5257 Rolycarpi
3376 5183 3579 5254 epistol.
3600 5200 3721 5255 pag.
3760 5185 3888 5241 110.

2365 5254 2443 5326 (8)
2477 5252 2783 5326 lliermtytn.
2811 5253 2873 5307 de
2921 5252 3029 5307 Vir.
3059 5252 3248 5308 illustr.
3278 5252 3375 5326 cap
3404 5252 3493 5310 66.

2366 5324 2445 5393 (9)
2477 5323 2707 5378 Coteler.
2748 5326 2850 5377 Ioc.
2884 5326 2977 5379 cit.

2370 5396 2488 5465 (l0)
2519 5395 2766 5449 Galland.
2800 5394 3043 5449 Bibliotlt.
3078 5396 3296 5452 Mamim.
3333 5397 3441 5452 SS.
3494 5397 3615 5453 PP.
3643 5408 3778 5455 tom.
3806 5415 3887 5466 Ill,

2290 5466 2340 5520 in
2373 5467 2650 5538 prolegmn.
2685 5481 2808 5538 cap.
2838 5468 2892 5530 6,
2923 5484 2980 5519 ll.
3012 5467 3067 5529 4,
3100 5482 3219 5538 pag.
3246 5471 3339 5524 “2.3.

2365 5530 2477 5610 (11)
2510 5530 3011 5611 ΒυιζίιηόίΛειέδδ.
3038 5530 3323 5611 aptant".
3345 5538 3497 5594 Tom.
3518 5557 3589 5596 tv.
3613 5556 3733 5611 pag.
3764 5540 3884 5598 181).

2288 5608 2565 5662 Constant.
2598 5608 2819 5682 Epistol:
2852 5608 3005 5682 Rom:
3035 5608 3281 5682 Ponti/te.
3324 5627 3439 5682 pag.
3488 5611 3612 5668 145.
3648 5608 3803 5667 Tom.
3838 5630 3887 5680 ι,

2280 5690 2391 5733 not.
2420 5696 2473 5753 a,
2498 5680 2735 5753 e_t_apud
2772 5676 2940 5735 Mansi
2966 5676 3415 5736 CollecLConciL'
3440 5683 3688 5753 Ampliss.
3726 5676 3889 5739 Tom.

2276 5764 2315 5816 ι,
2348 5752 2452 5804 col.
2484 5751 2610 5815 817,
2641 5760 2751 5805 not.
2786 5753 2837 5805 1.
3541 5751 3547 5753 ⁷
3706 5773 3714 5783 °

2352 5819 2466 5895 (ig)
2488 5820 2851 5895 _I_.abb_.:l‘om.
2884 5839 2900 5875 ι
2932 5822 3210 5895 Concilior.
3243 5824 3349 5879 col.
3376 5824 3479 5880 668
3509 5834 3561 5881 et
3587 5838 3708 5895 sqq.

2348 5890 2462 5958 (15)
2486 5891 2652 5945 Mansi
2683 5891 2837 5947 Tom.
2862 5910 2897 5948 ι.
2923 5893 3056 5951 Coll.
3089 5896 3264 5969 Ampi.
3292 5895 3587 5954 Conc.C0l.
3620 5890 3887 5954 811-817.
