4252 6258
426 298 530 355 68Ῐί

1857 291 2372 353 PROLEGOMENA

3634 306 3738 364 686

423 412 730 468 universam
772 409 1067 468 Ecclesiam
1108 410 1380 485 dirigitur,
1428 412 1642 484 agitque
1684 413 1751 468 de
1791 413 2021 467 transla-
2049 411 2098 472 Α
2126 410 2281 467 theca
2311 412 2611 482 acceperit,
2657 421 2892 470 mentem
2922 421 3098 471 tamen
3143 429 3297 472 suam
3337 418 3468 474 satis
3507 424 3737 480 manife-

421 506 574 562 tione
605 504 696 561 SS.
724 505 864 561 Petri
895 515 946 561 et
971 505 1152 568 Pauli,
1189 514 1455 577 tamquam
1479 507 1544 559 ah
1573 521 1639 561 eo
1680 503 1816 560 facta
1837 547 1850 571 ,
1878 520 1938 559 ac
1959 503 2027 560 dc

421 596 750 666 Novati-atto,
780 598 1010 669 aliisque
1037 598 1340 664 haereticis;
1374 598 1561 665 altera,
1614 597 1753 652 Rufo
1781 596 1864 652 vel
1908 596 2026 651 liu-

419 691 561 747 stico
590 692 842 763 episcopo
878 690 1132 746 Orientali
1164 691 1417 762 inscripta
1441 731 1456 756 ,
1491 699 1683 745 tractat
1726 689 1793 744 de
1835 689 2028 744 Sacra-

421 793 629 845 mento.
655 786 767 840 sive
796 781 1147 854 jurejurando
1185 785 1559 855 episcoporum
1589 791 1644 838 et
1681 798 1870 838 eorum
1898 797 2028 838 cau-

418 879 515 932 sis.
562 873 797 954 Utraque
838 876 906 931 ab
945 876 1205 942 eruditis,
1249 883 1303 932 et
1344 876 1412 932 ab
1451 877 1566 946 ipso
1607 878 1766 931 etiam
1807 874 2026 930 Labbco

417 972 567 1028 velut
608 970 792 1042 spuria
835 970 1109 1041 rejicitur,
1158 987 1417 1049 suamque
1460 971 1688 1056 ipsamet
1737 970 2024 1026 falsitatem

417 1079 519 1136 per
545 1061 848 1134 adscriptas
888 1063 1204 1119 consulatus
1246 1063 1455 1134 probat.
1490 1063 1644 1120 Prior
1665 1064 1809 1118 enim
1845 1077 1863 1115 t
1901 1063 2023 1118 data

422 1156 654 1226 septimo
691 1154 856 1227 (alibi
907 1155 1137 1227 octavo)
1196 1155 1312 1211 idus
1363 1155 1713 1226 scptemhris,
1763 1155 1927 1211 Decio
1971 1163 2027 1211 et

422 1245 681 1314 Maximo,
735 1247 867 1302 viris
920 1248 1255 1313 clarissimis,
1286 1249 1628 1313 consulibus;
1686 1269 1704 1301 ›
1759 1249 2025 1318 posterior

429 1358 449 1392 ε
489 1337 772 1395 undecimo
827 1335 1086 1394 kalendas
1109 1339 1273 1411 jnnii,
1320 1359 1337 1392 ι
1376 1340 1564 1396 iisdem
1601 1339 1913 1395 consulibus
1953 1341 2026 1395 si-

419 1442 579 1504 gnata
636 1444 752 1497 est;
795 1448 1020 1504 quorum
1063 1431 1308 1490 ultimum
1353 1434 1565 1497 nonnisi
1606 1447 1746 1490 anno
1781 1435 1924 1502 255;
1973 1433 2024 1491 id

424 1535 511 1582 est
551 1524 793 1582 secundo
834 1533 954 1596 post
995 1525 1139 1583 Decii
1180 1528 1454 1583 interitum
1495 1543 1669 1597 anno,
1727 1537 1782 1584 et
1820 1529 2024 1598 aliquot

420 1627 544 1690 post
597 1617 655 1675 S.
704 1618 942 1676 Cornelii
991 1621 1306 1692 martyrium
1355 1621 1631 1678 mensibus
1685 1621 2019 1678 consulatum

419 1710 606 1767 iniisse
621 1721 676 1767 et
697 1710 848 1767 fastis
871 1720 1099 1768 constat.
1121 1712 1176 1771 Si
1195 1714 1313 1785 quis
1339 1712 1469 1770 velit
1496 1731 1589 1786 per
1615 1733 1634 1768 ‹
1669 1713 1956 1770 Maximum
1997 1731 2017 1767 ›

2131 513 2260 571 stat,
2286 503 2411 559 dum
2444 504 2510 560 ad
2537 506 2670 560 duas
2693 515 2842 562 certe
2873 508 3167 577 genuinas,
3207 524 3340 579 quas
3377 510 3574 568 ibidem
3610 516 3737 570 sub-

2132 593 2231 662 dit,
2291 597 2368 652 sic
2410 607 2600 652 notat:
2641 615 2658 649 t
2701 598 2825 653 Hace
2871 609 2924 654 et
2953 613 3184 670 sequens
3231 601 3468 671 Epistola
3511 619 3631 660 cum
3670 606 3736 661 iis

2130 698 2266 757 quas
2295 687 2484 744 Clerus
2518 689 2788 745 Romanus
2819 692 3072 761 scripsit',
3096 691 3326 757 docent,
3376 695 3502 765 quid
3529 697 3735 754 distent

2131 793 2236 833 a‘ra
2288 781 2505 850 lupinis,
2556 792 2611 838 et
2657 782 2942 838 substrata:
2988 799 3197 840 merces
3255 787 3432 843 aureis
3485 793 3729 846 veterum

2134 871 2373 940 scriptis.
2405 891 2422 923 ι
2459 873 2716 928 Eamdem
2750 872 3124 931 Tillemontius
3155 875 3257 949 (5).
3287 889 3342 932 et
3366 879 3513 935 citati
3533 881 3736 938 Natalis

2134 961 2440 1021 Alexander
2467 982 2530 1022 ac
2559 965 2927 1036 Coustantius,
2952 969 3167 1041 aliique,
3202 971 3342 1026 inter
3365 976 3734 1043 supposititias

2130 1055 2378 1111 similiter
2425 1067 2734 1129 reponunt:
2767 1070 2822 1115 et
2869 1071 3017 1119 certe
3064 1077 3126 1117 ea
3177 1076 3368 1133 magna
3395 1080 3504 1134 prie
3527 1081 3588 1121 se
3633 1066 3738 1121 fert

2129 1149 2754 1220 suppositiouisindicia.
2787 1144 3053 1224 Imprimis
3098 1173 3116 1207 ι
3162 1155 3564 1229 Δι’(ιιιὶῠνίεροιιὶ
3614 1178 3634 1213 ι
3668 1159 3736 1215 ti-

2128 1241 2452 1300 tulusmtate
2479 1243 2712 1302 Cornelii
2754 1247 2807 1301 in
2849 1261 2947 1302 usu
2980 1263 3084 1303 non
3125 1259 3275 1316 erat;
3321 1262 3376 1307 et
3421 1252 3466 1306 si
3512 1253 3738 1319 fuisset,

2133 1345 2351 1390 sanctus
2391 1336 2671 1405 Pontifex,
2728 1339 2964 1409 seipsum
3016 1343 3385 1398 tantummodo
3423 1345 3736 1416 episcopum

2128 1426 2313 1482 dicens
2335 1471 2348 1493 ,
2384 1429 2705 1500 Lupicinum
2731 1431 3091 1489 Viennensem
3119 1449 3186 1490 eo
3215 1437 3430 1492 nomine
3453 1453 3560 1493 non
3590 1455 3741 1494 com-

2126 1519 2402 1590 pellasset.
2456 1521 2720 1579 Baronius
2749 1525 2966 1594 quidem
2997 1525 3052 1580 in
3090 1528 3388 1583 Annalibus
3428 1529 3493 1584 ad
3535 1546 3737 1588 annum

2125 1609 2255 1675 255,
2282 1626 2433 1666 num.
2463 1614 2553 1679 47,
2591 1615 2677 1670 ubi
2706 1631 2826 1671 eam
2871 1631 2970 1688 pro
2999 1620 3228 1690 genuina
3275 1621 3470 1690 refert,
3516 1624 3739 1682 Arcltie-

2130 1705 2338 1775 piSCopi
2371 1706 2581 1761 titulum
2608 1708 2842 1775 omittit;
2874 1711 2968 1765 sed
2998 1712 3126 1766 etin
3157 1712 3370 1768 laudata
3399 1715 3735 1774 Bibliotheca

420 1801 494 1857 ibi
523 1801 791 1874 designari
825 1821 843 1856 t
879 1802 1123 1871 Gratum,
1163 1823 1181 1857 ι
1213 1805 1298 1862 cui
1331 1803 1382 1861 id
1419 1822 1612 1862 nomen
1654 1807 1814 1862 etiam
1857 1805 2021 1862 fuisse
2052 1805 2100 1866 Β
2129 1797 2371 1866 Patrum,
2399 1815 2462 1854 ac
2488 1799 2688 1856 Labbei
2732 1800 3061 1860 Collectione
3092 1806 3440 1862 conciliorum
3463 1852 3477 1872 ,
3512 1809 3562 1863 itt
3593 1809 3736 1867 hunc

422 1894 638 1969 legitur,
675 1896 804 1951 nihil
843 1906 1020 1954 tamen
1043 1897 1273 1965 efﬁciet,
1331 1913 1452 1954 cum
1484 1899 1643 1972 hujus
1684 1899 2022 1955 consulatum

423 1985 492 2043 ad
515 2004 711 2046 annum
737 1987 845 2044 250
867 1999 1095 2060 spectet,
1142 2007 1248 2062 quo
1285 1991 1569 2048 Cornelius
1608 1992 1842 2048 nondmn
1890 2011 2023 2065 pon-

428 2081 558 2138 tifex
589 2081 864 2138 ordinatus
892 2083 1082 2138 fuerat.
1113 2083 1270 2139 Plura
1297 2086 1595 2150 manil‘esue
1642 2087 2025 2158 suppositionis

421 2171 620 2230 indicia
652 2174 871 2230 adducit
899 2169 1101 2232 Natalis
1132 2174 1447 2233 Alexander
1473 2177 1580 2251 (1),
1607 2180 1744 2234 inter
1765 2197 1884 2254 quae
1917 2181 2026 2252 pri-

423 2284 570 2324 mum
609 2264 900 2339 Scriptura:
942 2280 1110 2324 sacrm
1138 2268 1430 2325 secundum
1479 2271 1777 2326 \‘Cl‘aiOllClll
1829 2255 2026 2344 Vulga-

423 2357 534 2416 tam
572 2359 788 2425 citatio;
833 2370 886 2416 et
912 2360 1192 2416 sentcntiae
1238 2376 1302 2416 ex
1335 2360 1482 2416 Actis
1511 2362 1722 2417 concilii
1752 2361 2032 2435 Carthagi-

423 2452 643 2516 nensis,
683 2467 748 2508 ex
779 2449 1002 2523 epistola
1033 2449 1101 2507 de
1133 2449 1249 2507 Vita
1291 2452 1634 2519 clericorum,
1664 2453 1729 2524 ad
1755 2453 2026 2510 Oceanum

421 2543 522 2600 sub
549 2542 768 2599 nomine
796 2543 854 2598 S.
888 2542 1233 2616 Hieronymi,
1289 2558 1353 2600 ex
1400 2543 1630 2600 concilio
1673 2544 1916 2601 Romano
1962 2565 2018 2616 v,

418 2636 522 2692 sub
549 2637 896 2709 Symmacho,
925 2651 992 2692 ex
1015 2646 1201 2692 sancto
1228 2635 1533 2704 Ambrosio,
1563 2633 1799 2712 Epistola
1827 2637 1928 2706 20,
1970 2647 2030 2696 et

427 2725 644 2784 aliunde
667 2737 985 2799 corrogatae.

502 2819 846 2877 Cousmmius
887 2832 1068 2878 noster
1097 2822 1149 2877 in
1179 2807 1436 2894 Epistolis
1457 2836 1788 2880 summorum
1839 2815 1992 2883 Ponti
2012 2859 2026 2871 -

431 2913 592 2972 ﬁcum
613 2958 626 2982 ,
654 2909 762 2972 col.
792 2914 882 2981 '26,
917 2925 1176 2986 praeterea
1208 2913 1461 2972 observat
1488 2918 1761 2973 decretum
1790 2935 1897 2998 quo
1922 2928 2028 2977 sta-

420 3007 588 3062 tuitur
615 3009 671 3061 ut
698 3006 1054 3076 iui-amentum
1083 3023 1110 3062 a
1135 3005 1333 3078 jejunis
1363 3019 1665 3079 praestetur,
1689 3019 1743 3065 et
1772 3028 1838 3066 ne
1877 3013 2025 3084 pueri

420 3110 544 3155 ante
571 3115 768 3154 annum
795 3101 968 3156 mtatis
1022 3101 1088 3155 ii
1131 3101 1313 3170 jurare
1349 3111 1628 3172 Cogantur,
1664 3101 1805 3174 quod
1853 3089 2024 3161 exstat

2133 1889 2351 1944 modum
2370 1892 2715 1948 inscribitur:
2748 1911 2766 1945 t
2792 1893 3091 1962 Cornelius,
3121 1896 3419 1969 Episcopus
3442 1901 3737 1970 Romanus,

2131 1974 2284 2037 fratri
2331 1983 2591 2053 Lupicino
2641 1985 2934 2044 Viennensi
2982 1988 3250 2060 Episcopo
3295 1992 3548 2048 salutem.
3601 2015 3619 2047 ι
3672 1996 3743 2051 At

2135 2077 2659 2147 prwterquatnzquod
2684 2077 2949 2136 incertum
2977 2082 3044 2138 sit
3085 2083 3226 2152 apud
3256 2099 3391 2154 quos
3413 2085 3738 2142 Floriacensi

2130 2172 2479 2241 Autographo
2513 2175 2845 2229 conlormius
2883 2176 3120 2245 legatur;
3168 2193 3265 2232 nec
3302 2178 3418 2233 hinc
3461 2180 3739 2251 inscr-iptio

2130 2262 2366 2317 Cornelti
2395 2263 2667 2321 scribendi
2697 2267 2952 2321 methodo
2977 2270 3225 2339 congruit
3252 2288 3266 2325 :
3301 2270 3388 2327 hic
3429 2274 3574 2329 enim
3616 2275 3739 2344 epi~

2131 2353 2301 2410 stolas
2341 2370 2466 2411 suas
2511 2357 2576 2411 ad
2619 2355 2950 2428 Cyprianum
2986 2359 3141 2416 datas
3177 2378 3299 2432 qua:
3339 2365 3610 2434 etiamque
3646 2383 3742 2423 εις

2132 2457 2302 2511 stant,
2331 2450 2534 2504 omisso
2565 2453 2843 2523 utriusque
2871 2455 3211 2524 episcopatus
3233 2457 3410 2524 titulo,
3445 2460 3528 2515 his
3561 2462 3740 2518 verbis

2139 2540 2460 2595 exorditur:
2500 2559 2520 2594 ο
2553 2542 2838 2599 Cornelius
2878 2545 3152 2616 Cypriane
3198 2546 3351 2603 fratri
3399 2552 3663 2619 salutem;
3713 2576 3734 2610 ι

2133 2629 2278 2700 quod
2342 2639 2396 2686 et
2445 2630 2747 2703 Cyprianus
2798 2635 2849 2690 iu
2897 2635 3007 2690 sttis
3064 2635 3130 2690 ad
3177 2635 3487 2697 Cornelium
3542 2645 3740 2712 pariter

2133 2724 2410 2779 factitavit.
3524 2754 3526 2756 -

2203 2814 2472 2885 Secundo,
2501 2817 2724 2873 dubium
2755 2826 2842 2874 est
2867 2835 2934 2874 an
2979 2822 3036 2876 S.
3084 2819 3393 2892 Lupicinus,
3441 2829 3734 2898 superstite

2132 2907 2404 2976 Cornelio,
2437 2911 2684 2966 ecclesia:
2733 2910 3020 2968 Viennensi
3062 2913 3174 2984 jam
3205 2918 3542 2986 prtesederit.
3574 2920 3738 2980 Certe

2134 3000 2190 3056 ld
2241 3001 2296 3056 in
2340 3001 2555 3057 Baronii
2585 3005 2852 3060 sententia
2906 3005 3200 3075 rogandum
3221 3017 3344 3064 est:
3385 3010 3434 3064 is
3474 3011 3616 3066 enim
3669 3014 3739 3069 ad

2133 3109 2334 3150 annum
2365 3094 2494 3159 262,
2529 3111 2677 3153 num.
2708 3097 2796 3168 88,
2840 3099 2900 3155 S.
2949 3099 3315 3169 Florentium,
3359 3103 3602 3174 Lupicini
3645 3107 3740 3164 de-

420 3193 473 3248 in
519 3194 899 3264 compilatione
948 3193 1226 3262 Gratiani,
1259 3194 1330 3248 Q2
1357 3239 1370 3261 ,
1427 3204 1620 3266 quaest.
1673 3197 1726 3262 5,
1760 3213 1811 3255 c.
1841 3199 1930 3266 16,
1965 3201 2019 3254 al

2136 3201 2433 3256 cessarem,
2478 3189 2581 3245 sub
2627 3189 2913 3246 Valeriano
2955 3207 3170 3264 passum
3201 3195 3430 3262 scribit;
3479 3199 3546 3254 ad
3591 3202 3737 3269 quod

420 3283 582 3341 Ivone
624 3293 680 3341 et
716 3285 1050 3354 Burchardo,
1081 3295 1268 3346 sancto
1295 3289 1532 3359 pontifici
1579 3302 1764 3349 nostro
1823 3294 2022 3364 pariter

417 3392 702 3450 perperam
732 3377 1008 3434 abscrivit.

488 3469 867 3526 Comntentitia
897 3471 1056 3524 etiam
1086 3480 1234 3527 certe
1258 3480 1343 3528 est
1370 3471 1470 3528 ista
1499 3473 1726 3544 epistola
1751 3475 1912 3534 'acris
1957 3490 2020 3535 ac

415 3563 731 3633 vehemens,
783 3579 902 3636 quae
931 3572 1056 3637 past
1078 3563 1424 3640 Cyprianicas
1451 3567 1502 3623 itt
1534 3561 1770 3628 editione
1794 3571 2016 3641 Veneta,

418 3673 522 3728 qua
552 3656 771 3724 utimur,
803 3655 907 3712 col.
939 3657 1063 3726 505,
1107 3657 1248 3714 inter
1271 3655 1482 3726 dubias,
1505 3661 1783 3731 recitatur,
1805 3662 1949 3724 velut
1986 3681 2016 3721 a

420 3747 676 3804 Cornelio
703 3750 767 3804 ad
795 3749 1118 3821 Cyprianum
1150 3752 1218 3808 de
1259 3769 1368 3810 non
1409 3755 1803 3826 rebaptizandis
1833 3758 2014 3816 Haere-

419 3840 542 3895 ticis
590 3841 732 3895 data.
779 3839 998 3897 Constat
1063 3846 1206 3899 enim
1257 3844 1395 3901 hanc
1447 3850 1868 3904 controversiam
1913 3852 2014 3907 sub

415 3933 671 3994 Cornelio
710 3936 959 4007 agitatam
1004 3953 1112 3993 non
1137 3938 1332 4006 fuisse,
1367 3940 1461 3996 sed
1505 3940 1828 4012 Cyprianum
1873 3945 2011 4001 inter

413 4041 479 4084 ac
504 4027 856 4099 Stephanum,
891 4029 1033 4085 illius
1073 4037 1191 4102 post
1220 4030 1440 4088 Lucium
1469 4048 1861 4102 successorem,
1897 4037 2010 4107 pri-

413 4133 565 4177 mum
589 4132 762 4177 ortam
790 4119 988 4190 fuisse;
1022 4133 1230 4180 constat
1261 4142 1474 4198 quoque
1498 4143 1762 4184 summam
1794 4145 2009 4200 semper

411 4217 826 4274 consensionem
865 4218 1175 4275 Cornelium
1223 4221 1364 4276 inter
1391 4230 1444 4276 et
1481 4220 1802 4293 Cyprianum
1842 4223 2007 4280 inter.

409 4312 640 4367 cessisse
661 4310 766 4382 (2).

482 4401 576 4459 XI.
609 4403 1084 4462 Eminentissimus
1107 4399 1762 4476 RobcrtusBellarmintts,
1784 4409 1918 4466 libro
1940 4409 2005 4479 de

409 4496 777 4566 Scriptor-ibus
797 4498 1175 4554 ecclesiasticis
1205 4500 1257 4554 itt
1286 4500 1341 4555 ὃ.
1367 4498 1614 4557 Cornelio
1635 4501 1859 4558 alterius
1886 4518 2005 4572 per-

2128 3281 2603 3337 Eminentissimus
2634 3281 2912 3338 Annalists
2941 3283 3050 3339 non.
3071 3285 3336 3353 advertit,
3366 3288 3493 3344 dum
3524 3307 3734 3348 memo-

2126 3383 2298 3430 ratam
2328 3371 2624 3444 Epistolam
2657 3373 2894 3442 admisit,
2926 3376 3010 3431 vel
3033 3387 3238 3444 contra,
3271 3378 3402 3435 dum
3430 3380 3572 3437 illius
3593 3399 3730 3440 mar-

2126 3467 2324 3538 tyrium
2385 3475 2496 3520 tam
2554 3481 2678 3522 sero
2727 3466 3032 3523 collocavit.
3085 3468 3360 3526 Laudatus
3405 3471 3642 3531 Joannes
3700 3493 3731 3533 a

2099 3543 2300 3614 ‘Bosco
2339 3557 2408 3613 de
2449 3557 2642 3613 eodem
2693 3557 2752 3616 S.
2801 3559 3076 3616 Florentio
3115 3562 3194 3616 sic
3233 3561 3350 3618 ait:
3400 3583 3418 3617 ε
3467 3566 3731 3638 Tempora

2127 3651 2426 3719 Gordiani,
2459 3649 2725 3721 Philippi,
2754 3651 2935 3720 Decii,
2967 3653 3106 3709 Galli
3128 3695 3142 3718 ,
3172 3664 3227 3710 et
3251 3655 3524 3714 Volusiani
3568 3661 3733 3716 decu-

2118 3749 2289 3804 currit
2313 3765 2338 3808 :,
2368 3767 2388 3799 ι
2424 3747 2498 3802 De
2520 3743 2779 3818 Lupicino
2801 3757 2980 3802 autem
3006 3765 3020 3802 :
3049 3767 3068 3800 ι
3104 3747 3210 3818 ipsi
3231 3752 3495 3808 successit
3519 3753 3579 3807 Β.
3617 3755 3728 3812 Lu-

2119 3845 2324 3914 picinus
2369 3851 2590 3913 martyr,
2623 3842 2712 3911 qui
2758 3839 3080 3898 Cathedram
3113 3843 3282 3909 rexit,
3334 3844 3458 3900 dum
3488 3847 3729 3906 Valeria-

2116 3951 2219 3992 nus
2240 3945 2293 3992 et
2319 3934 2596 3990 Gallienus
2618 3931 2937 3988 inhumanis
2969 3934 3254 3990 debebant.
3295 3953 3313 3988 ι
3343 3937 3542 3994 Eadem
3567 3942 3728 4001 habet

2113 4029 2347 4084 Joannes
2373 4024 2654 4082 Chenu'in
2698 4026 3098 4096 episcOpatibus
3149 4026 3360 4084 Galliae.
3411 4031 3723 4098 Quinimmo

2114 4117 2458 4176 Tillemontlo
2487 4115 2566 4189 (4)
2597 4116 2752 4171 valde
2781 4117 3056 4185 probabile
3076 4119 3246 4172 visntn
3275 4129 3378 4187 est,
3402 4121 3721 4193 Lupicinum

2111 4233 2218 4274 non
2263 4218 2363 4272 nisi
2403 4225 2525 4287 post
2568 4229 2766 4268 annum
2795 4213 2931 4278 574,
2982 4213 3125 4269 illam
3173 4216 3356 4271 sedem
3402 4218 3717 4278 obtinuisse.

2110 4310 2294 4369 Tertio
2322 4311 2401 4366 vel
2426 4310 2541 4381 ipsa
2568 4307 2794 4378 epistola
2829 4306 2918 4361 illa
2947 4307 3145 4376 scripta
3174 4317 3260 4364 est
3305 4318 3424 4380 post
3461 4309 3714 4381 Decium,
3736 4324 3757 4347 ·

2109 4413 2269 4470 ante,
2322 4402 2404 4458 vel
2457 4407 2577 4472 post
2618 4400 2940 4455 inchoatam
2978 4414 3007 4452 a
3057 4397 3216 4455 Gallo
3265 4403 3716 4472 persecutionem.

2112 4498 2168 4554 Si
2197 4496 2425 4568 primum
2452 4539 2466 4560 ,
2508 4509 2611 4563 qua
2655 4491 2899 4548 veritatis
2943 4492 3124 4561 specie
3175 4491 3278 4558 ait,
3318 4510 3336 4544 t
3383 4493 3718 4552 Christianos

410 4587 591 4644 brevis
626 4587 871 4659 epistola:
901 4590 968 4643 ad
1018 4589 1324 4661 Lupicinum
1372 4591 1734 4649 Viennensem
1783 4594 2007 4664 Episco-
2035 4595 2087 4656 D
2115 4589 2311 4659 ubique
2333 4586 2613 4642 tormentis
2640 4584 2802 4638 variis
2827 4578 3001 4648 allici,
3043 4591 3098 4637 et
3119 4583 3228 4652 jam
3254 4584 3431 4654 plures
3461 4586 3714 4658 martyrio

413 4695 541 4752 pum
582 4684 841 4739 meminit.
890 4683 1080 4741 Exstat
1128 4701 1190 4742 ea
1230 4695 1375 4743 tomo
1419 4703 1475 4743 ιη
1528 4685 1872 4744 Bibliotheczc
1912 4687 2011 4745 Pa-

414 4781 556 4830 trum
581 4776 827 4832 editionis
857 4778 1174 4835 Parisiensis
1217 4781 1341 4836 anni
1376 4780 1535 4843 1589,
1566 4781 1707 4851 apud
1736 4781 2006 4837 Labbeum

413 4874 564 4921 tome
603 4880 640 4921 t.
671 4867 1054 4936 Conciliorum,
1091 4868 1196 4926 col.
1245 4871 1350 4927 829
1393 4884 1445 4926 et
1485 4870 1749 4928 Joannem
1783 4887 1813 4928 a
1839 4873 2010 4929 Bosco

409 4957 464 5014 in
501 4961 918 5032 Antiquitatibus
966 4962 1301 5018 bibliotheca:
1347 4964 1741 5034 Floriaeensis,
1794 4981 1860 5021 ex
1906 4981 2006 5035 qua

407 5049 640 5120 primum
671 5061 877 5106 erutam
925 5051 1186 5108 Barchitts
1224 5054 1509 5126 descripsit
1545 5056 1612 5111 ad
1654 5072 1852 5114 annum
1901 5058 2011 5114 2‘25

407 5160 465 5199 η.
492 5146 584 5212 47,
613 5155 667 5201 et
696 5145 1045 5202 Coustantius
1071 5157 1254 5203 noster
1282 5149 1334 5203 in
1377 5149 1671 5218 appendice
1710 5149 1774 5207 ad
1802 5162 1932 5207 tom.
1968 5168 2005 5206 ι.

406 5235 635 5307 Epistol.
669 5237 829 5292 Rom.
856 5239 1052 5294 Pontif.
1085 5255 1206 5312 pag.
1236 5240 1328 5305 25,
1357 5252 1660 5313 suspectam
1689 5243 1868 5299 habet.

477 5333 812 5403 Quamquam
868 5349 996 5390 vero
1055 5334 1303 5390 Lahhcus
1351 5335 1419 5391 de
1464 5337 1562 5390 hac
1613 5336 1833 5405 epistola
1878 5336 2007 5391 nihil

404 5431 587 5493 nolet,
627 5423 729 5480 nisi
762 5425 906 5497 quod
951 5441 1070 5482 eam
1095 5425 1358 5482 Baronius
1385 5443 1415 5482 e
1442 5427 1770 5483 Floriaeensi
1811 5428 2008 5483 Biblio-

402 5646 427 5736 ζ
465 5643 1056 5736 -(-12Natal._A‘lexand.
1087 5644 1226 5703 Hist.
1260 5647 1452 5702 Eccles.
1476 5646 1661 5702 ramulo
1683 5661 1739 5701 ιιι
1759 5688 1771 5713 ,
1795 5660 1912 5717 cap.
1942 5646 1999 5716 4,

399 5723 504 5770 art.
533 5717 587 5782 ὃς
621 5733 742 5790 pag.
773 5719 863 5773 72.

472 5784 553 5861 (2)
585 5787 716 5847 Vide
761 5791 965 5848 Maran.
1016 5791 1117 5848 Vit.
1153 5791 1213 5848 S.
1242 5789 1488 5863 Cypriani
1516 5790 1561 5862 §.
1593 5790 1682 5857 55,
1713 5805 1833 5862 pag.
1869 5790 1990 5846 115.

2115 4689 2401 4738 coronatos
2433 4677 2641 4734 luisse?
2677 4695 2696 4730 ι
2729 4674 2786 4732 Si
2815 4675 3108 4730 secundum
3132 4715 3146 4742 ,
3200 4692 3296 4731 cur
3337 4677 3406 4733 de
3442 4691 3533 4734 sua
3578 4694 3714 4735 c0n~

2116 4776 2349 4832 fessione
2376 4781 2468 4828 aut
2494 4772 2655 4828 exilio
2685 4785 2792 4824 non
2821 4769 3094 4833 meminit,
3132 4784 3267 4842 cum
3309 4786 3374 4826 ex
3406 4772 3559 4828 dictis
3579 4789 3712 4830 con-

2114 4878 2220 4925 stet
2250 4867 2397 4922 illum
2431 4865 2571 4919 inter
2621 4861 2824 4933 primos
2853 4859 3182 4924 confessum,
3233 4865 3710 4932 comprehensum

2114 4975 2218 5030 que
2248 4958 2410 5014 esse?
2457 4955 2688 5020 Caetera,
2735 4968 2853 5023 qua:
2903 4953 2954 5006 in
2987 4951 3174 5006 eadem
3221 4951 3443 5021 epistola
3493 4954 3712 5025 insuper

2113 5049 2385 5105 n0nnullis
2416 5045 2700 5115 diSplicent
2721 5084 2734 5108 ,
2758 5042 2895 5110 apud
2923 5041 3320 5096 Tillemontiutn
3349 5055 3411 5097 ac
3440 5042 3708 5100 Coustan-

2109 5143 2238 5197 tiutn
2293 5138 2459 5194 videri
2510 5142 2775 5208 possunt:
2809 5134 2970 5189 nolim
3031 5142 3208 5187 tamen
3257 5147 3379 5189 eum
3423 5138 3703 5202 posteriori

2107 5247 2370 5297 asserere,
2388 5245 2572 5284 vocem
2598 5247 2614 5279 t
2642 5227 2847 5292 Missas,
2865 5244 2883 5278 ι
2905 5241 3022 5296 quae
3046 5225 3096 5280 iu
3117 5240 3178 5282 ea
3197 5223 3450 5296 occurrit,
3467 5225 3702 5286 Cornelii

2109 5341 2224 5381 aevo
2245 5333 2394 5380 certo
2424 5319 2776 5376 recentiorem
2799 5333 2938 5374 esse.

2183 5419 2291 5473 Vll.
2335 5418 2600 5472 Praeterea
2649 5423 2800 5470 notat
2847 5415 3260 5484 Tillemontius,
3313 5425 3593 5474 tractatum
3637 5419 3706 5476 de

2114 5511 2402 5582 Disciplina
2441 5520 2495 5564 et
2518 5509 2667 5563 Bono
2698 5507 2986 5578 pudicitiae,
3015 5511 3103 5580 qui
3142 5510 3282 5565 inter
3305 5509 3465 5567 dubia
3511 5513 3568 5574 S.
3597 5512 3703 5584 Cy-

2186 5647 2264 5720 (3)
2297 5641 2924 5720 Tillemontl‘Mémoires
2945 5683 2961 5710 ,
2994 5653 3112 5698 note
3150 5658 3242 5711 xv,
3290 5659 3381 5698 aur
3425 5641 3702 5709 Cortteille.

2103 5713 2257 5775 Tomi
2288 5735 2363 5784 Ill,
2396 5732 2513 5787 pag.
2545 5713 2650 5771 552

2173 5789 2249 5865 (l)
2270 5790 2413 5847 ldetn
2437 5789 2567 5846 ibid.
