4242 6222
565 241 670 299 687

1637 227 1702 281 IN
1742 227 1798 282 S.
1833 216 2233 280 CORNELIUM
2296 208 2833 270 PROLEGUMENA.

3764 202 3869 259 688

567 354 738 425 priani
768 348 1035 423 Opuscula
1063 350 1406 408 reccnsetur,
1459 341 1688 397 Erasmo
1738 339 1910 394 visum
1961 336 2160 399 fuisse,
2191 335 2321 394 Act
2351 329 2492 402 quod
2541 327 2778 384 excurrit
2823 321 3099 389 Basilicas,
3151 321 3326 376 locum
3367 315 3468 425 ilbi
3510 317 3864 425 colligerent,

567 450 624 505 S.
661 443 909 501 Cornelio
947 455 1105 511 posse
1136 437 1388 491 adscribi.
1439 433 1544 489 Sed
1591 447 1714 486 cum
1753 447 1860 484 non
1900 428 1999 482 alia
2032 427 2166 479 ratio

569 539 888 603 adducatur,
931 548 1090 604 quam
1136 528 1275 599 quod
1307 528 1351 582 is
1400 530 1467 580 ab
1497 527 1780 595 episcopo,
1813 521 1903 592 qui
1941 539 1966 572 a
2007 532 2167 589 grege

568 648 670 688 suo
699 631 903 695 aberat,
933 624 1274 692 conscriptus
1325 621 1424 684 sit;
1481 633 1585 671 non
1637 616 1792 669 video
1821 629 1916 668 cur
1945 613 2000 666 S.
2034 610 2168 665 Cor-

571 726 737 790 nelio,
781 716 1166 775 Centumcellis
1209 712 1482 775 exulanti,
1528 709 1703 781 potius
1749 722 1908 778 quam
1953 703 2168 759 cuilibet

566 816 724 871 alteri
746 815 1005 884 episcopo
1049 827 1079 864 a
1108 809 1221 862 suis
1251 805 1458 860 absenti
1498 800 1870 856 attrilutcndns
1921 798 2008 852 sit.
2056 795 2166 851 Nec

568 909 744 964 minus
793 903 1049 960 divinavit
1092 901 1234 955 idem
1294 897 1581 959 Erasmus,
1635 894 1763 948 dum
1819 890 2166 946 Tillemontio

563 1001 743 1055 denuo
774 1006 911 1053 teste
938 994 1018 1068 (1)
1047 989 1313 1057 credidit,
1344 1001 1653 1044 sermonem
1697 984 1762 1037 ad
1806 979 2164 1036 Novatianum

561 1092 900 1154 hmretieum,
937 1085 1206 1160 Cypriane
1236 1099 1264 1137 a
1319 1079 1590 1136 nonnullis
1636 1075 1883 1131 similiter
1926 1071 2165 1142 adscrip-

563 1195 698 1248 tum,
728 1181 960 1238 Cornelii
991 1179 1150 1233 etiam
1179 1189 1314 1245 opus
1342 1187 1481 1228 esse.
1522 1170 1660 1236 Quin
1705 1168 1868 1222 immo
1907 1181 2013 1220 non
2062 1165 2163 1217 im-

561 1275 841 1346 probabile
888 1285 988 1336 cst,
1041 1280 1096 1323 ut
1143 1269 1394 1324 observat
1437 1261 1836 1328 Tillemontius,
1878 1275 2001 1314 eum
2045 1265 2166 1327 post

559 1369 700 1425 Galli
728 1365 1180 1439 persecutionem,
1227 1359 1279 1413 in
1327 1358 1478 1424 cujus
1519 1354 1741 1410 exordio
1782 1362 1999 1407 sanctus
2026 1351 2164 1404 Pon-

561 1461 694 1516 tifex
741 1458 1009 1528 relegatus
1051 1464 1102 1508 et.
1133 1458 1424 1507 coronatus
1468 1457 1570 1512 est,
1625 1446 1881 1514 scriptum
1961 1443 2160 1506 fuisse,

559 1555 616 1608 in
643 1567 814 1620 coque
839 1549 908 1604 de
960 1546 1200 1616 ejusdem
1253 1541 1592 1598 confessione
1645 1555 1708 1594 ac
1762 1535 2020 1608 martyrio
2063 1535 2164 1589 sub

564 1644 691 1699 boui
722 1641 959 1696 l’aswris
987 1650 1114 1710 typo
1135 1635 1449 1691 memorari.

1105 1813 1496 1873 AR'I'ICULUS
1537 1811 1626 1867 lll.

658 1971 896 2014 SYNOPSIS
934 1967 1202 2008 ENSTOL£
1243 1963 1488 2005 CORNELII
1530 1962 1597 2001 AD
1647 1959 1842 2000 FABIUM
1885 1958 2071 1998 ANTIO-

1282 2057 1498 2097 CﬂENUM
1511 2081 1521 2094 .
1573 2092 1575 2094 .

630 2211 875 2282 Magnum
917 2209 1272 2279 fragmentum
1302 2203 1457 2258 affert
1493 2202 1760 2258 Eusebius
1789 2198 1888 2271 (Ξ),
1937 2215 2004 2255 ex
2045 2198 2160 2268 epi-

559 2304 695 2356 stola
743 2302 896 2356 tertia
928 2299 1164 2354 Cornelii
1203 2297 1268 2351 ad
1319 2295 1580 2361 Fabium,
1633 2294 1686 2347 in
1738 2290 2163 2362 quaCornclius

557 2395 819 2451 des-.ribit
863 2393 1084 2447 artiticia
1126 2391 1322 2462 quibus
1361 2403 1489 2443 usus
1534 2396 1651 2442 erat
1696 2384 2061 2445 Novatianus.
2108 2393 2164 2438 ut

558 2490 845 2558 episcopus
889 2486 1267 2548 ordinaretur,
1298 2483 1494 2558 abusus
1543 2481 1886 2550 simplicitate
1932 2488 1986 2533 et
2036 2476 2162 2532 faci-

559 2581 708 2635 litate
763 2579 921 2632 trium
977 2554 1430 2646 Episcoporum;
1462 2587 1690 2641 quorum
1744 2585 1883 2625 unus
1952 2570 2162 2638 culpam

558 2673 797 2742 agnovit,
845 2684 909 2723 ac
962 2667 1103 2721 illius
1172 2682 1294 2721 eum
1341 2663 1604 2734 paenituit.
1677 2661 1867 2716 Postea
1913 2660 2163 2714 observat

561 2764 712 2819 hisce
735 2762 1068 2834 temporibus
1090 2760 1202 2829 jam
1251 2773 1372 2814 esse
1423 2758 1474 2811 in
1509 2757 1744 2811 Ecclesia
1797 2756 2039 2810 Romana
2095 2752 2163 2808 46

557 2858 941 2929 presbyteros,
990 2864 1195 2925 septem
1239 2853 1532 2918 diaconos,
1567 2850 1896 2920 totidemque
1941 2846 2161 2902 subdia-

558 2964 757 3012 conos;
791 2947 1150 3018 quadraginta
1180 2953 1236 3000 et
1277 2945 1414 2999 duos
1445 2942 1753 3014 acolythus,
1781 2940 2161 3012 quinquaginta

559 3042 695 3096 duos
721 3050 830 3094 tum
876 3039 1148 3104 ostiarios,
1210 3047 1320 3091 tum
1375 3036 1701 3101 exorcistas,
1756 3049 1877 3088 cum
1939 3033 2162 3087 lectori-

561 3135 682 3198 bus,
730 3132 914 3186 viduas
961 3146 1083 3186 cum
1140 3128 1515 3193 thlibomenis,
1572 3131 1606 3180 i.
1660 3142 1712 3180 e.
1776 3113 2241 3195 indigentibus,C

563 3225 636 3279 uti
669 3239 772 3278 non
806 3222 944 3276 male
991 3220 1267 3276 substituit
1315 3218 1562 3281 Rufinus,
1597 3217 1714 3286 plus
1743 3215 1886 3270 mille
1909 3215 2167 3284 quingen-

563 3328 643 3371 tas
669 3334 681 3369 :
712 3315 908 3386 quibus
939 3313 1211 3368 universis
1241 3311 1448 3365 Domini
1473 3309 1638 3380 gratia
1669 3318 1721 3364 et
1749 3307 2054 3378 benignitas
2078 3306 2170 3360 ali-

562 3420 745 3462 menta
776 3405 1102 3476 suppeditat.
1154 3404 1236 3458 Ex
1280 3403 1382 3456 hoc
1412 3403 1531 3457 loco
1561 3401 1735 3472 enlligi
1771 3395 1975 3472 potest,
2039 3408 2168 3472 quot

564 3499 821 3553 basilicas
846 3507 971 3552 tunc
1001 3496 1186 3551 Romae
1210 3494 1496 3550 habuerint
1523 3493 1830 3550 Chl'isliﬂlli.
1859 3495 1992 3550 Cum
2023 3497 2165 3552 enim

564 3589 758 3661 singuli
809 3587 1110 3658 presbyteri
1173 3601 1298 3641 suas
1355 3595 1604 3655 regerent
1670 3587 1948 3653 basilicas,
2006 3589 2052 3642 si
2103 3588 2168 3642 46

564 3683 762 3738 fuerint
789 3681 1112 3753 presbyteri,
1149 3679 1372 3735 totidem
1402 3679 1655 3735 basilicas
1697 3679 1860 3736 fuisse
1885 3681 2168 3736 dicendum

565 3788 668 3832 est.
717 3777 775 3831 ln
823 3777 962 3830 hunc
1013 3775 1189 3830 locum
1219 3774 1539 3843 gravissime
1583 3784 1772 3844 peccat
1818 3775 2166 3843 Blondellus,

567 3886 688 3926 cum
725 3885 846 3924 eum
877 3869 949 3924 ita
979 3868 1322 3938 perstringit,
1381 3877 1437 3922 ut
1480 3867 1682 3923 nullam
1714 3868 2169 3926 subdiaconorum

574 3963 738 4018 faciat
792 3962 1145 4027 mentionem,
1201 3961 1501 4031 exindeque
1541 3962 1734 4018 confici
1789 3972 1938 4033 putet
1997 3964 2172 4020 nullos

574 4064 683 4107 tum
717 4053 901 4107 Roma:
945 4037 1305 4108 subdiaconus
1337 4052 1500 4108 fuisse
1528 4053 1820 4108 institutos.
1849 4053 1952 4108 Sed
1987 4054 2172 4109 lectio-

575 4146 660 4199 nis
683 4146 828 4200 illius
853 4145 1139 4200 falsitatem
1172 4154 1280 4199 tum
1322 4145 1546 4201 Grzecus
1574 4145 1790 4201 Eusebii
1827 4156 2022 4214 textus,
2062 4159 2171 4201 tum

574 4232 762 4290 Latina
793 4236 970 4290 Rufini
1019 4236 1395 4304 interpretatio
1441 4237 1836 4291 demonstrant.
1887 4238 2070 4292 Tradit
2120 4247 2172 4292 et

575 4329 804 4398 Optatus
836 4327 938 4399 (5),
964 4329 1312 4398 quadraginta
1353 4340 1406 4383 ct
1452 4330 1678 4398 amplius
1706 4329 1958 4385 Basilicas
1988 4331 2173 4386 liomzn

570 4421 860 4480 exstitisse,
880 4419 1094 4490 quando
1121 4420 1245 4474 illuc
1260 4420 1444 4475 Victor
1472 4420 1756 4477 Gabicnsis
1784 4423 2023 4491 proxime
2055 4432 2175 4493 post

572 4521 820 4567 exortum
855 4512 1254 4566 Dmalistarum
1303 4512 1541 4566 schisma
1587 4512 1654 4565 ab
1700 4511 1783 4566 his
1811 4513 2170 4570 schismaticis
2202 4499 2250 4560 Ῑ)

574 4604 772 4659 missus
800 4613 902 4658 est.
933 4620 952 4654 ι
994 4603 1055 4657 lli
1085 4608 1309 4674 quippe,
1343 4604 1510 4674 inquit
1532 4604 1787 4674 Optatus,
1820 4604 1893 4660 ibi
1918 4607 2056 4662 inter
2078 4608 2170 4676 40,

646 4822 726 4894 (Ι)
769 4822 1076 4879 'l‘illemont.
1136 4824 1380 4880 Mémoire
1433 4842 1523 4880 sur
1579 4825 1848 4884 Corneillc.

573 4893 711 4966 Arta
743 4910 881 4957 xxtt,
916 4912 1034 4966 pag.
1058 4896 1185 4951 208.

747 4967 940 5042 Euseb.
961 4965 1038 5042 _l’lu.
1062 4967 1126 5023 E.
1160 4967 1391 5042 Libtvt,
1409 4984 1526 5038 cap.
1553 4971 1640 5026 45.

641 5039 720 5112 (5)
747 5038 926 5110 Optat.
957 5037 1074 5094 Lib.
1110 5055 1144 5094 tt
1177 5041 1243 5095 de
1269 5037 1574 5097 Schismate
1611 5042 2033 5102 Donatistarum.

1895 4829 2048 4885 Tom.
2087 4847 2166 4888 tu.

1852 5379 2130 5399 ψ

2146 5364 2305 5424 mm

2273 438 2380 476 non
2415 420 2721 482 habebant.
2749 437 2765 470 ›
2804 418 2972 485 Quem
3007 415 3181 469 locum
3213 413 3337 467 dum
3367 410 3703 476 Dlondellus,
3725 411 3870 482 Apo-

2271 515 2377 584 log.
2426 529 2546 584 pag.
2575 511 2711 576 29.5,
2747 511 2813 566 de
2842 511 3008 580 ipsius
3038 507 3214 578 Optati
3255 516 3413 562 aetate
3450 506 3863 575 interpretatur,

2269 606 2336 659 ab
2362 620 2426 660 eo
2457 606 2599 657 male
2628 602 2958 657 intellectum
2985 614 3108 654 esse
3143 597 3387 654 Valesius
3415 606 3560 654 recte
3587 606 3736 652 notat
3763 595 3864 668 (5).

2342 697 2503 751 Addit
2529 695 2814 751 Cornelius
2858 693 3213 750 Novatianum
3245 708 3348 747 non
3372 707 3532 762 posse
3557 707 3777 761 Sperare
3807 707 3869 749 se

2269 788 2334 843 ad
2365 790 2730 858 episcopatum
2755 793 3058 849 venturum,
3094 784 3359 855 siquidem
3405 783 3458 838 in
3505 783 3649 838 lecto
3698 783 3870 856 bapti-

2269 889 2420 934 zatus
2463 895 2568 934 non
2596 887 2876 948 receperat
2900 877 3298 948 itllp0:ill0n8m
3327 889 3582 931 manuum
3605 875 3870 947 episcopi,

2270 972 2374 1028 hoc
2398 980 2515 1040 est,
2565 979 2967 1028 sacramentum
3023 967 3482 1024 Conﬁrmationis.
3535 967 3640 1023 Sed
3695 984 3870 1038 neque

2267 1076 2551 1136 postquam
2591 1065 2852 1119 liberatus
2895 1073 2976 1117 est
3016 1078 3044 1116 a
3088 1063 3308 1128 morbo,
3352 1062 3554 1131 reliqua
3596 1064 3866 1133 percepit,

2267 1175 2389 1228 qua:
2419 1158 2714 1214 secundum
2735 1157 2972 1228 regulam
3001 1155 3260 1211 Ecclesire
3292 1174 3310 1205 ι
3352 1155 3692 1225 percipienda
3721 1166 3869 1221 sunt,

2269 1267 2444 1323 neque
2471 1251 2538 1306 ab
2559 1254 2814 1321 episcopo
2845 1249 3190 1320 consignatus
3210 1257 3315 1312 est,
3338 1256 3423 1303 τοῦ
3450 1273 3503 1304 τε
3523 1253 3871 1320 σφραγισοτςνκι

2270 1353 2360 1401 ὑπὸ
2386 1353 2472 1401 τοῦ
2489 1353 2765 1400 ἐπίσκοπον.
2800 1344 2913 1398 Hoc
2949 1354 3128 1398 autem
3173 1343 3449 1412 signaculo
3489 1343 3711 1398 minime
3745 1359 3869 1414 per-

2267 1447 2446 1509 cepto,
2495 1437 2766 1509 quomodo
2815 1436 3071 1506 Spiritum
3118 1445 3364 1490 sanctum
3435 1437 3609 1505 potuit
3659 1437 3872 1506 accipe-

2269 1547 2325 1587 re
2357 1532 2476 1603 (6)?
2515 1551 2534 1584 ›
2582 1531 2772 1585 Postea
2820 1529 3005 1583 scribit
3032 1527 3333 1591 Cornelius,
3379 1528 3520 1598 quod
3553 1539 3757 1584 tantum
3787 1545 3872 1585 ro-

2267 1635 2391 1694 gatu
2433 1620 2684 1693 Episc0pi
2721 1630 2910 1676 contra
2951 1621 3262 1676 mandatum
3307 1620 3599 1688 Ecclesiae,
3641 1637 3763 1692 qua:
3791 1621 3872 1678 sic

2191 1723 2238 1782 B
2268 1713 2564 1785 baptizatos
2601 1713 2837 1768 ordinari
2883 1711 3233 1783 prohibebat,
3279 1712 3565 1783 presbyter
3615 1711 3870 1768 Novatia-

2269 1824 2370 1862 nus
2422 1805 2700 1861 ordinatus
2764 1805 2924 1860 fuerit
2989 1803 3094 1876 (7).
3151 1803 3279 1859 Dein
3320 1804 3618 1874 exprobrat
3656 1805 3866 1871 eidem,

2273 1897 2418 1969 quod
2457 1897 2821 1952 sacerdotium
2863 1912 3019 1950 suum
3071 1896 3420 1966 abnegaverit
3485 1897 3871 1967 persecutionis

2269 2003 2534 2062 tempore,
2561 1999 2824 2061 cogatque
2852 2004 2979 2045 suos
3006 2003 3206 2059 corpus
3229 1999 3284 2044 et
3310 1988 3624 2060 sanguinem
3667 1989 3867 2046 Christi

2267 2085 2345 2141 eis
2391 2084 2710 2155 praebendo,
2769 2083 2988 2153 jurare,
3047 2098 3170 2138 cum
3231 2084 3561 2153 respondere
3604 2083 3870 2139 deberent

2266 2177 2450 2241 Amen,
2482 2177 2557 2230 uti
2586 2189 2703 2230 mos
2731 2175 2986 2229 Ecclesia:
3027 2183 3146 2230 erat
3194 2172 3299 2246 (8),
3351 2189 3410 2228 se
3460 2189 3748 2245 numquam
3793 2173 3865 2230 ad

2267 2268 2577 2324 Cornelium
2634 2282 2972 2323 reversuros.
3041 2267 3282 2336 Denique
3351 2265 3569 2320 Fabium
3634 2276 3866 2334 monet,

2270 2361 2543 2416 llomanos
2577 2358 2919 2415 confessores
2968 2367 3150 2429 partes
3193 2357 3474 2413 Novatiani
3522 2357 3868 2425 deseruisse,

2269 2451 2573 2520 multOSque
2593 2451 2905 2520 episcopos,
2935 2465 3163 2520 quorum
3191 2449 3259 2504 ad
3286 2464 3409 2504 eum
3434 2449 3653 2506 nomina
3685 2450 3864 2516 mittit,

2269 2545 2320 2599 in
2343 2545 2573 2599 concilio
2601 2543 2850 2598 eumdem
2879 2543 3186 2598 damnasse.

2338 2633 2574 2690 Cornelii
2631 2634 2812 2702 stilus,
2865 2633 3045 2703 judice
3093 2633 3406 2689 doctissimo
3472 2634 3700 2705 Dupinio
3763 2636 3868 2708 (9),

2267 2736 2526 2798 quantum
2550 2726 2618 2782 de
2639 2741 2704 2782 eo
2716 2726 2949 2797 judicari
2963 2735 3144 2798 potest
3170 2743 3237 2783 ex
3263 2728 3468 2798 paucis,
3488 2743 3608 2798 quae
3633 2739 3866 2796 exstant,

2268 2821 2384 2890 ejus
2408 2820 2671 2890 epistolis,
2704 2834 2811 2874 non
2838 2829 2923 2874 est
2947 2819 3099 2874 valde
3139 2819 3404 2886 sublimis,
3439 2830 3616 2876 tamen
3644 2821 3729 2889 iis,
3749 2838 3871 2891 qua:

2269 2915 2393 2970 dicit
2418 2914 2546 2970 satis
2567 2912 2820 2983 ponderis
2833 2912 3007 2978 affert,
3033 2927 3123 2968 res
3138 2913 3240 2969 sibi
3255 2914 3646 2983 accommodat,
3677 2915 3872 2971 adver-

2268 3008 2410 3063 sario
2435 3021 2533 3062 suo
2557 3007 2706 3061 nullo
2725 3005 2887 3062 modo
2915 3006 3108 3077 parcit.

2344 3256 2423 3328 (ri)
2449 3255 2632 3312 Vales.
2662 3254 2714 3309 in
2745 3253 2886 3310 hunc
2913 3252 3129 3310 Eusebii
3151 3254 3350 3310 locum.

2346 3348 2424 3420 (5)
2479 3348 2556 3420 En
2625 3345 3060 3420 sacramentum_
3100 3345 3572 3420 Confirmationis!
3645 3350 3873 3410 Rufinus

2271 3418 2456 3476 Graeca
2483 3418 2719 3473 Cornelii
2746 3419 2908 3472 verba
2935 3419 3004 3471 ita
3050 3418 3214 3489 latine
3253 3421 3555 3489 expressit:
3590 3420 3700 3476 Nec
3739 3425 3869 3478 reli-

2270 3508 2371 3561 qua
2396 3491 2450 3544 in
2479 3506 2558 3555 eo,
2585 3505 2700 3561 qua:
2739 3489 3047 3558 baptismum
3071 3488 3305 3561 subsequi
3327 3488 3528 3556 solent,
3575 3493 3868 3549 solemniter

2272 3560 2550 3630 adimpleto
2597 3560 2744 3628 sunt,
2793 3577 2881 3614 nec
2906 3560 3170 3631 signaculo
3212 3561 3500 3616 chrismatis
3540 3579 3864 3619 consumma-

2274 3645 2352 3688 tus
2373 3643 2465 3687 est.

2346 3723 2426 3795 (6)
2451 3721 2581 3778 Vide
2595 3720 2801 3778 Canon.
2832 3739 2908 3777 xu
2937 3721 3136 3794 Synodi
3154 3721 3455 3780 Neocaasar.
3481 3735 3535 3781 et
3550 3725 3871 3786 Laodiceme

2273 3795 2478 3850 Canon.
2509 3810 2671 3850 XLVII.

2347 3889 2428 3961 (7)
2477 3888 2666 3967 Sancti
2717 3888 2903 3967 l’atres
2957 3889 3294 3967 Ambrosius,
3369 3891 3749 3967 Hieronymus,
3814 3903 3870 3952 et

2275 3962 2603 4031 Augustinus
2655 3961 2811 4030 hujus
2855 3962 3257 4016 consuetudinis
3287 3961 3614 4020 mentionem
3645 3966 3860 4021 faciunt.

2279 4032 2643 4108 Hieronymus
2661 4031 3026 4108 quideut‘adv.
3051 4048 3267 4108 errt‘tres
3286 4033 3442 4108 Joan.
3463 4035 3867 4108 Hierosolymit.

2275 4104 2340 4176 ad
2380 4101 2776 4176 Pammachium
2809 4119 2822 4154 :
2858 4101 2972 4169 Qua
2993 4105 3320 4176 conscientia,
3351 4106 3541 4176 inquit,
3573 4108 3642 4160 ad
3661 4101 3872 4162 Eucha-

2275 4175 2474 4227 ristiam
2495 4175 2751 4236 accedam,
2772 4184 2816 4226 et
2839 4174 3122 4242 repondebo
3145 4190 3163 4227 :
3179 4177 3334 4228 Amen
3353 4216 3366 4241 ,
3395 4174 3512 4230 cum
3529 4182 3592 4232 de
3621 4179 3871 4235 charitate

2277 4245 2908 4320 ditbttetn_porrigertti_s2’
2961 4244 3078 4320 _lluc
3131 4248 3524 4320 _s_peclat_illud
3585 4251 3873 4320 Augustini

2277 4318 2451 4391 Serm.
2481 4315 2608 4382 (ω,
2624 4331 2763 4391 nov.
2782 4316 2910 4370 edit.
2937 4317 3095 4368 Audis
3119 4317 3315 4391 Corpus
3339 4316 3550 4382 Christi,
3585 4330 3631 4373 et
3661 4315 3876 4391 Fespon-

2277 4389 2389 4440 des:
2414 4388 2590 4460 Amen.
2622 4387 2686 4440 Et
2713 4386 2804 4441 lib.
2839 4402 2933 4450 xu,
2959 4397 3138 4460 contra,
3173 4386 3443 4460 Faustum,
3476 4405 3595 4460 cap.
3631 4391 3718 4446 10.
3746 4386 3874 4446 vlla-

2280 4460 2354 4510 bet
2375 4459 2509 4512 enim
2539 4474 2780 4528 magnam
2816 4473 2987 4530 uocem
3017 4454 3204 4511 Christi
3248 4461 3456 4530 sanguis
3481 4454 3720 4526 in'terris,
3757 4480 3877 4517 cum

2277 4545 2334 4583 eo
2354 4538 2559 4590 accepto
2610 4527 2670 4582 ob
2692 4527 2926 4582 omnibus
2954 4530 3286 4596 respondetur
3319 4527 3533 4586 {Amm
3566 4533 3719 4587 Ritus
3779 4533 3876 4591 ille

2278 4600 2418 4668 apud
2450 4600 2791 4673 Ambrosium
2810 4599 2928 4673 _lib.
2983 4615 3034 4652 tv
3064 4600 3131 4653 de
3154 4601 3422 4673 _Sacram.,
3455 4617 3576 4671 cap.
3601 4604 3659 4668 5,
3700 4607 3876 4673 expli-

2276 4680 2427 4724 Catur
2458 4671 2538 4723 bis
2564 4670 2738 4724 verbis
2765 4669 2936 4740 :Ergo
2964 4687 3065 4723 non
3093 4671 3251 4724 otiose
3270 4688 3384 4725 cum
3400 4669 3610 4741 accipis,
3643 4686 3696 4728 tu
3717 4669 3877 4730 dicis:

2277 4742 2456 4808 Atnen,
2479 4743 2596 4810 jam
2622 4743 2674 4794 in
2728 4741 2910 4809 spiritu
2937 4741 3183 4807 conﬁtens
3210 4743 3347 4808 quod
3383 4745 3606 4810 accipias
3660 4744 3875 4803 Verum.

2273 4812 2407 4938 Clum
2439 4813 2523 4868 bis
2551 4812 2820 4867 consentit
2844 4822 2899 4867 et
2949 4812 3185 4882 Cyrillus
3221 4813 3545 4886 Jerosolym.
3601 4815 3866 4872 Catechcs.

2273 4901 2302 4937 ll
2329 4895 2472 4938 mna.

2272 4895 2472 4938 ultima.

2343 4973 2986 5048 (8)Al)upin.Bibliothec.,
3036 4982 3166 5030 tom.
3224 4991 3265 5044 ι,
3315 4976 3446 5032 edit.
3506 4976 3624 5033 Lat.
3672 4978 3872 5036 Colon.

2264 5044 2384 5118 pag.
2410 5044 2538 5102 280.

2312 5386 2636 5410 ἡ
