4242 6222
406 300 541 305 ι
794 301 1061 307 ____.
1432 300 2785 311 Ἢ
2820 304 3631 312 .____._______.

1799 429 2248 502 NOTITIA

659 583 1224 650 EPISTOLARUM
1265 586 1429 648 NON
1472 585 2000 651 EXSTANTIUM
2054 586 2238 663 QU/E
2286 587 2391 646 AD
2435 584 2905 649 CORNELIUM
2951 587 3358 649 ATTINENT
3384 633 3400 662 ,

1530 751 1773 793 AUCTORE
1814 755 1864 792 ι).
1908 752 2236 794 (ιουετΑΝτιο
2273 753 2325 793 ο.
2370 753 2422 792 δέ
2459 754 2506 790 Β.

1704 870 2357 902 ——-——-‘==-——

444 1079 496 1134 1.
529 1076 764 1134 Cornelii
785 1076 850 1133 ad
873 1077 1196 1150 Cyprianum
1220 1078 1424 1133 aliosve
1451 1077 1649 1132 Africte
1675 1077 1969 1147 episcopos

368 1174 593 1240 littera},
648 1173 842 1244 quibus
868 1188 927 1227 se
965 1176 1276 1243 episcopum
1335 1172 1519 1226 Roma:
1568 1171 1768 1226 factum
1825 1187 1967 1225 nun-

367 1266 554 1320 tiabat.
611 1264 706 1319 lite
763 1263 1078 1319 modestiam
1130 1275 1181 1319 et
1233 1263 1628 1334 simplicitatem
1682 1262 1968 1333 quamdam

362 1358 678 1429 spirabant,
724 1372 880 1427 quam
910 1357 1132 1412 minime
1165 1372 1274 1426 pra:
1305 1372 1365 1412 se
1396 1356 1680 1418 ferebant,
1711 1371 1831 1425 qua:
1862 1369 1966 1410 non

363 1452 535 1506 multo
563 1459 684 1520 post
731 1450 784 1504 in
835 1449 1069 1504 Africam
1112 1461 1395 1520 venerunt,
1441 1449 1725 1505 Novatiani
1770 1451 1967 1520 scripta

361 1543 618 1597 conviciis
646 1550 704 1596 et
748 1541 1032 1597 calumniis
1062 1543 1236 1612 plena.
1268 1542 1608 1612 Quapropter
1667 1541 1968 1613 Cyprianus

362 1635 461 1690 has
509 1635 741 1690 Cornelii
790 1634 998 1690 litteras
1022 1635 1160 1705 plebi
1196 1636 1296 1706 legi
1353 1637 1609 1705 praecepit
1673 1647 1726 1691 et
1760 1639 1966 1706 respuit

359 1730 560 1798 scripta
597 1727 899 1785 Novatiani.
960 1729 1084 1800 Ipso
1139 1739 1318 1785 autem
1387 1732 1656 1802 Cypriane
1708 1742 1962 1798 auctore,

366 1839 385 1873 ς
433 1820 628 1876 divina:
681 1819 985 1875 traditionis
1053 1830 1109 1877 et
1173 1821 1556 1877 ecclesiastica:
1616 1822 1965 1878 institutionis

363 1914 623 1967 sanctitas
640 1914 836 1983 pariter
861 1929 924 1967 ac
947 1915 1145 1968 veritas
1173 1913 1423 1984 exigebat
1453 1934 1470 1966 ι
1504 1925 1564 1969 ut
1584 1917 1764 1969 statim
1803 1925 1964 1985 atque

365 2005 647 2062 ltomanus
663 2006 947 2076 cpisc0pus
974 2006 1383 2077 Carthaginiensi
1401 2007 1793 2063 ordinationem
1812 2024 1961 2063 suam

355 2099 555 2154 litteris
632 2100 968 2167 nuntiasset,
1024 2099 1138 2168 ipse
1189 2109 1401 2154 mutuas
1441 2099 1505 2154 ad
1557 2100 1702 2156 illtttu
1760 2101 1962 2156 litteras

359 2193 660 2262 dirigeret,
701 2207 762 2247 ac
813 2193 999 2247 notitia
1048 2192 1401 2247 ordinationis
1456 2193 1576 2262 ejus
1600 2193 1666 2247 ad
1722 2194 1962 2264 singulos

359 2285 657 2356 provincia:
688 2299 798 2339 sua:
837 2284 1073 2354 collegas
1101 2285 1325 2354 perlata,
1357 2285 1426 2340 ab
1470 2285 1553 2340 his
1594 2285 1785 2340 fratres
1837 2302 1960 2341 cum

357 2378 557 2432 litteris
618 2377 683 2431 ad
724 2378 1042 2447 episcopum
1085 2392 1278 2432 recens
1313 2386 1551 2433 creatum
1606 2378 1959 2436 destinandos

353 2487 479 2527 esse
501 2471 802 2528 mendaret.
831 2472 928 2527 Cui
974 2472 1151 2527 oflieio
1183 2487 1288 2526 non
1306 2470 1542 2528 defuisse
1569 2487 1628 2528 se
1655 2471 1960 2544 Cyprianus

356 2561 700 2620 testificatur.

1134 2659 1198 2714 ll.

429 2774 484 2828 2.
531 2773 782 2845 Cypriani
839 2774 905 2829 ad
945 2774 1258 2830 Cornelium
1301 2789 1492 2844 papam
1535 2774 1808 2844 Epistola,
1864 2789 1959 2844 per

357 2865 676 2923 Caldonittm
707 2879 758 2924 et
791 2869 1144 2925 Fortunalum
1177 2869 1460 2938 episcopos
1485 2870 1822 2932 transmissa,
1853 2884 1957 2938 qua

359 2960 670 3025 rogabatur.
723 2970 781 3014 ut
821 2975 958 3028 quas
1010 2961 1125 3028 ipse
1155 2960 1455 3030 Cyprianus
1483 2975 1603 3012 cum
1659 2959 1724 3012 ad
1750 2959 1954 3014 clerum

357 3055 472 3099 ttnn
505 3045 570 3098 ad
599 3045 806 3114 plebem
847 3060 997 3098 suam
1028 3043 1511 3113 Carthaginensem
1536 3043 1604 3097 de
1637 3041 1955 3098 Felicissimi

356 3148 412 3192 et
431 3139 669 3209 quinque
695 3139 1378 3210 presbyterorumfactione
1395 3140 1684 3205 scripserat
1707 3180 1721 3204 ,
1754 3138 1854 3193 hoc
1877 3147 1959 3192 est

359 3232 491 3287 edit.
518 3233 721 3287 Pantel.
755 3249 960 3288 xxxvttt
1017 3244 1071 3288 et
1099 3251 1187 3294 η.
1226 3235 1408 3288 Romae
1461 3235 1704 3288 fidelibus
1735 3233 1953 3302 legeret.

356 3324 626 3388 Quocirca
659 3326 972 3380 earumdem
1032 3325 1331 3380 litterarum
1389 3326 1634 3396 exetnpla
1685 3335 1810 3380 tunc
1863 3340 1958 3393 per

355 3415 647 3485 prtediclos
677 3417 963 3485 episcopos
997 3418 1240 3472 mittebat
1260 3459 1272 3480 ,
1323 3434 1443 3486 qum
1474 3427 1540 3472 et-
1567 3428 1749 3487 postea
1779 3418 1956 3473 denuo

358 3522 456 3578 per
500 3507 737 3563 Mettium
764 3517 819 3564 et
838 3507 1195 3579 Nicephorum
1229 3510 1392 3564 misit.

1999 960 2202 1019 Aocto
2247 958 2500 1033 Cypriani
2549 975 2765 1020 exstant
2790 967 3034 1037 epistolae
3089 969 3349 1040 (totidem
3389 971 3681 1028 etiamnum

2079 1049 2387 1127 habemus),
2419 1058 2636 1127 scripsit
2662 1058 2959 1128 Epistolam
2979 1061 3044 1114 ad
3063 1059 3307 1125 Fabium,
3329 1063 3682 1120 Antiochente

2076 1145 2320 1199 ecclesize
2383 1149 2720 1219 episcopum,
2755 1151 2824 1206 de
2880 1155 3089 1222 synodo
3134 1153 3408 1220 Romana,
3454 1157 3635 1212 Italica
3663 1201 3680 1225 ,

2075 1235 2326 1292 Africana
2355 1255 2368 1298 :
2403 1249 2457 1294 et
2483 1242 2642 1295 aliam
2669 1242 2736 1297 de
2783 1243 3081 1299 Novatiano
3111 1247 3260 1301 etde
3292 1247 3372 1302 his
3406 1251 3495 1318 qui
3541 1250 3681 1321 lapsi

2074 1339 2230 1396 sunt;
2284 1333 2494 1388 tertiam
2525 1334 2593 1390 de
2623 1341 2790 1406 gestis
2819 1338 3042 1408 synodi;
3073 1349 3316 1407 quartam
3337 1341 3402 1395 ad
3433 1343 3678 1400 eumdem

2075 1420 2298 1476 Fabium
2360 1424 2514 1479 valde
2565 1428 2868 1496 prolixam,
2920 1439 2974 1482 et
3044 1429 3354 1485 Nevatiame
3409 1433 3680 1490 hzt-reseos

2073 1528 2264 1570 causas
2287 1526 2337 1572 et
2388 1519 2675 1574 anathema
2737 1522 3125 1578 continentem.
3169 1542 3188 1574 ι
3235 1524 3276 1578 Ε
3323 1539 3554 1596 quatuor
3576 1528 3681 1582 illis

2072 1607 2319 1674 epistolis
2374 1610 2508 1664 nihil
2537 1611 2603 1665 ad
2646 1628 2744 1667 nos
2778 1615 3052 1682 pervenit,
3087 1615 3189 1670 nisi
3225 1629 3511 1685 postrema:
3543 1619 3678 1674 insi-

2070 1699 2192 1765 gula
2248 1700 2494 1769 qttzt‘dam
2546 1702 2880 1772 fragmenta,
2944 1722 3064 1773 qua:
3114 1706 3350 1761 Eusebio
3390 1709 3673 1766 debemus.

2072 1782 2174 1837 Iste
2213 1793 2392 1838 autem
2451 1788 2688 1857 scriptor
2709 1788 2775 1844 de
2810 1789 3000 1844 iisdem
3025 1793 3191 1860 gestis
3239 1807 3301 1847 ac
3332 1793 3523 1849 litteris
3562 1796 3678 1851 hmc

2071 1875 2275 1932 habet:
2312 1897 2330 1930 ι
2363 1879 2496 1934 Cmu
2533 1881 2720 1936 Roma:
2763 1894 3088 1954 congregata
3119 1896 3266 1941 esset
3295 1888 3572 1958 synodus,
3621 1890 3674 1944 in

2067 1984 2173 2039 qua
2203 1975 2484 2041 sexaginta
2529 1973 2744 2042 quidem
2780 1975 3019 2046 episcopi
3043 2017 3060 2042 ,
3113 1978 3413 2050 presbyteri
3440 1995 3569 2035 vero
3611 1997 3674 2036 ac

2067 2062 2282 2117 diaconi
2305 2065 2478 2119 multo
2492 2066 2672 2135 plures
2693 2079 3060 2147 convenerunt
3083 2086 3096 2135 ;
3130 2086 3359 2141 cumque
3378 2073 3428 2127 itt
3455 2075 3672 2143 provin-

2065 2155 2163 2209 ciis
2194 2156 2290 2226 (uti
2323 2157 2601 2226 probabile
2631 2159 2944 2230 est,ltalire)
2969 2163 3239 2218 antistites
3269 2179 3513 2220 seorsum
3541 2181 3676 2222 con-

2065 2247 2378 2314 sultasscnt,
2411 2249 2718 2317 hujusmodi
2741 2251 3016 2308 decretum
3037 2257 3246 2310 cunctis
3276 2259 3670 2329 promulgatum

1988 2350 2037 2410 Β
2064 2349 2147 2394 est
2172 2340 2337 2411 (hami
2385 2342 2547 2398 dubie
2575 2361 2602 2396 a
2634 2345 2916 2416 Cornelio)
2967 2347 3232 2402 Novatum
3261 2350 3387 2420 (leg.
3419 2351 3671 2408 Novatia-

2065 2430 2216 2500 num)
2246 2432 2461 2501 quidem
2492 2442 2545 2488 ct
2571 2450 2665 2488 eos
2687 2437 2775 2506 qui
2799 2453 2920 2493 eum
2946 2438 3064 2507 ipso
3090 2454 3212 2495 sese
3241 2441 3672 2502 iusolentiusex-

2064 2523 2331 2587 tulerant,
2369 2535 2422 2578 et
2449 2528 3257 2597 quicumqueinhumanissima:
3285 2544 3339 2588 et
3366 2550 3395 2588 a
3436 2534 3670 2593 fraterna

2060 2615 2524 2674 charitatealicnte
2551 2621 2668 2689 ejus
2689 2622 2926 2690 opinioni
2960 2625 3271 2680 consentire
3311 2643 3670 2700 praesumpse-

2061 2719 2202 2773 rant,
2223 2710 2428 2764 alienos
2457 2712 2523 2765 ah
2542 2713 2781 2768 Ecclesia
2815 2713 3090 2771 habendos
3111 2733 3232 2772 esse
3254 2735 3267 2784 ;
3291 2718 3482 2775 fratres
3515 2737 3664 2788 vero,

2061 2805 2150 2873 qui
2178 2819 2304 2859 casu
2329 2822 2389 2860 ac
2411 2809 2706 2863 tentatione
2730 2799 2863 2880 lapsi
2895 2811 3119 2868 fuerant.
3143 2813 3472 2880 paenitentia:
3491 2831 3668 2871 reme—

2061 2896 2167 2950 diis
2189 2899 2456 2954 curandns
2488 2910 2540 2954 et
2568 2901 2930 2957 confovendos
2950 2918 3090 2958 esse.
3112 2905 3528 2963 Exstantadhuc
3553 2910 3668 2978 epi-

2061 2990 2216 3044 stola:
2243 2992 2475 3048 Cornelii
2509 2993 2870 3050 Rotnanorutn
2929 2997 3164 3067 episcopi
3193 2999 3259 3052 ad
3303 2998 3525 3055 Fabium
3559 3005 3667 3058 Att-

2063 3085 2354 3142 tiocltensis
2370 3090 2609 3144 ecclesiae
2625 3093 2904 3159 prtesulem
2923 3093 3176 3159 tttissm,in
3193 3095 3384 3165 quibus
3395 3105 3449 3151 et
3467 3095 3663 3151 Roma-

2062 3194 2142 3232 nze
2161 3180 2348 3249 synodi
2365 3192 2591 3249 geSIa,et
2613 3186 2848 3239 omnium
2870 3202 2964 3256 per
2979 3186 3178 3240 Italiam
3195 3201 3248 3242 et
3267 3191 3304 3242 Α
3316 3187 3665 3245 fricamalias-

2061 3272 2418 3340 qttelocorttm
2443 3275 2656 3331 illorum
2680 3280 2980 3345 provincias
2997 3283 3279 3336 sententia)
3292 3282 3656 3339 declarantur.

2063 3362 2156 3417 llis
2217 3364 2468 3433 adjuncta
2527 3378 2642 3422 erat
2687 3370 2787 3424 alia
2820 3371 3062 3438 ejusdem
3115 3373 3348 3427 Cornelii
3403 3375 3665 3444 epistola,

2060 3453 2234 3509 dehis
2261 3472 2380 3526 qua)
2412 3457 2462 3511 in
2496 3459 2704 3530 synodo
2753 3459 2771 3531 (
2807 3461 3049 3516 Romana
3085 3463 3104 3533 )
3153 3462 3367 3518 decreta
3422 3464 3654 3520 fuerant.

2131 3549 2183 3604 5.
2228 3551 2456 3616 Quando
2493 3561 2671 3607 autem
2718 3553 2960 3608 habitum
2987 3555 3147 3610 fuetit
3193 3572 3316 3610 mox
3363 3557 3564 3612 dictum
3592 3557 3660 3613 de

2059 3640 2354 3711 Lapsorum
2398 3658 2557 3696 causa
2591 3645 2913 3710 concilium,
2959 3646 3203 3716 adeoque
3251 3658 3305 3703 et
3351 3665 3458 3718 qtto
3518 3659 3656 3703 tem-

439 3757 492 3811 3.
536 3756 810 3828 Synodicze
863 3760 1239 3830 episcoporum
1300 3761 1491 3815 Africo
1545 3761 1610 3814 ad
1643 3761 1951 3815 Cornelium
1981 3751 2024 3814 C
2060 3747 2237 3830 "0"?“
2259 3731 2513 3830 Cf’r'T‘ii”
2537 3736 2855 3830 ⁰⁰¹¹δ⁰¹’ῘΡ¹²¹⁵
2874 3740 3001 3803 Sin"
3027 3753 3087 3792 ea
3113 3737 3182 3793 de
3209 3754 3369 3795 ⁰³¹¹⁵³
3393 3741 3656 3810 ονίδιυιίθο

357 3847 586 3913 litterae,
621 3851 852 3919 ipsorum
896 3867 1058 3904 mantt
1104 3851 1449 3921 subscriptm,
1492 3867 1555 3906 ac
1600 3868 1692 3919 per
1717 3851 1953 3906 Mettium

356 3943 786 4015 hypodiacnnutu
817 3955 870 3999 et
901 3945 1258 4014 Nicephorum
1292 3947 1599 4018 acolythunt
1633 3946 1874 4016 perlate,
1903 3948 1955 4000 in

353 4036 548 4104 quibus
577 4035 646 4089 de
680 4035 997 4091 Felicissimi
1025 4047 1078 4091 et
1103 4037 1340 4106 quinque
1369 4038 1806 4107 presbyterorum
1853 4037 1954 4106 ipsi

350 4129 742 4184 cohzerentium
771 4145 927 4184 causa
956 4130 1082 4201 quid
1120 4130 1455 4196 sensissent,
1485 4133 1682 4201 quidve
1717 4147 1956 4200 pronun-

353 4223 603 4288 tiassent,
638 4223 957 4288 educebant,
994 4225 1116 4279 illos
1168 4240 1381 4294 nempe,
1439 4236 1497 4280 ut
1525 4243 1688 4296 supra
1735 4227 1786 4280 in
1825 4226 1954 4296 Epi-

345 4316 490 4370 stola
521 4333 618 4380 xu,
641 4332 781 4370 anno
830 4329 1089 4386 sequente
1115 4319 1341 4387 scripti,
1381 4335 1413 4373 n
1476 4319 1530 4386 9,
1585 4329 1914 4374 memoratur
1937 4362 1952 4387 ,

346 4411 619 4466 sententia
642 4425 736 4465 sua
758 4411 1036 4466 absteutos
1062 4427 1201 4468 esse.
1232 4410 1559 4482 Conseriptae
1579 4411 1799 4468 forsitan
1837 4413 1953 4470 fueo

348 4512 481 4558 runt
511 4519 575 4555 ex
607 4517 671 4555 eo
700 4503 1084 4570 «plurimorum
1103 4505 1478 4573 episcoporum
1497 4505 1746 4568 concilio,
1775 4505 1954 4574 tquod

345 4597 658 4668 Cyprianus
682 4596 850 4666 Epist.
870 4614 888 4649 ι
917 4597 981 4652 ad
1003 4597 1332 4667 Stephanum
1354 4599 1391 4663 Ι,
1415 4599 1530 4665 n.2,
1556 4600 1822 4664 recolit,in
1849 4616 1955 4671 quo

354 4709 378 4740 ι
420 4689 749 4744 Noratiauus
795 4688 964 4744 hostis
1032 4690 1285 4746 Ecclesia:
1331 4691 1603 4758 judicatus
1645 4700 1763 4755 est,
1810 4712 1826 4743 ι
1894 4707 1956 4745 ac

345 4782 559 4836 nemini
612 4797 732 4836 cum
773 4794 841 4837 eo
884 4781 1282 4837 communicare
1322 4781 1484 4837 licere
1553 4783 1953 4864 pronuntiatum

339 4876 475 4930 fuit.

1107 4945 1178 5002 IV

395 5063 501 5118 L'bi
526 5075 570 5117 et
599 5065 660 5118 de
687 5064 983 5136 paenitentia
1014 5065 1270 5133 maiorum
1305 5064 1626 5127 clericorum,
1655 5081 1722 5118 an
1755 5063 1911 5118 tribus

436 5158 612 5227 primis
632 5159 832 5213 saeculis
852 5159 1071 5229 publica:
1101 5157 1312 5230 subjecti
1343 5158 1555 5228 fuerint,
1589 5158 1877 5212 disseritur.

433 5294 486 5348 4.
530 5295 611 5349 Ad
662 5295 813 5349 initia
873 5294 1215 5364 pontificatus
1281 5293 1518 5348 Cornelii
1565 5293 1769 5350 referre
1827 5292 1954 5347 licet

338 5399 474 5443 tmn
510 5395 656 5456 gesta
689 5387 946 5441 Romana:
972 5385 1164 5458 synodi
1194 5385 1261 5440 de
1293 5385 1589 5454 Lapsorum
1621 5399 1780 5439 causa
1801 5426 1815 5445 ,
1845 5394 1954 5437 tum

339 5478 536 5531 varias
559 5479 795 5533 Cornelii
818 5478 1101 5546 epistolas,
1127 5493 1262 5547 quas
1286 5477 1645 5550 Hieronymus
1667 5477 1734 5531 de
1759 5476 1956 5546 Script.

339 5572 510 5630 Eccl.
534 5588 582 5626 c.
627 5573 714 5638 76,
749 5584 802 5629 et
829 5575 1116 5639 Eusebius,
1141 5573 1239 5628 lib.
1268 5589 1343 5629 vr.
1391 5574 1554 5641 llist.,
1591 5589 1642 5629 c.
1675 5574 1773 5638 .43,
1807 5585 1958 5626 com-

335 5673 684 5720 memorant.
722 5664 790 5719 Et
818 5664 1178 5736 Hieronymus
1208 5665 1424 5734 quidem
1457 5665 1632 5721 dehis
1660 5667 1727 5721 ita
1785 5664 1960 5735 loqui.

380 5765 498 5806 ur:
531 5753 862 5821 tCornellus,
899 5746 1154 5809 “amante
1179 5756 1324 5811 urbis
1355 5757 1668 5828 cpiscopus,
1701 5756 1769 5813 ad
1799 5771 1960 5830 quem

1977 5155 2032 5216 D

2060 3837 2122 3876 ex
2161 3823 2241 3874 his
2267 3824 2399 3878 cleri
2431 3824 2656 3878 Romani
2686 3825 2752 3879 ad
2769 3826 3122 3898 Cyprianum,
3147 3829 3316 3898 Epist.
3357 3847 3510 3891 xm.
3541 3832 3658 3886 col-

2061 3913 2269 3983 ligitur:
2301 3934 2318 3965 ι
2353 3915 2489 3968 Ante
2527 3915 2965 3971 constitutionem
3009 3919 3248 3986 episcopi
3307 3921 3437 3974 nihil
3501 3922 3654 3976 inno—

2063 4008 2292 4061 vandutn
2325 4008 2626 4076 putavimus
2653 4026 2664 4062 :
2695 4010 2787 4064 sed
2816 4009 3112 4079 Lapsorum
3145 4027 3327 4066 curam
3372 4013 3659 4069 mediocri-

2063 4107 2144 4151 ter
2197 4098 2599 4167 lClllllClﬂnd‘Jlll
2637 4113 2758 4154 esse
2787 4099 3100 4164 credimus;
3155 4111 3211 4154 ut
3270 4101 3484 4155 interim
3528 4103 3656 4158 dum

2060 4191 2346 4260 episcopus
2377 4191 2490 4243 dari
2540 4206 2568 4244 a
2598 4191 2709 4246 Deo
2742 4193 2896 4246 nobis
2925 4193 3293 4256 sustinentur,
3323 4192 3374 4246 itt
3394 4209 3658 4264 suspenso

2061 4296 2246 4336 eorum
2265 4324 2280 4346 ,
2305 4283 2394 4352 qui
2421 4296 2600 4337 moras
2619 4293 2838 4352 possunt
2863 4283 3149 4349 sustinere,
3171 4299 3328 4347 causa
3356 4295 3614 4339 teneatur.
3632 4305 3651 4338 ι

2062 4373 2228 4426 Nemo
2279 4374 2423 4427 enim
2481 4388 2586 4428 non
2615 4374 2778 4440 videt,
2809 4374 2936 4428 dato
2962 4390 2990 4426 a
3024 4375 3134 4429 Deo
3177 4375 3362 4429 Retine
3407 4375 3658 4446 pontifice

2058 4463 2329 4528 Cornelio,
2378 4464 2576 4518 nullam
2633 4465 2964 4533 superfuisse
3029 4480 3245 4520 causam
3311 4482 3407 4522 cur
3451 4482 3512 4523 ea
3570 4483 3658 4524 res

2059 4555 2266 4610 diutius
2299 4556 2348 4609 in
2369 4572 2630 4626 suspenso
2657 4567 2932 4612 teneretur
2955 4575 2968 4611 :
2993 4558 3156 4611 immo
3179 4574 3298 4613 cum
3329 4558 3658 4616 Novatianus

2059 4648 2249 4720 Lapsis
2290 4652 2502 4705 veniam
2533 4660 2785 4721 negaret,
2816 4651 3050 4705 maxime
3082 4653 3444 4708 necessarium
3474 4655 3660 4730 fuisse,

2061 4751 2116 4796 ttt
2145 4742 2321 4809 citius,
2348 4741 2528 4796 habito
2548 4743 2792 4805 concilio,
2810 4744 3074 4796 finiretur.
3098 4743 3359 4810 Quocirca
3387 4747 3523 4802 inter
3547 4748 3662 4817 pri-

2057 4851 2142 4890 ma
2172 4836 2406 4891 Cornelii
2437 4839 2647 4907 negotia
2672 4846 3042 4906 computamus
3066 4844 3178 4890 tum
3217 4838 3316 4892 hoc
3345 4841 3651 4908 concilium,

2057 4929 2387 4984 tutnlitteras
2415 4931 2608 5000 quibus
2629 4929 2869 4999 ejusdem
2888 4927 3100 4983 concilii
3135 4929 3411 4984 decretum
3430 4930 3660 4984 diversis

2058 5020 2352 5089 provinciis
2382 5031 2567 5075 notum
2598 5022 2803 5086 fieri,et
2824 5020 2892 5073 ab
2911 5021 2992 5074 eis
3015 5029 3188 5073 ratum
3207 5019 3389 5072 haberi
3430 5021 3658 5075 curarit.

2128 5115 2179 5168 6.
2209 5114 2287 5168 Ad
2321 5114 2460 5169 idem
2497 5115 2783 5170 concilium
2831 5111 3104 5184 pertinere
3141 5113 3350 5168 videtur
3379 5114 3660 5169 decretum

2060 5204 2128 5260 de
2153 5221 2260 5274 quo
2285 5204 2606 5275 Cyprianus,
2643 5205 2810 5274 Epist.
2844 5221 3024 5269 vant,
3057 5207 3124 5259 ita
3143 5204 3415 5274 loquitur:
3449 5223 3468 5256 ‹
3493 5202 3661 5257 Cum—

2061 5311 2165 5365 que
2185 5296 2288 5349 alia
2312 5296 2476 5350 multa
2507 5297 2617 5350 sint
2642 5305 2696 5348 et
2720 5296 2903 5364 gravia
2933 5294 3146 5358 delicta,
3173 5294 3366 5364 quibus
3397 5292 3662 5349 Basilides

2064 5397 2118 5441 et
2167 5386 2425 5441 Martialis
2466 5386 2721 5455 implicati
2750 5395 3030 5454 tenentur,
3063 5387 3256 5440 frustra
3291 5385 3424 5440 tales
3451 5386 3662 5456 episco-

2065 5490 2246 5548 patum
2260 5479 2356 5534 sibi
2375 5493 2631 5548 usurpare
2647 5487 2926 5544 conantur;
2943 5494 3063 5534 cum
3082 5479 3424 5534 manifestum
3443 5480 3668 5548 sitejus-

2067 5571 2211 5624 tnodi
2259 5570 2504 5624 hemines
2535 5585 2633 5625 nec
2659 5569 2914 5624 Ecclesia:
2953 5586 3110 5639 posse
3140 5585 3395 5641 prmesse,
3427 5586 3528 5624 nec
3557 5571 3670 5624 Deo

2065 5661 2327 5717 sacrificia
2363 5661 2561 5719 otferre
2607 5661 2806 5717 debere
2838 5680 2848 5716 :
2883 5662 3112 5716 maxime
3147 5677 3272 5719 cum
3311 5663 3416 5731 jam
3464 5661 3673 5730 pridem

2075 5755 2357 5813 nobiscum
2389 5763 2444 5812 et
2481 5769 2610 5815 cum
2639 5756 2884 5814 omnibus
2908 5753 3142 5814 Omnino
3175 5752 3444 5827 episcopis
3488 5753 3544 5808 in
3581 5761 3696 5809 toto
