  <div class='ocr_page' id='page_1' title='image "/cluster/home/n/w/nwhite01/storage/ocr_20150623/3/hvd.32044054086798/395.png"; bbox 0 0 4242 6222; ppageno 0'>
   <div class='ocr_carea' id='block_1_1' title="bbox 590 237 690 294">
    <p class='ocr_par' dir='ltr' id='par_1_1' title="bbox 590 237 690 294">
     <span class='ocr_line' id='line_1_1' title="bbox 590 237 690 294; baseline 0 -1"><span class='ocrx_word' id='word_1_1' title='bbox 590 237 690 294; x_wconf 74' lang='lat' dir='ltr'><strong>(Z9!</strong></span> 
     </span>
    </p>
   </div>
   <div class='ocr_carea' id='block_1_2' title="bbox 1309 234 3166 300">
    <p class='ocr_par' dir='ltr' id='par_1_2' title="bbox 1309 234 3166 300">
     <span class='ocr_line' id='line_1_2' title="bbox 1309 234 3166 300; baseline 0 -4"><span class='ocrx_word' id='word_1_2' title='bbox 1309 239 1798 298; x_wconf 67' lang='lat' dir='ltr'><strong>EHSTOLARUM</strong></span> <span class='ocrx_word' id='word_1_3' title='bbox 1830 235 2158 297; x_wconf 77' lang='lat' dir='ltr'><strong>CORNELll</strong></span> <span class='ocrx_word' id='word_1_4' title='bbox 2197 234 2333 298; x_wconf 78' lang='lat' dir='ltr'><strong>NON</strong></span> <span class='ocrx_word' id='word_1_5' title='bbox 2376 235 2832 298; x_wconf 74' lang='lat' dir='ltr'><strong>EXSTANTlUM</strong></span> <span class='ocrx_word' id='word_1_6' title='bbox 2870 237 3166 300; x_wconf 66' lang='lat' dir='ltr'><strong>NOTITIA.</strong></span> 
     </span>
    </p>
   </div>
   <div class='ocr_carea' id='block_1_3' title="bbox 3786 240 3892 296">
    <p class='ocr_par' dir='ltr' id='par_1_3' title="bbox 3786 240 3892 296">
     <span class='ocr_line' id='line_1_3' title="bbox 3786 240 3892 296; baseline -0.009 0"><span class='ocrx_word' id='word_1_7' title='bbox 3786 240 3892 296; x_wconf 73' lang='lat'><strong>692</strong></span> 
     </span>
    </p>
   </div>
   <div class='ocr_carea' id='block_1_4' title="bbox 590 345 3878 424">
    <p class='ocr_par' dir='ltr' id='par_1_4' title="bbox 590 345 3878 424">
     <span class='ocr_line' id='line_1_4' title="bbox 590 345 3878 424; baseline -0.001 -14"><span class='ocrx_word' id='word_1_8' title='bbox 590 355 792 411; x_wconf 92' lang='lat' dir='ltr'><strong>mundo</strong></span> <span class='ocrx_word' id='word_1_9' title='bbox 814 357 1120 413; x_wconf 88' lang='lat' dir='ltr'><strong>constitutis</strong></span> <span class='ocrx_word' id='word_1_10' title='bbox 1133 358 1294 413; x_wconf 91' lang='lat' dir='ltr'><strong>etiam</strong></span> <span class='ocrx_word' id='word_1_11' title='bbox 1319 356 1622 424; x_wconf 85' lang='lat' dir='ltr'><strong>Cornelius,</strong></span> <span class='ocrx_word' id='word_1_12' title='bbox 1652 355 1855 424; x_wconf 80' lang='lat' dir='ltr'><strong>collega</strong></span> <span class='ocrx_word' id='word_1_13' title='bbox 1885 361 2193 416; x_wconf 84' lang='lat' dir='ltr'><strong>noster,sa-</strong></span> <span class='ocrx_word' id='word_1_14' title='bbox 2219 352 2274 413; x_wconf 83' lang='grc' dir='ltr'><strong>Α</strong></span> <span class='ocrx_word' id='word_1_15' title='bbox 2301 351 2371 405; x_wconf 89' lang='lat' dir='ltr'><strong>tia</strong></span> <span class='ocrx_word' id='word_1_16' title='bbox 2415 352 2764 422; x_wconf 89' lang='lat' dir='ltr'><strong>intelligenda</strong></span> <span class='ocrx_word' id='word_1_17' title='bbox 2793 355 2898 420; x_wconf 91' lang='lat' dir='ltr'><strong>sit;</strong></span> <span class='ocrx_word' id='word_1_18' title='bbox 2931 354 3073 410; x_wconf 91' lang='lat' dir='ltr'><strong>nulla</strong></span> <span class='ocrx_word' id='word_1_19' title='bbox 3097 345 3282 410; x_wconf 87' lang='lat' dir='ltr'><strong>subest</strong></span> <span class='ocrx_word' id='word_1_20' title='bbox 3310 355 3446 410; x_wconf 89' lang='lat' dir='ltr'><strong>ratio</strong></span> <span class='ocrx_word' id='word_1_21' title='bbox 3462 370 3557 411; x_wconf 92' lang='lat' dir='ltr'><strong>cur</strong></span> <span class='ocrx_word' id='word_1_22' title='bbox 3581 354 3878 421; x_wconf 89' lang='lat' dir='ltr'><strong>decretum,</strong></span> 
     </span>
    </p>
   </div>
   <div class='ocr_carea' id='block_1_5' title="bbox 593 447 2196 521">
    <p class='ocr_par' dir='ltr' id='par_1_5' title="bbox 593 447 2196 521">
     <span class='ocr_line' id='line_1_5' title="bbox 593 447 2196 521; baseline -0.002 -17"><span class='ocrx_word' id='word_1_23' title='bbox 593 447 788 506; x_wconf 88' lang='lat' dir='ltr'><strong>cerdus</strong></span> <span class='ocrx_word' id='word_1_24' title='bbox 817 451 1074 520; x_wconf 93' lang='lat' dir='ltr'><strong>paciﬁcus</strong></span> <span class='ocrx_word' id='word_1_25' title='bbox 1095 461 1150 506; x_wconf 88' lang='lat' dir='ltr'><strong>et</strong></span> <span class='ocrx_word' id='word_1_26' title='bbox 1173 451 1371 521; x_wconf 86' lang='lat' dir='ltr'><strong>justus,</strong></span> <span class='ocrx_word' id='word_1_27' title='bbox 1405 460 1459 506; x_wconf 91' lang='lat' dir='ltr'><strong>et</strong></span> <span class='ocrx_word' id='word_1_28' title='bbox 1488 449 1746 521; x_wconf 76' lang='lat' dir='ltr'><strong>martyrio</strong></span> <span class='ocrx_word' id='word_1_29' title='bbox 1772 463 1984 519; x_wconf 89' lang='lat' dir='ltr'><strong>quoque</strong></span> <span class='ocrx_word' id='word_1_30' title='bbox 2010 447 2196 517; x_wconf 88' lang='lat' dir='ltr'><strong>digna-</strong></span> 
     </span>
    </p>
   </div>
   <div class='ocr_carea' id='block_1_6' title="bbox 593 540 2196 613">
    <p class='ocr_par' dir='ltr' id='par_1_6' title="bbox 593 540 2196 613">
     <span class='ocr_line' id='line_1_6' title="bbox 593 540 2196 613; baseline 0.001 -19"><span class='ocrx_word' id='word_1_31' title='bbox 593 540 740 596; x_wconf 91' lang='lat' dir='ltr'><strong>tione</strong></span> <span class='ocrx_word' id='word_1_32' title='bbox 763 541 971 597; x_wconf 89' lang='lat' dir='ltr'><strong>Domini</strong></span> <span class='ocrx_word' id='word_1_33' title='bbox 986 542 1304 610; x_wconf 84' lang='lat' dir='ltr'><strong>honoratus,</strong></span> <span class='ocrx_word' id='word_1_34' title='bbox 1319 542 1640 608; x_wconf 81' lang='lat' dir='ltr'><strong>decreverit,</strong></span> <span class='ocrx_word' id='word_1_35' title='bbox 1658 541 1923 613; x_wconf 78' lang='lat' dir='ltr'><strong>ejusmodi</strong></span> <span class='ocrx_word' id='word_1_36' title='bbox 1948 541 2196 595; x_wconf 83' lang='lat' dir='ltr'><strong>homines</strong></span> 
     </span>
    </p>
   </div>
   <div class='ocr_carea' id='block_1_7' title="bbox 593 631 2195 708">
    <p class='ocr_par' dir='ltr' id='par_1_7' title="bbox 593 631 2195 708">
     <span class='ocr_line' id='line_1_7' title="bbox 593 631 2195 708; baseline 0.002 -23"><span class='ocrx_word' id='word_1_37' title='bbox 593 631 660 686; x_wconf 91' lang='lat' dir='ltr'><strong>ad</strong></span> <span class='ocrx_word' id='word_1_38' title='bbox 680 635 1049 703; x_wconf 70' lang='lat' dir='ltr'><strong>paenitentiam</strong></span> <span class='ocrx_word' id='word_1_39' title='bbox 1081 634 1295 706; x_wconf 82' lang='lat' dir='ltr'><strong>quidem</strong></span> <span class='ocrx_word' id='word_1_40' title='bbox 1325 651 1488 708; x_wconf 88' lang='lat' dir='ltr'><strong>posse</strong></span> <span class='ocrx_word' id='word_1_41' title='bbox 1512 633 1741 702; x_wconf 86' lang='lat' dir='ltr'><strong>admitti,</strong></span> <span class='ocrx_word' id='word_1_42' title='bbox 1771 634 1839 690; x_wconf 90' lang='lat' dir='ltr'><strong>ab</strong></span> <span class='ocrx_word' id='word_1_43' title='bbox 1856 633 2195 688; x_wconf 78' lang='lat' dir='ltr'><strong>ordinatione</strong></span> 
     </span>
    </p>
   </div>
   <div class='ocr_carea' id='block_1_8' title="bbox 590 727 2196 800">
    <p class='ocr_par' dir='ltr' id='par_1_8' title="bbox 590 727 2196 800">
     <span class='ocr_line' id='line_1_8' title="bbox 590 727 2196 800; baseline 0.002 -20"><span class='ocrx_word' id='word_1_44' title='bbox 590 736 772 782; x_wconf 88' lang='lat' dir='ltr'><strong>autem</strong></span> <span class='ocrx_word' id='word_1_45' title='bbox 801 727 927 783; x_wconf 86' lang='lat' dir='ltr'><strong>cieri</strong></span> <span class='ocrx_word' id='word_1_46' title='bbox 951 739 1112 800; x_wconf 91' lang='lat' dir='ltr'><strong>atque</strong></span> <span class='ocrx_word' id='word_1_47' title='bbox 1137 730 1456 784; x_wconf 90' lang='lat' dir='ltr'><strong>sacerdotali</strong></span> <span class='ocrx_word' id='word_1_48' title='bbox 1483 728 1687 784; x_wconf 90' lang='lat' dir='ltr'><strong>honore</strong></span> <span class='ocrx_word' id='word_1_49' title='bbox 1716 728 2008 799; x_wconf 75' lang='lat' dir='ltr'><strong>prohiberi.</strong></span> <span class='ocrx_word' id='word_1_50' title='bbox 2035 748 2053 782; x_wconf 79' lang='grc' dir='ltr'><strong>ι</strong></span> <span class='ocrx_word' id='word_1_51' title='bbox 2075 727 2196 794; x_wconf 76' lang='lat' dir='ltr'><strong>Qua</strong></span> 
     </span>
    </p>
   </div>
   <div class='ocr_carea' id='block_1_9' title="bbox 589 817 2196 892">
    <p class='ocr_par' dir='ltr' id='par_1_9' title="bbox 589 817 2196 892">
     <span class='ocr_line' id='line_1_9' title="bbox 589 817 2196 892; baseline 0.001 -20"><span class='ocrx_word' id='word_1_52' title='bbox 589 817 646 873; x_wconf 91' lang='lat' dir='ltr'><strong>in</strong></span> <span class='ocrx_word' id='word_1_53' title='bbox 673 818 890 875; x_wconf 89' lang='lat' dir='ltr'><strong>decreto</strong></span> <span class='ocrx_word' id='word_1_54' title='bbox 917 835 1038 876; x_wconf 87' lang='lat' dir='ltr'><strong>cum</strong></span> <span class='ocrx_word' id='word_1_55' title='bbox 1071 822 1286 892; x_wconf 89' lang='lat' dir='ltr'><strong>planum</strong></span> <span class='ocrx_word' id='word_1_56' title='bbox 1317 823 1384 876; x_wconf 88' lang='lat' dir='ltr'><strong>sit</strong></span> <span class='ocrx_word' id='word_1_57' title='bbox 1417 819 1727 876; x_wconf 87' lang='lat' dir='ltr'><strong>sacerdotes</strong></span> <span class='ocrx_word' id='word_1_58' title='bbox 1777 820 1958 890; x_wconf 77' lang='lat' dir='ltr'><strong>lapsos</strong></span> <span class='ocrx_word' id='word_1_59' title='bbox 1996 820 2064 874; x_wconf 88' lang='lat' dir='ltr'><strong>de</strong></span> <span class='ocrx_word' id='word_1_60' title='bbox 2109 834 2196 888; x_wconf 84' lang='lat' dir='ltr'><strong>sa-</strong></span> 
     </span>
    </p>
   </div>
   <div class='ocr_carea' id='block_1_10' title="bbox 592 910 2196 986">
    <p class='ocr_par' dir='ltr' id='par_1_10' title="bbox 592 910 2196 986">
     <span class='ocr_line' id='line_1_10' title="bbox 592 910 2196 986; baseline -0.001 -20"><span class='ocrx_word' id='word_1_61' title='bbox 592 911 854 967; x_wconf 89' lang='lat' dir='ltr'><strong>cerdotali</strong></span> <span class='ocrx_word' id='word_1_62' title='bbox 886 912 1146 984; x_wconf 82' lang='lat' dir='ltr'><strong>dignitate</strong></span> <span class='ocrx_word' id='word_1_63' title='bbox 1175 923 1336 986; x_wconf 86' lang='lat' dir='ltr'><strong>atque</strong></span> <span class='ocrx_word' id='word_1_64' title='bbox 1367 912 1640 968; x_wconf 88' lang='lat' dir='ltr'><strong>fuactiune</strong></span> <span class='ocrx_word' id='word_1_65' title='bbox 1663 911 1818 980; x_wconf 80' lang='lat' dir='ltr'><strong>deiici</strong></span> <span class='ocrx_word' id='word_1_66' title='bbox 1839 954 1853 979; x_wconf 91' lang='lat'><strong>,</strong></span> <span class='ocrx_word' id='word_1_67' title='bbox 1886 912 2054 982; x_wconf 87' lang='lat' dir='ltr'><strong>iisque</strong></span> <span class='ocrx_word' id='word_1_68' title='bbox 2081 910 2196 965; x_wconf 84' lang='lat' dir='ltr'><strong>adi-</strong></span> 
     </span>
    </p>
   </div>
   <div class='ocr_carea' id='block_1_11' title="bbox 595 1003 2194 1078">
    <p class='ocr_par' dir='ltr' id='par_1_11' title="bbox 595 1003 2194 1078">
     <span class='ocr_line' id='line_1_11' title="bbox 595 1003 2194 1078; baseline -0.001 -19"><span class='ocrx_word' id='word_1_69' title='bbox 595 1013 709 1060; x_wconf 91' lang='lat' dir='ltr'><strong>tum</strong></span> <span class='ocrx_word' id='word_1_70' title='bbox 739 1003 804 1060; x_wconf 90' lang='lat' dir='ltr'><strong>ad</strong></span> <span class='ocrx_word' id='word_1_71' title='bbox 832 1007 1204 1076; x_wconf 69' lang='lat' dir='ltr'><strong>paenitentiam</strong></span> <span class='ocrx_word' id='word_1_72' title='bbox 1235 1007 1493 1078; x_wconf 89' lang='lat' dir='ltr'><strong>permitti,</strong></span> <span class='ocrx_word' id='word_1_73' title='bbox 1517 1021 1636 1076; x_wconf 71' lang='lat' dir='ltr'><strong>quan</strong></span> <span class='ocrx_word' id='word_1_74' title='bbox 1663 1004 1856 1059; x_wconf 88' lang='lat' dir='ltr'><strong>abillis</strong></span> <span class='ocrx_word' id='word_1_75' title='bbox 1883 1003 2194 1074; x_wconf 65' lang='lat' dir='ltr'><strong>paenitentia</strong></span> 
     </span>
    </p>
   </div>
   <div class='ocr_carea' id='block_1_12' title="bbox 594 1099 2031 1176">
    <p class='ocr_par' dir='ltr' id='par_1_12' title="bbox 594 1099 2031 1176">
     <span class='ocr_line' id='line_1_12' title="bbox 594 1099 2031 1176; baseline -0.002 -22"><span class='ocrx_word' id='word_1_76' title='bbox 594 1100 859 1170; x_wconf 81' lang='lat' dir='ltr'><strong>exigenda</strong></span> <span class='ocrx_word' id='word_1_77' title='bbox 889 1111 1054 1167; x_wconf 90' lang='lat' dir='ltr'><strong>esset,</strong></span> <span class='ocrx_word' id='word_1_78' title='bbox 1093 1116 1198 1155; x_wconf 92' lang='lat' dir='ltr'><strong>non</strong></span> <span class='ocrx_word' id='word_1_79' title='bbox 1230 1101 1362 1155; x_wconf 82' lang='lat' dir='ltr'><strong>Satis</strong></span> <span class='ocrx_word' id='word_1_80' title='bbox 1406 1100 1685 1176; x_wconf 87' lang='lat' dir='ltr'><strong>perspicue</strong></span> <span class='ocrx_word' id='word_1_81' title='bbox 1706 1099 2031 1154; x_wconf 81' lang='lat' dir='ltr'><strong>declaratur.</strong></span> 
     </span>
    </p>
   </div>
   <div class='ocr_carea' id='block_1_13' title="bbox 598 1191 2196 1261">
    <p class='ocr_par' dir='ltr' id='par_1_13' title="bbox 598 1191 2196 1261">
     <span class='ocr_line' id='line_1_13' title="bbox 598 1191 2196 1261; baseline -0.001 -13"><span class='ocrx_word' id='word_1_82' title='bbox 598 1223 604 1236; x_wconf 72' lang='grc' dir='ltr'><strong>ι</strong></span> <span class='ocrx_word' id='word_1_83' title='bbox 675 1192 729 1248; x_wconf 87' lang='lat'><strong>7.</strong></span> <span class='ocrx_word' id='word_1_84' title='bbox 753 1193 964 1248; x_wconf 87' lang='lat' dir='ltr'><strong>Eruditi</strong></span> <span class='ocrx_word' id='word_1_85' title='bbox 995 1193 1209 1261; x_wconf 73' lang='lat' dir='ltr'><strong>Morini,</strong></span> <span class='ocrx_word' id='word_1_86' title='bbox 1241 1193 1334 1247; x_wconf 85' lang='lat' dir='ltr'><strong>lib.</strong></span> <span class='ocrx_word' id='word_1_87' title='bbox 1368 1209 1440 1248; x_wconf 84' lang='lat' dir='ltr'><strong>tv.</strong></span> <span class='ocrx_word' id='word_1_88' title='bbox 1466 1193 1533 1248; x_wconf 90' lang='lat' dir='ltr'><strong>de</strong></span> <span class='ocrx_word' id='word_1_89' title='bbox 1557 1191 1847 1258; x_wconf 65' lang='grc' dir='ltr'>Ραιιιίιηο.</span> <span class='ocrx_word' id='word_1_90' title='bbox 1866 1191 1952 1259; x_wconf 69' lang='grc'><strong>12,</strong></span> <span class='ocrx_word' id='word_1_91' title='bbox 1975 1199 2196 1247; x_wconf 89' lang='lat' dir='ltr'><strong>sentcn-</strong></span> 
     </span>
    </p>
   </div>
   <div class='ocr_carea' id='block_1_14' title="bbox 595 1275 2197 1356">
    <p class='ocr_par' dir='ltr' id='par_1_14' title="bbox 595 1275 2197 1356">
     <span class='ocr_line' id='line_1_14' title="bbox 595 1275 2197 1356; baseline -0.002 -18"><span class='ocrx_word' id='word_1_92' title='bbox 595 1284 670 1339; x_wconf 88' lang='lat' dir='ltr'><strong>tia</strong></span> <span class='ocrx_word' id='word_1_93' title='bbox 702 1293 817 1351; x_wconf 89' lang='lat' dir='ltr'><strong>est,</strong></span> <span class='ocrx_word' id='word_1_94' title='bbox 850 1286 935 1340; x_wconf 92' lang='lat' dir='ltr'><strong>cui</strong></span> <span class='ocrx_word' id='word_1_95' title='bbox 965 1295 1016 1340; x_wconf 88' lang='lat' dir='ltr'><strong>et</strong></span> <span class='ocrx_word' id='word_1_96' title='bbox 1046 1285 1260 1356; x_wconf 89' lang='lat' dir='ltr'><strong>plurimi</strong></span> <span class='ocrx_word' id='word_1_97' title='bbox 1287 1285 1652 1353; x_wconf 90' lang='lat' dir='ltr'><strong>subscribunt,</strong></span> <span class='ocrx_word' id='word_1_98' title='bbox 1688 1275 1920 1353; x_wconf 73' lang='lat' dir='ltr'><strong>majores</strong></span> <span class='ocrx_word' id='word_1_99' title='bbox 1969 1283 2197 1338; x_wconf 85' lang='lat' dir='ltr'><strong>clericos</strong></span> 
     </span>
    </p>
   </div>
   <div class='ocr_carea' id='block_1_15' title="bbox 593 1374 2198 1447">
    <p class='ocr_par' dir='ltr' id='par_1_15' title="bbox 593 1374 2198 1447">
     <span class='ocr_line' id='line_1_15' title="bbox 593 1374 2198 1447; baseline 0.001 -18"><span class='ocrx_word' id='word_1_100' title='bbox 593 1376 769 1431; x_wconf 88' lang='lat' dir='ltr'><strong>tribus</strong></span> <span class='ocrx_word' id='word_1_101' title='bbox 835 1376 1020 1447; x_wconf 90' lang='lat' dir='ltr'><strong>primis</strong></span> <span class='ocrx_word' id='word_1_102' title='bbox 1075 1376 1333 1432; x_wconf 75' lang='lat' dir='ltr'><strong>Ecclesia:</strong></span> <span class='ocrx_word' id='word_1_103' title='bbox 1389 1374 1600 1431; x_wconf 70' lang='lat' dir='ltr'><strong>smculis</strong></span> <span class='ocrx_word' id='word_1_104' title='bbox 1682 1389 1788 1430; x_wconf 93' lang='lat' dir='ltr'><strong>non</strong></span> <span class='ocrx_word' id='word_1_105' title='bbox 1835 1389 1990 1429; x_wconf 88' lang='lat' dir='ltr'><strong>sccus</strong></span> <span class='ocrx_word' id='word_1_106' title='bbox 2037 1386 2198 1446; x_wconf 89' lang='lat' dir='ltr'><strong>atque</strong></span> 
     </span>
    </p>
   </div>
   <div class='ocr_carea' id='block_1_16' title="bbox 599 1454 2200 1538">
    <p class='ocr_par' dir='ltr' id='par_1_16' title="bbox 599 1454 2200 1538">
     <span class='ocr_line' id='line_1_16' title="bbox 599 1454 2200 1538; baseline 0 -18"><span class='ocrx_word' id='word_1_107' title='bbox 599 1465 798 1532; x_wconf 90' lang='lat' dir='ltr'><strong>laicus,</strong></span> <span class='ocrx_word' id='word_1_108' title='bbox 855 1466 1186 1536; x_wconf 86' lang='lat' dir='ltr'><strong>poenitentiae</strong></span> <span class='ocrx_word' id='word_1_109' title='bbox 1264 1466 1492 1538; x_wconf 84' lang='lat' dir='ltr'><strong>publicae</strong></span> <span class='ocrx_word' id='word_1_110' title='bbox 1534 1454 1714 1520; x_wconf 77' lang='lat' dir='ltr'><strong>fuisse</strong></span> <span class='ocrx_word' id='word_1_111' title='bbox 1769 1465 2051 1520; x_wconf 79' lang='lat' dir='ltr'><strong>obnoxios.</strong></span> <span class='ocrx_word' id='word_1_112' title='bbox 2107 1465 2200 1520; x_wconf 89' lang='lat' dir='ltr'><strong>Ille</strong></span> 
     </span>
    </p>
   </div>
   <div class='ocr_carea' id='block_1_17' title="bbox 598 1556 2197 1630">
    <p class='ocr_par' dir='ltr' id='par_1_17' title="bbox 598 1556 2197 1630">
     <span class='ocr_line' id='line_1_17' title="bbox 598 1556 2197 1630; baseline -0.003 -15"><span class='ocrx_word' id='word_1_113' title='bbox 598 1575 730 1615; x_wconf 87' lang='lat' dir='ltr'><strong>vero</strong></span> <span class='ocrx_word' id='word_1_114' title='bbox 761 1560 900 1615; x_wconf 89' lang='lat' dir='ltr'><strong>istud</strong></span> <span class='ocrx_word' id='word_1_115' title='bbox 945 1561 1180 1616; x_wconf 81' lang='lat' dir='ltr'><strong>maxime</strong></span> <span class='ocrx_word' id='word_1_116' title='bbox 1213 1559 1263 1614; x_wconf 93' lang='lat' dir='ltr'><strong>in</strong></span> <span class='ocrx_word' id='word_1_117' title='bbox 1293 1560 1518 1630; x_wconf 81' lang='lat' dir='ltr'><strong>gratiam</strong></span> <span class='ocrx_word' id='word_1_118' title='bbox 1540 1558 1806 1630; x_wconf 88' lang='lat' dir='ltr'><strong>opinionis</strong></span> <span class='ocrx_word' id='word_1_119' title='bbox 1828 1573 1940 1613; x_wconf 75' lang='lat' dir='ltr'><strong>sua:</strong></span> <span class='ocrx_word' id='word_1_120' title='bbox 1972 1556 2197 1628; x_wconf 80' lang='lat' dir='ltr'><strong>profert,</strong></span> 
     </span>
    </p>
   </div>
   <div class='ocr_carea' id='block_1_18' title="bbox 601 1649 2202 1724">
    <p class='ocr_par' dir='ltr' id='par_1_18' title="bbox 601 1649 2202 1724">
     <span class='ocr_line' id='line_1_18' title="bbox 601 1649 2202 1724; baseline -0.003 -18"><span class='ocrx_word' id='word_1_121' title='bbox 601 1650 746 1723; x_wconf 90' lang='lat' dir='ltr'><strong>quod</strong></span> <span class='ocrx_word' id='word_1_122' title='bbox 793 1650 1116 1724; x_wconf 86' lang='lat' dir='ltr'><strong>Cyprianus,</strong></span> <span class='ocrx_word' id='word_1_123' title='bbox 1143 1651 1316 1722; x_wconf 88' lang='lat' dir='ltr'><strong>Epist.</strong></span> <span class='ocrx_word' id='word_1_124' title='bbox 1359 1667 1444 1706; x_wconf 81' lang='lat' dir='ltr'><strong>th</strong></span> <span class='ocrx_word' id='word_1_125' title='bbox 1489 1651 1618 1704; x_wconf 85' lang='lat' dir='ltr'><strong>edit.</strong></span> <span class='ocrx_word' id='word_1_126' title='bbox 1661 1649 1886 1716; x_wconf 83' lang='lat' dir='ltr'><strong>Pamcl.,</strong></span> <span class='ocrx_word' id='word_1_127' title='bbox 1929 1664 2022 1704; x_wconf 91' lang='lat' dir='ltr'><strong>seu</strong></span> <span class='ocrx_word' id='word_1_128' title='bbox 2077 1663 2202 1704; x_wconf 78' lang='lat' dir='ltr'><strong>1.le</strong></span> 
     </span>
    </p>
   </div>
   <div class='ocr_carea' id='block_1_19' title="bbox 2297 443 3896 523">
    <p class='ocr_par' dir='ltr' id='par_1_19' title="bbox 2297 443 3896 523">
     <span class='ocr_line' id='line_1_19' title="bbox 2297 443 3896 523; baseline 0.004 -27"><span class='ocrx_word' id='word_1_129' title='bbox 2297 453 2455 523; x_wconf 59' lang='lat' dir='ltr'><strong>quos</strong></span> <span class='ocrx_word' id='word_1_130' title='bbox 2497 443 2807 512; x_wconf 90' lang='lat' dir='ltr'><strong>hujusmudi</strong></span> <span class='ocrx_word' id='word_1_131' title='bbox 2835 445 3079 502; x_wconf 88' lang='lat' dir='ltr'><strong>homines</strong></span> <span class='ocrx_word' id='word_1_132' title='bbox 3115 447 3183 502; x_wconf 89' lang='lat' dir='ltr'><strong>ad</strong></span> <span class='ocrx_word' id='word_1_133' title='bbox 3211 447 3475 518; x_wconf 79' lang='lat' dir='ltr'><strong>agendam</strong></span> <span class='ocrx_word' id='word_1_134' title='bbox 3529 449 3896 518; x_wconf 68' lang='lat' dir='ltr'><strong>pmnitentiam</strong></span> 
     </span>
    </p>
   </div>
   <div class='ocr_carea' id='block_1_20' title="bbox 2299 534 3899 602">
    <p class='ocr_par' dir='ltr' id='par_1_20' title="bbox 2299 534 3899 602">
     <span class='ocr_line' id='line_1_20' title="bbox 2299 534 3899 602; baseline 0.006 -16"><span class='ocrx_word' id='word_1_135' title='bbox 2299 547 2461 602; x_wconf 88' lang='lat' dir='ltr'><strong>posse</strong></span> <span class='ocrx_word' id='word_1_136' title='bbox 2489 534 2698 592; x_wconf 88' lang='lat' dir='ltr'><strong>admitti</strong></span> <span class='ocrx_word' id='word_1_137' title='bbox 2739 555 2757 590; x_wconf 74' lang='grc' dir='ltr'><strong>ι</strong></span> <span class='ocrx_word' id='word_1_138' title='bbox 2793 535 3076 594; x_wconf 88' lang='lat' dir='ltr'><strong>Cornelius</strong></span> <span class='ocrx_word' id='word_1_139' title='bbox 3101 552 3222 595; x_wconf 90' lang='lat' dir='ltr'><strong>cum</strong></span> <span class='ocrx_word' id='word_1_140' title='bbox 3271 541 3483 598; x_wconf 58' lang='lat' dir='ltr'><strong>exteris</strong></span> <span class='ocrx_word' id='word_1_141' title='bbox 3513 542 3675 598; x_wconf 91' lang='lat' dir='ltr'><strong>totius</strong></span> <span class='ocrx_word' id='word_1_142' title='bbox 3719 541 3899 596; x_wconf 91' lang='lat' dir='ltr'><strong>mundi</strong></span> 
     </span>
    </p>
   </div>
   <div class='ocr_carea' id='block_1_21' title="bbox 2302 625 3900 703">
    <p class='ocr_par' dir='ltr' id='par_1_21' title="bbox 2302 625 3900 703">
     <span class='ocr_line' id='line_1_21' title="bbox 2302 625 3900 703; baseline 0.005 -23"><span class='ocrx_word' id='word_1_143' title='bbox 2302 625 2572 697; x_wconf 85' lang='lat' dir='ltr'><strong>episcopis</strong></span> <span class='ocrx_word' id='word_1_144' title='bbox 2631 631 2931 696; x_wconf 89' lang='lat' dir='ltr'><strong>constituit,</strong></span> <span class='ocrx_word' id='word_1_145' title='bbox 2987 630 3054 684; x_wconf 84' lang='lat' dir='ltr'><strong>de</strong></span> <span class='ocrx_word' id='word_1_146' title='bbox 3099 630 3307 701; x_wconf 89' lang='lat' dir='ltr'><strong>publica</strong></span> <span class='ocrx_word' id='word_1_147' title='bbox 3363 633 3678 703; x_wconf 71' lang='lat' dir='ltr'><strong>pmnitentia</strong></span> <span class='ocrx_word' id='word_1_148' title='bbox 3735 634 3900 688; x_wconf 90' lang='lat' dir='ltr'><strong>inter—</strong></span> 
     </span>
    </p>
   </div>
   <div class='ocr_carea' id='block_1_22' title="bbox 2301 724 3902 797">
    <p class='ocr_par' dir='ltr' id='par_1_22' title="bbox 2301 724 3902 797">
     <span class='ocr_line' id='line_1_22' title="bbox 2301 724 3902 797; baseline 0.005 -22"><span class='ocrx_word' id='word_1_149' title='bbox 2301 732 2596 794; x_wconf 73' lang='lat' dir='ltr'><strong>pretemur.</strong></span> <span class='ocrx_word' id='word_1_150' title='bbox 2622 724 2783 795; x_wconf 74' lang='lat' dir='ltr'><strong>Atqui</strong></span> <span class='ocrx_word' id='word_1_151' title='bbox 2809 725 3068 782; x_wconf 82' lang='lat' dir='ltr'><strong>Basilides</strong></span> <span class='ocrx_word' id='word_1_152' title='bbox 3099 725 3164 780; x_wconf 89' lang='lat' dir='ltr'><strong>ad</strong></span> <span class='ocrx_word' id='word_1_153' title='bbox 3193 742 3310 781; x_wconf 91' lang='lat' dir='ltr'><strong>eam</strong></span> <span class='ocrx_word' id='word_1_154' title='bbox 3341 728 3714 797; x_wconf 67' lang='lat' dir='ltr'><strong>paenitentiam</strong></span> <span class='ocrx_word' id='word_1_155' title='bbox 3737 744 3902 797; x_wconf 89' lang='lat' dir='ltr'><strong>agen-</strong></span> 
     </span>
    </p>
   </div>
   <div class='ocr_carea' id='block_1_23' title="bbox 2301 817 3901 893">
    <p class='ocr_par' dir='ltr' id='par_1_23' title="bbox 2301 817 3901 893">
     <span class='ocr_line' id='line_1_23' title="bbox 2301 817 3901 893; baseline 0.004 -21"><span class='ocrx_word' id='word_1_156' title='bbox 2301 817 2424 872; x_wconf 84' lang='lat' dir='ltr'><strong>dam</strong></span> <span class='ocrx_word' id='word_1_157' title='bbox 2459 826 2542 872; x_wconf 89' lang='lat' dir='ltr'><strong>est</strong></span> <span class='ocrx_word' id='word_1_158' title='bbox 2563 833 2860 873; x_wconf 85' lang='lat' dir='ltr'><strong>conversus</strong></span> <span class='ocrx_word' id='word_1_159' title='bbox 2887 859 2902 883; x_wconf 87' lang='lat'><strong>,</strong></span> <span class='ocrx_word' id='word_1_160' title='bbox 2944 835 3066 875; x_wconf 92' lang='lat' dir='ltr'><strong>cum</strong></span> <span class='ocrx_word' id='word_1_161' title='bbox 3089 835 3191 890; x_wconf 92' lang='lat' dir='ltr'><strong>qua</strong></span> <span class='ocrx_word' id='word_1_162' title='bbox 3219 822 3562 892; x_wconf 84' lang='lat' dir='ltr'><strong>episcopatus</strong></span> <span class='ocrx_word' id='word_1_163' title='bbox 3603 822 3901 893; x_wconf 88' lang='lat' dir='ltr'><strong>recipiendi</strong></span> 
     </span>
    </p>
   </div>
   <div class='ocr_carea' id='block_1_24' title="bbox 2303 905 3905 985">
    <p class='ocr_par' dir='ltr' id='par_1_24' title="bbox 2303 905 3905 985">
     <span class='ocr_line' id='line_1_24' title="bbox 2303 905 3905 985; baseline 0.005 -22"><span class='ocrx_word' id='word_1_164' title='bbox 2303 926 2452 977; x_wconf 85' lang='lat' dir='ltr'><strong>spem</strong></span> <span class='ocrx_word' id='word_1_165' title='bbox 2497 925 2602 964; x_wconf 89' lang='lat' dir='ltr'><strong>non</strong></span> <span class='ocrx_word' id='word_1_166' title='bbox 2651 911 2868 981; x_wconf 88' lang='lat' dir='ltr'><strong>ahjecit,</strong></span> <span class='ocrx_word' id='word_1_167' title='bbox 2925 912 3092 967; x_wconf 93' lang='lat' dir='ltr'><strong>immo</strong></span> <span class='ocrx_word' id='word_1_168' title='bbox 3131 922 3185 967; x_wconf 91' lang='lat' dir='ltr'><strong>et</strong></span> <span class='ocrx_word' id='word_1_169' title='bbox 3212 912 3359 967; x_wconf 90' lang='lat' dir='ltr'><strong>illum</strong></span> <span class='ocrx_word' id='word_1_170' title='bbox 3407 930 3436 968; x_wconf 90' lang='lat' dir='ltr'><strong>a</strong></span> <span class='ocrx_word' id='word_1_171' title='bbox 3483 905 3757 985; x_wconf 87' lang='lat' dir='ltr'><strong>Stephano</strong></span> <span class='ocrx_word' id='word_1_172' title='bbox 3809 931 3905 985; x_wconf 88' lang='lat' dir='ltr'><strong>per</strong></span> 
     </span>
    </p>
   </div>
   <div class='ocr_carea' id='block_1_25' title="bbox 2305 1003 3907 1074">
    <p class='ocr_par' dir='ltr' id='par_1_25' title="bbox 2305 1003 3907 1074">
     <span class='ocr_line' id='line_1_25' title="bbox 2305 1003 3907 1074; baseline 0.003 -17"><span class='ocrx_word' id='word_1_173' title='bbox 2305 1003 2686 1073; x_wconf 90' lang='lat' dir='ltr'><strong>ubreptionetn</strong></span> <span class='ocrx_word' id='word_1_174' title='bbox 2712 1004 3047 1074; x_wconf 85' lang='lat' dir='ltr'><strong>impetravit;</strong></span> <span class='ocrx_word' id='word_1_175' title='bbox 3079 1021 3200 1060; x_wconf 93' lang='lat' dir='ltr'><strong>cum</strong></span> <span class='ocrx_word' id='word_1_176' title='bbox 3222 1007 3354 1061; x_wconf 90' lang='lat' dir='ltr'><strong>eain</strong></span> <span class='ocrx_word' id='word_1_177' title='bbox 3386 1007 3624 1062; x_wconf 84' lang='lat' dir='ltr'><strong>Ecclesia</strong></span> <span class='ocrx_word' id='word_1_178' title='bbox 3652 1009 3736 1064; x_wconf 91' lang='lat' dir='ltr'><strong>lex</strong></span> <span class='ocrx_word' id='word_1_179' title='bbox 3762 1025 3907 1063; x_wconf 83' lang='lat' dir='ltr'><strong>sem-</strong></span> 
     </span>
    </p>
   </div>
   <div class='ocr_carea' id='block_1_26' title="bbox 2306 1096 3905 1170">
    <p class='ocr_par' dir='ltr' id='par_1_26' title="bbox 2306 1096 3905 1170">
     <span class='ocr_line' id='line_1_26' title="bbox 2306 1096 3905 1170; baseline 0.003 -20"><span class='ocrx_word' id='word_1_180' title='bbox 2306 1109 2404 1166; x_wconf 88' lang='lat' dir='ltr'><strong>per</strong></span> <span class='ocrx_word' id='word_1_181' title='bbox 2449 1096 2772 1162; x_wconf 91' lang='lat' dir='ltr'><strong>obtinuerit,</strong></span> <span class='ocrx_word' id='word_1_182' title='bbox 2827 1105 2885 1150; x_wconf 92' lang='lat' dir='ltr'><strong>ut</strong></span> <span class='ocrx_word' id='word_1_183' title='bbox 2913 1097 2978 1152; x_wconf 88' lang='lat' dir='ltr'><strong>iis</strong></span> <span class='ocrx_word' id='word_1_184' title='bbox 3015 1097 3108 1168; x_wconf 92' lang='lat' dir='ltr'><strong>qui</strong></span> <span class='ocrx_word' id='word_1_185' title='bbox 3139 1097 3411 1167; x_wconf 85' lang='lat' dir='ltr'><strong>publicam</strong></span> <span class='ocrx_word' id='word_1_186' title='bbox 3441 1099 3680 1170; x_wconf 81' lang='lat' dir='ltr'><strong>egissent</strong></span> <span class='ocrx_word' id='word_1_187' title='bbox 3731 1101 3905 1169; x_wconf 66' lang='lat' dir='ltr'><strong>poeni-</strong></span> 
     </span>
    </p>
   </div>
   <div class='ocr_carea' id='block_1_27' title="bbox 2308 1187 3904 1254">
    <p class='ocr_par' dir='ltr' id='par_1_27' title="bbox 2308 1187 3904 1254">
     <span class='ocr_line' id='line_1_27' title="bbox 2308 1187 3904 1254; baseline 0.003 -12"><span class='ocrx_word' id='word_1_188' title='bbox 2308 1189 2554 1254; x_wconf 90' lang='lat' dir='ltr'><strong>tentiam,</strong></span> <span class='ocrx_word' id='word_1_189' title='bbox 2586 1197 2678 1243; x_wconf 87' lang='lat' dir='ltr'><strong>aut</strong></span> <span class='ocrx_word' id='word_1_190' title='bbox 2706 1189 2771 1243; x_wconf 91' lang='lat' dir='ltr'><strong>ad</strong></span> <span class='ocrx_word' id='word_1_191' title='bbox 2799 1190 3006 1245; x_wconf 90' lang='lat' dir='ltr'><strong>clerum</strong></span> <span class='ocrx_word' id='word_1_192' title='bbox 3030 1190 3393 1254; x_wconf 88' lang='lat' dir='ltr'><strong>adeundi.aut</strong></span> <span class='ocrx_word' id='word_1_193' title='bbox 3422 1193 3474 1246; x_wconf 91' lang='lat' dir='ltr'><strong>in</strong></span> <span class='ocrx_word' id='word_1_194' title='bbox 3501 1207 3622 1248; x_wconf 91' lang='lat' dir='ltr'><strong>eum</strong></span> <span class='ocrx_word' id='word_1_195' title='bbox 3646 1187 3904 1248; x_wconf 85' lang='lat' dir='ltr'><strong>redeundi</strong></span> 
     </span>
    </p>
   </div>
   <div class='ocr_carea' id='block_1_28' title="bbox 2306 1281 3908 1355">
    <p class='ocr_par' dir='ltr' id='par_1_28' title="bbox 2306 1281 3908 1355">
     <span class='ocr_line' id='line_1_28' title="bbox 2306 1281 3908 1355; baseline 0.003 -19"><span class='ocrx_word' id='word_1_196' title='bbox 2306 1295 2434 1352; x_wconf 87' lang='lat' dir='ltr'><strong>spes</strong></span> <span class='ocrx_word' id='word_1_197' title='bbox 2462 1281 2606 1337; x_wconf 83' lang='lat' dir='ltr'><strong>nulla</strong></span> <span class='ocrx_word' id='word_1_198' title='bbox 2634 1282 3051 1352; x_wconf 83' lang='lat' dir='ltr'><strong>relinqueretur.</strong></span> <span class='ocrx_word' id='word_1_199' title='bbox 3081 1282 3265 1354; x_wconf 84' lang='lat' dir='ltr'><strong>Neque</strong></span> <span class='ocrx_word' id='word_1_200' title='bbox 3301 1283 3463 1355; x_wconf 80' lang='lat' dir='ltr'><strong>igitur</strong></span> <span class='ocrx_word' id='word_1_201' title='bbox 3499 1284 3709 1355; x_wconf 89' lang='lat' dir='ltr'><strong>publica</strong></span> <span class='ocrx_word' id='word_1_202' title='bbox 3762 1285 3908 1341; x_wconf 84' lang='lat' dir='ltr'><strong>illius</strong></span> 
     </span>
    </p>
   </div>
   <div class='ocr_carea' id='block_1_29' title="bbox 2308 1374 3908 1444">
    <p class='ocr_par' dir='ltr' id='par_1_29' title="bbox 2308 1374 3908 1444">
     <span class='ocr_line' id='line_1_29' title="bbox 2308 1374 3908 1444; baseline 0.005 -15"><span class='ocrx_word' id='word_1_203' title='bbox 2308 1374 2623 1444; x_wconf 72' lang='lat' dir='ltr'><strong>poenitentia</strong></span> <span class='ocrx_word' id='word_1_204' title='bbox 2652 1376 2769 1430; x_wconf 78' lang='lat' dir='ltr'><strong>fuit.</strong></span> <span class='ocrx_word' id='word_1_205' title='bbox 2817 1375 2971 1443; x_wconf 83' lang='lat' dir='ltr'><strong>Quod</strong></span> <span class='ocrx_word' id='word_1_206' title='bbox 2999 1387 3178 1432; x_wconf 88' lang='lat' dir='ltr'><strong>autem</strong></span> <span class='ocrx_word' id='word_1_207' title='bbox 3220 1376 3468 1433; x_wconf 87' lang='lat' dir='ltr'><strong>beneﬁcii</strong></span> <span class='ocrx_word' id='word_1_208' title='bbox 3517 1379 3641 1434; x_wconf 89' lang='lat' dir='ltr'><strong>locu</strong></span> <span class='ocrx_word' id='word_1_209' title='bbox 3689 1380 3908 1436; x_wconf 82' lang='lat' dir='ltr'><strong>duxisse</strong></span> 
     </span>
    </p>
   </div>
   <div class='ocr_carea' id='block_1_30' title="bbox 2306 1466 3901 1546">
    <p class='ocr_par' dir='ltr' id='par_1_30' title="bbox 2306 1466 3901 1546">
     <span class='ocr_line' id='line_1_30' title="bbox 2306 1466 3901 1546; baseline 0.005 -26"><span class='ocrx_word' id='word_1_210' title='bbox 2306 1466 2526 1531; x_wconf 85' lang='lat' dir='ltr'><strong>dicitur,</strong></span> <span class='ocrx_word' id='word_1_211' title='bbox 2560 1485 2579 1520; x_wconf 82' lang='lat' dir='ltr'><strong>t</strong></span> <span class='ocrx_word' id='word_1_212' title='bbox 2604 1468 2648 1522; x_wconf 87' lang='lat' dir='ltr'><strong>si</strong></span> <span class='ocrx_word' id='word_1_213' title='bbox 2679 1467 2780 1522; x_wconf 88' lang='lat' dir='ltr'><strong>sibi</strong></span> <span class='ocrx_word' id='word_1_214' title='bbox 2806 1469 2886 1525; x_wconf 88' lang='lat' dir='ltr'><strong>vel</strong></span> <span class='ocrx_word' id='word_1_215' title='bbox 2913 1470 3051 1525; x_wconf 88' lang='lat' dir='ltr'><strong>laico</strong></span> <span class='ocrx_word' id='word_1_216' title='bbox 3081 1473 3482 1528; x_wconf 83' lang='lat' dir='ltr'><strong>communicare</strong></span> <span class='ocrx_word' id='word_1_217' title='bbox 3507 1475 3901 1546; x_wconf 65' lang='lat' dir='ltr'><strong>contingeret,»</strong></span> 
     </span>
    </p>
   </div>
   <div class='ocr_carea' id='block_1_31' title="bbox 2307 1557 3906 1638">
    <p class='ocr_par' dir='ltr' id='par_1_31' title="bbox 2307 1557 3906 1638">
     <span class='ocr_line' id='line_1_31' title="bbox 2307 1557 3906 1638; baseline 0.007 -27"><span class='ocrx_word' id='word_1_218' title='bbox 2307 1557 2545 1612; x_wconf 74' lang='lat' dir='ltr'><strong>illustrat</strong></span> <span class='ocrx_word' id='word_1_219' title='bbox 2580 1558 2721 1613; x_wconf 89' lang='lat' dir='ltr'><strong>idem</strong></span> <span class='ocrx_word' id='word_1_220' title='bbox 2751 1558 3075 1631; x_wconf 87' lang='lat' dir='ltr'><strong>Cyprianus.</strong></span> <span class='ocrx_word' id='word_1_221' title='bbox 3106 1563 3264 1632; x_wconf 86' lang='lat' dir='ltr'><strong>epist.</strong></span> <span class='ocrx_word' id='word_1_222' title='bbox 3303 1563 3392 1630; x_wconf 74' lang='lat'><strong>72,</strong></span> <span class='ocrx_word' id='word_1_223' title='bbox 3423 1565 3514 1620; x_wconf 89' lang='lat' dir='ltr'><strong>ubi</strong></span> <span class='ocrx_word' id='word_1_224' title='bbox 3568 1568 3637 1620; x_wconf 91' lang='lat' dir='ltr'><strong>de</strong></span> <span class='ocrx_word' id='word_1_225' title='bbox 3698 1568 3782 1633; x_wconf 87' lang='lat' dir='ltr'><strong>iis,</strong></span> <span class='ocrx_word' id='word_1_226' title='bbox 3817 1570 3906 1638; x_wconf 87' lang='lat' dir='ltr'><strong>qttl</strong></span> 
     </span>
    </p>
   </div>
   <div class='ocr_carea' id='block_1_32' title="bbox 2307 1647 3907 1730">
    <p class='ocr_par' dir='ltr' id='par_1_32' title="bbox 2307 1647 3907 1730">
     <span class='ocr_line' id='line_1_32' title="bbox 2307 1647 3907 1730; baseline 0.009 -29"><span class='ocrx_word' id='word_1_227' title='bbox 2307 1647 2572 1704; x_wconf 78' lang='lat' dir='ltr'><strong>adversus</strong></span> <span class='ocrx_word' id='word_1_228' title='bbox 2611 1651 2906 1706; x_wconf 82' lang='lat' dir='ltr'><strong>Ecclesiam</strong></span> <span class='ocrx_word' id='word_1_229' title='bbox 2950 1652 3296 1718; x_wconf 85' lang='lat' dir='ltr'><strong>rebellarant,</strong></span> <span class='ocrx_word' id='word_1_230' title='bbox 3339 1654 3404 1710; x_wconf 89' lang='lat' dir='ltr'><strong>ad</strong></span> <span class='ocrx_word' id='word_1_231' title='bbox 3431 1655 3767 1728; x_wconf 87' lang='lat' dir='ltr'><strong>Stephanum</strong></span> <span class='ocrx_word' id='word_1_232' title='bbox 3809 1672 3907 1730; x_wconf 85' lang='lat' dir='ltr'><strong>pa-</strong></span> 
     </span>
    </p>
   </div>
   <div class='ocr_carea' id='block_1_33' title="bbox 604 1741 3904 1824">
    <p class='ocr_par' dir='ltr' id='par_1_33' title="bbox 604 1741 3904 1824">
     <span class='ocr_line' id='line_1_33' title="bbox 604 1741 3904 1824; baseline 0.003 -26"><span class='ocrx_word' id='word_1_233' title='bbox 604 1741 950 1808; x_wconf 83' lang='lat' dir='ltr'><strong>cdit.0xun.,</strong></span> <span class='ocrx_word' id='word_1_234' title='bbox 973 1743 1037 1798; x_wconf 92' lang='lat' dir='ltr'><strong>ad</strong></span> <span class='ocrx_word' id='word_1_235' title='bbox 1060 1743 1248 1798; x_wconf 86' lang='lat' dir='ltr'><strong>Fidum</strong></span> <span class='ocrx_word' id='word_1_236' title='bbox 1269 1743 1455 1798; x_wconf 85' lang='lat' dir='ltr'><strong>scribit</strong></span> <span class='ocrx_word' id='word_1_237' title='bbox 1477 1760 1522 1796; x_wconf 86' lang='lat' dir='ltr'><strong>:t</strong></span> <span class='ocrx_word' id='word_1_238' title='bbox 1553 1742 1806 1813; x_wconf 83' lang='lat' dir='ltr'><strong>Legimus</strong></span> <span class='ocrx_word' id='word_1_239' title='bbox 1833 1743 2037 1797; x_wconf 89' lang='lat' dir='ltr'><strong>litteras</strong></span> <span class='ocrx_word' id='word_1_240' title='bbox 2061 1751 2199 1807; x_wconf 89' lang='lat' dir='ltr'><strong>tuas,</strong></span> <span class='ocrx_word' id='word_1_241' title='bbox 2233 1748 2283 1808; x_wconf 85' lang='lat' dir='ltr'><strong>B</strong></span> <span class='ocrx_word' id='word_1_242' title='bbox 2309 1754 2433 1809; x_wconf 76' lang='lat' dir='ltr'><strong>pani</strong></span> <span class='ocrx_word' id='word_1_243' title='bbox 2459 1741 2531 1795; x_wconf 85' lang='lat' dir='ltr'><strong>ita</strong></span> <span class='ocrx_word' id='word_1_244' title='bbox 2559 1743 2745 1797; x_wconf 84' lang='lat' dir='ltr'><strong>scribit</strong></span> <span class='ocrx_word' id='word_1_245' title='bbox 2775 1760 2788 1796; x_wconf 77' lang='grc' dir='ltr'><strong>ε</strong></span> <span class='ocrx_word' id='word_1_246' title='bbox 2827 1762 2845 1795; x_wconf 79' lang='grc' dir='ltr'><strong>ι</strong></span> <span class='ocrx_word' id='word_1_247' title='bbox 2902 1744 3164 1800; x_wconf 85' lang='lat' dir='ltr'><strong>Addimus</strong></span> <span class='ocrx_word' id='word_1_248' title='bbox 3211 1748 3368 1818; x_wconf 83' lang='lat' dir='ltr'><strong>plane</strong></span> <span class='ocrx_word' id='word_1_249' title='bbox 3422 1759 3475 1804; x_wconf 85' lang='lat' dir='ltr'><strong>et</strong></span> <span class='ocrx_word' id='word_1_250' title='bbox 3529 1752 3904 1824; x_wconf 83' lang='lat' dir='ltr'><strong>adjungimus,</strong></span> 
     </span>
    </p>
   </div>
   <div class='ocr_carea' id='block_1_34' title="bbox 602 1823 2205 1910">
    <p class='ocr_par' dir='ltr' id='par_1_34' title="bbox 602 1823 2205 1910">
     <span class='ocr_line' id='line_1_34' title="bbox 602 1823 2205 1910; baseline -0.001 -21"><span class='ocrx_word' id='word_1_251' title='bbox 602 1835 768 1892; x_wconf 84' lang='lat' dir='ltr'><strong>frater</strong></span> <span class='ocrx_word' id='word_1_252' title='bbox 789 1836 1129 1904; x_wconf 90' lang='lat' dir='ltr'><strong>charissime,</strong></span> <span class='ocrx_word' id='word_1_253' title='bbox 1153 1835 1347 1910; x_wconf 87' lang='lat' dir='ltr'><strong>quibus</strong></span> <span class='ocrx_word' id='word_1_254' title='bbox 1369 1836 1680 1906; x_wconf 87' lang='lat' dir='ltr'><strong>signiﬁcasti</strong></span> <span class='ocrx_word' id='word_1_255' title='bbox 1701 1835 1768 1890; x_wconf 91' lang='lat' dir='ltr'><strong>de</strong></span> <span class='ocrx_word' id='word_1_256' title='bbox 1799 1823 2010 1899; x_wconf 78' lang='lat' dir='ltr'><strong>Victore</strong></span> <span class='ocrx_word' id='word_1_257' title='bbox 2031 1850 2205 1905; x_wconf 85' lang='lat' dir='ltr'><strong>quon-</strong></span> 
     </span>
    </p>
   </div>
   <div class='ocr_carea' id='block_1_35' title="bbox 599 1928 2202 2001">
    <p class='ocr_par' dir='ltr' id='par_1_35' title="bbox 599 1928 2202 2001">
     <span class='ocr_line' id='line_1_35' title="bbox 599 1928 2202 2001; baseline -0.002 -16"><span class='ocrx_word' id='word_1_258' title='bbox 599 1928 723 1985; x_wconf 88' lang='lat' dir='ltr'><strong>dam</strong></span> <span class='ocrx_word' id='word_1_259' title='bbox 782 1930 1134 2001; x_wconf 80' lang='lat' dir='ltr'><strong>presbytero,</strong></span> <span class='ocrx_word' id='word_1_260' title='bbox 1188 1931 1329 2000; x_wconf 87' lang='lat' dir='ltr'><strong>quod</strong></span> <span class='ocrx_word' id='word_1_261' title='bbox 1384 1929 1435 1986; x_wconf 93' lang='lat' dir='ltr'><strong>ei</strong></span> <span class='ocrx_word' id='word_1_262' title='bbox 1483 1940 1766 1999; x_wconf 89' lang='lat' dir='ltr'><strong>antequam</strong></span> <span class='ocrx_word' id='word_1_263' title='bbox 1835 1929 2202 2000; x_wconf 79' lang='lat' dir='ltr'><strong>ptenitcntiam</strong></span> 
     </span>
    </p>
   </div>
   <div class='ocr_carea' id='block_1_36' title="bbox 604 2023 2202 2094">
    <p class='ocr_par' dir='ltr' id='par_1_36' title="bbox 604 2023 2202 2094">
     <span class='ocr_line' id='line_1_36' title="bbox 604 2023 2202 2094; baseline -0.002 -17"><span class='ocrx_word' id='word_1_264' title='bbox 604 2023 816 2094; x_wconf 85' lang='lat' dir='ltr'><strong>plenam</strong></span> <span class='ocrx_word' id='word_1_265' title='bbox 858 2025 1079 2094; x_wconf 84' lang='lat' dir='ltr'><strong>egisset,</strong></span> <span class='ocrx_word' id='word_1_266' title='bbox 1110 2034 1164 2078; x_wconf 92' lang='lat' dir='ltr'><strong>et</strong></span> <span class='ocrx_word' id='word_1_267' title='bbox 1192 2024 1420 2078; x_wconf 90' lang='lat' dir='ltr'><strong>Domino</strong></span> <span class='ocrx_word' id='word_1_268' title='bbox 1449 2023 1581 2090; x_wconf 93' lang='lat' dir='ltr'><strong>Dcu,</strong></span> <span class='ocrx_word' id='word_1_269' title='bbox 1611 2023 1663 2077; x_wconf 91' lang='lat' dir='ltr'><strong>in</strong></span> <span class='ocrx_word' id='word_1_270' title='bbox 1690 2037 1848 2092; x_wconf 84' lang='lat' dir='ltr'><strong>quem</strong></span> <span class='ocrx_word' id='word_1_271' title='bbox 1879 2023 2202 2092; x_wconf 87' lang='lat' dir='ltr'><strong>deliquerat,</strong></span> 
     </span>
    </p>
   </div>
   <div class='ocr_carea' id='block_1_37' title="bbox 604 2115 2206 2187">
    <p class='ocr_par' dir='ltr' id='par_1_37' title="bbox 604 2115 2206 2187">
     <span class='ocr_line' id='line_1_37' title="bbox 604 2115 2206 2187; baseline -0.002 -16"><span class='ocrx_word' id='word_1_272' title='bbox 604 2117 978 2184; x_wconf 81' lang='lat' dir='ltr'><strong>satisfecisset,</strong></span> <span class='ocrx_word' id='word_1_273' title='bbox 1012 2125 1215 2172; x_wconf 90' lang='lat' dir='ltr'><strong>temere</strong></span> <span class='ocrx_word' id='word_1_274' title='bbox 1240 2115 1542 2187; x_wconf 88' lang='lat' dir='ltr'><strong>Therapius</strong></span> <span class='ocrx_word' id='word_1_275' title='bbox 1565 2115 1771 2186; x_wconf 80' lang='lat' dir='ltr'><strong>collega</strong></span> <span class='ocrx_word' id='word_1_276' title='bbox 1803 2124 1987 2170; x_wconf 90' lang='lat' dir='ltr'><strong>noster</strong></span> <span class='ocrx_word' id='word_1_277' title='bbox 2017 2115 2206 2170; x_wconf 89' lang='lat' dir='ltr'><strong>imma-</strong></span> 
     </span>
    </p>
   </div>
   <div class='ocr_carea' id='block_1_38' title="bbox 606 2197 2206 2280">
    <p class='ocr_par' dir='ltr' id='par_1_38' title="bbox 606 2197 2206 2280">
     <span class='ocr_line' id='line_1_38' title="bbox 606 2197 2206 2280; baseline -0.001 -19"><span class='ocrx_word' id='word_1_278' title='bbox 606 2217 728 2274; x_wconf 90' lang='lat' dir='ltr'><strong>turo</strong></span> <span class='ocrx_word' id='word_1_279' title='bbox 757 2217 999 2280; x_wconf 89' lang='lat' dir='ltr'><strong>tempore</strong></span> <span class='ocrx_word' id='word_1_280' title='bbox 1025 2218 1082 2265; x_wconf 91' lang='lat' dir='ltr'><strong>et</strong></span> <span class='ocrx_word' id='word_1_281' title='bbox 1111 2224 1450 2280; x_wconf 80' lang='lat' dir='ltr'><strong>praepropera</strong></span> <span class='ocrx_word' id='word_1_282' title='bbox 1499 2197 1842 2263; x_wconf 67' lang='lat' dir='ltr'><strong>festinatione</strong></span> <span class='ocrx_word' id='word_1_283' title='bbox 1875 2221 2058 2276; x_wconf 89' lang='lat' dir='ltr'><strong>pacem</strong></span> <span class='ocrx_word' id='word_1_284' title='bbox 2112 2205 2206 2260; x_wconf 88' lang='lat' dir='ltr'><strong>de-</strong></span> 
     </span>
    </p>
   </div>
   <div class='ocr_carea' id='block_1_39' title="bbox 603 2301 2207 2368">
    <p class='ocr_par' dir='ltr' id='par_1_39' title="bbox 603 2301 2207 2368">
     <span class='ocr_line' id='line_1_39' title="bbox 603 2301 2207 2368; baseline -0.002 -12"><span class='ocrx_word' id='word_1_285' title='bbox 603 2301 763 2356; x_wconf 89' lang='lat' dir='ltr'><strong>derit.</strong></span> <span class='ocrx_word' id='word_1_286' title='bbox 815 2301 945 2368; x_wconf 69' lang='lat' dir='ltr'><strong>Quae</strong></span> <span class='ocrx_word' id='word_1_287' title='bbox 1005 2317 1093 2356; x_wconf 91' lang='lat' dir='ltr'><strong>res</strong></span> <span class='ocrx_word' id='word_1_288' title='bbox 1125 2303 1392 2356; x_wconf 90' lang='lat' dir='ltr'><strong>nonsatis</strong></span> <span class='ocrx_word' id='word_1_289' title='bbox 1436 2302 1624 2366; x_wconf 80' lang='lat' dir='ltr'><strong>movit,</strong></span> <span class='ocrx_word' id='word_1_290' title='bbox 1681 2314 1952 2354; x_wconf 87' lang='lat' dir='ltr'><strong>secessum</strong></span> <span class='ocrx_word' id='word_1_291' title='bbox 2004 2313 2124 2354; x_wconf 88' lang='lat' dir='ltr'><strong>esse</strong></span> <span class='ocrx_word' id='word_1_292' title='bbox 2176 2313 2207 2352; x_wconf 91' lang='lat' dir='ltr'><strong>a</strong></span> 
     </span>
    </p>
   </div>
   <div class='ocr_carea' id='block_1_40' title="bbox 607 2391 2208 2467">
    <p class='ocr_par' dir='ltr' id='par_1_40' title="bbox 607 2391 2208 2467">
     <span class='ocr_line' id='line_1_40' title="bbox 607 2391 2208 2467; baseline -0.002 -17"><span class='ocrx_word' id='word_1_293' title='bbox 607 2393 812 2450; x_wconf 88' lang='lat' dir='ltr'><strong>decreti</strong></span> <span class='ocrx_word' id='word_1_294' title='bbox 835 2393 1008 2449; x_wconf 89' lang='lat' dir='ltr'><strong>nostri</strong></span> <span class='ocrx_word' id='word_1_295' title='bbox 1037 2395 1378 2462; x_wconf 81' lang='lat' dir='ltr'><strong>auctoritate,</strong></span> <span class='ocrx_word' id='word_1_296' title='bbox 1413 2403 1473 2448; x_wconf 91' lang='lat' dir='ltr'><strong>ut</strong></span> <span class='ocrx_word' id='word_1_297' title='bbox 1518 2403 1642 2448; x_wconf 90' lang='lat' dir='ltr'><strong>ante</strong></span> <span class='ocrx_word' id='word_1_298' title='bbox 1670 2392 1963 2463; x_wconf 85' lang='lat' dir='ltr'><strong>legitimum</strong></span> <span class='ocrx_word' id='word_1_299' title='bbox 1993 2401 2048 2467; x_wconf 85' lang='lat' dir='ltr'><strong>et</strong></span> <span class='ocrx_word' id='word_1_300' title='bbox 2098 2391 2208 2462; x_wconf 87' lang='lat' dir='ltr'><strong>plc-</strong></span> 
     </span>
    </p>
   </div>
   <div class='ocr_carea' id='block_1_41' title="bbox 614 2484 2210 2556">
    <p class='ocr_par' dir='ltr' id='par_1_41' title="bbox 614 2484 2210 2556">
     <span class='ocr_line' id='line_1_41' title="bbox 614 2484 2210 2556; baseline -0.001 -16"><span class='ocrx_word' id='word_1_301' title='bbox 614 2501 745 2541; x_wconf 89' lang='lat' dir='ltr'><strong>num</strong></span> <span class='ocrx_word' id='word_1_302' title='bbox 770 2495 981 2556; x_wconf 91' lang='lat' dir='ltr'><strong>tempus</strong></span> <span class='ocrx_word' id='word_1_303' title='bbox 1002 2485 1403 2552; x_wconf 85' lang='lat' dir='ltr'><strong>satisfactionis,</strong></span> <span class='ocrx_word' id='word_1_304' title='bbox 1437 2493 1490 2541; x_wconf 91' lang='lat' dir='ltr'><strong>et</strong></span> <span class='ocrx_word' id='word_1_305' title='bbox 1510 2484 1626 2539; x_wconf 90' lang='lat' dir='ltr'><strong>sine</strong></span> <span class='ocrx_word' id='word_1_306' title='bbox 1655 2484 1823 2555; x_wconf 84' lang='lat' dir='ltr'><strong>petitu</strong></span> <span class='ocrx_word' id='word_1_307' title='bbox 1851 2493 1906 2540; x_wconf 90' lang='lat' dir='ltr'><strong>et</strong></span> <span class='ocrx_word' id='word_1_308' title='bbox 1930 2484 2210 2539; x_wconf 87' lang='lat' dir='ltr'><strong>conscien-</strong></span> 
     </span>
    </p>
   </div>
   <div class='ocr_carea' id='block_1_42' title="bbox 607 2577 2212 2650">
    <p class='ocr_par' dir='ltr' id='par_1_42' title="bbox 607 2577 2212 2650">
     <span class='ocr_line' id='line_1_42' title="bbox 607 2577 2212 2650; baseline -0.001 -17"><span class='ocrx_word' id='word_1_309' title='bbox 607 2580 676 2633; x_wconf 90' lang='lat' dir='ltr'><strong>tia</strong></span> <span class='ocrx_word' id='word_1_310' title='bbox 710 2579 900 2650; x_wconf 90' lang='lat' dir='ltr'><strong>plebis,</strong></span> <span class='ocrx_word' id='word_1_311' title='bbox 927 2578 1070 2633; x_wconf 90' lang='lat' dir='ltr'><strong>nulla</strong></span> <span class='ocrx_word' id='word_1_312' title='bbox 1114 2579 1427 2635; x_wconf 89' lang='lat' dir='ltr'><strong>inﬁrmitate</strong></span> <span class='ocrx_word' id='word_1_313' title='bbox 1491 2587 1719 2648; x_wconf 85' lang='lat' dir='ltr'><strong>urgente</strong></span> <span class='ocrx_word' id='word_1_314' title='bbox 1771 2592 1836 2632; x_wconf 89' lang='lat' dir='ltr'><strong>ac</strong></span> <span class='ocrx_word' id='word_1_315' title='bbox 1887 2577 2212 2634; x_wconf 89' lang='lat' dir='ltr'><strong>necessitate</strong></span> 
     </span>
    </p>
   </div>
   <div class='ocr_carea' id='block_1_43' title="bbox 608 2669 2208 2744">
    <p class='ocr_par' dir='ltr' id='par_1_43' title="bbox 608 2669 2208 2744">
     <span class='ocr_line' id='line_1_43' title="bbox 608 2669 2208 2744; baseline -0.004 -16"><span class='ocrx_word' id='word_1_316' title='bbox 608 2682 857 2744; x_wconf 87' lang='lat' dir='ltr'><strong>cogente,</strong></span> <span class='ocrx_word' id='word_1_317' title='bbox 889 2688 988 2743; x_wconf 83' lang='lat' dir='ltr'><strong>pax</strong></span> <span class='ocrx_word' id='word_1_318' title='bbox 1018 2673 1066 2727; x_wconf 88' lang='lat' dir='ltr'><strong>ei</strong></span> <span class='ocrx_word' id='word_1_319' title='bbox 1094 2671 1537 2728; x_wconf 69' lang='lat' dir='ltr'><strong>concederetur.»</strong></span> <span class='ocrx_word' id='word_1_320' title='bbox 1560 2670 1678 2739; x_wconf 87' lang='lat' dir='ltr'><strong>Quo</strong></span> <span class='ocrx_word' id='word_1_321' title='bbox 1703 2669 1893 2725; x_wconf 91' lang='lat' dir='ltr'><strong>inloco</strong></span> <span class='ocrx_word' id='word_1_322' title='bbox 1911 2669 2208 2736; x_wconf 89' lang='lat' dir='ltr'><strong>decretum,</strong></span> 
     </span>
    </p>
   </div>
   <div class='ocr_carea' id='block_1_44' title="bbox 611 2763 2210 2835">
    <p class='ocr_par' dir='ltr' id='par_1_44' title="bbox 611 2763 2210 2835">
     <span class='ocr_line' id='line_1_44' title="bbox 611 2763 2210 2835; baseline -0.002 -17"><span class='ocrx_word' id='word_1_323' title='bbox 611 2779 641 2818; x_wconf 91' lang='lat' dir='ltr'><strong>a</strong></span> <span class='ocrx_word' id='word_1_324' title='bbox 675 2779 781 2835; x_wconf 90' lang='lat' dir='ltr'><strong>quo</strong></span> <span class='ocrx_word' id='word_1_325' title='bbox 819 2779 1093 2820; x_wconf 86' lang='lat' dir='ltr'><strong>recessum</strong></span> <span class='ocrx_word' id='word_1_326' title='bbox 1123 2779 1244 2819; x_wconf 88' lang='lat' dir='ltr'><strong>esse</strong></span> <span class='ocrx_word' id='word_1_327' title='bbox 1271 2763 1570 2835; x_wconf 81' lang='lat' dir='ltr'><strong>Cyprianus</strong></span> <span class='ocrx_word' id='word_1_328' title='bbox 1613 2763 1802 2830; x_wconf 90' lang='lat' dir='ltr'><strong>ducet,</strong></span> <span class='ocrx_word' id='word_1_329' title='bbox 1859 2763 1988 2816; x_wconf 92' lang='lat' dir='ltr'><strong>illud</strong></span> <span class='ocrx_word' id='word_1_330' title='bbox 2036 2763 2210 2833; x_wconf 87' lang='lat' dir='ltr'><strong>ipsum</strong></span> 
     </span>
    </p>
   </div>
   <div class='ocr_carea' id='block_1_45' title="bbox 606 2857 2207 2932">
    <p class='ocr_par' dir='ltr' id='par_1_45' title="bbox 606 2857 2207 2932">
     <span class='ocr_line' id='line_1_45' title="bbox 606 2857 2207 2932; baseline -0.001 -20"><span class='ocrx_word' id='word_1_331' title='bbox 606 2859 911 2930; x_wconf 87' lang='lat' dir='ltr'><strong>intelligere</strong></span> <span class='ocrx_word' id='word_1_332' title='bbox 939 2860 1087 2927; x_wconf 87' lang='lat' dir='ltr'><strong>licet,</strong></span> <span class='ocrx_word' id='word_1_333' title='bbox 1107 2860 1248 2932; x_wconf 90' lang='lat' dir='ltr'><strong>quod</strong></span> <span class='ocrx_word' id='word_1_334' title='bbox 1272 2859 1413 2915; x_wconf 88' lang='lat' dir='ltr'><strong>idem</strong></span> <span class='ocrx_word' id='word_1_335' title='bbox 1439 2861 1662 2914; x_wconf 83' lang='lat' dir='ltr'><strong>antistes</strong></span> <span class='ocrx_word' id='word_1_336' title='bbox 1685 2860 1736 2913; x_wconf 91' lang='lat' dir='ltr'><strong>in</strong></span> <span class='ocrx_word' id='word_1_337' title='bbox 1768 2857 2003 2927; x_wconf 86' lang='lat' dir='ltr'><strong>Epistula</strong></span> <span class='ocrx_word' id='word_1_338' title='bbox 2024 2873 2207 2913; x_wconf 82' lang='lat' dir='ltr'><strong>vam.</strong></span> 
     </span>
    </p>
   </div>
   <div class='ocr_carea' id='block_1_46' title="bbox 611 2951 2214 3022">
    <p class='ocr_par' dir='ltr' id='par_1_46' title="bbox 611 2951 2214 3022">
     <span class='ocr_line' id='line_1_46' title="bbox 611 2951 2214 3022; baseline 0 -18"><span class='ocrx_word' id='word_1_339' title='bbox 611 2966 736 3006; x_wconf 83' lang='lat' dir='ltr'><strong>mox</strong></span> <span class='ocrx_word' id='word_1_340' title='bbox 794 2953 950 3005; x_wconf 87' lang='lat' dir='ltr'><strong>dicta.</strong></span> <span class='ocrx_word' id='word_1_341' title='bbox 977 2968 1158 3006; x_wconf 89' lang='lat' dir='ltr'><strong>seettm</strong></span> <span class='ocrx_word' id='word_1_342' title='bbox 1202 2963 1256 3007; x_wconf 89' lang='lat' dir='ltr'><strong>et</strong></span> <span class='ocrx_word' id='word_1_343' title='bbox 1330 2968 1450 3007; x_wconf 89' lang='lat' dir='ltr'><strong>cum</strong></span> <span class='ocrx_word' id='word_1_344' title='bbox 1507 2951 1758 3006; x_wconf 82' lang='lat' dir='ltr'><strong>omnibus</strong></span> <span class='ocrx_word' id='word_1_345' title='bbox 1803 2951 2024 3006; x_wconf 89' lang='lat' dir='ltr'><strong>omnino</strong></span> <span class='ocrx_word' id='word_1_346' title='bbox 2097 2953 2214 3022; x_wconf 83' lang='lat' dir='ltr'><strong>cpi-</strong></span> 
     </span>
    </p>
   </div>
   <div class='ocr_carea' id='block_1_47' title="bbox 607 3043 2212 3114">
    <p class='ocr_par' dir='ltr' id='par_1_47' title="bbox 607 3043 2212 3114">
     <span class='ocr_line' id='line_1_47' title="bbox 607 3043 2212 3114; baseline 0.002 -17"><span class='ocrx_word' id='word_1_347' title='bbox 607 3045 789 3114; x_wconf 74' lang='lat' dir='ltr'><strong>chpis</strong></span> <span class='ocrx_word' id='word_1_348' title='bbox 819 3045 872 3098; x_wconf 89' lang='lat' dir='ltr'><strong>in</strong></span> <span class='ocrx_word' id='word_1_349' title='bbox 919 3053 1029 3098; x_wconf 89' lang='lat' dir='ltr'><strong>tutu</strong></span> <span class='ocrx_word' id='word_1_350' title='bbox 1075 3045 1275 3101; x_wconf 89' lang='lat' dir='ltr'><strong>mundo</strong></span> <span class='ocrx_word' id='word_1_351' title='bbox 1313 3045 1622 3100; x_wconf 85' lang='lat' dir='ltr'><strong>constitutis</strong></span> <span class='ocrx_word' id='word_1_352' title='bbox 1667 3061 1695 3096; x_wconf 73' lang='grc' dir='ltr'>τι</span> <span class='ocrx_word' id='word_1_353' title='bbox 1725 3043 1978 3099; x_wconf 84' lang='lat' dir='ltr'><strong>Cornelio</strong></span> <span class='ocrx_word' id='word_1_354' title='bbox 2009 3045 2212 3100; x_wconf 89' lang='lat' dir='ltr'><strong>editttnt</strong></span> 
     </span>
    </p>
   </div>
   <div class='ocr_carea' id='block_1_48' title="bbox 2309 1833 3907 1917">
    <p class='ocr_par' dir='ltr' id='par_1_48' title="bbox 2309 1833 3907 1917">
     <span class='ocr_line' id='line_1_48' title="bbox 2309 1833 3907 1917; baseline 0.009 -31"><span class='ocrx_word' id='word_1_355' title='bbox 2309 1833 2482 1888; x_wconf 81' lang='lat' dir='ltr'><strong>frater</strong></span> <span class='ocrx_word' id='word_1_356' title='bbox 2509 1834 2850 1902; x_wconf 90' lang='lat' dir='ltr'><strong>charissime,</strong></span> <span class='ocrx_word' id='word_1_357' title='bbox 2879 1853 3148 1894; x_wconf 89' lang='lat' dir='ltr'><strong>consensu</strong></span> <span class='ocrx_word' id='word_1_358' title='bbox 3193 1851 3249 1896; x_wconf 90' lang='lat' dir='ltr'><strong>et</strong></span> <span class='ocrx_word' id='word_1_359' title='bbox 3275 1843 3594 1900; x_wconf 87' lang='lat' dir='ltr'><strong>auctoritate</strong></span> <span class='ocrx_word' id='word_1_360' title='bbox 3614 1849 3907 1917; x_wconf 89' lang='lat' dir='ltr'><strong>communi,</strong></span> 
     </span>
    </p>
   </div>
   <div class='ocr_carea' id='block_1_49' title="bbox 2310 1928 3910 2008">
    <p class='ocr_par' dir='ltr' id='par_1_49' title="bbox 2310 1928 3910 2008">
     <span class='ocr_line' id='line_1_49' title="bbox 2310 1928 3910 2008; baseline 0.009 -26"><span class='ocrx_word' id='word_1_361' title='bbox 2310 1928 2476 1982; x_wconf 90' lang='lat' dir='ltr'><strong>etiam</strong></span> <span class='ocrx_word' id='word_1_362' title='bbox 2519 1929 2564 1982; x_wconf 89' lang='lat' dir='ltr'><strong>si</strong></span> <span class='ocrx_word' id='word_1_363' title='bbox 2595 1931 2683 2000; x_wconf 90' lang='lat' dir='ltr'><strong>qui</strong></span> <span class='ocrx_word' id='word_1_364' title='bbox 2735 1932 3034 2003; x_wconf 84' lang='lat' dir='ltr'><strong>presbyteri</strong></span> <span class='ocrx_word' id='word_1_365' title='bbox 3075 1944 3167 1988; x_wconf 87' lang='lat' dir='ltr'><strong>aut</strong></span> <span class='ocrx_word' id='word_1_366' title='bbox 3207 1934 3442 2002; x_wconf 88' lang='lat' dir='ltr'><strong>diaconi,</strong></span> <span class='ocrx_word' id='word_1_367' title='bbox 3474 1939 3564 2008; x_wconf 87' lang='lat' dir='ltr'><strong>qui</strong></span> <span class='ocrx_word' id='word_1_368' title='bbox 3613 1939 3697 1995; x_wconf 89' lang='lat' dir='ltr'><strong>vel</strong></span> <span class='ocrx_word' id='word_1_369' title='bbox 3725 1940 3775 1994; x_wconf 90' lang='lat' dir='ltr'><strong>in</strong></span> <span class='ocrx_word' id='word_1_370' title='bbox 3805 1940 3910 1996; x_wconf 78' lang='lat' dir='ltr'><strong>Ec-</strong></span> 
     </span>
    </p>
   </div>
   <div class='ocr_carea' id='block_1_50' title="bbox 2309 2017 3912 2100">
    <p class='ocr_par' dir='ltr' id='par_1_50' title="bbox 2309 2017 3912 2100">
     <span class='ocr_line' id='line_1_50' title="bbox 2309 2017 3912 2100; baseline 0.012 -30"><span class='ocrx_word' id='word_1_371' title='bbox 2309 2017 2476 2072; x_wconf 83' lang='lat' dir='ltr'><strong>clesia</strong></span> <span class='ocrx_word' id='word_1_372' title='bbox 2510 2021 2655 2089; x_wconf 88' lang='lat' dir='ltr'><strong>prius</strong></span> <span class='ocrx_word' id='word_1_373' title='bbox 2691 2022 2924 2076; x_wconf 88' lang='lat' dir='ltr'><strong>ordinati</strong></span> <span class='ocrx_word' id='word_1_374' title='bbox 2977 2022 3196 2091; x_wconf 79' lang='lat' dir='ltr'><strong>fuerint,</strong></span> <span class='ocrx_word' id='word_1_375' title='bbox 3243 2035 3298 2081; x_wconf 89' lang='lat' dir='ltr'><strong>et</strong></span> <span class='ocrx_word' id='word_1_376' title='bbox 3360 2029 3674 2096; x_wconf 82' lang='lat' dir='ltr'><strong>pusmodum</strong></span> <span class='ocrx_word' id='word_1_377' title='bbox 3723 2033 3912 2100; x_wconf 73' lang='lat' dir='ltr'><strong>pertuli</strong></span> 
     </span>
    </p>
   </div>
   <div class='ocr_carea' id='block_1_51' title="bbox 2311 2111 3909 2190">
    <p class='ocr_par' dir='ltr' id='par_1_51' title="bbox 2311 2111 3909 2190">
     <span class='ocr_line' id='line_1_51' title="bbox 2311 2111 3909 2190; baseline 0.009 -27"><span class='ocrx_word' id='word_1_378' title='bbox 2311 2118 2368 2164; x_wconf 89' lang='lat' dir='ltr'><strong>et</strong></span> <span class='ocrx_word' id='word_1_379' title='bbox 2394 2111 2630 2168; x_wconf 86' lang='lat' dir='ltr'><strong>rebelles</strong></span> <span class='ocrx_word' id='word_1_380' title='bbox 2671 2115 3125 2171; x_wconf 84' lang='lat' dir='ltr'><strong>exstiterint......</strong></span> <span class='ocrx_word' id='word_1_381' title='bbox 3154 2131 3250 2172; x_wconf 89' lang='lat' dir='ltr'><strong>eos</strong></span> <span class='ocrx_word' id='word_1_382' title='bbox 3300 2127 3515 2190; x_wconf 86' lang='lat' dir='ltr'><strong>quoque</strong></span> <span class='ocrx_word' id='word_1_383' title='bbox 3567 2120 3666 2176; x_wconf 87' lang='lat' dir='ltr'><strong>hac</strong></span> <span class='ocrx_word' id='word_1_384' title='bbox 3717 2123 3909 2178; x_wconf 90' lang='lat' dir='ltr'><strong>cundi-</strong></span> 
     </span>
    </p>
   </div>
   <div class='ocr_carea' id='block_1_52' title="bbox 2313 2204 3912 2279">
    <p class='ocr_par' dir='ltr' id='par_1_52' title="bbox 2313 2204 3912 2279">
     <span class='ocr_line' id='line_1_52' title="bbox 2313 2204 3912 2279; baseline 0.008 -23"><span class='ocrx_word' id='word_1_385' title='bbox 2313 2204 2461 2258; x_wconf 84' lang='lat' dir='ltr'><strong>tione</strong></span> <span class='ocrx_word' id='word_1_386' title='bbox 2487 2207 2686 2276; x_wconf 89' lang='lat' dir='ltr'><strong>suscipi</strong></span> <span class='ocrx_word' id='word_1_387' title='bbox 2718 2222 2840 2262; x_wconf 90' lang='lat' dir='ltr'><strong>cum</strong></span> <span class='ocrx_word' id='word_1_388' title='bbox 2861 2217 3224 2275; x_wconf 88' lang='lat' dir='ltr'><strong>revertuntur,</strong></span> <span class='ocrx_word' id='word_1_389' title='bbox 3250 2219 3306 2264; x_wconf 91' lang='lat' dir='ltr'><strong>ut</strong></span> <span class='ocrx_word' id='word_1_390' title='bbox 3335 2213 3728 2267; x_wconf 85' lang='lat' dir='ltr'><strong>communicent</strong></span> <span class='ocrx_word' id='word_1_391' title='bbox 3757 2213 3912 2279; x_wconf 88' lang='lat' dir='ltr'><strong>laici,</strong></span> 
     </span>
    </p>
   </div>
   <div class='ocr_carea' id='block_1_53' title="bbox 2311 2293 3914 2374">
    <p class='ocr_par' dir='ltr' id='par_1_53' title="bbox 2311 2293 3914 2374">
     <span class='ocr_line' id='line_1_53' title="bbox 2311 2293 3914 2374; baseline 0.008 -26"><span class='ocrx_word' id='word_1_392' title='bbox 2311 2303 2369 2348; x_wconf 84' lang='lat' dir='ltr'><strong>et</strong></span> <span class='ocrx_word' id='word_1_393' title='bbox 2407 2295 2537 2349; x_wconf 87' lang='lat' dir='ltr'><strong>satis</strong></span> <span class='ocrx_word' id='word_1_394' title='bbox 2567 2293 2802 2352; x_wconf 86' lang='lat' dir='ltr'><strong>habeant</strong></span> <span class='ocrx_word' id='word_1_395' title='bbox 2841 2298 2987 2369; x_wconf 85' lang='lat' dir='ltr'><strong>quod</strong></span> <span class='ocrx_word' id='word_1_396' title='bbox 3041 2299 3392 2356; x_wconf 74' lang='lat' dir='ltr'><strong>admittuntur</strong></span> <span class='ocrx_word' id='word_1_397' title='bbox 3439 2301 3504 2356; x_wconf 89' lang='lat' dir='ltr'><strong>ad</strong></span> <span class='ocrx_word' id='word_1_398' title='bbox 3551 2317 3763 2372; x_wconf 89' lang='lat' dir='ltr'><strong>pacem,</strong></span> <span class='ocrx_word' id='word_1_399' title='bbox 3819 2307 3914 2374; x_wconf 89' lang='lat' dir='ltr'><strong>qui</strong></span> 
     </span>
    </p>
   </div>
   <div class='ocr_carea' id='block_1_54' title="bbox 2312 2385 3913 2463">
    <p class='ocr_par' dir='ltr' id='par_1_54' title="bbox 2312 2385 3913 2463">
     <span class='ocr_line' id='line_1_54' title="bbox 2312 2385 3913 2463; baseline 0.009 -24"><span class='ocrx_word' id='word_1_400' title='bbox 2312 2385 2502 2442; x_wconf 78' lang='lat' dir='ltr'><strong>hostes</strong></span> <span class='ocrx_word' id='word_1_401' title='bbox 2537 2388 2685 2457; x_wconf 83' lang='lat' dir='ltr'><strong>pacis</strong></span> <span class='ocrx_word' id='word_1_402' title='bbox 2713 2391 3040 2446; x_wconf 70' lang='lat' dir='ltr'><strong>exstiterint.</strong></span> <span class='ocrx_word' id='word_1_403' title='bbox 3082 2405 3100 2444; x_wconf 76' lang='grc' dir='ltr'><strong>ι</strong></span> <span class='ocrx_word' id='word_1_404' title='bbox 3144 2392 3271 2448; x_wconf 83' lang='lat' dir='ltr'><strong>Ideo</strong></span> <span class='ocrx_word' id='word_1_405' title='bbox 3324 2393 3491 2463; x_wconf 80' lang='lat' dir='ltr'><strong>igitur</strong></span> <span class='ocrx_word' id='word_1_406' title='bbox 3525 2395 3602 2450; x_wconf 91' lang='lat' dir='ltr'><strong>illi</strong></span> <span class='ocrx_word' id='word_1_407' title='bbox 3652 2397 3913 2454; x_wconf 91' lang='lat' dir='ltr'><strong>indultam</strong></span> 
     </span>
    </p>
   </div>
   <div class='ocr_carea' id='block_1_55' title="bbox 2313 2476 3914 2545">
    <p class='ocr_par' dir='ltr' id='par_1_55' title="bbox 2313 2476 3914 2545">
     <span class='ocr_line' id='line_1_55' title="bbox 2313 2476 3914 2545; baseline 0.009 -15"><span class='ocrx_word' id='word_1_408' title='bbox 2313 2476 2420 2531; x_wconf 81' lang='lat' dir='ltr'><strong>sibi</strong></span> <span class='ocrx_word' id='word_1_409' title='bbox 2451 2479 2801 2536; x_wconf 88' lang='lat' dir='ltr'><strong>redeuntibus</strong></span> <span class='ocrx_word' id='word_1_410' title='bbox 2829 2485 3262 2540; x_wconf 88' lang='lat' dir='ltr'><strong>communionem</strong></span> <span class='ocrx_word' id='word_1_411' title='bbox 3286 2485 3476 2540; x_wconf 89' lang='lat' dir='ltr'><strong>laicam</strong></span> <span class='ocrx_word' id='word_1_412' title='bbox 3503 2487 3748 2543; x_wconf 83' lang='lat' dir='ltr'><strong>beneﬁcii</strong></span> <span class='ocrx_word' id='word_1_413' title='bbox 3795 2489 3914 2545; x_wconf 85' lang='lat' dir='ltr'><strong>loco</strong></span> 
     </span>
    </p>
   </div>
   <div class='ocr_carea' id='block_1_56' title="bbox 2315 2570 3912 2653">
    <p class='ocr_par' dir='ltr' id='par_1_56' title="bbox 2315 2570 3912 2653">
     <span class='ocr_line' id='line_1_56' title="bbox 2315 2570 3912 2653; baseline 0.008 -27"><span class='ocrx_word' id='word_1_414' title='bbox 2315 2570 2516 2628; x_wconf 91' lang='lat' dir='ltr'><strong>ducere</strong></span> <span class='ocrx_word' id='word_1_415' title='bbox 2543 2573 2862 2642; x_wconf 88' lang='lat' dir='ltr'><strong>debuerant,</strong></span> <span class='ocrx_word' id='word_1_416' title='bbox 2895 2578 3017 2647; x_wconf 89' lang='lat' dir='ltr'><strong>quia</strong></span> <span class='ocrx_word' id='word_1_417' title='bbox 3049 2589 3103 2633; x_wconf 90' lang='lat' dir='ltr'><strong>et</strong></span> <span class='ocrx_word' id='word_1_418' title='bbox 3131 2580 3260 2648; x_wconf 88' lang='lat' dir='ltr'><strong>ipsis</strong></span> <span class='ocrx_word' id='word_1_419' title='bbox 3287 2592 3445 2635; x_wconf 90' lang='lat' dir='ltr'><strong>antea</strong></span> <span class='ocrx_word' id='word_1_420' title='bbox 3485 2592 3690 2637; x_wconf 90' lang='lat' dir='ltr'><strong>eertum</strong></span> <span class='ocrx_word' id='word_1_421' title='bbox 3738 2584 3912 2653; x_wconf 68' lang='grc' dir='ltr'><strong>νωιιὶ-</strong></span> 
     </span>
    </p>
   </div>
   <div class='ocr_carea' id='block_1_57' title="bbox 2317 2665 3912 2745">
    <p class='ocr_par' dir='ltr' id='par_1_57' title="bbox 2317 2665 3912 2745">
     <span class='ocr_line' id='line_1_57' title="bbox 2317 2665 3912 2745; baseline 0.01 -30"><span class='ocrx_word' id='word_1_422' title='bbox 2317 2665 2501 2719; x_wconf 73' lang='lat' dir='ltr'><strong>tentia:</strong></span> <span class='ocrx_word' id='word_1_423' title='bbox 2525 2674 2736 2736; x_wconf 90' lang='lat' dir='ltr'><strong>tempus</strong></span> <span class='ocrx_word' id='word_1_424' title='bbox 2762 2669 3134 2737; x_wconf 61' lang='lat' dir='ltr'><strong>praescribere,</strong></span> <span class='ocrx_word' id='word_1_425' title='bbox 3157 2681 3211 2725; x_wconf 90' lang='lat' dir='ltr'><strong>et</strong></span> <span class='ocrx_word' id='word_1_426' title='bbox 3236 2672 3411 2742; x_wconf 91' lang='lat' dir='ltr'><strong>quoad</strong></span> <span class='ocrx_word' id='word_1_427' title='bbox 3435 2674 3566 2728; x_wconf 92' lang='lat' dir='ltr'><strong>illud</strong></span> <span class='ocrx_word' id='word_1_428' title='bbox 3588 2676 3912 2745; x_wconf 80' lang='lat' dir='ltr'><strong>exegissent,</strong></span> 
     </span>
    </p>
   </div>
   <div class='ocr_carea' id='block_1_58' title="bbox 2316 2758 3907 2839">
    <p class='ocr_par' dir='ltr' id='par_1_58' title="bbox 2316 2758 3907 2839">
     <span class='ocr_line' id='line_1_58' title="bbox 2316 2758 3907 2839; baseline 0.008 -29"><span class='ocrx_word' id='word_1_429' title='bbox 2316 2758 2754 2820; x_wconf 88' lang='lat' dir='ltr'><strong>communionem</strong></span> <span class='ocrx_word' id='word_1_430' title='bbox 2786 2759 2932 2815; x_wconf 89' lang='lat' dir='ltr'><strong>illam</strong></span> <span class='ocrx_word' id='word_1_431' title='bbox 2964 2760 3183 2817; x_wconf 85' lang='lat' dir='ltr'><strong>differre</strong></span> <span class='ocrx_word' id='word_1_432' title='bbox 3205 2763 3486 2831; x_wconf 70' lang='lat' dir='ltr'><strong>licuisset;</strong></span> <span class='ocrx_word' id='word_1_433' title='bbox 3516 2769 3764 2839; x_wconf 86' lang='lat' dir='ltr'><strong>nonquia</strong></span> <span class='ocrx_word' id='word_1_434' title='bbox 3794 2768 3907 2823; x_wconf 67' lang='lat' dir='ltr'><strong>dili-</strong></span> 
     </span>
    </p>
   </div>
   <div class='ocr_carea' id='block_1_59' title="bbox 2315 2854 3914 2928">
    <p class='ocr_par' dir='ltr' id='par_1_59' title="bbox 2315 2854 3914 2928">
     <span class='ocr_line' id='line_1_59' title="bbox 2315 2854 3914 2928; baseline 0.008 -23"><span class='ocrx_word' id='word_1_435' title='bbox 2315 2867 2508 2918; x_wconf 83' lang='lat' dir='ltr'><strong>eunos,</strong></span> <span class='ocrx_word' id='word_1_436' title='bbox 2543 2854 2888 2924; x_wconf 83' lang='lat' dir='ltr'><strong>presbyteros</strong></span> <span class='ocrx_word' id='word_1_437' title='bbox 2913 2863 3006 2914; x_wconf 90' lang='lat' dir='ltr'><strong>aut</strong></span> <span class='ocrx_word' id='word_1_438' title='bbox 3035 2856 3317 2927; x_wconf 71' lang='lat' dir='ltr'><strong>episcopos</strong></span> <span class='ocrx_word' id='word_1_439' title='bbox 3359 2859 3666 2928; x_wconf 83' lang='lat' dir='ltr'><strong>hujnsntudi</strong></span> <span class='ocrx_word' id='word_1_440' title='bbox 3714 2863 3914 2917; x_wconf 81' lang='lat' dir='ltr'><strong>soletn-</strong></span> 
     </span>
    </p>
   </div>
   <div class='ocr_carea' id='block_1_60' title="bbox 2316 2945 3914 3020">
    <p class='ocr_par' dir='ltr' id='par_1_60' title="bbox 2316 2945 3914 3020">
     <span class='ocr_line' id='line_1_60' title="bbox 2316 2945 3914 3020; baseline 0.004 -16"><span class='ocrx_word' id='word_1_441' title='bbox 2316 2945 2478 3004; x_wconf 87' lang='lat' dir='ltr'><strong>uibus</strong></span> <span class='ocrx_word' id='word_1_442' title='bbox 2530 2945 2759 3014; x_wconf 75' lang='lat' dir='ltr'><strong>publicae</strong></span> <span class='ocrx_word' id='word_1_443' title='bbox 2834 2947 3162 3015; x_wconf 75' lang='lat' dir='ltr'><strong>ptenitcntia:</strong></span> <span class='ocrx_word' id='word_1_444' title='bbox 3219 2949 3408 3004; x_wconf 89' lang='lat' dir='ltr'><strong>ritibus</strong></span> <span class='ocrx_word' id='word_1_445' title='bbox 3456 2951 3735 3020; x_wconf 70' lang='lat' dir='ltr'><strong>subiacere</strong></span> <span class='ocrx_word' id='word_1_446' title='bbox 3789 2969 3914 3010; x_wconf 88' lang='lat' dir='ltr'><strong>usus</strong></span> 
     </span>
    </p>
   </div>
   <div class='ocr_carea' id='block_1_61' title="bbox 2318 3035 3912 3115">
    <p class='ocr_par' dir='ltr' id='par_1_61' title="bbox 2318 3035 3912 3115">
     <span class='ocr_line' id='line_1_61' title="bbox 2318 3035 3912 3115; baseline 0.008 -27"><span class='ocrx_word' id='word_1_447' title='bbox 2318 3035 2552 3091; x_wconf 86' lang='lat' dir='ltr'><strong>volebat.</strong></span> <span class='ocrx_word' id='word_1_448' title='bbox 2590 3035 2880 3091; x_wconf 85' lang='lat' dir='ltr'><strong>Enimvero</strong></span> <span class='ocrx_word' id='word_1_449' title='bbox 2930 3039 2974 3092; x_wconf 90' lang='lat' dir='ltr'><strong>si</strong></span> <span class='ocrx_word' id='word_1_450' title='bbox 3000 3054 3069 3093; x_wconf 84' lang='lat' dir='ltr'><strong>ex</strong></span> <span class='ocrx_word' id='word_1_451' title='bbox 3099 3040 3184 3104; x_wconf 85' lang='lat' dir='ltr'><strong>iis,</strong></span> <span class='ocrx_word' id='word_1_452' title='bbox 3215 3041 3306 3109; x_wconf 85' lang='lat' dir='ltr'><strong>qui</strong></span> <span class='ocrx_word' id='word_1_453' title='bbox 3330 3042 3384 3096; x_wconf 87' lang='lat' dir='ltr'><strong>in</strong></span> <span class='ocrx_word' id='word_1_454' title='bbox 3405 3040 3544 3098; x_wconf 89' lang='lat' dir='ltr'><strong>libro</strong></span> <span class='ocrx_word' id='word_1_455' title='bbox 3592 3059 3627 3097; x_wconf 88' lang='grc' dir='ltr'><strong>ιι</strong></span> <span class='ocrx_word' id='word_1_456' title='bbox 3670 3043 3912 3115; x_wconf 78' lang='lat' dir='ltr'><strong>Gregorii</strong></span> 
     </span>
    </p>
   </div>
   <div class='ocr_carea' id='block_1_62' title="bbox 603 3127 3909 3206">
    <p class='ocr_par' dir='ltr' id='par_1_62' title="bbox 603 3127 3909 3206">
     <span class='ocr_line' id='line_1_62' title="bbox 603 3127 3909 3206; baseline 0.001 -18"><span class='ocrx_word' id='word_1_457' title='bbox 603 3144 896 3189; x_wconf 89' lang='lat' dir='ltr'><strong>memorat.</strong></span> <span class='ocrx_word' id='word_1_458' title='bbox 931 3134 1085 3191; x_wconf 89' lang='lat' dir='ltr'><strong>Unde</strong></span> <span class='ocrx_word' id='word_1_459' title='bbox 1110 3138 1374 3206; x_wconf 86' lang='lat' dir='ltr'><strong>sequitur,</strong></span> <span class='ocrx_word' id='word_1_460' title='bbox 1407 3147 1462 3190; x_wconf 91' lang='lat' dir='ltr'><strong>ut</strong></span> <span class='ocrx_word' id='word_1_461' title='bbox 1489 3136 1731 3206; x_wconf 79' lang='lat' dir='ltr'><strong>ejusdem</strong></span> <span class='ocrx_word' id='word_1_462' title='bbox 1761 3135 1960 3190; x_wconf 90' lang='lat' dir='ltr'><strong>dccrcti</strong></span> <span class='ocrx_word' id='word_1_463' title='bbox 1987 3137 2212 3190; x_wconf 86' lang='lat' dir='ltr'><strong>aucturi-</strong></span> <span class='ocrx_word' id='word_1_464' title='bbox 2238 3137 2282 3199; x_wconf 88' lang='lat' dir='ltr'><strong>C</strong></span> <span class='ocrx_word' id='word_1_465' title='bbox 2314 3127 2509 3198; x_wconf 73' lang='lat' dir='ltr'><strong>Magni,</strong></span> <span class='ocrx_word' id='word_1_466' title='bbox 2539 3128 2650 3184; x_wconf 90' lang='lat' dir='ltr'><strong>Iud.</strong></span> <span class='ocrx_word' id='word_1_467' title='bbox 2683 3145 2737 3190; x_wconf 73' lang='grc' dir='ltr'>ι.</span> <span class='ocrx_word' id='word_1_468' title='bbox 2768 3130 2928 3199; x_wconf 86' lang='lat' dir='ltr'><strong>epist.</strong></span> <span class='ocrx_word' id='word_1_469' title='bbox 2955 3132 3010 3197; x_wconf 91' lang='lat'><strong>6,</strong></span> <span class='ocrx_word' id='word_1_470' title='bbox 3040 3131 3111 3188; x_wconf 87' lang='lat' dir='ltr'><strong>de</strong></span> <span class='ocrx_word' id='word_1_471' title='bbox 3143 3132 3432 3200; x_wconf 78' lang='lat' dir='ltr'><strong>Demetrio,</strong></span> <span class='ocrx_word' id='word_1_472' title='bbox 3461 3135 3734 3205; x_wconf 84' lang='lat' dir='ltr'><strong>quondam</strong></span> <span class='ocrx_word' id='word_1_473' title='bbox 3771 3136 3909 3192; x_wconf 84' lang='lat' dir='ltr'><strong>Nea-</strong></span> 
     </span>
    </p>
   </div>
   <div class='ocr_carea' id='block_1_63' title="bbox 606 3228 2211 3305">
    <p class='ocr_par' dir='ltr' id='par_1_63' title="bbox 606 3228 2211 3305">
     <span class='ocr_line' id='line_1_63' title="bbox 606 3228 2211 3305; baseline 0.004 -26"><span class='ocrx_word' id='word_1_474' title='bbox 606 3234 717 3281; x_wconf 92' lang='lat' dir='ltr'><strong>tate</strong></span> <span class='ocrx_word' id='word_1_475' title='bbox 759 3229 1092 3305; x_wconf 77' lang='lat' dir='ltr'><strong>presbyteris</strong></span> <span class='ocrx_word' id='word_1_476' title='bbox 1120 3228 1282 3298; x_wconf 89' lang='lat' dir='ltr'><strong>lapsis</strong></span> <span class='ocrx_word' id='word_1_477' title='bbox 1308 3240 1516 3284; x_wconf 90' lang='lat' dir='ltr'><strong>certum</strong></span> <span class='ocrx_word' id='word_1_478' title='bbox 1553 3229 1922 3300; x_wconf 68' lang='lat' dir='ltr'><strong>praescriptum</strong></span> <span class='ocrx_word' id='word_1_479' title='bbox 1953 3229 2023 3284; x_wconf 89' lang='lat' dir='ltr'><strong>sit</strong></span> <span class='ocrx_word' id='word_1_480' title='bbox 2053 3231 2211 3285; x_wconf 89' lang='lat' dir='ltr'><strong>satis-</strong></span> 
     </span>
    </p>
   </div>
   <div class='ocr_carea' id='block_1_64' title="bbox 600 3317 2207 3390">
    <p class='ocr_par' dir='ltr' id='par_1_64' title="bbox 600 3317 2207 3390">
     <span class='ocr_line' id='line_1_64' title="bbox 600 3317 2207 3390; baseline 0.003 -18"><span class='ocrx_word' id='word_1_481' title='bbox 600 3317 851 3373; x_wconf 73' lang='lat' dir='ltr'><strong>faétionis</strong></span> <span class='ocrx_word' id='word_1_482' title='bbox 880 3335 941 3374; x_wconf 91' lang='lat' dir='ltr'><strong>ac</strong></span> <span class='ocrx_word' id='word_1_483' title='bbox 999 3322 1328 3388; x_wconf 74' lang='lat' dir='ltr'><strong>pmnitentiac</strong></span> <span class='ocrx_word' id='word_1_484' title='bbox 1363 3330 1607 3390; x_wconf 85' lang='lat' dir='ltr'><strong>tempus,</strong></span> <span class='ocrx_word' id='word_1_485' title='bbox 1656 3322 1734 3375; x_wconf 92' lang='lat' dir='ltr'><strong>eis</strong></span> <span class='ocrx_word' id='word_1_486' title='bbox 1765 3321 1985 3376; x_wconf 86' lang='lat' dir='ltr'><strong>minimc</strong></span> <span class='ocrx_word' id='word_1_487' title='bbox 2015 3325 2207 3377; x_wconf 86' lang='lat' dir='ltr'><strong>remit-</strong></span> 
     </span>
    </p>
   </div>
   <div class='ocr_carea' id='block_1_65' title="bbox 610 3411 2208 3485">
    <p class='ocr_par' dir='ltr' id='par_1_65' title="bbox 610 3411 2208 3485">
     <span class='ocr_line' id='line_1_65' title="bbox 610 3411 2208 3485; baseline 0.004 -21"><span class='ocrx_word' id='word_1_488' title='bbox 610 3411 863 3478; x_wconf 87' lang='lat' dir='ltr'><strong>tendum,</strong></span> <span class='ocrx_word' id='word_1_489' title='bbox 901 3413 1000 3468; x_wconf 91' lang='lat' dir='ltr'><strong>nisi</strong></span> <span class='ocrx_word' id='word_1_490' title='bbox 1027 3413 1168 3467; x_wconf 89' lang='lat' dir='ltr'><strong>aliud</strong></span> <span class='ocrx_word' id='word_1_491' title='bbox 1208 3432 1224 3463; x_wconf 79' lang='grc' dir='ltr'><strong>ι</strong></span> <span class='ocrx_word' id='word_1_492' title='bbox 1269 3413 1436 3485; x_wconf 89' lang='lat' dir='ltr'><strong>petitu</strong></span> <span class='ocrx_word' id='word_1_493' title='bbox 1464 3413 1654 3484; x_wconf 86' lang='lat' dir='ltr'><strong>plebis,</strong></span> <span class='ocrx_word' id='word_1_494' title='bbox 1695 3432 1713 3466; x_wconf 75' lang='grc' dir='ltr'><strong>ι</strong></span> <span class='ocrx_word' id='word_1_495' title='bbox 1749 3414 1828 3467; x_wconf 77' lang='lat' dir='ltr'><strong>vel</strong></span> <span class='ocrx_word' id='word_1_496' title='bbox 1863 3433 1880 3465; x_wconf 78' lang='grc' dir='ltr'><strong>ι</strong></span> <span class='ocrx_word' id='word_1_497' title='bbox 1903 3414 2208 3470; x_wconf 89' lang='lat' dir='ltr'><strong>inﬁrmitate</strong></span> 
     </span>
    </p>
   </div>
   <div class='ocr_carea' id='block_1_66' title="bbox 609 3504 2207 3575">
    <p class='ocr_par' dir='ltr' id='par_1_66' title="bbox 609 3504 2207 3575">
     <span class='ocr_line' id='line_1_66' title="bbox 609 3504 2207 3575; baseline 0.004 -21"><span class='ocrx_word' id='word_1_498' title='bbox 609 3511 832 3570; x_wconf 84' lang='lat' dir='ltr'><strong>urgente</strong></span> <span class='ocrx_word' id='word_1_499' title='bbox 880 3519 944 3557; x_wconf 88' lang='lat' dir='ltr'><strong>ac</strong></span> <span class='ocrx_word' id='word_1_500' title='bbox 997 3504 1321 3558; x_wconf 87' lang='lat' dir='ltr'><strong>necessitate</strong></span> <span class='ocrx_word' id='word_1_501' title='bbox 1376 3515 1652 3575; x_wconf 67' lang='lat' dir='ltr'><strong>cogente»</strong></span> <span class='ocrx_word' id='word_1_502' title='bbox 1712 3505 2049 3560; x_wconf 89' lang='lat' dir='ltr'><strong>suadcrctnr.</strong></span> <span class='ocrx_word' id='word_1_503' title='bbox 2102 3508 2207 3561; x_wconf 81' lang='lat' dir='ltr'><strong>Sed</strong></span> 
     </span>
    </p>
   </div>
   <div class='ocr_carea' id='block_1_67' title="bbox 609 3597 2206 3670">
    <p class='ocr_par' dir='ltr' id='par_1_67' title="bbox 609 3597 2206 3670">
     <span class='ocr_line' id='line_1_67' title="bbox 609 3597 2206 3670; baseline 0.007 -23"><span class='ocrx_word' id='word_1_504' title='bbox 609 3597 924 3661; x_wconf 67' lang='lat' dir='ltr'><strong>pteuitentia</strong></span> <span class='ocrx_word' id='word_1_505' title='bbox 965 3598 1072 3662; x_wconf 90' lang='lat' dir='ltr'><strong>illa,</strong></span> <span class='ocrx_word' id='word_1_506' title='bbox 1116 3613 1235 3669; x_wconf 66' lang='lat' dir='ltr'><strong>quae</strong></span> <span class='ocrx_word' id='word_1_507' title='bbox 1264 3599 1331 3654; x_wconf 88' lang='lat' dir='ltr'><strong>ah</strong></span> <span class='ocrx_word' id='word_1_508' title='bbox 1359 3598 1463 3654; x_wconf 88' lang='lat' dir='ltr'><strong>illis</strong></span> <span class='ocrx_word' id='word_1_509' title='bbox 1491 3618 1510 3651; x_wconf 84' lang='lat' dir='ltr'><strong>t</strong></span> <span class='ocrx_word' id='word_1_510' title='bbox 1540 3599 1696 3670; x_wconf 90' lang='lat' dir='ltr'><strong>plena</strong></span> <span class='ocrx_word' id='word_1_511' title='bbox 1724 3619 1742 3652; x_wconf 78' lang='grc' dir='ltr'><strong>ι</strong></span> <span class='ocrx_word' id='word_1_512' title='bbox 1780 3601 2108 3670; x_wconf 78' lang='lat' dir='ltr'><strong>exigebatur,</strong></span> <span class='ocrx_word' id='word_1_513' title='bbox 2138 3619 2206 3658; x_wconf 90' lang='lat' dir='ltr'><strong>an</strong></span> 
     </span>
    </p>
   </div>
   <div class='ocr_carea' id='block_1_68' title="bbox 605 3677 2206 3762">
    <p class='ocr_par' dir='ltr' id='par_1_68' title="bbox 605 3677 2206 3762">
     <span class='ocr_line' id='line_1_68' title="bbox 605 3677 2206 3762; baseline 0.006 -21"><span class='ocrx_word' id='word_1_514' title='bbox 605 3689 815 3758; x_wconf 86' lang='lat' dir='ltr'><strong>publica</strong></span> <span class='ocrx_word' id='word_1_515' title='bbox 834 3699 980 3746; x_wconf 90' lang='lat' dir='ltr'><strong>esset</strong></span> <span class='ocrx_word' id='word_1_516' title='bbox 999 3705 1187 3758; x_wconf 87' lang='lat' dir='ltr'><strong>necne,</strong></span> <span class='ocrx_word' id='word_1_517' title='bbox 1207 3693 1366 3747; x_wconf 86' lang='lat' dir='ltr'><strong>etiam</strong></span> <span class='ocrx_word' id='word_1_518' title='bbox 1397 3693 1482 3746; x_wconf 92' lang='lat' dir='ltr'><strong>hic</strong></span> <span class='ocrx_word' id='word_1_519' title='bbox 1503 3677 1710 3748; x_wconf 87' lang='lat' dir='ltr'><strong>siletur.</strong></span> <span class='ocrx_word' id='word_1_520' title='bbox 1733 3692 1918 3762; x_wconf 81' lang='lat' dir='ltr'><strong>Neque</strong></span> <span class='ocrx_word' id='word_1_521' title='bbox 1943 3694 1991 3748; x_wconf 87' lang='lat' dir='ltr'><strong>id</strong></span> <span class='ocrx_word' id='word_1_522' title='bbox 2010 3695 2206 3750; x_wconf 90' lang='lat' dir='ltr'><strong>clarius</strong></span> 
     </span>
    </p>
   </div>
   <div class='ocr_carea' id='block_1_69' title="bbox 608 3780 2204 3858">
    <p class='ocr_par' dir='ltr' id='par_1_69' title="bbox 608 3780 2204 3858">
     <span class='ocr_line' id='line_1_69' title="bbox 608 3780 2204 3858; baseline 0.003 -22"><span class='ocrx_word' id='word_1_523' title='bbox 608 3783 853 3837; x_wconf 89' lang='lat' dir='ltr'><strong>enuntiat</strong></span> <span class='ocrx_word' id='word_1_524' title='bbox 896 3780 1196 3854; x_wconf 84' lang='lat' dir='ltr'><strong>Cyprianus</strong></span> <span class='ocrx_word' id='word_1_525' title='bbox 1224 3785 1274 3838; x_wconf 89' lang='lat' dir='ltr'><strong>in</strong></span> <span class='ocrx_word' id='word_1_526' title='bbox 1307 3783 1544 3854; x_wconf 88' lang='lat' dir='ltr'><strong>Epistula</strong></span> <span class='ocrx_word' id='word_1_527' title='bbox 1587 3799 1732 3852; x_wconf 75' lang='lat' dir='ltr'><strong>LXtv,</strong></span> <span class='ocrx_word' id='word_1_528' title='bbox 1763 3800 1856 3838; x_wconf 86' lang='lat' dir='ltr'><strong>seu</strong></span> <span class='ocrx_word' id='word_1_529' title='bbox 1899 3801 2021 3854; x_wconf 82' lang='lat' dir='ltr'><strong>va,</strong></span> <span class='ocrx_word' id='word_1_530' title='bbox 2045 3802 2204 3858; x_wconf 89' lang='lat' dir='ltr'><strong>quam</strong></span> 
     </span>
    </p>
   </div>
   <div class='ocr_carea' id='block_1_70' title="bbox 606 3873 2200 3945">
    <p class='ocr_par' dir='ltr' id='par_1_70' title="bbox 606 3873 2200 3945">
     <span class='ocr_line' id='line_1_70' title="bbox 606 3873 2200 3945; baseline 0.003 -18"><span class='ocrx_word' id='word_1_531' title='bbox 606 3873 686 3934; x_wconf 83' lang='lat' dir='ltr'><strong>sic</strong></span> <span class='ocrx_word' id='word_1_532' title='bbox 733 3873 1015 3929; x_wconf 82' lang='lat' dir='ltr'><strong>exorditur</strong></span> <span class='ocrx_word' id='word_1_533' title='bbox 1051 3893 1063 3927; x_wconf 88' lang='lat'><strong>:</strong></span> <span class='ocrx_word' id='word_1_534' title='bbox 1107 3894 1124 3928; x_wconf 79' lang='grc' dir='ltr'><strong>ι</strong></span> <span class='ocrx_word' id='word_1_535' title='bbox 1161 3876 1408 3930; x_wconf 83' lang='lat' dir='ltr'><strong>Graviter</strong></span> <span class='ocrx_word' id='word_1_536' title='bbox 1442 3887 1494 3930; x_wconf 91' lang='lat' dir='ltr'><strong>et</strong></span> <span class='ocrx_word' id='word_1_537' title='bbox 1523 3875 1770 3931; x_wconf 88' lang='lat' dir='ltr'><strong>dolenter</strong></span> <span class='ocrx_word' id='word_1_538' title='bbox 1822 3885 2000 3931; x_wconf 90' lang='lat' dir='ltr'><strong>motus</strong></span> <span class='ocrx_word' id='word_1_539' title='bbox 2046 3892 2200 3945; x_wconf 92' lang='lat' dir='ltr'><strong>sum,</strong></span> 
     </span>
    </p>
   </div>
   <div class='ocr_carea' id='block_1_71' title="bbox 602 3963 2203 4037">
    <p class='ocr_par' dir='ltr' id='par_1_71' title="bbox 602 3963 2203 4037">
     <span class='ocr_line' id='line_1_71' title="bbox 602 3963 2203 4037; baseline 0.003 -20"><span class='ocrx_word' id='word_1_540' title='bbox 602 3963 802 4021; x_wconf 80' lang='lat' dir='ltr'><strong>fratres</strong></span> <span class='ocrx_word' id='word_1_541' title='bbox 829 3965 1156 4032; x_wconf 90' lang='lat' dir='ltr'><strong>charissimi,</strong></span> <span class='ocrx_word' id='word_1_542' title='bbox 1187 3966 1329 4037; x_wconf 91' lang='lat' dir='ltr'><strong>quod</strong></span> <span class='ocrx_word' id='word_1_543' title='bbox 1357 3967 1704 4037; x_wconf 89' lang='lat' dir='ltr'><strong>cognoverim</strong></span> <span class='ocrx_word' id='word_1_544' title='bbox 1735 3967 2203 4034; x_wconf 87' lang='lat' dir='ltr'><strong>Fortunatiauum,</strong></span> 
     </span>
    </p>
   </div>
   <div class='ocr_carea' id='block_1_72' title="bbox 599 4057 2201 4130">
    <p class='ocr_par' dir='ltr' id='par_1_72' title="bbox 599 4057 2201 4130">
     <span class='ocr_line' id='line_1_72' title="bbox 599 4057 2201 4130; baseline 0.001 -17"><span class='ocrx_word' id='word_1_545' title='bbox 599 4057 867 4129; x_wconf 89' lang='lat' dir='ltr'><strong>quondam</strong></span> <span class='ocrx_word' id='word_1_546' title='bbox 899 4059 1040 4130; x_wconf 89' lang='lat' dir='ltr'><strong>apud</strong></span> <span class='ocrx_word' id='word_1_547' title='bbox 1069 4073 1166 4112; x_wconf 90' lang='lat' dir='ltr'><strong>vos</strong></span> <span class='ocrx_word' id='word_1_548' title='bbox 1192 4059 1526 4130; x_wconf 89' lang='lat' dir='ltr'><strong>episcupum,</strong></span> <span class='ocrx_word' id='word_1_549' title='bbox 1562 4067 1682 4129; x_wconf 91' lang='lat' dir='ltr'><strong>post</strong></span> <span class='ocrx_word' id='word_1_550' title='bbox 1719 4074 1938 4129; x_wconf 88' lang='lat' dir='ltr'><strong>gravem</strong></span> <span class='ocrx_word' id='word_1_551' title='bbox 1991 4062 2201 4130; x_wconf 88' lang='lat' dir='ltr'><strong>lapsum</strong></span> 
     </span>
    </p>
   </div>
   <div class='ocr_carea' id='block_1_73' title="bbox 597 4150 2200 4224">
    <p class='ocr_par' dir='ltr' id='par_1_73' title="bbox 597 4150 2200 4224">
     <span class='ocr_line' id='line_1_73' title="bbox 597 4150 2200 4224; baseline 0.004 -20"><span class='ocrx_word' id='word_1_552' title='bbox 597 4150 774 4205; x_wconf 64' lang='lat' dir='ltr'><strong>ruinae</strong></span> <span class='ocrx_word' id='word_1_553' title='bbox 797 4165 926 4219; x_wconf 73' lang='lat' dir='ltr'><strong>sum,</strong></span> <span class='ocrx_word' id='word_1_554' title='bbox 963 4165 1060 4220; x_wconf 91' lang='lat' dir='ltr'><strong>pro</strong></span> <span class='ocrx_word' id='word_1_555' title='bbox 1087 4150 1298 4221; x_wconf 83' lang='lat' dir='ltr'><strong>integro</strong></span> <span class='ocrx_word' id='word_1_556' title='bbox 1342 4167 1482 4206; x_wconf 91' lang='lat' dir='ltr'><strong>nunc</strong></span> <span class='ocrx_word' id='word_1_557' title='bbox 1511 4166 1669 4222; x_wconf 90' lang='lat' dir='ltr'><strong>agere</strong></span> <span class='ocrx_word' id='word_1_558' title='bbox 1695 4151 1855 4220; x_wconf 87' lang='lat' dir='ltr'><strong>velle,</strong></span> <span class='ocrx_word' id='word_1_559' title='bbox 1892 4159 1948 4207; x_wconf 90' lang='lat' dir='ltr'><strong>et</strong></span> <span class='ocrx_word' id='word_1_560' title='bbox 1987 4156 2200 4224; x_wconf 88' lang='lat' dir='ltr'><strong>episco-</strong></span> 
     </span>
    </p>
   </div>
   <div class='ocr_carea' id='block_1_74' title="bbox 598 4241 2195 4314">
    <p class='ocr_par' dir='ltr' id='par_1_74' title="bbox 598 4241 2195 4314">
     <span class='ocr_line' id='line_1_74' title="bbox 598 4241 2195 4314; baseline 0.001 -16"><span class='ocrx_word' id='word_1_561' title='bbox 598 4252 804 4314; x_wconf 87' lang='lat' dir='ltr'><strong>patum,</strong></span> <span class='ocrx_word' id='word_1_562' title='bbox 847 4244 950 4299; x_wconf 90' lang='lat' dir='ltr'><strong>sibi</strong></span> <span class='ocrx_word' id='word_1_563' title='bbox 1017 4241 1289 4298; x_wconf 84' lang='lat' dir='ltr'><strong>vindicare</strong></span> <span class='ocrx_word' id='word_1_564' title='bbox 1332 4243 1586 4313; x_wconf 65' lang='lat' dir='ltr'><strong>coepisse.</strong></span> <span class='ocrx_word' id='word_1_565' title='bbox 1633 4283 1649 4297; x_wconf 94' lang='lat'><strong>.</strong></span> <span class='ocrx_word' id='word_1_566' title='bbox 1693 4282 1709 4298; x_wconf 93' lang='lat'><strong>.</strong></span> <span class='ocrx_word' id='word_1_567' title='bbox 1755 4283 1767 4298; x_wconf 94' lang='lat'><strong>.</strong></span> <span class='ocrx_word' id='word_1_568' title='bbox 1814 4283 1828 4298; x_wconf 92' lang='lat'><strong>.</strong></span> <span class='ocrx_word' id='word_1_569' title='bbox 1877 4284 1889 4298; x_wconf 95' lang='lat'><strong>.</strong></span> <span class='ocrx_word' id='word_1_570' title='bbox 1935 4281 1952 4298; x_wconf 92' lang='lat'><strong>.</strong></span> <span class='ocrx_word' id='word_1_571' title='bbox 1998 4283 2010 4298; x_wconf 93' lang='lat'><strong>.</strong></span> <span class='ocrx_word' id='word_1_572' title='bbox 2056 4287 2070 4299; x_wconf 90' lang='lat'><strong>.</strong></span> <span class='ocrx_word' id='word_1_573' title='bbox 2119 4285 2132 4305; x_wconf 77' lang='lat'><strong>,</strong></span> <span class='ocrx_word' id='word_1_574' title='bbox 2182 4287 2195 4300; x_wconf 92' lang='lat'><strong>.</strong></span> 
     </span>
    </p>
   </div>
   <div class='ocr_carea' id='block_1_75' title="bbox 596 4334 2193 4402">
    <p class='ocr_par' dir='ltr' id='par_1_75' title="bbox 596 4334 2193 4402">
     <span class='ocr_line' id='line_1_75' title="bbox 596 4334 2193 4402; baseline -0.001 -9"><span class='ocrx_word' id='word_1_575' title='bbox 596 4353 718 4392; x_wconf 89' lang='lat' dir='ltr'><strong>eum</strong></span> <span class='ocrx_word' id='word_1_576' title='bbox 769 4337 964 4393; x_wconf 89' lang='lat' dir='ltr'><strong>debeat</strong></span> <span class='ocrx_word' id='word_1_577' title='bbox 990 4335 1302 4391; x_wconf 76' lang='lat' dir='ltr'><strong>satisfacere</strong></span> <span class='ocrx_word' id='word_1_578' title='bbox 1321 4377 1335 4401; x_wconf 92' lang='lat'><strong>,</strong></span> <span class='ocrx_word' id='word_1_579' title='bbox 1359 4346 1414 4390; x_wconf 91' lang='lat' dir='ltr'><strong>et</strong></span> <span class='ocrx_word' id='word_1_580' title='bbox 1438 4336 1504 4389; x_wconf 90' lang='lat' dir='ltr'><strong>ad</strong></span> <span class='ocrx_word' id='word_1_581' title='bbox 1531 4334 1815 4390; x_wconf 89' lang='lat' dir='ltr'><strong>Dominum</strong></span> <span class='ocrx_word' id='word_1_582' title='bbox 1840 4337 2193 4402; x_wconf 84' lang='lat' dir='ltr'><strong>exorandum,</strong></span> 
     </span>
    </p>
   </div>
   <div class='ocr_carea' id='block_1_76' title="bbox 594 4427 2198 4500">
    <p class='ocr_par' dir='ltr' id='par_1_76' title="bbox 594 4427 2198 4500">
     <span class='ocr_line' id='line_1_76' title="bbox 594 4427 2198 4500; baseline 0.001 -16"><span class='ocrx_word' id='word_1_583' title='bbox 594 4430 785 4484; x_wconf 90' lang='lat' dir='ltr'><strong>diebus</strong></span> <span class='ocrx_word' id='word_1_584' title='bbox 809 4444 874 4483; x_wconf 87' lang='lat' dir='ltr'><strong>ac</strong></span> <span class='ocrx_word' id='word_1_585' title='bbox 894 4428 1160 4487; x_wconf 85' lang='lat' dir='ltr'><strong>noctibus.</strong></span> <span class='ocrx_word' id='word_1_586' title='bbox 1193 4427 1446 4497; x_wconf 89' lang='lat' dir='ltr'><strong>lacrymis</strong></span> <span class='ocrx_word' id='word_1_587' title='bbox 1474 4436 1528 4482; x_wconf 89' lang='lat' dir='ltr'><strong>et</strong></span> <span class='ocrx_word' id='word_1_588' title='bbox 1557 4427 1890 4482; x_wconf 90' lang='lat' dir='ltr'><strong>orationibus</strong></span> <span class='ocrx_word' id='word_1_589' title='bbox 1921 4438 1975 4484; x_wconf 91' lang='lat' dir='ltr'><strong>et</strong></span> <span class='ocrx_word' id='word_1_590' title='bbox 2018 4430 2198 4500; x_wconf 88' lang='lat' dir='ltr'><strong>preci-</strong></span> 
     </span>
    </p>
   </div>
   <div class='ocr_carea' id='block_1_77' title="bbox 2319 3222 3911 3292">
    <p class='ocr_par' dir='ltr' id='par_1_77' title="bbox 2319 3222 3911 3292">
     <span class='ocr_line' id='line_1_77' title="bbox 2319 3222 3911 3292; baseline 0.006 -19"><span class='ocrx_word' id='word_1_591' title='bbox 2319 3222 2553 3288; x_wconf 88' lang='lat' dir='ltr'><strong>politano</strong></span> <span class='ocrx_word' id='word_1_592' title='bbox 2610 3224 2887 3292; x_wconf 86' lang='lat' dir='ltr'><strong>episcopo.</strong></span> <span class='ocrx_word' id='word_1_593' title='bbox 2936 3223 3378 3292; x_wconf 85' lang='lat' dir='ltr'><strong>gravissimorum</strong></span> <span class='ocrx_word' id='word_1_594' title='bbox 3460 3229 3747 3285; x_wconf 87' lang='lat' dir='ltr'><strong>criminum</strong></span> <span class='ocrx_word' id='word_1_595' title='bbox 3821 3247 3911 3286; x_wconf 88' lang='lat' dir='ltr'><strong>reo</strong></span> 
     </span>
    </p>
   </div>
   <div class='ocr_carea' id='block_1_78' title="bbox 2313 3312 3910 3383">
    <p class='ocr_par' dir='ltr' id='par_1_78' title="bbox 2313 3312 3910 3383">
     <span class='ocr_line' id='line_1_78' title="bbox 2313 3312 3910 3383; baseline 0.008 -18"><span class='ocrx_word' id='word_1_596' title='bbox 2313 3312 2520 3383; x_wconf 82' lang='lat' dir='ltr'><strong>legunt,</strong></span> <span class='ocrx_word' id='word_1_597' title='bbox 2560 3329 2581 3364; x_wconf 83' lang='grc' dir='ltr'><strong>ι</strong></span> <span class='ocrx_word' id='word_1_598' title='bbox 2624 3313 2962 3368; x_wconf 72' lang='lat' dir='ltr'><strong>Pamitentim</strong></span> <span class='ocrx_word' id='word_1_599' title='bbox 3011 3327 3334 3382; x_wconf 87' lang='lat' dir='ltr'><strong>reservatus,</strong></span> <span class='ocrx_word' id='word_1_600' title='bbox 3379 3320 3664 3376; x_wconf 81' lang='lat' dir='ltr'><strong>sacerdotii</strong></span> <span class='ocrx_word' id='word_1_601' title='bbox 3708 3322 3910 3377; x_wconf 87' lang='lat' dir='ltr'><strong>honore</strong></span> 
     </span>
    </p>
   </div>
   <div class='ocr_carea' id='block_1_79' title="bbox 2314 3405 3906 3482">
    <p class='ocr_par' dir='ltr' id='par_1_79' title="bbox 2314 3405 3906 3482">
     <span class='ocr_line' id='line_1_79' title="bbox 2314 3405 3906 3482; baseline 0.007 -24"><span class='ocrx_word' id='word_1_602' title='bbox 2314 3405 2550 3473; x_wconf 75' lang='lat' dir='ltr'><strong>prii-atus</strong></span> <span class='ocrx_word' id='word_1_603' title='bbox 2579 3415 2680 3470; x_wconf 83' lang='lat' dir='ltr'><strong>est,</strong></span> <span class='ocrx_word' id='word_1_604' title='bbox 2709 3424 2726 3458; x_wconf 75' lang='grc' dir='ltr'><strong>ι</strong></span> <span class='ocrx_word' id='word_1_605' title='bbox 2753 3415 2844 3464; x_wconf 88' lang='lat' dir='ltr'><strong>aut</strong></span> <span class='ocrx_word' id='word_1_606' title='bbox 2859 3406 2951 3461; x_wconf 88' lang='lat' dir='ltr'><strong>lib.</strong></span> <span class='ocrx_word' id='word_1_607' title='bbox 2973 3423 3046 3474; x_wconf 82' lang='lat' dir='ltr'><strong>Vl,</strong></span> <span class='ocrx_word' id='word_1_608' title='bbox 3079 3407 3194 3465; x_wconf 90' lang='lat' dir='ltr'><strong>lnd.</strong></span> <span class='ocrx_word' id='word_1_609' title='bbox 3224 3425 3334 3478; x_wconf 71' lang='lat' dir='ltr'><strong>xlv,</strong></span> <span class='ocrx_word' id='word_1_610' title='bbox 3353 3411 3511 3480; x_wconf 86' lang='lat' dir='ltr'><strong>epist.</strong></span> <span class='ocrx_word' id='word_1_611' title='bbox 3541 3414 3631 3478; x_wconf 72' lang='grc'><strong>41.</strong></span> <span class='ocrx_word' id='word_1_612' title='bbox 3660 3433 3678 3465; x_wconf 79' lang='lat' dir='ltr'><strong>t</strong></span> <span class='ocrx_word' id='word_1_613' title='bbox 3698 3415 3906 3482; x_wconf 63' lang='lat' dir='ltr'><strong>Hasse,</strong></span> 
     </span>
    </p>
   </div>
   <div class='ocr_carea' id='block_1_80' title="bbox 2317 3497 3902 3574">
    <p class='ocr_par' dir='ltr' id='par_1_80' title="bbox 2317 3497 3902 3574">
     <span class='ocr_line' id='line_1_80' title="bbox 2317 3497 3902 3574; baseline 0.007 -23"><span class='ocrx_word' id='word_1_614' title='bbox 2317 3497 2649 3552; x_wconf 68' lang='lat' dir='ltr'><strong>Nicoteranm</strong></span> <span class='ocrx_word' id='word_1_615' title='bbox 2681 3501 2965 3569; x_wconf 87' lang='lat' dir='ltr'><strong>episcopus</strong></span> <span class='ocrx_word' id='word_1_616' title='bbox 2996 3516 3092 3569; x_wconf 90' lang='lat' dir='ltr'><strong>pro</strong></span> <span class='ocrx_word' id='word_1_617' title='bbox 3114 3503 3435 3574; x_wconf 82' lang='lat' dir='ltr'><strong>quibusdam</strong></span> <span class='ocrx_word' id='word_1_618' title='bbox 3462 3506 3626 3572; x_wconf 87' lang='lat' dir='ltr'><strong>culpis</strong></span> <span class='ocrx_word' id='word_1_619' title='bbox 3649 3506 3699 3558; x_wconf 93' lang='lat' dir='ltr'><strong>in</strong></span> <span class='ocrx_word' id='word_1_620' title='bbox 3728 3509 3902 3574; x_wconf 64' lang='lat' dir='ltr'><strong>paeni-</strong></span> 
     </span>
    </p>
   </div>
   <div class='ocr_carea' id='block_1_81' title="bbox 2315 3591 3903 3661">
    <p class='ocr_par' dir='ltr' id='par_1_81' title="bbox 2315 3591 3903 3661">
     <span class='ocr_line' id='line_1_81' title="bbox 2315 3591 3903 3661; baseline 0.008 -19"><span class='ocrx_word' id='word_1_621' title='bbox 2315 3593 2534 3644; x_wconf 87' lang='lat' dir='ltr'><strong>tcntiam</strong></span> <span class='ocrx_word' id='word_1_622' title='bbox 2563 3591 2850 3660; x_wconf 83' lang='lat' dir='ltr'><strong>deputatus</strong></span> <span class='ocrx_word' id='word_1_623' title='bbox 2872 3602 2973 3656; x_wconf 88' lang='lat' dir='ltr'><strong>est,</strong></span> <span class='ocrx_word' id='word_1_624' title='bbox 3012 3611 3031 3644; x_wconf 72' lang='grc' dir='ltr'><strong>ι</strong></span> <span class='ocrx_word' id='word_1_625' title='bbox 3071 3594 3134 3648; x_wconf 79' lang='lat' dir='ltr'><strong>Et</strong></span> <span class='ocrx_word' id='word_1_626' title='bbox 3159 3595 3261 3648; x_wconf 86' lang='lat' dir='ltr'><strong>alia</strong></span> <span class='ocrx_word' id='word_1_627' title='bbox 3291 3596 3372 3650; x_wconf 86' lang='lat' dir='ltr'><strong>his</strong></span> <span class='ocrx_word' id='word_1_628' title='bbox 3402 3597 3608 3661; x_wconf 83' lang='lat' dir='ltr'><strong>similia,</strong></span> <span class='ocrx_word' id='word_1_629' title='bbox 3631 3612 3790 3650; x_wconf 88' lang='lat' dir='ltr'><strong>nctuo</strong></span> <span class='ocrx_word' id='word_1_630' title='bbox 3818 3611 3903 3654; x_wconf 87' lang='lat' dir='ltr'><strong>est</strong></span> 
     </span>
    </p>
   </div>
   <div class='ocr_carea' id='block_1_82' title="bbox 2312 3683 3907 3758">
    <p class='ocr_par' dir='ltr' id='par_1_82' title="bbox 2312 3683 3907 3758">
     <span class='ocr_line' id='line_1_82' title="bbox 2312 3683 3907 3758; baseline 0.008 -25"><span class='ocrx_word' id='word_1_631' title='bbox 2312 3684 2402 3754; x_wconf 89' lang='lat' dir='ltr'><strong>qui</strong></span> <span class='ocrx_word' id='word_1_632' title='bbox 2435 3683 2566 3738; x_wconf 88' lang='lat' dir='ltr'><strong>locis</strong></span> <span class='ocrx_word' id='word_1_633' title='bbox 2595 3684 2701 3737; x_wconf 88' lang='lat' dir='ltr'><strong>illis</strong></span> <span class='ocrx_word' id='word_1_634' title='bbox 2733 3703 2751 3734; x_wconf 88' lang='grc'><em>‹</em></span> <span class='ocrx_word' id='word_1_635' title='bbox 2778 3686 3107 3753; x_wconf 68' lang='grc' dir='ltr'>ιιωιιὶιριιιὶιι)</span> <span class='ocrx_word' id='word_1_636' title='bbox 3131 3707 3149 3739; x_wconf 77' lang='grc' dir='ltr'><strong>ι</strong></span> <span class='ocrx_word' id='word_1_637' title='bbox 3184 3690 3401 3744; x_wconf 91' lang='lat' dir='ltr'><strong>nomine</strong></span> <span class='ocrx_word' id='word_1_638' title='bbox 3435 3688 3696 3758; x_wconf 86' lang='lat' dir='ltr'><strong>publicam</strong></span> <span class='ocrx_word' id='word_1_639' title='bbox 3723 3707 3786 3747; x_wconf 88' lang='lat' dir='ltr'><strong>ac</strong></span> <span class='ocrx_word' id='word_1_640' title='bbox 3818 3709 3907 3747; x_wconf 80' lang='lat' dir='ltr'><strong>so-</strong></span> 
     </span>
    </p>
   </div>
   <div class='ocr_carea' id='block_1_83' title="bbox 2311 3775 3908 3852">
    <p class='ocr_par' dir='ltr' id='par_1_83' title="bbox 2311 3775 3908 3852">
     <span class='ocr_line' id='line_1_83' title="bbox 2311 3775 3908 3852; baseline 0.008 -24"><span class='ocrx_word' id='word_1_641' title='bbox 2311 3775 2545 3830; x_wconf 88' lang='lat' dir='ltr'><strong>lemnem</strong></span> <span class='ocrx_word' id='word_1_642' title='bbox 2577 3778 2943 3846; x_wconf 67' lang='lat' dir='ltr'><strong>paenitentiam</strong></span> <span class='ocrx_word' id='word_1_643' title='bbox 2975 3777 3260 3849; x_wconf 84' lang='lat' dir='ltr'><strong>intelligat;</strong></span> <span class='ocrx_word' id='word_1_644' title='bbox 3295 3778 3426 3849; x_wconf 89' lang='lat' dir='ltr'><strong>quid</strong></span> <span class='ocrx_word' id='word_1_645' title='bbox 3449 3788 3594 3835; x_wconf 84' lang='lat' dir='ltr'><strong>vetat</strong></span> <span class='ocrx_word' id='word_1_646' title='bbox 3620 3784 3908 3852; x_wconf 87' lang='lat' dir='ltr'><strong>quominus</strong></span> 
     </span>
    </p>
   </div>
   <div class='ocr_carea' id='block_1_84' title="bbox 2310 3867 3908 3942">
    <p class='ocr_par' dir='ltr' id='par_1_84' title="bbox 2310 3867 3908 3942">
     <span class='ocr_line' id='line_1_84' title="bbox 2310 3867 3908 3942; baseline 0.006 -20"><span class='ocrx_word' id='word_1_647' title='bbox 2310 3867 2453 3924; x_wconf 90' lang='lat' dir='ltr'><strong>idem</strong></span> <span class='ocrx_word' id='word_1_648' title='bbox 2485 3885 2679 3924; x_wconf 89' lang='lat' dir='ltr'><strong>nomen</strong></span> <span class='ocrx_word' id='word_1_649' title='bbox 2722 3870 2776 3924; x_wconf 90' lang='lat' dir='ltr'><strong>in</strong></span> <span class='ocrx_word' id='word_1_650' title='bbox 2819 3871 3058 3936; x_wconf 88' lang='lat' dir='ltr'><strong>decreto,</strong></span> <span class='ocrx_word' id='word_1_651' title='bbox 3089 3871 3230 3942; x_wconf 90' lang='lat' dir='ltr'><strong>quod</strong></span> <span class='ocrx_word' id='word_1_652' title='bbox 3269 3870 3554 3927; x_wconf 78' lang='lat' dir='ltr'><strong>Cornelius</strong></span> <span class='ocrx_word' id='word_1_653' title='bbox 3590 3890 3710 3930; x_wconf 90' lang='lat' dir='ltr'><strong>cum</strong></span> <span class='ocrx_word' id='word_1_654' title='bbox 3744 3878 3908 3933; x_wconf 87' lang='lat' dir='ltr'><strong>totius</strong></span> 
     </span>
    </p>
   </div>
   <div class='ocr_carea' id='block_1_85' title="bbox 2307 3961 3907 4034">
    <p class='ocr_par' dir='ltr' id='par_1_85' title="bbox 2307 3961 3907 4034">
     <span class='ocr_line' id='line_1_85' title="bbox 2307 3961 3907 4034; baseline 0.005 -18"><span class='ocrx_word' id='word_1_655' title='bbox 2307 3962 2454 4016; x_wconf 88' lang='lat' dir='ltr'><strong>orbis</strong></span> <span class='ocrx_word' id='word_1_656' title='bbox 2520 3961 2812 4016; x_wconf 84' lang='lat' dir='ltr'><strong>Christiani</strong></span> <span class='ocrx_word' id='word_1_657' title='bbox 2865 3963 3132 4034; x_wconf 90' lang='lat' dir='ltr'><strong>episcopis</strong></span> <span class='ocrx_word' id='word_1_658' title='bbox 3187 3964 3400 4030; x_wconf 80' lang='lat' dir='ltr'><strong>sanxit,</strong></span> <span class='ocrx_word' id='word_1_659' title='bbox 3455 3965 3644 4021; x_wconf 89' lang='lat' dir='ltr'><strong>eadem</strong></span> <span class='ocrx_word' id='word_1_660' title='bbox 3694 3967 3907 4024; x_wconf 86' lang='lat' dir='ltr'><strong>ratione</strong></span> 
     </span>
    </p>
   </div>
   <div class='ocr_carea' id='block_1_86' title="bbox 2309 4054 3019 4122">
    <p class='ocr_par' dir='ltr' id='par_1_86' title="bbox 2309 4054 3019 4122">
     <span class='ocr_line' id='line_1_86' title="bbox 2309 4054 3019 4122; baseline 0.004 -16"><span class='ocrx_word' id='word_1_661' title='bbox 2309 4063 2625 4122; x_wconf 86' lang='lat' dir='ltr'><strong>usurpatum</strong></span> <span class='ocrx_word' id='word_1_662' title='bbox 2653 4054 3019 4122; x_wconf 81' lang='lat' dir='ltr'><strong>intelligatur?</strong></span> 
     </span>
    </p>
   </div>
   <div class='ocr_carea' id='block_1_87' title="bbox 2379 4145 3908 4218">
    <p class='ocr_par' dir='ltr' id='par_1_87' title="bbox 2379 4145 3908 4218">
     <span class='ocr_line' id='line_1_87' title="bbox 2379 4145 3908 4218; baseline 0.005 -19"><span class='ocrx_word' id='word_1_663' title='bbox 2379 4145 2434 4200; x_wconf 87' lang='lat'><strong>9.</strong></span> <span class='ocrx_word' id='word_1_664' title='bbox 2480 4145 2624 4200; x_wconf 91' lang='lat' dir='ltr'><strong>Istud</strong></span> <span class='ocrx_word' id='word_1_665' title='bbox 2656 4159 2816 4216; x_wconf 86' lang='lat' dir='ltr'><strong>porro</strong></span> <span class='ocrx_word' id='word_1_666' title='bbox 2837 4161 2923 4201; x_wconf 88' lang='lat' dir='ltr'><strong>me</strong></span> <span class='ocrx_word' id='word_1_667' title='bbox 2949 4146 3102 4202; x_wconf 84' lang='lat' dir='ltr'><strong>valde</strong></span> <span class='ocrx_word' id='word_1_668' title='bbox 3131 4145 3478 4218; x_wconf 88' lang='lat' dir='ltr'><strong>muvet,quod</strong></span> <span class='ocrx_word' id='word_1_669' title='bbox 3503 4149 3606 4204; x_wconf 90' lang='lat' dir='ltr'><strong>hoc</strong></span> <span class='ocrx_word' id='word_1_670' title='bbox 3630 4149 3908 4207; x_wconf 87' lang='lat' dir='ltr'><strong>decretum</strong></span> 
     </span>
    </p>
   </div>
   <div class='ocr_carea' id='block_1_88' title="bbox 2307 4236 3905 4308">
    <p class='ocr_par' dir='ltr' id='par_1_88' title="bbox 2307 4236 3905 4308">
     <span class='ocr_line' id='line_1_88' title="bbox 2307 4236 3905 4308; baseline 0.003 -17"><span class='ocrx_word' id='word_1_671' title='bbox 2307 4252 2413 4291; x_wconf 86' lang='lat' dir='ltr'><strong>non</strong></span> <span class='ocrx_word' id='word_1_672' title='bbox 2446 4237 2614 4292; x_wconf 88' lang='lat' dir='ltr'><strong>solius</strong></span> <span class='ocrx_word' id='word_1_673' title='bbox 2641 4236 2877 4293; x_wconf 82' lang='lat' dir='ltr'><strong>Cornelii</strong></span> <span class='ocrx_word' id='word_1_674' title='bbox 2915 4248 2969 4293; x_wconf 91' lang='lat' dir='ltr'><strong>et</strong></span> <span class='ocrx_word' id='word_1_675' title='bbox 2990 4239 3266 4304; x_wconf 89' lang='lat' dir='ltr'><strong>ltalurutu,</strong></span> <span class='ocrx_word' id='word_1_676' title='bbox 3298 4239 3394 4294; x_wconf 85' lang='lat' dir='ltr'><strong>sed</strong></span> <span class='ocrx_word' id='word_1_677' title='bbox 3421 4247 3477 4293; x_wconf 89' lang='lat' dir='ltr'><strong>et</strong></span> <span class='ocrx_word' id='word_1_678' title='bbox 3503 4238 3905 4308; x_wconf 81' lang='lat' dir='ltr'><strong>Africanorum,</strong></span> 
     </span>
    </p>
   </div>
   <div class='ocr_carea' id='block_1_89' title="bbox 2303 4334 3908 4407">
    <p class='ocr_par' dir='ltr' id='par_1_89' title="bbox 2303 4334 3908 4407">
     <span class='ocr_line' id='line_1_89' title="bbox 2303 4334 3908 4407; baseline 0.002 -19"><span class='ocrx_word' id='word_1_679' title='bbox 2303 4334 2468 4390; x_wconf 89' lang='lat' dir='ltr'><strong>immo</strong></span> <span class='ocrx_word' id='word_1_680' title='bbox 2505 4353 2523 4385; x_wconf 69' lang='grc' dir='ltr'><strong>ι</strong></span> <span class='ocrx_word' id='word_1_681' title='bbox 2559 4338 2799 4391; x_wconf 86' lang='lat' dir='ltr'><strong>omnium</strong></span> <span class='ocrx_word' id='word_1_682' title='bbox 2830 4338 3052 4392; x_wconf 89' lang='lat' dir='ltr'><strong>omnino</strong></span> <span class='ocrx_word' id='word_1_683' title='bbox 3099 4336 3476 4407; x_wconf 88' lang='lat' dir='ltr'><strong>episcoporum</strong></span> <span class='ocrx_word' id='word_1_684' title='bbox 3509 4337 3562 4390; x_wconf 92' lang='lat' dir='ltr'><strong>in</strong></span> <span class='ocrx_word' id='word_1_685' title='bbox 3605 4346 3717 4390; x_wconf 89' lang='lat' dir='ltr'><strong>toto</strong></span> <span class='ocrx_word' id='word_1_686' title='bbox 3771 4338 3908 4393; x_wconf 89' lang='lat' dir='ltr'><strong>orbe</strong></span> 
     </span>
    </p>
   </div>
   <div class='ocr_carea' id='block_1_90' title="bbox 2301 4429 3908 4503">
    <p class='ocr_par' dir='ltr' id='par_1_90' title="bbox 2301 4429 3908 4503">
     <span class='ocr_line' id='line_1_90' title="bbox 2301 4429 3908 4503; baseline 0.001 -19"><span class='ocrx_word' id='word_1_687' title='bbox 2301 4431 2712 4485; x_wconf 88' lang='lat' dir='ltr'><strong>constitutorum</strong></span> <span class='ocrx_word' id='word_1_688' title='bbox 2755 4448 2773 4481; x_wconf 78' lang='grc' dir='ltr'><strong>ι</strong></span> <span class='ocrx_word' id='word_1_689' title='bbox 2801 4429 2967 4486; x_wconf 73' lang='lat' dir='ltr'><strong>fuisse</strong></span> <span class='ocrx_word' id='word_1_690' title='bbox 2990 4429 3294 4503; x_wconf 88' lang='lat' dir='ltr'><strong>Cyprianus</strong></span> <span class='ocrx_word' id='word_1_691' title='bbox 3321 4437 3568 4485; x_wconf 89' lang='lat' dir='ltr'><strong>testatur.</strong></span> <span class='ocrx_word' id='word_1_692' title='bbox 3618 4430 3908 4486; x_wconf 87' lang='lat' dir='ltr'><strong>Decretum</strong></span> 
     </span>
    </p>
   </div>
   <div class='ocr_carea' id='block_1_91' title="bbox 591 4517 3904 4595">
    <p class='ocr_par' dir='ltr' id='par_1_91' title="bbox 591 4517 3904 4595">
     <span class='ocr_line' id='line_1_91' title="bbox 591 4517 3904 4595; baseline 0.001 -19"><span class='ocrx_word' id='word_1_693' title='bbox 591 4520 694 4576; x_wconf 87' lang='lat' dir='ltr'><strong>bus</strong></span> <span class='ocrx_word' id='word_1_694' title='bbox 722 4519 1062 4583; x_wconf 90' lang='lat' dir='ltr'><strong>incumbere;</strong></span> <span class='ocrx_word' id='word_1_695' title='bbox 1093 4517 1254 4573; x_wconf 89' lang='lat' dir='ltr'><strong>audet</strong></span> <span class='ocrx_word' id='word_1_696' title='bbox 1292 4517 1392 4572; x_wconf 89' lang='lat' dir='ltr'><strong>sibi</strong></span> <span class='ocrx_word' id='word_1_697' title='bbox 1430 4517 1609 4574; x_wconf 90' lang='lat' dir='ltr'><strong>adhuc</strong></span> <span class='ocrx_word' id='word_1_698' title='bbox 1651 4519 2010 4576; x_wconf 88' lang='lat' dir='ltr'><strong>sacerdotium</strong></span> <span class='ocrx_word' id='word_1_699' title='bbox 2051 4521 2195 4591; x_wconf 91' lang='lat' dir='ltr'><strong>quod</strong></span> <span class='ocrx_word' id='word_1_700' title='bbox 2221 4523 2444 4588; x_wconf 84' lang='lat' dir='ltr'><strong>Denitn</strong></span> <span class='ocrx_word' id='word_1_701' title='bbox 2493 4533 2643 4579; x_wconf 82' lang='lat' dir='ltr'><strong>tanto</strong></span> <span class='ocrx_word' id='word_1_702' title='bbox 2699 4534 2917 4595; x_wconf 87' lang='lat' dir='ltr'><strong>tamque</strong></span> <span class='ocrx_word' id='word_1_703' title='bbox 2975 4523 3212 4595; x_wconf 81' lang='lat' dir='ltr'><strong>generali</strong></span> <span class='ocrx_word' id='word_1_704' title='bbox 3279 4539 3549 4578; x_wconf 86' lang='lat' dir='ltr'><strong>consensu</strong></span> <span class='ocrx_word' id='word_1_705' title='bbox 3595 4523 3904 4594; x_wconf 70' lang='lat' dir='ltr'><strong>(limatum,</strong></span> 
     </span>
    </p>
   </div>
   <div class='ocr_carea' id='block_1_92' title="bbox 598 4610 2198 4683">
    <p class='ocr_par' dir='ltr' id='par_1_92' title="bbox 598 4610 2198 4683">
     <span class='ocr_line' id='line_1_92' title="bbox 598 4610 2198 4683; baseline 0.003 -17"><span class='ocrx_word' id='word_1_706' title='bbox 598 4611 833 4683; x_wconf 91' lang='lat' dir='ltr'><strong>prodidit</strong></span> <span class='ocrx_word' id='word_1_707' title='bbox 863 4610 1158 4678; x_wconf 85' lang='lat' dir='ltr'><strong>vindicare,</strong></span> <span class='ocrx_word' id='word_1_708' title='bbox 1205 4611 1356 4683; x_wconf 87' lang='lat' dir='ltr'><strong>quasi</strong></span> <span class='ocrx_word' id='word_1_709' title='bbox 1403 4621 1523 4682; x_wconf 91' lang='lat' dir='ltr'><strong>post</strong></span> <span class='ocrx_word' id='word_1_710' title='bbox 1550 4626 1672 4666; x_wconf 91' lang='lat' dir='ltr'><strong>aras</strong></span> <span class='ocrx_word' id='word_1_711' title='bbox 1715 4610 1913 4668; x_wconf 91' lang='lat' dir='ltr'><strong>diaboli</strong></span> <span class='ocrx_word' id='word_1_712' title='bbox 1941 4616 2198 4671; x_wconf 88' lang='lat' dir='ltr'><strong>accedere</strong></span> 
     </span>
    </p>
   </div>
   <div class='ocr_carea' id='block_1_93' title="bbox 599 4704 1234 4761">
    <p class='ocr_par' dir='ltr' id='par_1_93' title="bbox 599 4704 1234 4761">
     <span class='ocr_line' id='line_1_93' title="bbox 599 4704 1234 4761; baseline -0.002 -2"><span class='ocrx_word' id='word_1_713' title='bbox 599 4705 666 4760; x_wconf 92' lang='lat' dir='ltr'><strong>ad</strong></span> <span class='ocrx_word' id='word_1_714' title='bbox 689 4705 857 4760; x_wconf 88' lang='lat' dir='ltr'><strong>altare</strong></span> <span class='ocrx_word' id='word_1_715' title='bbox 882 4704 975 4761; x_wconf 90' lang='lat' dir='ltr'><strong>Dei</strong></span> <span class='ocrx_word' id='word_1_716' title='bbox 1004 4704 1084 4759; x_wconf 87' lang='lat' dir='ltr'><strong>fas</strong></span> <span class='ocrx_word' id='word_1_717' title='bbox 1109 4705 1198 4760; x_wconf 90' lang='lat' dir='ltr'><strong>sit.</strong></span> <span class='ocrx_word' id='word_1_718' title='bbox 1216 4723 1234 4758; x_wconf 80' lang='grc' dir='ltr'><strong>ι</strong></span> 
     </span>
    </p>
   </div>
   <div class='ocr_carea' id='block_1_94' title="bbox 667 4794 2196 4869">
    <p class='ocr_par' dir='ltr' id='par_1_94' title="bbox 667 4794 2196 4869">
     <span class='ocr_line' id='line_1_94' title="bbox 667 4794 2196 4869; baseline 0 -15"><span class='ocrx_word' id='word_1_719' title='bbox 667 4796 722 4854; x_wconf 90' lang='grc'><strong>8.</strong></span> <span class='ocrx_word' id='word_1_720' title='bbox 757 4796 952 4852; x_wconf 87' lang='lat' dir='ltr'><strong>Verum</strong></span> <span class='ocrx_word' id='word_1_721' title='bbox 982 4794 1218 4853; x_wconf 89' lang='lat' dir='ltr'><strong>Cornelii</strong></span> <span class='ocrx_word' id='word_1_722' title='bbox 1246 4804 1407 4869; x_wconf 88' lang='lat' dir='ltr'><strong>atque</strong></span> <span class='ocrx_word' id='word_1_723' title='bbox 1433 4797 1810 4868; x_wconf 88' lang='lat' dir='ltr'><strong>episcoporum</strong></span> <span class='ocrx_word' id='word_1_724' title='bbox 1830 4799 1992 4853; x_wconf 90' lang='lat' dir='ltr'><strong>totius</strong></span> <span class='ocrx_word' id='word_1_725' title='bbox 2007 4797 2196 4855; x_wconf 91' lang='lat' dir='ltr'><strong>mundi</strong></span> 
     </span>
    </p>
   </div>
   <div class='ocr_carea' id='block_1_95' title="bbox 595 4888 2196 4964">
    <p class='ocr_par' dir='ltr' id='par_1_95' title="bbox 595 4888 2196 4964">
     <span class='ocr_line' id='line_1_95' title="bbox 595 4888 2196 4964; baseline 0.001 -20"><span class='ocrx_word' id='word_1_726' title='bbox 595 4905 717 4964; x_wconf 78' lang='lat' dir='ltr'><strong>qua:</strong></span> <span class='ocrx_word' id='word_1_727' title='bbox 763 4904 916 4945; x_wconf 90' lang='lat' dir='ltr'><strong>mens</strong></span> <span class='ocrx_word' id='word_1_728' title='bbox 947 4888 1139 4956; x_wconf 89' lang='lat' dir='ltr'><strong>fuerit,</strong></span> <span class='ocrx_word' id='word_1_729' title='bbox 1197 4903 1263 4944; x_wconf 86' lang='lat' dir='ltr'><strong>ex</strong></span> <span class='ocrx_word' id='word_1_730' title='bbox 1305 4904 1368 4944; x_wconf 91' lang='lat' dir='ltr'><strong>ea</strong></span> <span class='ocrx_word' id='word_1_731' title='bbox 1417 4889 1531 4960; x_wconf 90' lang='lat' dir='ltr'><strong>ipsa</strong></span> <span class='ocrx_word' id='word_1_732' title='bbox 1557 4888 1814 4960; x_wconf 89' lang='lat' dir='ltr'><strong>Cypriani</strong></span> <span class='ocrx_word' id='word_1_733' title='bbox 1843 4889 2110 4962; x_wconf 88' lang='lat' dir='ltr'><strong>Epistula,</strong></span> <span class='ocrx_word' id='word_1_734' title='bbox 2144 4890 2196 4946; x_wconf 91' lang='lat' dir='ltr'><strong>in</strong></span> 
     </span>
    </p>
   </div>
   <div class='ocr_carea' id='block_1_96' title="bbox 597 4982 2195 5056">
    <p class='ocr_par' dir='ltr' id='par_1_96' title="bbox 597 4982 2195 5056">
     <span class='ocr_line' id='line_1_96' title="bbox 597 4982 2195 5056; baseline -0.001 -15"><span class='ocrx_word' id='word_1_735' title='bbox 597 5001 702 5056; x_wconf 88' lang='lat' dir='ltr'><strong>qua</strong></span> <span class='ocrx_word' id='word_1_736' title='bbox 731 4984 1008 5040; x_wconf 90' lang='lat' dir='ltr'><strong>decretum</strong></span> <span class='ocrx_word' id='word_1_737' title='bbox 1044 4985 1256 5039; x_wconf 89' lang='lat' dir='ltr'><strong>illorum</strong></span> <span class='ocrx_word' id='word_1_738' title='bbox 1287 4982 1536 5039; x_wconf 87' lang='lat' dir='ltr'><strong>laudatur</strong></span> <span class='ocrx_word' id='word_1_739' title='bbox 1558 5025 1574 5051; x_wconf 92' lang='lat'><strong>,</strong></span> <span class='ocrx_word' id='word_1_740' title='bbox 1594 4984 1852 5056; x_wconf 90' lang='lat' dir='ltr'><strong>colligere</strong></span> <span class='ocrx_word' id='word_1_741' title='bbox 1875 4986 2077 5040; x_wconf 91' lang='lat' dir='ltr'><strong>certius</strong></span> <span class='ocrx_word' id='word_1_742' title='bbox 2114 4993 2195 5041; x_wconf 88' lang='lat' dir='ltr'><strong>at-</strong></span> 
     </span>
    </p>
   </div>
   <div class='ocr_carea' id='block_1_97' title="bbox 589 5076 2193 5152">
    <p class='ocr_par' dir='ltr' id='par_1_97' title="bbox 589 5076 2193 5152">
     <span class='ocr_line' id='line_1_97' title="bbox 589 5076 2193 5152; baseline 0.001 -20"><span class='ocrx_word' id='word_1_743' title='bbox 589 5093 696 5150; x_wconf 90' lang='lat' dir='ltr'><strong>que</strong></span> <span class='ocrx_word' id='word_1_744' title='bbox 724 5077 1070 5148; x_wconf 87' lang='lat' dir='ltr'><strong>interpretari</strong></span> <span class='ocrx_word' id='word_1_745' title='bbox 1116 5077 1262 5134; x_wconf 90' lang='lat' dir='ltr'><strong>licet.</strong></span> <span class='ocrx_word' id='word_1_746' title='bbox 1310 5077 1366 5133; x_wconf 86' lang='lat' dir='ltr'><strong>In</strong></span> <span class='ocrx_word' id='word_1_747' title='bbox 1415 5092 1478 5132; x_wconf 86' lang='lat' dir='ltr'><strong>ea</strong></span> <span class='ocrx_word' id='word_1_748' title='bbox 1527 5076 1725 5152; x_wconf 88' lang='lat' dir='ltr'><strong>quippe</strong></span> <span class='ocrx_word' id='word_1_749' title='bbox 1777 5087 2193 5148; x_wconf 73' lang='lat' dir='ltr'><strong>repraesentetur</strong></span> 
     </span>
    </p>
   </div>
   <div class='ocr_carea' id='block_1_98' title="bbox 587 5167 2191 5244">
    <p class='ocr_par' dir='ltr' id='par_1_98' title="bbox 587 5167 2191 5244">
     <span class='ocr_line' id='line_1_98' title="bbox 587 5167 2191 5244; baseline 0.002 -19"><span class='ocrx_word' id='word_1_750' title='bbox 587 5168 876 5234; x_wconf 88' lang='lat' dir='ltr'><strong>Basilides,</strong></span> <span class='ocrx_word' id='word_1_751' title='bbox 911 5179 970 5244; x_wconf 84' lang='lat' dir='ltr'><strong>ut</strong></span> <span class='ocrx_word' id='word_1_752' title='bbox 994 5169 1086 5241; x_wconf 91' lang='lat' dir='ltr'><strong>qui</strong></span> <span class='ocrx_word' id='word_1_753' title='bbox 1115 5169 1335 5226; x_wconf 90' lang='lat' dir='ltr'><strong>decreto</strong></span> <span class='ocrx_word' id='word_1_754' title='bbox 1359 5167 1437 5225; x_wconf 91' lang='lat' dir='ltr'><strong>illi</strong></span> <span class='ocrx_word' id='word_1_755' title='bbox 1469 5184 1659 5242; x_wconf 87' lang='lat' dir='ltr'><strong>parere</strong></span> <span class='ocrx_word' id='word_1_756' title='bbox 1683 5185 1746 5226; x_wconf 90' lang='lat' dir='ltr'><strong>ac</strong></span> <span class='ocrx_word' id='word_1_757' title='bbox 1769 5177 1973 5226; x_wconf 80' lang='lat' dir='ltr'><strong>murem</strong></span> <span class='ocrx_word' id='word_1_758' title='bbox 2000 5187 2191 5242; x_wconf 88' lang='lat' dir='ltr'><strong>gerere</strong></span> 
     </span>
    </p>
   </div>
   <div class='ocr_carea' id='block_1_99' title="bbox 581 5261 2192 5334">
    <p class='ocr_par' dir='ltr' id='par_1_99' title="bbox 581 5261 2192 5334">
     <span class='ocr_line' id='line_1_99' title="bbox 581 5261 2192 5334; baseline 0.002 -18"><span class='ocrx_word' id='word_1_759' title='bbox 581 5261 696 5332; x_wconf 79' lang='lat' dir='ltr'><strong>jam</strong></span> <span class='ocrx_word' id='word_1_760' title='bbox 724 5261 979 5330; x_wconf 63' lang='lat' dir='ltr'><strong>cuspisset</strong></span> <span class='ocrx_word' id='word_1_761' title='bbox 1001 5276 1016 5316; x_wconf 87' lang='lat'><strong>:</strong></span> <span class='ocrx_word' id='word_1_762' title='bbox 1039 5261 1178 5318; x_wconf 89' lang='lat' dir='ltr'><strong>adeo</strong></span> <span class='ocrx_word' id='word_1_763' title='bbox 1211 5271 1294 5316; x_wconf 72' lang='grc' dir='ltr'>ιιι(</span> <span class='ocrx_word' id='word_1_764' title='bbox 1327 5263 1692 5334; x_wconf 90' lang='lat' dir='ltr'><strong>episcopatum</strong></span> <span class='ocrx_word' id='word_1_765' title='bbox 1717 5277 1814 5334; x_wconf 92' lang='lat' dir='ltr'><strong>pro</strong></span> <span class='ocrx_word' id='word_1_766' title='bbox 1843 5264 2192 5320; x_wconf 74' lang='lat' dir='ltr'><strong>conscientia:</strong></span> 
     </span>
    </p>
   </div>
   <div class='ocr_carea' id='block_1_100' title="bbox 584 5349 2189 5428">
    <p class='ocr_par' dir='ltr' id='par_1_100' title="bbox 584 5349 2189 5428">
     <span class='ocr_line' id='line_1_100' title="bbox 584 5349 2189 5428; baseline 0.004 -22"><span class='ocrx_word' id='word_1_767' title='bbox 584 5365 700 5406; x_wconf 83' lang='lat' dir='ltr'><strong>suae</strong></span> <span class='ocrx_word' id='word_1_768' title='bbox 744 5351 969 5408; x_wconf 86' lang='lat' dir='ltr'><strong>vulnere</strong></span> <span class='ocrx_word' id='word_1_769' title='bbox 1017 5349 1330 5424; x_wconf 89' lang='lat' dir='ltr'><strong>deponens,</strong></span> <span class='ocrx_word' id='word_1_770' title='bbox 1379 5353 1449 5410; x_wconf 91' lang='lat' dir='ltr'><strong>ad</strong></span> <span class='ocrx_word' id='word_1_771' title='bbox 1502 5356 1765 5427; x_wconf 86' lang='lat' dir='ltr'><strong>agendam</strong></span> <span class='ocrx_word' id='word_1_772' title='bbox 1818 5357 2189 5428; x_wconf 63' lang='lat' dir='ltr'><strong>paenitentiam</strong></span> 
     </span>
    </p>
   </div>
   <div class='ocr_carea' id='block_1_101' title="bbox 581 5443 2188 5524">
    <p class='ocr_par' dir='ltr' id='par_1_101' title="bbox 581 5443 2188 5524">
     <span class='ocr_line' id='line_1_101' title="bbox 581 5443 2188 5524; baseline 0.004 -25"><span class='ocrx_word' id='word_1_773' title='bbox 581 5456 881 5506; x_wconf 87' lang='lat' dir='ltr'><strong>conversus</strong></span> <span class='ocrx_word' id='word_1_774' title='bbox 912 5443 1014 5517; x_wconf 86' lang='lat' dir='ltr'><strong>sit,</strong></span> <span class='ocrx_word' id='word_1_775' title='bbox 1041 5445 1209 5502; x_wconf 87' lang='lat' dir='ltr'><strong>Deum</strong></span> <span class='ocrx_word' id='word_1_776' title='bbox 1251 5446 1571 5518; x_wconf 82' lang='lat' dir='ltr'><strong>deprecans,</strong></span> <span class='ocrx_word' id='word_1_777' title='bbox 1603 5459 1658 5506; x_wconf 90' lang='lat' dir='ltr'><strong>et</strong></span> <span class='ocrx_word' id='word_1_778' title='bbox 1685 5448 1817 5504; x_wconf 89' lang='lat' dir='ltr'><strong>satis</strong></span> <span class='ocrx_word' id='word_1_779' title='bbox 1842 5452 2120 5524; x_wconf 91' lang='lat' dir='ltr'><strong>gratulans</strong></span> <span class='ocrx_word' id='word_1_780' title='bbox 2142 5451 2188 5507; x_wconf 88' lang='lat' dir='ltr'><strong>si</strong></span> 
     </span>
    </p>
   </div>
   <div class='ocr_carea' id='block_1_102' title="bbox 574 5535 2187 5613">
    <p class='ocr_par' dir='ltr' id='par_1_102' title="bbox 574 5535 2187 5613">
     <span class='ocr_line' id='line_1_102' title="bbox 574 5535 2187 5613; baseline 0.006 -21"><span class='ocrx_word' id='word_1_781' title='bbox 574 5535 685 5592; x_wconf 84' lang='lat' dir='ltr'><strong>sibi</strong></span> <span class='ocrx_word' id='word_1_782' title='bbox 713 5537 794 5593; x_wconf 86' lang='lat' dir='ltr'><strong>vel</strong></span> <span class='ocrx_word' id='word_1_783' title='bbox 828 5537 968 5594; x_wconf 89' lang='lat' dir='ltr'><strong>laico</strong></span> <span class='ocrx_word' id='word_1_784' title='bbox 991 5541 1404 5598; x_wconf 89' lang='lat' dir='ltr'><strong>communicare</strong></span> <span class='ocrx_word' id='word_1_785' title='bbox 1427 5542 1792 5613; x_wconf 86' lang='lat' dir='ltr'><strong>contingeret.</strong></span> <span class='ocrx_word' id='word_1_786' title='bbox 1823 5561 1844 5598; x_wconf 81' lang='grc' dir='ltr'><strong>ι</strong></span> <span class='ocrx_word' id='word_1_787' title='bbox 1877 5544 1934 5601; x_wconf 91' lang='lat' dir='ltr'><strong>Si</strong></span> <span class='ocrx_word' id='word_1_788' title='bbox 1962 5546 2108 5602; x_wconf 89' lang='lat' dir='ltr'><strong>enim</strong></span> <span class='ocrx_word' id='word_1_789' title='bbox 2133 5545 2187 5601; x_wconf 89' lang='lat' dir='ltr'><strong>in</strong></span> 
     </span>
    </p>
   </div>
   <div class='ocr_carea' id='block_1_103' title="bbox 560 5629 2186 5715">
    <p class='ocr_par' dir='ltr' id='par_1_103' title="bbox 560 5629 2186 5715">
     <span class='ocr_line' id='line_1_103' title="bbox 560 5629 2186 5715; baseline 0.004 -27"><span class='ocrx_word' id='word_1_790' title='bbox 560 5629 656 5688; x_wconf 82' lang='lat' dir='ltr'><strong>bis</strong></span> <span class='ocrx_word' id='word_1_791' title='bbox 683 5630 856 5685; x_wconf 79' lang='lat' dir='ltr'><strong>verbis</strong></span> <span class='ocrx_word' id='word_1_792' title='bbox 881 5631 1367 5700; x_wconf 73' lang='lat' dir='ltr'><strong>quibusﬁasilides</strong></span> <span class='ocrx_word' id='word_1_793' title='bbox 1395 5637 1496 5692; x_wconf 74' lang='lat' dir='ltr'><strong>«ad</strong></span> <span class='ocrx_word' id='word_1_794' title='bbox 1513 5633 1777 5708; x_wconf 84' lang='lat' dir='ltr'><strong>agendam</strong></span> <span class='ocrx_word' id='word_1_795' title='bbox 1810 5637 2186 5715; x_wconf 63' lang='lat' dir='ltr'><strong>paenitentiam</strong></span> 
     </span>
    </p>
   </div>
   <div class='ocr_carea' id='block_1_104' title="bbox 544 5727 2186 5804">
    <p class='ocr_par' dir='ltr' id='par_1_104' title="bbox 544 5727 2186 5804">
     <span class='ocr_line' id='line_1_104' title="bbox 544 5727 2186 5804; baseline 0.005 -26"><span class='ocrx_word' id='word_1_796' title='bbox 544 5733 844 5790; x_wconf 83' lang='lat' dir='ltr'><strong>conversus</strong></span> <span class='ocrx_word' id='word_1_797' title='bbox 879 5739 901 5774; x_wconf 76' lang='grc' dir='ltr'><strong>ι</strong></span> <span class='ocrx_word' id='word_1_798' title='bbox 929 5729 1226 5802; x_wconf 77' lang='lat' dir='ltr'><strong>narratur,</strong></span> <span class='ocrx_word' id='word_1_799' title='bbox 1275 5740 1612 5804; x_wconf 85' lang='lat' dir='ltr'><strong>nequaquam</strong></span> <span class='ocrx_word' id='word_1_800' title='bbox 1647 5727 1864 5797; x_wconf 83' lang='lat' dir='ltr'><strong>publica</strong></span> <span class='ocrx_word' id='word_1_801' title='bbox 1917 5728 2186 5802; x_wconf 83' lang='lat' dir='ltr'><strong>poeniten-</strong></span> 
     </span>
    </p>
   </div>
   <div class='ocr_carea' id='block_1_105' title="bbox 2301 4613 3908 4687">
    <p class='ocr_par' dir='ltr' id='par_1_105' title="bbox 2301 4613 3908 4687">
     <span class='ocr_line' id='line_1_105' title="bbox 2301 4613 3908 4687; baseline 0.002 -17"><span class='ocrx_word' id='word_1_802' title='bbox 2301 4617 2513 4671; x_wconf 86' lang='lat' dir='ltr'><strong>nunnisi</strong></span> <span class='ocrx_word' id='word_1_803' title='bbox 2570 4617 2800 4672; x_wconf 89' lang='lat' dir='ltr'><strong>solemni</strong></span> <span class='ocrx_word' id='word_1_804' title='bbox 2853 4616 3029 4687; x_wconf 90' lang='lat' dir='ltr'><strong>aliqua</strong></span> <span class='ocrx_word' id='word_1_805' title='bbox 3085 4616 3204 4686; x_wconf 79' lang='lat' dir='ltr'><strong>lege</strong></span> <span class='ocrx_word' id='word_1_806' title='bbox 3243 4615 3489 4686; x_wconf 83' lang='lat' dir='ltr'><strong>abrogari</strong></span> <span class='ocrx_word' id='word_1_807' title='bbox 3535 4613 3762 4671; x_wconf 89' lang='lat' dir='ltr'><strong>debuit:</strong></span> <span class='ocrx_word' id='word_1_808' title='bbox 3808 4628 3908 4673; x_wconf 86' lang='lat' dir='ltr'><strong>aut</strong></span> 
     </span>
    </p>
   </div>
   <div class='ocr_carea' id='block_1_106' title="bbox 2304 4695 3906 4780">
    <p class='ocr_par' dir='ltr' id='par_1_106' title="bbox 2304 4695 3906 4780">
     <span class='ocr_line' id='line_1_106' title="bbox 2304 4695 3906 4780; baseline 0.002 -19"><span class='ocrx_word' id='word_1_809' title='bbox 2304 4707 2350 4761; x_wconf 89' lang='lat' dir='ltr'><strong>si</strong></span> <span class='ocrx_word' id='word_1_810' title='bbox 2385 4723 2480 4778; x_wconf 92' lang='lat' dir='ltr'><strong>per</strong></span> <span class='ocrx_word' id='word_1_811' title='bbox 2501 4695 2560 4763; x_wconf 86' lang='lat' dir='ltr'><strong>se</strong></span> <span class='ocrx_word' id='word_1_812' title='bbox 2591 4710 2855 4779; x_wconf 89' lang='lat' dir='ltr'><strong>antiquari</strong></span> <span class='ocrx_word' id='word_1_813' title='bbox 2884 4719 3045 4780; x_wconf 88' lang='lat' dir='ltr'><strong>atque</strong></span> <span class='ocrx_word' id='word_1_814' title='bbox 3073 4709 3124 4762; x_wconf 91' lang='lat' dir='ltr'><strong>in</strong></span> <span class='ocrx_word' id='word_1_815' title='bbox 3157 4707 3564 4763; x_wconf 85' lang='lat' dir='ltr'><strong>desuetudinem</strong></span> <span class='ocrx_word' id='word_1_816' title='bbox 3593 4709 3778 4762; x_wconf 81' lang='lat' dir='ltr'><strong>venire</strong></span> <span class='ocrx_word' id='word_1_817' title='bbox 3808 4725 3906 4778; x_wconf 89' lang='lat' dir='ltr'><strong>pu-</strong></span> 
     </span>
    </p>
   </div>
   <div class='ocr_carea' id='block_1_107' title="bbox 2304 4801 3905 4872">
    <p class='ocr_par' dir='ltr' id='par_1_107' title="bbox 2304 4801 3905 4872">
     <span class='ocr_line' id='line_1_107' title="bbox 2304 4801 3905 4872; baseline 0.001 -16"><span class='ocrx_word' id='word_1_818' title='bbox 2304 4801 2470 4857; x_wconf 90' lang='lat' dir='ltr'><strong>tuisse</strong></span> <span class='ocrx_word' id='word_1_819' title='bbox 2498 4803 2618 4871; x_wconf 83' lang='lat' dir='ltr'><strong>quis</strong></span> <span class='ocrx_word' id='word_1_820' title='bbox 2658 4804 2994 4872; x_wconf 81' lang='lat' dir='ltr'><strong>suSpicetur;</strong></span> <span class='ocrx_word' id='word_1_821' title='bbox 3046 4801 3176 4856; x_wconf 91' lang='lat' dir='ltr'><strong>illud</strong></span> <span class='ocrx_word' id='word_1_822' title='bbox 3206 4812 3352 4856; x_wconf 91' lang='lat' dir='ltr'><strong>certe</strong></span> <span class='ocrx_word' id='word_1_823' title='bbox 3401 4801 3632 4855; x_wconf 86' lang='lat' dir='ltr'><strong>fateatur</strong></span> <span class='ocrx_word' id='word_1_824' title='bbox 3673 4817 3905 4858; x_wconf 84' lang='lat' dir='ltr'><strong>necesse</strong></span> 
     </span>
    </p>
   </div>
   <div class='ocr_carea' id='block_1_108' title="bbox 2307 4893 3904 4964">
    <p class='ocr_par' dir='ltr' id='par_1_108' title="bbox 2307 4893 3904 4964">
     <span class='ocr_line' id='line_1_108' title="bbox 2307 4893 3904 4964; baseline 0.001 -16"><span class='ocrx_word' id='word_1_825' title='bbox 2307 4902 2411 4958; x_wconf 84' lang='lat' dir='ltr'><strong>est,</strong></span> <span class='ocrx_word' id='word_1_826' title='bbox 2445 4895 2528 4948; x_wconf 76' lang='lat' dir='ltr'><strong>vix</strong></span> <span class='ocrx_word' id='word_1_827' title='bbox 2564 4895 2678 4950; x_wconf 88' lang='lat' dir='ltr'><strong>ﬁeri</strong></span> <span class='ocrx_word' id='word_1_828' title='bbox 2709 4895 2968 4964; x_wconf 87' lang='lat' dir='ltr'><strong>potuisse,</strong></span> <span class='ocrx_word' id='word_1_829' title='bbox 2999 4904 3051 4948; x_wconf 90' lang='lat' dir='ltr'><strong>ut</strong></span> <span class='ocrx_word' id='word_1_830' title='bbox 3079 4893 3130 4947; x_wconf 93' lang='lat' dir='ltr'><strong>id</strong></span> <span class='ocrx_word' id='word_1_831' title='bbox 3161 4901 3266 4946; x_wconf 91' lang='lat' dir='ltr'><strong>tam</strong></span> <span class='ocrx_word' id='word_1_832' title='bbox 3294 4895 3400 4947; x_wconf 92' lang='lat' dir='ltr'><strong>cito</strong></span> <span class='ocrx_word' id='word_1_833' title='bbox 3424 4893 3476 4947; x_wconf 92' lang='lat' dir='ltr'><strong>in</strong></span> <span class='ocrx_word' id='word_1_834' title='bbox 3503 4894 3754 4947; x_wconf 90' lang='lat' dir='ltr'><strong>omnibus</strong></span> <span class='ocrx_word' id='word_1_835' title='bbox 3798 4893 3904 4950; x_wconf 76' lang='lat' dir='ltr'><strong>Ec-</strong></span> 
     </span>
    </p>
   </div>
   <div class='ocr_carea' id='block_1_109' title="bbox 2312 4986 3904 5055">
    <p class='ocr_par' dir='ltr' id='par_1_109' title="bbox 2312 4986 3904 5055">
     <span class='ocr_line' id='line_1_109' title="bbox 2312 4986 3904 5055; baseline -0.001 -13"><span class='ocrx_word' id='word_1_836' title='bbox 2312 4986 2494 5042; x_wconf 83' lang='lat' dir='ltr'><strong>clesiae</strong></span> <span class='ocrx_word' id='word_1_837' title='bbox 2529 4987 2821 5055; x_wconf 87' lang='lat' dir='ltr'><strong>provinciis</strong></span> <span class='ocrx_word' id='word_1_838' title='bbox 2848 4987 3006 5040; x_wconf 90' lang='lat' dir='ltr'><strong>simul</strong></span> <span class='ocrx_word' id='word_1_839' title='bbox 3053 4986 3409 5055; x_wconf 88' lang='lat' dir='ltr'><strong>contingeret,</strong></span> <span class='ocrx_word' id='word_1_840' title='bbox 3455 5000 3552 5040; x_wconf 89' lang='lat' dir='ltr'><strong>nec</strong></span> <span class='ocrx_word' id='word_1_841' title='bbox 3577 4986 3683 5038; x_wconf 87' lang='lat' dir='ltr'><strong>ulla</strong></span> <span class='ocrx_word' id='word_1_842' title='bbox 3707 4986 3904 5041; x_wconf 88' lang='lat' dir='ltr'><strong>saltem</strong></span> 
     </span>
    </p>
   </div>
   <div class='ocr_carea' id='block_1_110' title="bbox 2299 5077 3904 5148">
    <p class='ocr_par' dir='ltr' id='par_1_110' title="bbox 2299 5077 3904 5148">
     <span class='ocr_line' id='line_1_110' title="bbox 2299 5077 3904 5148; baseline 0 -16"><span class='ocrx_word' id='word_1_843' title='bbox 2299 5077 2350 5132; x_wconf 94' lang='lat' dir='ltr'><strong>in</strong></span> <span class='ocrx_word' id='word_1_844' title='bbox 2391 5077 2721 5148; x_wconf 87' lang='lat' dir='ltr'><strong>principibus</strong></span> <span class='ocrx_word' id='word_1_845' title='bbox 2753 5078 2880 5132; x_wconf 86' lang='lat' dir='ltr'><strong>viris</strong></span> <span class='ocrx_word' id='word_1_846' title='bbox 2913 5085 3221 5147; x_wconf 86' lang='lat' dir='ltr'><strong>superesset</strong></span> <span class='ocrx_word' id='word_1_847' title='bbox 3249 5078 3502 5131; x_wconf 88' lang='lat' dir='ltr'><strong>contrarii</strong></span> <span class='ocrx_word' id='word_1_848' title='bbox 3543 5091 3670 5131; x_wconf 83' lang='lat' dir='ltr'><strong>usus</strong></span> <span class='ocrx_word' id='word_1_849' title='bbox 3703 5092 3904 5133; x_wconf 87' lang='lat' dir='ltr'><strong>memo-</strong></span> 
     </span>
    </p>
   </div>
   <div class='ocr_carea' id='block_1_111' title="bbox 2295 5169 3901 5240">
    <p class='ocr_par' dir='ltr' id='par_1_111' title="bbox 2295 5169 3901 5240">
     <span class='ocr_line' id='line_1_111' title="bbox 2295 5169 3901 5240; baseline 0 -14"><span class='ocrx_word' id='word_1_850' title='bbox 2295 5171 2395 5226; x_wconf 90' lang='lat' dir='ltr'><strong>ria.</strong></span> <span class='ocrx_word' id='word_1_851' title='bbox 2441 5169 2601 5240; x_wconf 78' lang='lat' dir='ltr'><strong>Atqni</strong></span> <span class='ocrx_word' id='word_1_852' title='bbox 2641 5171 2841 5224; x_wconf 67' lang='lat' dir='ltr'><strong>saeculo</strong></span> <span class='ocrx_word' id='word_1_853' title='bbox 2867 5177 3057 5240; x_wconf 85' lang='lat' dir='ltr'><strong>quarto</strong></span> <span class='ocrx_word' id='word_1_854' title='bbox 3095 5170 3328 5234; x_wconf 82' lang='lat' dir='ltr'><strong>clericis,</strong></span> <span class='ocrx_word' id='word_1_855' title='bbox 3374 5178 3433 5225; x_wconf 89' lang='lat' dir='ltr'><strong>ut</strong></span> <span class='ocrx_word' id='word_1_856' title='bbox 3475 5169 3744 5239; x_wconf 79' lang='lat' dir='ltr'><strong>publicam</strong></span> <span class='ocrx_word' id='word_1_857' title='bbox 3776 5184 3901 5239; x_wconf 76' lang='lat' dir='ltr'><strong>pte-</strong></span> 
     </span>
    </p>
   </div>
   <div class='ocr_carea' id='block_1_112' title="bbox 2297 5261 3900 5332">
    <p class='ocr_par' dir='ltr' id='par_1_112' title="bbox 2297 5261 3900 5332">
     <span class='ocr_line' id='line_1_112' title="bbox 2297 5261 3900 5332; baseline -0.001 -13"><span class='ocrx_word' id='word_1_858' title='bbox 2297 5263 2577 5320; x_wconf 88' lang='lat' dir='ltr'><strong>nitentiam</strong></span> <span class='ocrx_word' id='word_1_859' title='bbox 2628 5272 2868 5332; x_wconf 83' lang='lat' dir='ltr'><strong>agerent,</strong></span> <span class='ocrx_word' id='word_1_860' title='bbox 2907 5263 3145 5317; x_wconf 79' lang='lat' dir='ltr'><strong>liuinana</strong></span> <span class='ocrx_word' id='word_1_861' title='bbox 3193 5263 3245 5316; x_wconf 90' lang='lat' dir='ltr'><strong>in</strong></span> <span class='ocrx_word' id='word_1_862' title='bbox 3291 5261 3524 5316; x_wconf 87' lang='lat' dir='ltr'><strong>Ecclesia</strong></span> <span class='ocrx_word' id='word_1_863' title='bbox 3575 5277 3900 5318; x_wconf 79' lang='lat' dir='ltr'><strong>concessum</strong></span> 
     </span>
    </p>
   </div>
   <div class='ocr_carea' id='block_1_113' title="bbox 2296 5355 3902 5425">
    <p class='ocr_par' dir='ltr' id='par_1_113' title="bbox 2296 5355 3902 5425">
     <span class='ocr_line' id='line_1_113' title="bbox 2296 5355 3902 5425; baseline 0 -13"><span class='ocrx_word' id='word_1_864' title='bbox 2296 5373 2403 5412; x_wconf 92' lang='lat' dir='ltr'><strong>nun</strong></span> <span class='ocrx_word' id='word_1_865' title='bbox 2430 5371 2548 5416; x_wconf 86' lang='lat' dir='ltr'><strong>esse</strong></span> <span class='ocrx_word' id='word_1_866' title='bbox 2580 5357 2733 5410; x_wconf 90' lang='lat' dir='ltr'><strong>testis</strong></span> <span class='ocrx_word' id='word_1_867' title='bbox 2764 5366 2846 5410; x_wconf 91' lang='lat' dir='ltr'><strong>cst</strong></span> <span class='ocrx_word' id='word_1_868' title='bbox 2869 5355 3113 5421; x_wconf 88' lang='lat' dir='ltr'><strong>Siricius,</strong></span> <span class='ocrx_word' id='word_1_869' title='bbox 3151 5355 3320 5425; x_wconf 87' lang='lat' dir='ltr'><strong>Epist.</strong></span> <span class='ocrx_word' id='word_1_870' title='bbox 3351 5369 3388 5420; x_wconf 91' lang='grc' dir='ltr'>ι,</span> <span class='ocrx_word' id='word_1_871' title='bbox 3431 5371 3482 5408; x_wconf 90' lang='grc' dir='ltr'>ιι.</span> <span class='ocrx_word' id='word_1_872' title='bbox 3519 5356 3607 5419; x_wconf 80' lang='lat' dir='ltr'><strong>l8,</strong></span> <span class='ocrx_word' id='word_1_873' title='bbox 3638 5355 3726 5410; x_wconf 83' lang='lat' dir='ltr'><strong>tibi</strong></span> <span class='ocrx_word' id='word_1_874' title='bbox 3767 5357 3902 5412; x_wconf 88' lang='lat' dir='ltr'><strong>illud</strong></span> 
     </span>
    </p>
   </div>
   <div class='ocr_carea' id='block_1_114' title="bbox 2296 5449 3902 5522">
    <p class='ocr_par' dir='ltr' id='par_1_114' title="bbox 2296 5449 3902 5522">
     <span class='ocr_line' id='line_1_114' title="bbox 2296 5449 3902 5522; baseline 0 -17"><span class='ocrx_word' id='word_1_875' title='bbox 2296 5452 2442 5506; x_wconf 88' lang='lat' dir='ltr'><strong>velut</strong></span> <span class='ocrx_word' id='word_1_876' title='bbox 2477 5451 2698 5522; x_wconf 89' lang='lat' dir='ltr'><strong>antiquo</strong></span> <span class='ocrx_word' id='word_1_877' title='bbox 2734 5449 3012 5504; x_wconf 87' lang='lat' dir='ltr'><strong>autetiam</strong></span> <span class='ocrx_word' id='word_1_878' title='bbox 3063 5451 3320 5519; x_wconf 86' lang='lat' dir='ltr'><strong>perpetuo</strong></span> <span class='ocrx_word' id='word_1_879' title='bbox 3365 5463 3464 5501; x_wconf 84' lang='lat' dir='ltr'><strong>usu</strong></span> <span class='ocrx_word' id='word_1_880' title='bbox 3491 5457 3764 5518; x_wconf 87' lang='lat' dir='ltr'><strong>receptum</strong></span> <span class='ocrx_word' id='word_1_881' title='bbox 3821 5451 3902 5505; x_wconf 89' lang='lat' dir='ltr'><strong>sic</strong></span> 
     </span>
    </p>
   </div>
   <div class='ocr_carea' id='block_1_115' title="bbox 2296 5542 3897 5615">
    <p class='ocr_par' dir='ltr' id='par_1_115' title="bbox 2296 5542 3897 5615">
     <span class='ocr_line' id='line_1_115' title="bbox 2296 5542 3897 5615; baseline 0.001 -17"><span class='ocrx_word' id='word_1_882' title='bbox 2296 5544 2583 5615; x_wconf 89' lang='lat' dir='ltr'><strong>proponit:</strong></span> <span class='ocrx_word' id='word_1_883' title='bbox 2631 5561 2650 5596; x_wconf 77' lang='grc' dir='ltr'><strong>ι</strong></span> <span class='ocrx_word' id='word_1_884' title='bbox 2703 5542 2852 5598; x_wconf 90' lang='lat' dir='ltr'><strong>Sicut</strong></span> <span class='ocrx_word' id='word_1_885' title='bbox 2897 5542 3263 5611; x_wconf 79' lang='lat' dir='ltr'><strong>pcenitentiam</strong></span> <span class='ocrx_word' id='word_1_886' title='bbox 3296 5556 3453 5612; x_wconf 83' lang='lat' dir='ltr'><strong>agere</strong></span> <span class='ocrx_word' id='word_1_887' title='bbox 3492 5542 3739 5611; x_wconf 90' lang='lat' dir='ltr'><strong>cuiquam</strong></span> <span class='ocrx_word' id='word_1_888' title='bbox 3789 5558 3897 5599; x_wconf 91' lang='lat' dir='ltr'><strong>non</strong></span> 
     </span>
    </p>
   </div>
   <div class='ocr_carea' id='block_1_116' title="bbox 2292 5632 3897 5704">
    <p class='ocr_par' dir='ltr' id='par_1_116' title="bbox 2292 5632 3897 5704">
     <span class='ocr_line' id='line_1_116' title="bbox 2292 5632 3897 5704; baseline 0.001 -14"><span class='ocrx_word' id='word_1_889' title='bbox 2292 5633 2610 5691; x_wconf 90' lang='lat' dir='ltr'><strong>conceditur</strong></span> <span class='ocrx_word' id='word_1_890' title='bbox 2670 5633 3023 5700; x_wconf 90' lang='lat' dir='ltr'><strong>clericorum,</strong></span> <span class='ocrx_word' id='word_1_891' title='bbox 3054 5633 3126 5689; x_wconf 87' lang='lat' dir='ltr'><strong>ita</strong></span> <span class='ocrx_word' id='word_1_892' title='bbox 3156 5643 3211 5690; x_wconf 91' lang='lat' dir='ltr'><strong>et</strong></span> <span class='ocrx_word' id='word_1_893' title='bbox 3257 5642 3376 5704; x_wconf 84' lang='lat' dir='ltr'><strong>post</strong></span> <span class='ocrx_word' id='word_1_894' title='bbox 3417 5632 3806 5703; x_wconf 74' lang='lat' dir='ltr'><strong>pmnitudincm</strong></span> <span class='ocrx_word' id='word_1_895' title='bbox 3837 5651 3897 5691; x_wconf 88' lang='lat' dir='ltr'><strong>ac</strong></span> 
     </span>
    </p>
   </div>
   <div class='ocr_carea' id='block_1_117' title="bbox 2291 5728 3891 5800">
    <p class='ocr_par' dir='ltr' id='par_1_117' title="bbox 2291 5728 3891 5800">
     <span class='ocr_line' id='line_1_117' title="bbox 2291 5728 3891 5800; baseline -0.001 -15"><span class='ocrx_word' id='word_1_896' title='bbox 2291 5728 2781 5787; x_wconf 88' lang='lat' dir='ltr'><strong>reconciliationem</strong></span> <span class='ocrx_word' id='word_1_897' title='bbox 2811 5728 2943 5785; x_wconf 93' lang='lat' dir='ltr'><strong>nulli</strong></span> <span class='ocrx_word' id='word_1_898' title='bbox 2983 5743 3216 5800; x_wconf 87' lang='lat' dir='ltr'><strong>unquam</strong></span> <span class='ocrx_word' id='word_1_899' title='bbox 3245 5729 3381 5785; x_wconf 85' lang='lat' dir='ltr'><strong>laico</strong></span> <span class='ocrx_word' id='word_1_900' title='bbox 3422 5729 3583 5785; x_wconf 86' lang='lat' dir='ltr'><strong>liccat</strong></span> <span class='ocrx_word' id='word_1_901' title='bbox 3627 5728 3891 5785; x_wconf 86' lang='lat' dir='ltr'><strong>honorem</strong></span> 
     </span>
    </p>
   </div>
  </div>
