4242 6222
315 277 326 296 ι
363 248 470 304 695

1113 240 1603 314 EPISTOLARUM
1637 242 1958 303 CORNELII
1984 245 2124 305 NON
2144 247 2594 311 EXSTANTIUM
2633 253 2929 313 ΝΟἸῚΤΙΑ.

3559 261 3665 318 694

361 363 652 419 clericatus
703 357 951 430 adipisci.
987 377 1004 410 ι
1038 357 1150 414 l-loc
1204 360 1379 428 ipsum
1436 368 1620 430 postea
1664 368 1720 414 et
1746 361 1880 429 Leo,
1931 377 1961 417 a
1988 361 2040 424 A
2070 373 2343 439 tamquam
2375 371 2760 440 paenitentibus
2785 373 2867 428 vel
2917 382 3189 444 tamquam
3241 373 3488 433 ﬁdelibus
3514 376 3667 433 laicis

361 453 588 513 Rustico
612 451 947 517 Narbonensi
966 451 1220 522 episcopo
1242 460 1462 522 rogatus
1498 471 1516 504 ι
1542 451 1606 508 de
1645 453 1962 527 presbytero

358 547 446 602 vel
488 546 736 610 diacono,
783 544 894 615 qui,
927 544 1142 614 cognito
1184 544 1410 600 crimine
1447 558 1566 612 suo,
1591 546 1960 616 paenitentiam

364 647 579 709 petunt,
621 649 796 692 utrum
851 637 930 692 eis
968 652 1064 707 per
1117 651 1307 692 manus
1361 638 1754 707 impositionem
1785 639 1960 694 danda

358 731 450 797 sit,
493 749 512 781 ι
566 729 722 800 epist.
757 745 816 795 ιι,
859 743 907 782 e.
961 729 1015 794 2,
1051 727 1353 784 luculenter
1383 728 1616 784 ﬁrmavit
1645 730 1728 785 his
1745 731 1955 786 verbis:

365 842 384 875 ι
413 822 669 878 Alienum
701 829 784 876 est
821 835 850 874 a
875 819 1266 876 consuetudine
1289 819 1672 887 ecclesiastica,
1707 829 1766 876 ut
1793 823 1880 893 qui
1905 821 1958 877 in

356 915 718 991 presbyterali
743 914 949 969 honore
972 915 1136 969 autin
1161 913 1390 969 diaconii
1415 914 1578 985 gradu
1610 916 1805 971 fuerint
1835 931 1960 970 con-

334 1008 574 1074 secrati,
608 1007 642 1063 ii
675 1021 772 1078 pro
799 1006 1023 1060 crimine
1048 1007 1228 1078 aliquo
1257 1022 1355 1061 suo
1384 1022 1479 1078 per
1506 1022 1695 1062 manus
1736 1008 1958 1078 imposi-

358 1102 561 1155 tioncm
587 1098 884 1155 remedium
913 1099 1176 1165 accipiant
1200 1099 1524 1169 pmttitendi:
1552 1101 1695 1172 quod
1719 1103 1836 1158 sine
1856 1101 1956 1156 du-

359 1193 451 1250 bio
469 1209 531 1248 ex
551 1193 847 1263 apostolica
873 1190 1157 1247 traditione
1178 1192 1512 1248 descendit.»
1535 1194 1617 1249 An
1640 1209 1766 1249 vero
1781 1203 1959 1250 tantus

354 1284 599 1357 pontifex
629 1299 904 1340 sacrorum
928 1299 1191 1339 canonum
1223 1284 1359 1341 adeo
1388 1285 1533 1340 rudis
1559 1294 1694 1352 erat,
1745 1295 1801 1341 ut
1830 1302 1959 1341 con-

353 1377 695 1434 suetudinem
724 1378 772 1432 ei
817 1378 918 1448 legi
959 1379 1280 1433 contrariam
1327 1393 1487 1449 quam
1540 1379 1740 1434 saeculo
1800 1380 1957 1437 tertio

354 1472 663 1528 sanxissent
693 1471 856 1524 totius
872 1470 1018 1525 orbis
1047 1470 1310 1542 epiSCOpi,
1342 1485 1440 1540 pro
1463 1467 1758 1540 apostolica
1788 1471 1952 1526 tradis

356 1564 506 1618 tione
539 1561 880 1617 venditaret?
903 1561 1101 1617 Verum
1129 1577 1235 1634 quo
1259 1563 1428 1632 magis
1456 1562 1755 1634 disciplinae
1781 1563 1956 1635 quarti

352 1665 447 1712 aut
495 1655 664 1725 quinti
715 1654 899 1709 saeculi
952 1669 1074 1708 cum
1126 1653 1407 1726 disciplina
1471 1656 1613 1711 tertii
1667 1658 1952 1712 consensio

2067 458 2391 529 imponatur.
2428 483 2446 515 ι
2466 462 2729 520 Praeterea
2756 466 3171 537 etAugustinus,
3190 465 3454 524 Africane
3474 465 3666 524 Eccle-
3737 487 3745 489 “

2065 553 2157 608 size
2186 555 2388 624 lumen,
2420 557 2514 612 lib.
2534 574 2547 612 ι
2566 557 2634 614 de
2661 559 2813 631 Bapt.
2833 569 3019 616 contra
3048 561 3337 631 Douatist.,
3361 578 3409 620 c.
3443 565 3496 632 1,
3520 579 3665 637 pra:-

2065 645 2221 702 dietis
2238 648 2449 706 clericis
2472 669 2489 702 ‹
2518 667 2708 707 manus
2733 654 2873 709 inter
2890 654 3054 710 laicos
3077 670 3185 712 non
3207 656 3409 726 imponi
3432 676 3450 710 ι
3477 657 3664 715 obser-

2064 749 2171 797 vat.
2229 740 2285 796 lu
2336 741 2433 798 hac
2462 754 2640 798 autem
2670 747 2953 816 Augustini
2980 747 3378 816 observatione,
3401 764 3463 805 ac
3506 750 3663 822 l0ngc

2063 833 2299 902 apertius
2325 835 2374 888 in
2419 837 2678 904 proximis
2717 837 3155 909 Carthaginiensis
3203 840 3420 896 concilii
3460 842 3662 909 verbis,

2063 935 2286 995 apparet
2333 929 2660 996 pmnitentice
2707 930 3024 987 clericorum
3076 933 3263 989 saltem
3305 933 3568 1004 majorum
3608 943 3666 992 et

2064 1018 2389 1086 pmuitentim
2413 1019 2668 1074 laicortun
2697 1020 2990 1078 distinctio.

2139 1109 2226 1164 11.
2258 1109 2457 1164 Eadem
2490 1127 2595 1164 nou
2630 1113 2806 1167 minus
2848 1114 3131 1169 manifesta
3172 1126 3254 1172 est
3291 1116 3345 1171 in
3367 1131 3431 1172 eo
3460 1117 3665 1186 libello,

2061 1216 2219 1270 quem
2244 1202 2499 1270 Hilarius,
2535 1203 2892 1262 Pictaviensis
2935 1208 3239 1278 episcopus,
3289 1225 3430 1266 anno
3453 1210 3558 1267 560
3584 1212 3672 1268 ἰη-

2061 1302 2220 1348 eunte
2251 1293 2713 1366 Constantinopoli
2737 1299 3060 1356 constitutus
3081 1300 3396 1357 Constantio
3425 1304 3665 1375 Augusto

2061 1387 2273 1450 obtulit.
2296 1388 2348 1442 In
2378 1403 2443 1444 eo
2463 1389 2658 1460 quippe
2686 1389 2763 1444 sic
2791 1391 3174 1462 imperatorem
3198 1392 3347 1448 illum
3373 1395 3440 1450 de
3469 1395 3666 1466 injusta

2062 1478 2232 1534 exsilii
2263 1479 2344 1534 sui
2377 1495 2561 1548 causa,
2588 1497 2637 1538 u.
2671 1481 2726 1548 2,
2746 1481 3069 1552 alloquitur:
3106 1502 3124 1536 ι
3152 1485 3583 1542 Circumventum
3614 1497 3667 1544 te

2062 1569 2387 1642 Augustum,
2439 1572 2762 1644 illusumque
2792 1573 3057 1630 Caesarem
3093 1584 3268 1644 tuum,
3300 1593 3361 1633 ea
3389 1578 3662 1636 conlidens

2061 1663 2406 1717 conscientia:
2443 1679 2576 1718 mea:
2625 1664 2933 1722 conditione
2975 1667 3310 1740 patefaciam,
3350 1678 3406 1724 ut
3432 1669 3478 1725 si
3527 1670 3662 1724 indi-

355 1760 634 1820 perspecta
663 1747 946 1814 habeatur,
991 1748 1179 1804 eadem
1203 1749 1537 1805 consuetudo
1560 1750 1826 1822 praedictis
1847 1754 1957 1810 cle-
1985 1755 2035 1818 Β
2062 1769 2226 1826 gnum
2257 1754 2455 1823 aliquid
2474 1769 2580 1810 non
2606 1756 2767 1811 modo
2789 1758 3027 1829 episcopi
3061 1761 3364 1826 sanctitate,
3389 1762 3485 1816 sed
3501 1763 3660 1818 etiam

355 1841 484 1895 ricis
513 1855 620 1894 non
647 1840 1012 1895 omuimodam
1061 1841 1452 1912 paenitentiam,
1479 1841 1573 1897 sed
1609 1852 1812 1898 tantum
1864 1862 1960 1916 pu-

356 1934 553 1989 blicam
607 1944 783 2005 negat.
864 1934 1126 2002 Quocirca
1180 1952 1302 1990 mox
1351 1936 1497 1991 addit
1545 1937 1691 1993 Leo:
1727 1957 1745 1990 ‹
1807 1922 1958 1996 Unde

361 2025 668 2096 liujusmodi
693 2027 858 2096 lapsis
885 2027 949 2081 ad
967 2029 1380 2100 promerendam
1409 2020 1833 2086 misericordiam
1858 2032 1957 2088 Dei

355 2119 564 2191 privata
594 2130 673 2174 est
702 2119 1000 2190 expetenda
1031 2120 1288 2186 secessio,
1327 2122 1412 2176 ubi
1436 2121 1542 2176 illis
1567 2123 1881 2188 satisfactio,
1909 2124 1957 2180 si

353 2205 514 2265 fuerit
538 2210 728 2280 digna,
749 2211 992 2266 sitetiam
1022 2212 1312 2267 fructuosa.
1356 2232 1376 2264 ι
1407 2211 1640 2284 AEquum
1669 2216 1811 2286 enim
1841 2224 1958 2271 erat

355 2305 444 2374 iis,
503 2321 530 2358 a
566 2306 762 2377 quibus
791 2306 949 2377 digna
992 2307 1289 2362 satisfactio
1341 2308 1724 2378 eXpetebatur,
1771 2324 1956 2378 pacem

357 2408 415 2454 et
443 2398 879 2453 communionem
912 2412 1016 2452 non
1049 2399 1195 2468 prius
1221 2397 1407 2466 reddi,
1461 2414 1616 2470 quam
1660 2399 1815 2468 plene
1865 2415 1955 2453 sa-

355 2489 688 2546 tisfecissent
729 2508 741 2542 :
784 2489 1029 2561 adeoque
1081 2489 1199 2544 inec
1249 2490 1445 2545 Leonis
1498 2491 1778 2562 responsio
1833 2506 1956 2546 cum

353 2582 726 2653 superioribus
767 2579 1018 2654 Cypriani
1067 2581 1245 2637 verbis
1276 2583 1328 2636 in
1384 2583 1620 2653 Epistula
1667 2583 1732 2637 ad
1767 2583 1955 2639 Fidum

353 2678 608 2748 componi
639 2676 797 2732 facile
828 2685 1025 2748 potest.

431 2769 520 2823 10.
561 2769 616 2824 Si
644 2780 823 2824 autem
847 2769 1040 2824 mirum
1073 2778 1236 2832 esset,
1266 2768 1542 2825 decretum
1571 2767 1636 2824 de
1664 2785 1723 2824 re
1745 2770 1956 2841 gravis-

355 2861 482 2915 simi
515 2861 792 2928 momenti,
820 2877 978 2933 quam
1007 2859 1186 2916 clerus
1215 2861 1490 2916 Romanus
1535 2861 1694 2916 tertio
1737 2861 1953 2928 sacculo,

357 2953 538 3022 quoad
565 2952 871 3024 pontiﬁcem
902 2950 1003 3008 sibi
1031 2951 1270 3008 dedisset
1299 2951 1706 3019 Deus,_def‘tnire
1729 2967 1834 3008 non
1863 2969 1956 3006 att-

353 3060 455 3100 sus
484 3056 643 3108 esset,
698 3045 1035 3113 postmodum
1065 3043 1132 3098 ab
1162 3045 1351 3100 eodem
1406 3045 1554 3099 clero
1605 3059 1724 3099 cum
1769 3055 1956 3099 sancto

2063 1845 2181 1900 laici
2216 1847 2520 1916 integritate
2546 1848 2782 1918 gessisse
2799 1847 3019 1916 docear,
3048 1867 3151 1905 non
3170 1850 3280 1921 jam
3303 1854 3660 1912 sacerdotium

2063 1953 2158 2008 per
2183 1939 2392 1993 veniam
2445 1953 2776 2009 exSpeCtem,
2825 1941 2920 1996 sed
2950 1941 3086 1996 intra
3120 1943 3486 2012 pmnitentiam
3540 1945 3664 2002 laici

2063 2044 2472 2086 consenescam.
2510 2049 2530 2083 ι
2560 2031 2713 2100 Quod
2741 2045 2869 2087 sane
2896 2033 3139 2104 petiisset
3168 2034 3384 2103 frustra,
3408 2035 3452 2091 si
3471 2035 3661 2096 eadem

2062 2123 2394 2202 ptenitentize
2424 2124 2543 2192 lege
2567 2123 2763 2178 laicum
2792 2125 3158 2196 clericumque
3203 2127 3508 2199 promiscue
3531 2144 3662 2186 con-

2061 2217 2250 2286 stringi
2281 2231 2396 2270 mos
2418 2215 2820 2288 fuisset.Longe
2837 2217 2998 2288 igitur
3015 2218 3292 2287 falluntur,
3315 2221 3404 2291 qui
3432 2221 3666 2293 majores

2062 2299 2288 2356 clericos
2317 2315 2422 2355 non
2455 2315 2610 2355 secus
2641 2312 2801 2372 atque
2849 2301 3015 2359 laicos
3049 2304 3275 2376 publicae
3331 2307 3663 2378 paenitentiae

2062 2389 2350 2462 aliquando
2380 2393 2644 2448 obnoxios
2698 2393 2867 2449 fuisse
2927 2406 3146 2466 putant,
3189 2397 3317 2453 dum
3375 2399 3478 2455 hoc
3541 2401 3663 2458 loco

2057 2483 2230 2554 juvari
2283 2499 2345 2540 se
2392 2486 2760 2550 arbitrantur,
2815 2485 2938 2557 quia
2992 2489 3304 2559 episcopum
3349 2491 3666 2561 permittere

2061 2573 2302 2640 audiunt,
2335 2584 2393 2630 ut
2426 2594 2445 2627 ‹
2483 2576 2621 2630 intra
2659 2561 3034 2646 paenitentiam
3067 2578 3186 2634 laici
3211 2594 3604 2638 consenescere
3637 2603 3657 2634 ι

2061 2677 2305 2736 cogatur.
2369 2665 2474 2723 Sed
2505 2667 2791 2723 advertere
2818 2668 3113 2725 debuerant
3151 2671 3224 2726 ibi
3274 2671 3534 2730 Hilarium
3595 2691 3666 2731 ex

2061 2770 2208 2815 certa
2272 2760 2597 2830 integritatis
2666 2770 2723 2815 et
2775 2760 3101 2817 innocentiae
3164 2777 3276 2816 sua:
3329 2765 3663 2821 conscientia

2063 2868 2168 2909 non
2201 2851 2252 2907 id
2287 2853 2430 2924 quod
2474 2853 2589 2908 fieri
2617 2853 2790 2922 solet,
2833 2853 2932 2911 sed
2954 2855 3096 2926 quod
3131 2855 3406 2910 insolitum
3434 2856 3659 2928 prorsus

2062 2955 2223 3016 atque
2276 2945 2587 2999 inusitatum
2622 2954 2738 3012 est,
2785 2961 2885 3002 nec
2916 2956 3232 3002 eventurum
3264 2949 3485 3005 omnino
3525 2964 3658 3005 con-

2063 3035 2208 3101 ﬁdit,
2241 3038 2559 3091 concedere.
2594 3035 2776 3106 Neque
2805 3053 2933 3094 vero
2964 3040 3134 3110 magis
3167 3040 3293 3096 inde
3336 3041 3658 3110 conﬁcitur,

355 3139 612 3212 pontifice
638 3139 738 3192 sibi
778 3139 990 3194 caelitus
1013 3137 1252 3208 praestito
1280 3153 1343 3193 ac
1383 3137 1625 3208 pluribus
1667 3137 1788 3191 aliis
1842 3137 1956 3206 epi-
1981 3147 2026 3209 ς
2061 3128 2345 3198 episcopos
2371 3129 2438 3182 ad
2475 3129 2734 3184 laicot‘um
2766 3131 3144 3202 pcenilentiam
3199 3133 3482 3188 amandari
3531 3148 3664 3190 con-

354 3230 540 3300 sc0pis
564 3230 846 3295 sancitum,
869 3230 1020 3298 cujus
1053 3230 1308 3300 frequens
1338 3244 1463 3283 usus
1490 3230 1803 3282 memoriam
1825 3242 1956 3282 cou-

357 3322 505 3376 tinue
532 3321 787 3376 refricare
831 3322 1136 3388 debuisset,
1190 3323 1260 3375 ita
1307 3323 1355 3375 in
1393 3321 1716 3376 oblivionem
1773 3321 1956 3378 venire

357 3413 631 3484 potuisse,
673 3423 729 3466 ut
751 3413 993 3484 sequenti
1018 3413 1215 3467 szeculo
1246 3412 1297 3466 in
1350 3412 1537 3467 eadem
1579 3411 1822 3484 Ecclesia
1865 3428 1956 3482 pe-

360 3505 505 3560 nitus
538 3509 909 3575 ignoraretur;
940 3521 1042 3559 non
1073 3506 1249 3558 minus
1299 3504 1617 3574 stupendum
1649 3483 1952 3569 videretur,

357 3597 630 3669 quomodo
660 3597 773 3652 fieri
807 3597 1099 3666 potuisset,
1132 3607 1186 3650 ut
1215 3606 1269 3651 et
1297 3597 1435 3667 apud
1478 3597 1632 3650 Afros
1653 3638 1666 3664 ,
1699 3597 1786 3666 qtti
1815 3596 1954 3651 idem

358 3689 1010 3758 decretumexpeticrmt,
1039 3687 1341 3752 laudaram,
1369 3686 1770 3754 conﬁrmarant,
1799 3696 1957 3758 atque

362 3796 470 3835 usu
503 3781 632 3834 circa
662 3781 843 3850 lapsos
882 3779 1314 3850 comprobarunt,
1349 3779 1537 3834 eodem
1583 3790 1823 3850 tempore
1864 3796 1958 3850 pa-

358 3871 500 3928 riter
526 3871 706 3926 fuissct
735 3875 1009 3942 ignotum:
1039 3872 1172 3925 adeo
1206 3881 1261 3925 ut
1308 3871 1500 3942 Optato
1542 3872 1642 3925 sub
1674 3873 1830 3926 fmem
1862 3872 1954 3926 lib.

355 3982 395 4020 ιι
421 3965 602 4020 dicere
643 3965 886 4032 licuerit,
936 3984 954 4016 ‹
993 3965 1168 4018 Multis
1217 3974 1398 4018 notum
1431 3973 1512 4019 est
1538 3975 1590 4019 et
1640 3967 1952 4035 probatum,

356 4057 754 4126 persecutionis
808 4065 1047 4124 tempore
1102 4057 1382 4126 episeopos
1431 4057 1637 4125 aliquos
1691 4057 1879 4111 inertia
1927 4073 1957 4112 a

357 4147 702 4204 confeSsione
743 4148 834 4202 Dei
875 4147 1126 4218 delapsos
1160 4147 1526 4213 tlmrilicasse;
1561 4158 1614 4202 ct
1640 4157 1819 4203 tamen
1843 4149 1960 4202 uul-

357 4241 441 4296 lus
471 4256 659 4295 eorum
694 4241 778 4309 qui
802 4248 1108 4305 evaserunt,
1141 4249 1229 4293 attt
1257 4253 1469 4295 manum
1491 4241 1654 4310 lapsis
1684 4241 1955 4310 imposuit,

358 4344 454 4387 aut
513 4341 570 4386 ut
623 4349 796 4402 genua
856 4331 1077 4402 figerent
1123 4333 1425 4402 imperavit.
1468 4352 1486 4385 ι
1521 4329 1635 4401 Qua
1684 4334 1824 4388 cnim
1875 4334 1959 4388 vel

355 4425 570 4478 inscitia
604 4424 684 4478 vel
717 4423 1021 4478 temeritate
1058 4424 1282 4492 Optatus
1308 4424 1411 4479 hoc
1439 4425 1729 4492 affirmare,
1762 4440 1824 4479 ac
1854 4427 1955 4480 Do-

2059 3223 2322 3287 suevisse,
2357 3238 2515 3292 quam
2548 3238 2612 3277 ex
2637 3238 2703 3278 eo
2734 3223 2876 3293 quod
2910 3224 3110 3279 Paulus
3159 3224 3278 3281 Gal.
3315 3243 3352 3290 ι,
3407 3226 3460 3293 8,
3511 3225 3662 3300 dicit,

2059 3313 2199 3368 Licet
2249 3331 2341 3368 nos
2371 3325 2461 3368 aut
2490 3316 2714 3388 Angelus
2759 3316 2820 3371 de
2849 3317 2978 3372 caelo
3016 3317 3433 3389 evangelizaverit
3477 3329 3661 3392 praeter

2059 3424 2210 3476 quam
2256 3410 2391 3476 quod
2421 3409 2875 3481 euangelizaviuuts
2905 3410 3063 3478 vobis,
3097 3415 3367 3467 anathema
3406 3413 3489 3482 sit,
3528 3429 3659 3470 con-

2060 3499 2223 3555 ficere
2283 3501 2441 3557 liceat
2489 3503 2752 3574 Angelum
2817 3503 3092 3558 caelestem
3162 3505 3488 3561 anathemati
3541 3520 3663 3563 esse

2059 3593 2235 3648 adlmc
2265 3593 2579 3649 obnoxium.
2614 3595 2725 3650 lllis
2773 3595 2932 3667 igitur
2980 3611 3086 3650 non
3116 3611 3306 3666 parum
3344 3598 3663 3653 adversatur

2061 3687 2165 3742 iste
2203 3685 2383 3741 llilarii
2431 3688 2580 3741 locus
2605 3729 2620 3755 ,
2653 3687 2780 3742 dum
2824 3687 2983 3742 aliam
3037 3689 3299 3760 episc0pi,
3329 3690 3486 3744 aliain
3539 3690 3662 3745 laici

2063 3779 2430 3850 paenitentiam
2486 3787 2596 3834 tum
2661 3779 2826 3834 fuisse
2871 3779 3072 3835 diserte
3117 3781 3296 3835 docet.
3324 3781 3438 3836 Hoc
3478 3792 3658 3838 autem

2063 3874 2381 3944 loquebatur
2411 3873 2641 3927 llilarius
2662 3889 2783 3927 cum
2807 3889 2869 3927 ex
2907 3890 3056 3928 more
3084 3889 3243 3943 quem
3267 3875 3317 3929 iu
3340 3873 3656 3941 Occidente,

2062 3966 2212 4031 cujus
2235 3975 2350 4018 erat
2369 3965 2936 4034 episc0pus,usitatutn
2955 3973 3314 4030 noverat,tum
3335 3981 3404 4020 ex
3417 3981 3483 4021 eo
3497 3982 3658 4037 quem

2062 4059 2113 4113 in
2148 4058 2389 4125 Oriente,
2440 4057 2526 4112 ubi
2558 4057 2806 4128 degebat,
2844 4057 3059 4112 videbat
3109 4067 3422 4126 receptura;
3455 4061 3658 4130 quique

2063 4151 2200 4207 adeo
2229 4160 2282 4205 et
2307 4151 2360 4205 in
2384 4150 2674 4206 Occidente
2697 4149 2856 4204 simul
2880 4162 2933 4204 et
2963 4150 3014 4203 in
3043 4148 3265 4204 Oriente
3289 4150 3491 4220 pariter
3511 4152 3660 4221 vige-

2064 4243 2174 4297 bat.
2209 4242 2382 4297 Tanta
2411 4257 2536 4296 vero
2590 4241 2754 4295 totius
2805 4241 3059 4296 Ecclesia:
3115 4243 3402 4295 consensio
3441 4242 3659 4298 aliunde

2064 4338 2194 4392 oriri
2237 4353 2346 4391 non
2376 4344 2571 4407 potest,
2605 4335 2708 4390 nisi
2735 4343 2827 4390 aut
2880 4351 2942 4388 ex
2969 4333 3264 4403 apostolica
3329 4333 3616 4390 traditione
3641 4375 3659 4402 ,

2063 4439 2154 4483 aut
2183 4445 2248 4484 ex
2288 4429 2560 4484 communi
2593 4418 2682 4483 illa
2705 4429 2840 4497 lege,
2867 4442 3026 4497 quam
3058 4441 3178 4481 cum
3218 4444 3236 4477 ‹
3273 4427 3510 4481 omnium
3541 4441 3660 4482 om—

359 4519 584 4571 natistas
611 4517 872 4581 diaconis,
908 4517 1236 4587 presbyteris
1266 4525 1317 4570 ct
1346 4516 1611 4586 episcopis
1639 4531 1828 4571 manus
1859 4518 1958 4571 im—
1983 4538 2036 4598 ι)
2065 4523 2191 4578 nino
2207 4522 2583 4593 episcoporum
2602 4537 2695 4592 per
2715 4529 2881 4575 totum
2902 4520 3160 4575 mundum
3176 4521 3592 4576 constitutorum
3629 4541 3649 4574 ι

360 4625 625 4680 ponentes
657 4609 797 4664 velut
829 4611 974 4680 impii
995 4609 1280 4664 etinaudtti
1303 4609 1486 4679 ﬂagitii
1513 4610 1708 4664 ibidem
1735 4625 1959 4682 arguere

364 4718 527 4757 ausus
568 4712 730 4770 esset,
764 4703 806 4756 si
836 4703 966 4756 nihil
996 4704 1044 4756 bi
1083 4703 1341 4772 egissent,
1375 4703 1473 4757 nisi
1514 4703 1655 4772 quod
1685 4704 1960 4773 superiore

362 4796 566 4852 εσεευιο
615 4796 915 4868 Cyprianus
957 4797 1151 4866 aliique
1204 4794 1439 4851 Africani
1509 4800 1764 4866 praesules
1837 4814 1958 4854 cum

363 4888 618 4943 Cornelio
650 4905 712 4944 ac
740 4891 952 4944 cmteris
1004 4890 1166 4943 tutius
1189 4889 1336 4943 orbis
1376 4889 1644 4959 episcopis
1675 4894 1958 4960 prarcepis-

360 4992 506 5048 sent,
547 4997 708 5054 atque
745 4984 992 5053 exemplo
1023 4999 1121 5037 suo
1154 4984 1496 5038 firmassent?
1551 4985 1654 5039 Sed
1705 4985 1956 5056 Optatum

363 5078 435 5134 ab
486 5079 632 5133 onmi
691 5079 916 5133 inscitia:
962 5077 1117 5148 culpa
1158 5078 1384 5132 liberum
1432 5093 1574 5145 esse,
1620 5089 1673 5133 et
1725 5080 1775 5134 in
1825 5096 1960 5137 unos

361 5174 673 5228 Donatislas
704 5173 1021 5228 temeritatis
1046 5174 1251 5228 crimen
1289 5171 1481 5228 cadere
1506 5174 1662 5228 docet
1705 5190 1801 5228 nos
1831 5175 1961 5230 (iar-

364 5267 680 5338 thaginense
709 5268 1028 5333 concilium,
1085 5267 1136 5321 in
1163 5281 1270 5337 quo
1315 5263 1479 5336 (haud
1508 5265 1669 5322 dubie
1721 5282 1818 5336 ue_
1840 5269 1960 5338 quis

365 5361 684 5417 temerarios
705 5360 1171 5415 scltismaticorum
1193 5375 1354 5414 ausus
1368 5368 1421 5414 et
1439 5361 1628 5429 impias
1657 5359 1961 5416 molitiones

366 5453 711 5524 imitaretur),
740 5454 938 5507 smculo
965 5461 1159 5523 quarto
1190 5452 1425 5519 labente,
1459 5469 1580 5508 can.
1615 5453 1734 5514 ll,t
1767 5454 1962 5508 confir-

368 5555 567 5599 matum
617 5554 718 5612 est,
754 5546 872 5599 utsi
929 5545 1146 5616 quando
1199 5545 1499 5616 presbyteri
1550 5545 1633 5600 vel
1662 5545 1868 5600 diaconi
1909 5546 1964 5602 in

370 5639 540 5708 aliqua
595 5639 825 5709 graviori
874 5638 1028 5707 culpa
1089 5638 1320 5693 convicti
1363 5639 1594 5706 fuerint,
1643 5653 1744 5708 qtta
1793 5652 1886 5693 eos
1934 5654 1965 5694 a

377 5730 670 5786 ministerio
723 5746 941 5787 necesse
975 5730 1132 5786 fuerit
1177 5731 1475 5798 remetcri,
1531 5746 1637 5788 non
1669 5731 1747 5790 eis
1777 5747 1966 5791 manus

2063 4630 2330 4671 consensu
2384 4616 2543 4670 latam
2598 4614 2899 4686 Cyprianus
2959 4615 3139 4669 tradit.
3218 4615 3448 4671 Tantum
3499 4617 3664 4687 igitur

2067 4719 2190 4763 tunc
2233 4709 2510 4764 decretum
2541 4717 2643 4773 est,
2700 4717 2755 4761 ut
2809 4707 3075 4779 episcopis
3124 4707 3310 4762 aliisve
3367 4709 3660 4780 majoribus

2065 4802 2277 4858 clericis
2332 4800 2519 4871 lapsis,
2561 4799 2773 4854 sublato
2802 4798 3023 4853 hOnoris
3062 4797 3142 4852 sui
3174 4798 3370 4868 gradu,
3423 4809 3544 4873 post
3573 4815 3661 4858 sa-

2061 4894 2418 4951 tisfactionem
2455 4902 2614 4964 atque
2670 4893 3045 4966 paenitentiam
3099 4892 3231 4963 ipsis
3251 4904 3658 4965 congruentem,

2064 5005 2167 5060 pax
2192 4997 2245 5042 et
2271 4987 2580 5041 communio
2603 4985 2941 5040 redderetur.

2142 5078 2226 5133 l2.
2269 5077 2454 5149 Neque
2483 5077 2565 5132 his
2602 5086 2861 5147 repugnat
2890 5075 3030 5147 quod
3063 5074 3129 5130 de
3169 5075 3364 5131 Natalii
3393 5077 3667 5146 paeniten-

2065 5171 2158 5235 tia,
2181 5171 2512 5240 tcmporibus
2543 5168 2829 5240 Zephyriui
2873 5183 3042 5238 pap:c,
3075 5182 3142 5222 ex
3172 5167 3388 5222 Eusebii
3431 5168 3665 5226 Historia

2063 5264 2470 5332 descripsimus.
2501 5261 2577 5317 lbi
2608 5260 2751 5316 enim
2780 5260 2924 5331 quod
2955 5264 3238 5330 episcopus
3269 5260 3380 5327 ille,
3411 5260 3457 5316 si
3483 5270 3666 5319 tamen

2065 5359 2349 5428 episcopus
2374 5354 2493 5419 fuit,
2523 5360 2716 5422 sponte
2741 5367 2808 5406 ex
2830 5351 3138 5407 vehementi
3163 5351 3471 5423 paenitentis
3500 5354 3669 5410 animi

2066 5449 2259 5506 affectu
2287 5449 2473 5519 gessit,
2506 5462 2612 5502 non
2644 5445 2788 5516 quod
2818 5447 2864 5500 ei
2906 5446 3015 5501 ulla
3047 5445 3132 5501 lex
3170 5446 3528 5503 ecclesiastica
3560 5447 3666 5502 im-

2069 5545 2264 5616 posuit,
2294 5542 2542 5614 legimus.
2583 5541 2709 5596 Haec
2735 5550 2914 5597 autem
2955 5542 3006 5595 in
3040 5541 3284 5598 Ecclesia
3319 5541 3464 5596 circa
3493 5543 3673 5599 delia-

2069 5647 2292 5708 quentes
2320 5636 2560 5691 omnium
2605 5643 2906 5704 temporum
2949 5635 3133 5705 regula
3177 5646 3433 5690 consmus
3459 5633 3584 5700 fuit,
3616 5644 3678 5691 ut

2071 5733 2202 5790 nulli
2253 5731 2484 5805 cujusvis
2531 5727 2856 5789 conditionis
2908 5738 3002 5787 reo
3047 5742 3159 5786 non
3204 5725 3493 5799 poenitenti
3530 5727 3690 5783 venia
