4252 6258
573 283 678 336 695

573 397 957 468 indulgeretur.
1009 395 1161 449 Prius
1198 394 1357 448 etiam
1424 407 1580 461 quam
1611 390 1725 444 hmc
1761 387 2169 451 concederetur,
2201 387 2250 444 A

573 489 732 560 digna
775 489 1060 543 criminum
1105 486 1395 540 satisfactio
1438 484 1576 554 exigi
1623 496 1837 550 semper
1873 479 2166 540 consuevit,

576 583 676 638 nisi
723 583 836 637 IIiIEC
868 579 1084 635 aliunde
1115 587 1574 647 compcnsaretur.
1609 576 1946 645 Quapropter
1982 580 2040 626 ut
2080 571 2172 624 tri-

575 677 676 732 bus
707 678 971 747 prioribus
1000 674 1257 729 Ecclesia:
1282 672 1517 732 sacculis,
1545 671 1612 724 ita
1644 679 1697 724 et
1724 664 2172 734 subsequentibus

573 770 809 837 majores
827 766 1006 821 clerici
1025 782 1113 833 gra
1127 767 1466 819 vissimorum
1491 763 1773 817 criminum
1794 760 1871 812 rei
1890 773 1993 811 non
2013 755 2173 809 modo

574 861 643 914 ab
686 860 905 914 honoris
946 859 1027 912 sui
1071 858 1236 928 gradu
1277 856 1492 926 dejecti,
1528 855 1620 910 sed
1686 863 1736 906 et
1778 853 1950 922 dignis
1981 849 2170 918 ptenis,

578 951 770 1021 quibus
804 952 910 1004 Deo
939 951 1067 1004 la‘so
1099 950 1484 1011 satisfacerent,
1517 955 1642 1001 sunt
1669 945 1896 998 mttltati.
1924 943 2057 997 Iliue
2088 942 2172 995 in-

578 1043 736 1113 digne
766 1043 886 1096 tttlit
910 1041 1228 1113 Cyprianus,
1260 1041 1399 1110 quod
1429 1039 1620 1093 Victori
1650 1037 1967 1108 presbytero
2003 1054 2021 1085 ι
2051 1044 2174 1088 ante

575 1136 872 1204 legitimum
905 1147 956 1188 et
988 1134 1197 1203 plenum
1233 1131 1610 1185 satisfactionis
1635 1143 1844 1196 tempus
1878 1147 1894 1179 ι
1930 1128 2047 1179 data
2073 1139 2174 1194 pax

576 1229 782 1283 fuisset.
815 1228 948 1281 llinc
975 1237 1023 1280 et
1049 1227 1156 1280 Leu
1189 1225 1511 1296 presbyteris
1540 1234 1591 1277 et
1620 1222 1862 1277 diaeonis
1893 1221 2054 1290 lapsis
2082 1234 2176 1273 ex-

576 1324 861 1395 petendam
892 1337 1009 1376 esse
1035 1321 1293 1389 judicavit
1327 1339 1344 1371 ‹
1381 1318 1736 1372 secessionem
1771 1315 2051 1385 privatam,
2087 1312 2174 1366 ubi

573 1417 683 1470 illis
713 1415 1030 1478 satisfactio,
1062 1415 1104 1467 si
1139 1413 1296 1467 fuerit
1327 1412 1500 1480 digna,
1537 1413 1604 1464 sit
1635 1411 1792 1462 etiam
1825 1408 2113 1460 fructuosa.
2151 1424 2169 1456 ι

578 1509 713 1563 Iliuc
764 1520 816 1563 et
863 1509 1096 1562 Joannes
1136 1506 1199 1564 II.
1233 1506 1403 1574 Epist.
1445 1504 1510 1559 ad
1547 1503 1836 1558 Caesarium
1881 1501 1949 1554 ita
1981 1507 2176 1553 contu-

577 1603 858 1658 meliosum
882 1604 948 1656 ab
979 1601 1515 1670 episcupatudejccit,
1543 1597 1853 1652 uteumdetu
1889 1596 1938 1648 in
1964 1607 2176 1647 monas-

579 1699 773 1752 terium
801 1698 957 1767 dirigi
988 1695 1233 1762 voluerit,
1265 1715 1281 1746 ε
1314 1695 1397 1748 ubi
1420 1693 1735 1748 delictorum
1762 1703 1966 1744 memor
1990 1689 2039 1740 in
2062 1701 2176 1757 pa:-

1356 273 1838 332 EPISTOLARUM
1879 267 2202 327 CORNDLII
2240 265 2376 324 NON
2420 233 2828 322 sxnn'rtuttt
2869 263 3164 321 NO'I‘lTlA.

3770 264 3875 319 696

3014 378 3142 433 VIII.

2352 474 2438 528 16.
2465 473 2695 528 Cornelii
2715 474 2780 527 ad
2803 473 3111 544 Dionysium
3128 471 3546 527 Alexandrinum
3565 471 3872 542 episcopum
3904 513 3913 531 .

2281 566 2475 621 littera:
2501 565 2760 621 adversus
2788 565 3162 620 Novatianum.

3036 679 3128 736 IX.

2351 779 2437 832 17.
2470 777 2706 849 Dionysii
2735 775 3083 830 Alexandrini
3116 776 3356 846 Epistula
3387 775 3453 831 ad
3479 775 3762 846 prmdietas
3786 776 3876 831 lit-

2280 879 2422 925 teras
2451 871 2734 940 rescripta,
2763 870 2831 925 de
2867 886 2968 940 qua
2993 870 3105 926 ha:c
3127 870 3392 926 Eusebius
3417 871 3722 925 summatim
3760 885 3878 938 per-

2279 964 2493 1033 stringit
2531 982 2543 1018 :
2580 982 2598 1015 ‹
2633 964 2831 1018 Scribit
2873 964 3154 1035 Dionysius
3190 964 3253 1017 ad
3291 963 3600 1018 Cornelium
3627 963 3878 1018 Romanae

2281 1057 2427 1110 urbis
2471 1057 2801 1126 episcopum,
2851 1057 3004 1125 cujus
3056 1057 3258 1111 litteras
3309 1055 3566 1110 adversus
3620 1054 3875 1108 Novatum

2281 1151 2413 1220 (leg.
2439 1150 2818 1220 Novatianum)
2850 1160 3150 1220 acceperat.
3177 1151 3231 1204 In
3265 1166 3366 1218 qua
3398 1149 3611 1218 quidem
3644 1148 3877 1217 Epistula

2280 1244 2544 1311 signiﬁcat
2596 1258 2654 1298 se
2691 1245 2758 1297 ab
2796 1244 2999 1298 Heleno
3033 1243 3188 1298 Tarsi
3226 1243 3426 1298 Ciliciae
3465 1245 3720 1311 episcopo
3760 1249 3815 1294 et
3850 1255 3877 1294 a

2280 1339 2492 1392 cmteris
2513 1337 2601 1408 qui
2630 1352 2748 1390 cum
2785 1338 2876 1390 illo
2917 1345 3308 1401 convenerant,
3338 1335 3651 1390 Firmilianu
3679 1335 3881 1388 scilicet

2279 1430 2634 1500 Cappadocia:
2665 1439 2719 1486 et
2751 1430 3059 1485 Theoctistu
3092 1431 3391 1484 Palaestina:
3442 1429 3732 1499 provincize
3771 1429 3884 1497 epi-

2279 1525 2479 1593 seopis,
2507 1524 2792 1578 invitatum
2816 1521 3000 1588 fuisse,
3021 1532 3076 1576 ut
3101 1523 3164 1576 ad
3198 1523 3461 1594 synodum
3488 1521 3880 1576 Antiochenam

2282 1627 2611 1680 occurreret,
2639 1601 2691 1671 in
2719 1633 2818 1686 qua
2843 1617 3056 1687 quidam
3083 1617 3273 1672 Novati
3299 1618 3529 1672 schisma
3558 1617 3881 1672 confirmare

2287 1707 2580 1763 tentabant.
2620 1707 2821 1762 Scribit
2859 1709 3019 1762 etiam
3056 1707 3157 1762 sibi
3190 1710 3485 1762 nuntiatum
3525 1708 3711 1772 fuisse,
3740 1707 3884 1778 quod

577 1792 803 1846 nitentia
835 1791 1101 1861 lacrymas
1129 1789 1403 1844 effundere
1431 1803 1537 1841 non
1567 1787 1793 1843 omittat.
1823 1792 1972 1838 ut....
2002 1798 2030 1836 a
2053 1781 2178 1835 Iesu
2208 1775 2256 1835 Β
2287 1799 2482 1854 Fabius
2503 1799 2714 1869 quidem
2740 1799 2880 1854 diem
2911 1810 3211 1855 extremum
3240 1800 3480 1863 abiisse“
3513 1775 3884 1854 υρη-,ριτίάηυε

578 1881 795 1938 Christo
827 1880 1250 1935 misericordiam
1279 1878 1451 1931 valeat
1477 1875 1791 1944 promereri.
1832 1893 1849 1924 ι
1887 1873 2020 1926 llinc
2044 1871 2177 1926 Gre-

577 1976 760 2047 gorius
779 1990 935 2043 papa,
968 1974 1058 2027 lib.
1107 1989 1183 2037 tu,
1229 1972 1397 2041 Epist.
1439 1969 1528 2034 50,
1561 1967 1799 2038 prmeipit
1833 1984 1846 2020 :
1895 1985 1913 2016 ι
1952 1966 2176 2019 Paulum

579 2067 849 2136 quondam
869 2067 1177 2135 episcopum
1205 2065 1253 2117 in
1281 2063 1626 2127 monasterio,
1655 2061 1706 2114 in
1734 2074 1838 2130 quo
1862 2069 1962 2122 est,
1989 2059 2039 2112 in
2063 2071 2178 2126 pa:-

579 2160 804 2214 nitcmia
835 2160 1080 2212 volumus
1127 2173 1473 2227 [)"l‘llltlttCl‘c;
1516 2175 1534 2207 ›
1569 2164 1620 2208 et
1652 2155 1744 2208 lib.
1775 2170 1829 2217 ν,
1858 2152 2030 2223 Epist.
2065 2152 2128 2206 14
2160 2168 2175 2204 :

587 2270 606 2303 ε
641 2253 940 2307 Staluimus
971 2251 1255 2305 diaconuui
1288 2262 1339 2304 et
1382 2250 1625 2304 abbatem
1653 2247 1720 2301 tle
1749 2256 1902 2316 portu
1933 2246 2175 2312 Veneris,

581 2358 741 2412 quem
783 2342 986 2396 indicas
1029 2341 1306 2404 cecidisse,
1337 2339 1402 2392 ad
1433 2354 1643 2393 sacrum
1675 2337 1915 2392 ordinem
1950 2352 2053 2390 non
2086 2335 2179 2390 de-

579 2436 710 2493 bere
731 2437 810 2490 vel
831 2450 986 2506 posse
1011 2435 1118 2488 ullo
1139 2435 1294 2489 modo
1313 2434 1571 2488 revocari.
1595 2433 1763 2501 Quctn
1791 2430 2005 2502 quidem
2023 2445 2180 2484 sacro

580 2529 769 2584 ordine
816 2529 1075 2599 privatum
1122 2529 1171 2581 in
1214 2527 1581 2596 pmnitcntiatn
1611 2526 1868 2596 deputare
1901 2535 1951 2578 te
1980 2538 2178 2577 conve-

581 2625 714 2679 nit.»
743 2623 798 2676 Si
821 2633 999 2677 autem
1033 2623 1145 2676 lucc
1168 2621 1372 2689 aliaque.
1402 2618 1704 2688 hujusmodi
1735 2618 1848 2671 loca
1877 2617 1943 2670 dc
1973 2616 2183 2685 publica

584 2717 901 2788 pomiwntia
934 2729 1090 2768 nemo
1119 2714 1501 2781 interpretetur
1535 2730 1546 2765 :
1580 2727 1674 2766 cur
1701 2708 1892 2763 similia
1924 2708 1989 2762 de
2018 2708 2186 2776 majo-

582 2810 734 2864 ribus
767 2808 924 2862 trium
957 2805 1192 2876 priorum
1226 2806 1542 2860 szcculorum
1571 2803 1799 2885 clericis,
1832 2811 2030 2874 p.a:ter
2056 2816 2185 2855 sen-

581 2902 803 2956 tentiam
851 2915 1184 2954 summorum
1237 2895 1550 2966 pontiﬁcum
1602 2905 1763 2965 atque
1816 2903 2048 2963 patrum,
2095 2891 2185 2962 qui

585 2994 798 3048 saeculis
825 3009 896 3058 tv,
927 3003 980 3047 et
1007 3008 1057 3057 v,
1089 2992 1354 3058 vixerunt,
1393 2989 1548 3044 aliter
1581 2987 1974 3057 intelligamus?

1359 3083 1425 3138 ν.

2281 1906 2409 1946 vero
2450 1892 2503 1945 in
2551 1892 2668 1960 ejus
2713 1892 2885 1946 lucum
2929 1892 3213 1960 episcomts
3255 1892 3600 1946 Antiochena:
3640 1889 3883 1946 ecclesia:

2279 1993 2424 2040 esset
2453 1986 2797 2038 constitutus.
2839 1982 2943 2038 Sed
2970 1994 3023 2038 et
3053 1983 3120 2038 de
3145 1983 3603 2054 Jerosulymurum
3630 1983 3884 2052 episcopo

2283 2079 2614 2132 mentionem
2661 2076 2786 2130 facit
2833 2077 2913 2131 his
2950 2077 3128 2132 verbis
3158 2094 3170 2128 :
3197 2077 3348 2143 Quod
3388 2077 3529 2130 enim
3561 2075 3626 2128 ad
3659 2074 3887 2129 Alexan-

2282 2171 2438 2224 drum
2485 2178 2710 2238 spectat,
2754 2171 2798 2224 is
2837 2170 2888 2223 in
2919 2185 3187 2224 carcerem
3231 2169 3526 2238 conjectus,
3557 2168 3707 2221 beato
3736 2168 3885 2222 exitu

2283 2263 2569 2318 defunctus
2600 2273 2701 2316 est.
2746 2282 2764 2314 ›
2797 2262 3001 2330 Quibus
3029 2261 3222 2317 deinde
3245 2261 3418 2315 subdit
3454 2261 3520 2316 tle
3544 2261 3730 2316 eodem
3758 2261 3886 2314 Dio—

2285 2357 2439 2428 nysio
2465 2356 2732 2410 Eusebius
2781 2373 2792 2409 :
2849 2375 2866 2406 ι
2919 2355 3171 2425 Sequitur
3197 2355 3392 2410 deinde
3436 2355 3603 2409 altera
3646 2353 3884 2422 ejusdem

2287 2451 2546 2522 Dionysio
2593 2451 2829 2521 Epistula
2872 2450 2936 2503 ad
2982 2448 3195 2504 Fratres
3239 2450 3421 2503 Itonia:
3459 2449 3779 2504 constitutos
3821 2446 3888 2500 de

2287 2543 2497 2597 diaconi
2529 2541 2710 2596 ofﬁcio
2741 2557 2834 2610 per
2858 2541 3202 2612 Hippolytum
3250 2541 3433 2595 missa.
3474 2541 3712 2596 Alteram
3761 2539 3886 2592 item

2287 2634 2351 2688 ad
2391 2634 2608 2689 eosdem
2641 2633 2932 2703 Epistulam
2957 2633 3145 2687 scribit
3171 2631 3239 2687 de
3266 2632 3423 2694 Pace,
3459 2647 3664 2687 necnon
3688 2629 3754 2684 de
3779 2629 3891 2684 Pa:-

2289 2725 2534 2779 nitentia.
2570 2725 2785 2777 ltursus
2810 2724 2969 2778 aliam
2998 2723 3062 2777 ad
3090 2721 3441 2778 Confessores
3473 2723 3669 2777 ibidem
3701 2723 3892 2776 consti-

2291 2828 2452 2884 tutos,
2504 2819 2592 2889 qui
2642 2818 2829 2872 Novati
2886 2818 3010 2887 (leg.
3059 2816 3358 2887 Novatiani)
3405 2818 3685 2871 sententia:
3729 2817 3888 2870 etiam

2290 2919 2401 2964 tum
2452 2911 2718 2966 favebant.
2763 2911 2901 2964 Duas
2930 2925 3143 2980 quoque
3169 2909 3303 2964 alias
3330 2910 3392 2962 ad
3427 2909 3524 2965 hos
3565 2911 3710 2980 ipsos
3739 2909 3892 2978 Epis-

2294 3003 2427 3057 tulas
2474 3004 2619 3057 tnisit
2666 3011 2848 3072 postea
2893 3018 3049 3070 quam
3083 3001 3146 3055 ad
3192 3001 3485 3057 Ecclesiam
3528 3002 3830 3056 rediissem.
3867 3019 3884 3052 ι

2291 3093 2496 3162 Quibus
2522 3113 2587 3152 ex
2610 3096 2790 3151 verbis
2817 3095 3098 3150 conficitur
3122 3094 3299 3165 primo
3321 3093 3538 3164 quidem
3565 3095 3800 3165 Dionysii
3827 3093 3893 3147 ad

660 3177 748 3230 15-
779 3174 932 3230 Circa
961 3175 1102 3230 idem
1132 3187 1344 3245 ιειιηιιιε
1370 3173 1688 3244 Cyprianus:
1724 3171 1789 3226 de
1816 3171 2053 3225 omnium
2084 3169 2189 3224 θ’θ’
2215 3166 2260 3229 C
2295 3190 2607 3245 Cornelium
2639 3188 2953 3258 Epistulam,
2988 3188 3037 3241 in
3069 3202 3169 3254 qtta
3196 3186 3293 3256 ipsi
3330 3185 3479 3239 Fabii
3519 3185 3723 3239 obitum
3760 3201 3895 3238 nun—

587 3278 727 3322 trum
753 3267 1000 3332 consilio,
1029 3266 1280 3321 Cornelio
1312 3266 1456 3320 misit
1483 3265 1696 3319 nomina
1728 3264 2101 3332 episcoporum
2132 3263 2182 3316 in

588 3362 763 3416 Africa
793 3363 1226 3425 constitutorum,
1258 3380 1275 3411 ι
1313 3361 1400 3429 qui
1425 3359 1614 3427 integri
1645 3367 1699 3413 et
1725 3358 1838 3412 sani
1863 3359 1912 3411 in
1947 3357 2180 3411 Ecclesia

588 3454 855 3508 catholica
888 3453 1141 3508 fratribus
1171 3462 1408 3522 pra-sunt
1441 3470 1453 3504 :
1495 3471 1511 3503 ι
1541 3460 1597 3504 ιιι
1618 3453 1780 3506 sciret
1807 3453 1940 3521 ipse,
1966 3451 2185 3520 ejusque

588 3559 752 3616 opera
797 3545 1031 3614 episcopi
1076 3545 1276 3609 caeteri,
1317 3562 1335 3594 ‹
1370 3543 1562 3612 quibus
1599 3543 1855 3609 scribere,
1893 3552 1942 3596 et
1983 3542 2186 3598 litteras

588 3646 778 3706 mutuo
803 3653 831 3690 a
862 3637 1053 3705 quibus
1079 3651 1173 3690 eos
1200 3636 1442 3704 accipere
1472 3644 1774 3705 oporteret;
1814 3655 1831 3686 ι
1859 3636 2098 3705 adeoque
2141 3637 2184 3690 si

588 3728 708 3799 quis
739 3728 974 3782 scribere
1012 3726 1252 3788 auderet,
1293 3725 1444 3795 cujus
1485 3741 1679 3779 nomen
1713 3725 1762 3778 in
1805 3727 1903 3781 hac
1945 3726 2186 3796 Epistula

590 3822 907 3876 reticeretur
957 3835 1077 3874 eum
1127 3828 1346 3873 nossent
1392 3837 1410 3870 ί
1447 3819 1528 3873 vel
1574 3818 1756 3873 libello
1796 3820 1876 3873 vel
1927 3820 2188 3874 sacriﬁcio

588 3929 711 3969 esse
757 3913 1098 3977 maculatum,
1148 3911 1232 3966 vel
1282 3928 1442 3965 unum
1485 3911 1552 3964 de
1606 3910 1892 3966 hmreticis.
1951 3931 1969 3963 ι
2018 3911 2189 3966 Sitnili

589 4009 838 4062 cautione
858 4007 1140 4062 Cornelius
1165 4005 1407 4060 scribens
1433 4004 1498 4059 ad
1539 4004 1758 4060 Fabium
1795 4006 2188 4062 Antiochenam

591 4101 941 4171 episcopum,
998 4100 1210 4154 nomina
1275 4100 1647 4169 episcopormn
1698 4098 1786 4169 qui
1842 4099 2192 4155 Novatiauum

591 4199 708 4252 sive
731 4197 781 4250 in
805 4195 1011 4268 synodo
1035 4196 1296 4257 Romana,
1325 4196 1436 4248 sive
1459 4209 1552 4262 per
1575 4193 1780 4247 litteras
1799 4194 2193 4248 condemnave-

591 4297 734 4354 rant,
771 4287 835 4342 ad
878 4288 1078 4342 calcem
1125 4286 1377 4354 Epistulae
1413 4299 1523 4339 suae
1564 4285 1904 4348 adtexuerat,
1940 4295 1994 4339 ut
2021 4284 2192 4339 Eusc-

589 4381 734 4445 bius,
768 4379 860 4434 lib.
890 4396 938 4432 vt
967 4378 1100 4432 l-Iist.
1135 4393 1184 4431 c.
1217 4379 1305 4442 45,
1333 4377 1511 4432 tradit.

1355 4470 1439 4524 VI.

2291 3284 2405 3347 tiat,
2431 3282 2671 3338 Cornelii
2703 3283 2906 3351 scripto
2941 3281 3006 3335 ad
3047 3281 3334 3350 ipsummet
3367 3279 3591 3334 Fabium
3624 3295 3742 3334 esse
3773 3293 3896 3349 pos-

2291 3375 2578 3440 teriorem;
2613 3373 2809 3429 deinde
2833 3387 2962 3428 vero
2985 3372 3274 3427 Eusebium
3299 3373 3350 3427 in
3377 3360 3498 3426 mox
3521 3371 3679 3427 dictis
3701 3371 3896 3442 Diony-

2289 3467 2354 3522 sii
2401 3465 2591 3520 litteris
2638 3463 2983 3519 recensendis
3044 3465 3285 3518 ordinem
3335 3473 3630 3534 temporum
3677 3463 3897 3518 minime

2290 3571 2556 3611 servasse.
2580 3555 2902 3626 Conjeetura
2931 3557 3128 3626 quippe
3150 3566 3231 3610 est
3260 3555 3392 3611 duas
3419 3559 3614 3626 primas
3639 3556 3896 3625 epistolas

2291 3665 2318 3704 a
2341 3650 2592 3721 Dionysio
2611 3652 2838 3718 scriptas
2857 3648 3166 3715 fuisse,cum
3194 3666 3223 3703 a
3244 3658 3417 3703 morte
3443 3648 3660 3703 Fabiani
3706 3649 3896 3704 Romae

2292 3740 2452 3795 sedes
2499 3751 2734 3803 vacaret,
2787 3739 2996 3795 tertiam
3048 3756 3169 3794 cum
3219 3740 3557 3795 confessurus
3604 3739 3896 3795 Macariutn

2294 3832 2689 3904 presbyterum,
2723 3832 3020 3901 Urbanum,
3060 3832 3342 3890 Sidonium
3376 3843 3429 3888 et
3466 3834 3773 3889 Celerinum
3802 3833 3899 3888 No-

2295 3926 2507 3993 vatiano
2540 3925 2720 3980 favere
2748 3926 2952 3990 didicit,
2994 3937 3268 3995 pastremo
3298 3937 3542 3995 quartam
3573 3937 3626 3981 et
3660 3927 3895 3997 quintam

2297 4033 2398 4072 una
2426 4033 2548 4072 cum
2577 4034 2661 4084 ea,
2692 4034 2849 4087 quam
2880 4019 3054 4088 priore
3093 4020 3211 4072 loco
3243 4018 3307 4072 ad
3341 4018 3646 4073 Cornelium
3688 4019 3897 4074 misisse

2296 4111 2523 4174 dicitur;
2562 4124 2682 4164 cum
2721 4110 2970 4164 nimirum
2993 4109 3344 4165 ConfeSSures
3370 4110 3589 4165 eosdem
3617 4110 3680 4163 ad
3709 4109 3896 4166 Eccle-

2298 4203 2430 4258 siam
2460 4217 2738 4272 regressus
2769 4204 2920 4272 ipsis,
2955 4204 3006 4257 ni
3041 4203 3290 4266 fallimur,
3315 4203 3552 4258 Cornelii
3589 4204 3779 4259 litteris
3805 4219 3896 4259 ac-

2297 4297 2549 4366 cepisset.
2566 4297 3028 4365 Quemadmodum
3062 4297 3203 4352 enim
3229 4298 3510 4370 Cornelius
3531 4298 3898 4354 confessorutn

2298 4390 2367 4445 ad
2391 4391 2683 4446 Ecclesiam
2707 4391 2936 4446 reditum
2968 4393 3018 4446 in
3037 4405 3131 4446 sua
3159 4393 3225 4445 ad
3252 4391 3474 4446 Fabium
3502 4392 3896 4448 Antiochenam

2301 4481 2540 4551 Epistula
2569 4483 2854 4547 nuntiavit,
2889 4485 2958 4537 ita
2991 4494 3047 4537 et
3071 4485 3320 4554 augurari
3351 4484 3475 4538 licet
3500 4499 3622 4539 eum
3647 4485 3698 4539 id
3729 4486 3898 4555 ipsum

668 4569 755 4622 M.
781 4566 1017 4621 Cornelii
1044 4564 1108 4618 ad
1137 4564 1460 4634 Cyprianum
1487 4562 1723 4632 Epistula
1747 4577 1841 4632 per
1860 4561 2185 4616 Primitivum

2301 4574 2491 4629 eodem
2523 4582 2764 4642 tempere
2789 4575 3042 4646 Dionysio
3070 4575 3442 4630 Alexandrina:
3469 4577 3710 4631 ecclesia:
3735 4576 3900 4631 antis-

587 4661 968 4731 presbyterttm
995 4657 1217 4727 perlata,
1243 4672 1342 4725 qua
1366 4670 1425 4709 se
1452 4664 1654 4709 motum
1678 4653 2031 4721 significabat,
2057 4653 2199 4723 quod

595 4766 716 4806 eum
746 4749 814 4804 de
838 4749 1184 4803 Adrumetina
1213 4747 1422 4802 colonia
1463 4745 1741 4816 Pulyearpi
1775 4743 2016 4813 ejusdem
2042 4744 2191 4798 colo-

596 4859 701 4898 ntac
728 4842 965 4913 episcopi
999 4835 1214 4896 nomine
1240 4841 1305 4895 nd
1345 4855 1404 4894 se
1441 4839 1633 4894 littera:
1676 4837 2055 4905 dirigerentur,
2091 4835 2199 4909 Cy-

561 4973 578 4988 .
598 4939 819 5007 prianus
845 4948 900 4992 et
930 4937 1194 4993 Liberalis
1222 4936 1347 4992 illuc
1372 4936 1667 5002 venientes,
1700 4947 1882 4992 utnon
1910 4937 1976 4993 ad
2005 4937 2204 4993 Corne-

595 5033 750 5098 lium,
782 5032 876 5087 sed
905 5031 972 5086 ad
1016 5031 1359 5102 presbyteros
1393 5044 1456 5084 ac
1482 5028 1737 5084 diaconos
1772 5029 2042 5084 Romanos
2071 5029 2202 5084 diri—

594 5134 870 5199 gerentur,
911 5133 1160 5180 auctores
1197 5121 1442 5184 fuissent,
1468 5122 1619 5192 quasi
1639 5137 1838 5191 anceps
1865 5129 2008 5177 esset
2036 5121 2202 5192 ipsius

599 5223 891 5278 ordinatio.
922 5221 1031 5278 Cur
1053 5230 1231 5278 autem
1262 5219 1313 5274 id
1347 5234 1376 5274 a
1407 5233 1466 5274 se
1490 5228 1652 5289 atque
1678 5235 1705 5274 a
1744 5216 1977 5273 Liberali
2001 5216 2200 5272 factum

596 5319 685 5385 sit,
717 5316 1019 5390 Cyprianus
1045 5331 1209 5389 supra
1235 5313 1476 5384 Epistula
1505 5329 1555 5368 tv
1574 5312 1827 5383 explicat.

1342 5406 1454 5463 VII.

575 5571 580 5576 V
671 5506 759 5561 15.
797 5504 1033 5574 Epistula
1059 5501 1297 5560 Cornelii
1320 5501 1386 5555 ad
1413 5499 1734 5572 Cyprianum
1763 5513 1858 5568 per
1887 5497 2201 5568 Augendum

597 5597 963 5651 confessorem
997 5596 1182 5662 missa,
1207 5607 1310 5663 qua
1337 5591 1718 5656 Nicostratum,
1747 5589 2029 5655 Novatum,
2055 5590 2200 5644 Eva-

595 5690 809 5754 ristum,
838 5688 1074 5742 Primum
1104 5699 1155 5744 et
1179 5687 1491 5757 Dionysium
1513 5685 1790 5740 Novatiani
1821 5695 2115 5746 sectatores
2144 5686 2199 5743 in

595 5765 826 5831 Africam
854 5777 1137 5844 navigasse
1163 5767 1462 5845 Cyprianus
1499 5773 1909 5832 admonebatur.
2134 5769 2138 5774 ’

2305 4669 2386 4723 titi
2416 4667 2608 4724 litteris
2645 4669 2786 4723 datis
2816 4670 3164 4738 signiﬁcasse,
3208 4671 3453 4738 buncque
3487 4685 3591 4724 non
3629 4671 3698 4724 ita
3735 4670 3900 4724 multo

2307 4769 2428 4830 pust
2456 4776 2516 4816 ea
2547 4776 2667 4831 qua:
2703 4761 2963 4817 Eusebius
2992 4763 3266 4818 memoria:
3295 4763 3583 4828 mandavit,
3611 4762 3676 4818 ad
3698 4759 3902 4819 Corne—

2305 4855 2434 4912 lium
2464 4857 2825 4928 rescripsisse.
3073 4929 3120 4984 Χ

2384 5024 2469 5078 18.
2515 5022 2731 5078 Littera:
2762 5021 3037 5078 Fortunati
3079 5021 3545 5093 pseudoepiscolii,
3577 5037 3671 5092 per
3699 5021 3905 5092 legatos

2307 5118 2494 5187 ipsius,
2521 5117 2609 5187 qui
2634 5131 2738 5171 una
2773 5133 2893 5172 cum
2930 5117 3264 5171 Felicissimo
3297 5117 3521 5171 Romam
3558 5130 3618 5171 se
3658 5115 3905 5171 contule-

2305 5220 2450 5275 runt,
2480 5211 2546 5266 ad
2573 5209 2879 5266 Cornelium
2911 5211 3253 5264 transmissa.
3299 5209 3374 5264 De
3414 5209 3606 5280 legatis
3645 5209 3750 5264 illis
3791 5210 3907 5264 Ilch

2306 5303 2492 5359 scribit
2533 5303 2831 5375 Cyprianus
2871 5321 2883 5356 :
2930 5321 2949 5354 ‹
2996 5302 3124 5356 Post
3151 5303 3270 5367 ista,
3300 5301 3475 5356 adhuc
3504 5303 3721 5372 insuper
3749 5317 3908 5371 pseu-

2307 5397 2635 5466 doepiscupo
2662 5395 2764 5450 sibi
2799 5397 2866 5450 ab
2896 5395 3162 5450 haereticis
3187 5397 3502 5461 constituto,
3535 5397 3784 5465 navigare
3813 5410 3910 5451 au-

2307 5491 2434 5547 dent
2459 5500 2514 5545 ct
2550 5493 2614 5545 ad
2645 5490 2787 5545 Petri
2824 5488 3130 5545 cathedram
3156 5500 3314 5556 atque
3339 5489 3405 5542 ad
3435 5487 3728 5544 Ecclesiam
3752 5488 3909 5559 prin-

2304 5587 2554 5656 cipalem,
2588 5585 2727 5640 unde
2751 5585 2923 5640 unitas
2953 5583 3301 5640 sacerdotalis
3328 5592 3512 5638 exorta
3542 5591 3642 5647 est,
3674 5598 3701 5636 a
3728 5581 3909 5639 scitis-

2301 5681 2512 5734 maticis
2540 5688 2594 5733 ct
2623 5677 2857 5748 profanis
2887 5678 3090 5732 litteras
3120 5675 3379 5746 perferre,
3413 5690 3512 5731 nec
3541 5674 3778 5744 cogitare
3809 5687 3905 5728 eos

2298 5791 2420 5834 esse
2464 5776 2758 5842 Romanos,
2807 5787 3033 5847 quorum
3081 5771 3522 5848 fldcs_Apostolo
3576 5769 3904 5842 praedicante
