4252 6258
365 256 465 310 697

1118 252 1606 312 EPISTOLARUM
1647 253 1967 311 CORNELII
1989 253 2123 311 NON
2168 255 2609 312 EXSTANTIUM
2652 255 2946 312 NOTI'I'IA.

3563 257 3668 314 698

363 368 572 422 laudata
618 376 722 436 est,
755 367 821 423 ad
848 383 982 439 quos
1015 369 1235 438 perfidia
1282 369 1479 425 habere
1522 385 1624 423 non
1664 370 1830 440 possit
1873 384 1962 424 ac-
1991 371 2038 430 Α
2069 365 2153 420 his
2183 367 2482 422 cedendum
2518 379 2664 425 ratus
2703 380 2805 437 est,
2840 372 2988 426 nullo
3015 370 3229 442 quidem
3263 380 3320 426 ut
3349 369 3479 426 mihi
3511 371 3663 426 vide-

360 475 597 516 cessutn.
637 480 655 512 ι
683 462 915 516 Rursum
951 473 1069 532 post
1097 478 1260 532 pauca
1287 463 1355 517 de
1377 463 1565 517 iisdem
1596 464 1664 516 ita
1694 463 1958 533 loquitur:

370 573 389 605 ι
429 555 503 608 De
533 554 646 608 istis
677 570 804 609 vero
831 554 956 622 quid
983 555 1180 620 dicam,
1211 556 1296 623 qui
1330 570 1472 610 nunc
1498 555 1563 609 ad
1591 565 1640 610 te
1667 570 1785 608 eum
1821 555 1960 609 Feli—

363 647 584 703 cissimo
626 647 864 700 omnium
896 647 1183 701 criminum
1225 663 1317 701 rco
1359 648 1760 717 navigaverunt,
1804 647 1962 718 legati

362 752 393 792 a
447 739 741 793 Fortunato
787 739 1247 809 pseudoepiscupo
1290 741 1458 805 missi,
1492 750 1596 794 tam
1626 740 1784 795 falsas
1811 740 1876 794 ad
1911 750 1962 795 te

364 830 571 885 litteras
593 830 901 895 afferentes,
934 847 1092 902 quam
1123 843 1205 887 est
1230 842 1284 887 et
1309 834 1441 902 ipse,
1471 835 1622 903 cujus
1654 834 1855 889 litteras
1887 833 1961 889 fe—

362 935 506 991 runt,
553 925 754 979 falsus?
790 946 806 978 ι
845 925 992 980 llanc
1023 936 1203 981 autem
1235 929 1530 982 litterarum
1571 928 1780 983 illarum
1813 928 1963 983 falsi-

365 1028 528 1074 tatem
561 1018 612 1072 itt
647 1019 748 1073 hoc
788 1021 1010 1088 positam
1047 1030 1214 1087 notat,
1255 1022 1395 1091 quod
1438 1023 1489 1076 itt
1523 1024 1601 1077 cis
1640 1022 1964 1079 Fortunatus

365 1111 553 1181 viginti
596 1110 834 1180 quinque
879 1112 1164 1182 episcopos
1208 1113 1529 1168 ordinationi
1585 1128 1696 1168 ςιιιυ
1747 1115 1965 1169 affuisse

359 1202 654 1273 jactitaret;
670 1219 790 1258 cum
804 1220 924 1258 eum
939 1223 958 1256 ‹
977 1207 1212 1276 quinque
1229 1206 1360 1261 solis
1377 1208 1816 1262 convenientibus
1835 1224 1964 1264 nau-

368 1297 530 1368 fragis
558 1307 611 1352 et
639 1298 901 1353 absteutis
923 1318 942 1352 ι
972 1299 1274 1353 ordinatum
1307 1315 1426 1355 esse
1445 1310 1732 1367 constaret,
1757 1302 1966 1356 l’rivato

367 1393 573 1448 scilicet
614 1403 796 1448 vetere
839 1393 1090 1448 ltaeretico
1117 1395 1244 1452 olim
1275 1394 1561 1465 nonaginta
1592 1396 1965 1465 episeoporum

367 1487 636 1542 sententia
684 1487 1065 1554 condemnato,
1093 1487 1291 1544 .Felice
1334 1504 1493 1556 quem
1537 1489 1778 1542 Privatus
1817 1498 1966 1542 extra

370 1581 669 1638 Ecelesiam
705 1583 1223 1654 psettdoepisc0pum
1269 1584 1640 1648 constituerat,
1682 1581 1872 1636 Jovino
1914 1591 1969 1636 et

371 1680 614 1736 Maximo
646 1681 875 1750 primum
904 1680 1170 1736 sententia
1196 1694 1389 1734 novem
1413 1680 1784 1748 episcoporum
1816 1678 1966 1731 dam-

2068 469 2152 514 tur
2180 459 2416 514 imbellis
2446 470 2536 515 aut
2563 463 2738 532 pusilli
2773 465 2936 518 animi
2967 464 3117 528 vitio,
3148 463 3241 518 sed
3286 464 3458 531 majus
3488 463 3661 534 quod-

2065 552 2187 605 dam
2236 553 2634 609 incommodum
2671 561 2893 623 veritus,
2947 556 3107 624 idque
3154 556 3367 610 antoliri
3413 555 3660 626 cupiens.

2067 642 2381 713 Ilujusmotli
2424 659 2547 702 sunt
2578 664 2756 714 casus,
2813 649 2863 702 iit
2912 649 3106 719 quibus
3133 649 3306 702 sancti
3349 663 3413 702 ac
3441 647 3664 703 solliciti

2068 748 2313 805 pastores
2344 742 2533 809 quovis
2573 757 2632 796 se
2681 752 2913 809 vertant,
2947 743 3176 812 pericula
3213 757 3274 796 ac
3306 753 3523 812 peccata
3552 757 3665 798 me-

2068 837 2244 896 tuuut,
2288 833 2354 886 de
2377 833 2574 901 quibus
2605 834 2936 904 Augustinus
2967 843 3076 890 tota
3105 834 3333 904 epistola
3365 836 3493 890 olim
3536 849 3658 901 CCL;

2068 942 2212 982 nunc
2243 942 2399 994 cxcv,
2430 929 2495 981 ad
2531 928 2810 983 Paulinum
2840 927 3160 997 ingemiscit,
3192 927 3423 996 indeque
3451 943 3599 982 nttm.
3625 927 3661 982 2

2067 1022 2340 1076 concludit
2373 1042 2383 1075 :
2421 1041 2438 1072 (
2493 1023 2633 1077 Ecce
2663 1023 2804 1076 unde
2836 1023 2939 1076 vita
2986 1021 3222 1076 humana
3268 1037 3431 1090 super
3462 1031 3658 1077 terram

2069 1124 2176 1168 tota
2221 1115 2446 1169 tentatio
2495 1127 2596 1180 est,
2648 1115 2864 1186 quando
2891 1125 2945 1170 et
2975 1117 3043 1170 ibi
3075 1116 3237 1170 homo
3270 1125 3524 1182 tentatur,
3568 1114 3659 1170 ubi

2069 1218 2325 1276 quantum
2355 1217 2527 1277 potest
2551 1210 2669 1262 vitze
2693 1210 2929 1265 caelestis
2958 1208 3294 1263 similitudini
3320 1216 3660 1278 coaptatur.»

2069 1302 2225 1356 Certe
2253 1303 2376 1356 vita:
2407 1303 2641 1356 cmlestis
2681 1303 2939 1356 institutis
2967 1317 3088 1358 sese
3115 1311 3367 1370 eoaptare
3414 1300 3666 1355 studebat

2070 1393 2375 1457 Cornelius.
2407 1413 2528 1452 cum
2558 1399 2753 1466 scripta
2782 1399 3060 1465 probrosa,
3089 1413 3207 1466 qute
3237 1396 3379 1465 plebi
3405 1394 3660 1449 seandalo

2071 1498 2123 1543 et
2151 1489 2434 1543 offensioni
2469 1490 2582 1544 fore
2609 1490 2956 1560 prmvidebat,
2988 1506 3054 1545 ne
3078 1490 3288 1559 publice
3327 1491 3659 1558 legerentur,

2074 1595 2139 1634 ea
2172 1581 2284 1649 ipse
2315 1582 2680 1651 suscipiendo,
2713 1584 2871 1636 cavit.
2906 1582 3018 1636 Hoc
3062 1591 3238 1636 tamen
3271 1581 3412 1634 illius
3459 1578 3660 1634 factum

2073 1673 2398 1742 improbavit
2427 1673 2750 1744 Cyprianus,
2798 1687 2852 1730 et
2881 1678 3231 1730 vehementer
3259 1671 3609 1743 reprehendit
3642 1689 3656 1725 :

370 1777 532 1836 natis.
565 1792 628 1830 ac
655 1775 852 1830 deinde
895 1775 1086 1830 iterato
1133 1789 1161 1828 a
1211 1773 1451 1843 pluribus
1495 1773 1545 1826 itt
1577 1772 1807 1826 concilio
1849 1771 1969 1825 ahs—
2000 1768 2046 1826 B
2076 1783 2252 1837 neque
2283 1783 2400 1823 eam
2434 1768 2909 1838 reprehensionem
2944 1770 3124 1839 iniquo
3163 1768 3343 1822 animo
3386 1766 3504 1820 tulit
3529 1764 3664 1819 Cor-

369 1870 554 1933 tentis,
587 1879 640 1923 et
680 1869 918 1939 Repnsto
949 1867 1341 1934 Suturnicensi,
1374 1866 1463 1936 qui
1504 1867 1554 1919 in
1601 1865 1972 1934 persecutione

371 1977 481 2016 non
506 1970 705 2016 tantum
727 1962 841 2031 ipse
868 1959 1260 2023 ceciderat,sed
1289 1957 1641 2013 etmaxituam
1667 1958 1833 2027 plebis
1862 1973 1972 2012 sua:

371 2064 584 2123 partem
619 2053 875 2124 sacrilega
906 2052 1254 2122 persuasione
1283 2050 1557 2120 dejecerat
1588 2068 1599 2102 :
1639 2070 1655 2101 ι
1697 2049 1757 2103 Hi
1813 2049 1971 2119 quin-

371 2160 497 2213 que,
532 2145 645 2198 inlit
674 2144 996 2215 Cyprianus.
1029 2160 1150 2197 cum
1191 2143 1374 2210 paucis
1404 2141 1486 2195 vel
1527 2142 1860 2207 saci'ilieatis,
1890 2140 1972 2195 vel

370 2238 516 2292 male
542 2237 643 2290 sibi
675 2236 1294 2303 consciis,Foriunatum
1323 2235 1422 2288 sibi
1457 2233 1972 2305 pstrudoepisciiputn

375 2339 717 2396 coeptarunt.
753 2347 771 2381 ι
809 2329 912 2383 llas
949 2329 1225 2383 Fortunati
1259 2329 1465 2382 litteras
1500 2328 1743 2396 accipere
1772 2326 1974 2382 Corne-

377 2425 483 2478 lius
531 2423 840 2494 aliquandiu
888 2423 1181 2489 recusavit,
1225 2437 1324 2478 nec
1367 2421 1470 2477 nisi
1509 2429 1628 2492 post
1657 2429 1888 2476 terrores
1915 2434 1976 2476 ac

379 2517 553 2574 minas
579 2519 804 2589 accepit.

1132 2613 1223 2668 XI.

453 2705 541 2760 I9.
576 2705 824 2776 Cypriani
871 2705 1110 2776 Epistula
1156 2705 1222 2759 ad
1260 2703 1570 2758 Cornelium
1612 2701 1679 2756 de
1725 2700 1980 2772 praedicto

383 2796 678 2851 Fortunato
696 2798 882 2852 eodem
906 2808 1280 2867 tempore,qno
1295 2798 1564 2866 superior,
1581 2795 1801 2863 scripta,
1819 2802 1870 2848 et
1886 2807 1980 2862 per

384 2889 712 2944 Felicianum
742 2889 1072 2962 acolythnm,
1091 2903 1249 2960 quem
1278 2887 1555 2942 Cornelius
1584 2901 1686 2940 tttta
1714 2900 1833 2938 cum
1854 2884 1982 2938 [’cr-

384 2998 479 3038 seo
501 2985 750 3054 episeopo
772 2985 825 3039 in
853 2983 1084 3039 Africani
1110 2983 1348 3048 miserat,
1372 2989 1453 3036 est
1475 2981 1674 3051 perlata
1701 2995 1713 3031 :
1738 2978 1829 3032 sed
1852 2976 1980 3031 dunt

387 3078 689 3134 Felicianus
717 3091 880 3134 vento
909 3080 1232 3143 retardatnr,
1265 3078 1350 3132 vel
1382 3075 1710 3146 accipiendis
1737 3075 1859 3128 aliis
1891 3075 1980 3128 lit-

2077 1861 2273 1927 nelins,
2309 1872 2398 1914 aut
2431 1872 2651 1930 IlI'OjHCI‘
2680 1879 2796 1916 eain
2829 1862 3118 1916 christiana
3151 1860 3406 1925 amicitia,
3438 1873 3560 1929 qua:
3589 1858 3669 1912 itt-

2080 1965 2160 2008 ter
2190 1966 2405 2009 sanctos
2461 1955 2583 2008 illos
2632 1956 2893 2024 pra-sules
2942 1954 3326 2019 intercedebat,
3377 1951 3667 2024 quidquam

2077 2048 2385 2104 detrimenti
2418 2065 2574 2118 passa
2604 2060 2706 2105 est.

2153 2141 2242 2194 2‘2.
2267 2141 2458 2196 Iisdem
2484 2143 2675 2196 litteris
2703 2142 2983 2197 Cornelius
3010 2138 3386 2211 expostulabat
3413 2151 3533 2192 cum
3560 2135 3670 2206 Cy-

2082 2237 2293 2305 priano,
2353 2236 2496 2306 quod
2538 2235 2604 2290 de
2651 2253 2785 2290 nova
2843 2235 3119 2289 Fortunati
3172 2230 3514 2287 ordinatione
3563 2241 3670 2282 non

2087 2329 2267 2382 statim
2315 2327 2380 2380 ad
2433 2343 2491 2382 se
2536 2328 2862 2395 scripsisset.
2909 2326 3207 2395 Simulque,
3257 2333 3315 2378 ut
3348 2322 3672 2376 Fortunatus

2082 2423 2175 2477 ille
2229 2421 2452 2475 Romam
2509 2421 2577 2474 ibi
2635 2420 2961 2491 judicandus
3006 2421 3244 2479 veniret,
3305 2414 3668 2486 praecipiebat.

2081 2513 2235 2579 Quod
2266 2530 2473 2567 rursum
2508 2528 2612 2567 non
2644 2513 2875 2582 probans
2902 2510 3220 2581 Cyprianus,
3269 2524 3298 2563 a
3327 2523 3386 2562 se
3412 2516 3572 2575 atque
3602 2504 3670 2560 ab

2081 2605 2333 2660 omnibus
2381 2603 2600 2672 collegis
2655 2604 2764 2657 suis
2818 2612 3074 2656 statutum
3127 2616 3248 2655 esse
3306 2599 3573 2664 rescribit,
3615 2605 3676 2651 ut

2085 2697 2507 2766 uniuscujusque
2555 2711 2716 2750 causa
2765 2695 2873 2750 illic
2917 2694 3180 2757 audiatur,
3215 2691 3306 2746 tibi
3337 2701 3419 2746 est
3467 2690 3672 2744 erimen

2084 2791 2401 2846 admissum.
2431 2791 2561 2858 Quae
2581 2800 2760 2844 autem
2782 2789 3091 2844 Cornelium
3122 2789 3263 2842 inter
3279 2785 3672 2857 etCyprianum

2086 2897 2151 2936 ex
2183 2882 2470 2935 occasione
2495 2880 2773 2936 Fortunati
2799 2890 2852 2935 et
2874 2881 3170 2949 legatorum
3199 2877 3315 2946 ejus
3340 2883 3462 2930 nata
3489 2883 3573 2928 est
3610 2872 3678 2927 de

2085 2976 2392 3046 cognitione
2432 2990 2712 3029 causarum
2745 2973 3136 3035 controversia,
3186 2969 3384 3024 Zozimi
3431 2982 3581 3039 papa:
3625 2974 3682 3022 et

2089 3069 2294 3123 Aurelii
2336 3066 2776 3137 Cartltaginensis
2804 3065 3040 3135 episcopi
3075 3063 3409 3134 temporibus
3430 3075 3493 3114 ex
3517 3074 3679 3114 causa

385 3173 516 3227 teris
533 3172 822 3238 detinetur,
840 3172 1179 3227 Felicissimo
1199 3178 1520 3240 properante
1543 3175 1847 3238 prmi-cutus
1865 3174 1978 3228 est;
2008 3163 2052 3226 C
2089 3160 2288 3229 Apiarii
2324 3157 2612 3213 recruduit.
2659 3157 2763 3212 Sed
2807 3167 2858 3211 et
2904 3165 3029 3210 tunc
3060 3154 3293 3209 Africani
3328 3151 3586 3222 praesules
3612 3149 3678 3204 ad

393 3266 461 3318 ita
511 3277 567 3320 ιιι
610 3265 862 3320 Cornelio
902 3267 1068 3335 prius,
1103 3281 1260 3336 quam
1306 3263 1532 3318 Romam
1563 3261 1654 3317 ille
1697 3259 1978 3315 adveniret

388 3357 663 3413 Fortunati
695 3359 886 3414 litterae
916 3357 1293 3414 redderentur.

1125 3468 1237 3524 XII.

457 3589 550 3642 20.
581 3588 814 3643 Cornent
838 3589 1030 3642 titterte
1065 3605 1083 3637 ‹
1115 3584 1420 3639 dilectionis
1452 3581 1704 3636 fraternw
1726 3590 1776 3635 et
1809 3579 1984 3635 eccle-

387 3681 620 3736 siastica:
648 3680 941 3749 disciplina:
983 3689 1038 3732 et
1071 3677 1418 3731 sacerdotalis
1447 3690 1689 3730 censurae
1717 3673 1846 3726 satis
1875 3671 1984 3740 ple-

395 3790 478 3828 nae
514 3793 531 3826 ι
565 3774 833 3844 Cypriane
860 3788 952 3842 per
979 3773 1227 3842 Satyrum
1260 3768 1565 3838 acolytltum
1597 3765 1823 3827 traditae,
1863 3763 1982 3832 qui-

394 3866 497 3920 bus
550 3866 883 3935 signilicabat
954 3865 1343 3919 Felieissimum
1387 3861 1597 3916 hostem
1638 3858 1836 3913 Christi
1880 3871 1983 3910 non

395 3975 616 4027 novntn,
667 3959 759 4014 sed
800 3957 908 4027 jatn
953 3958 1154 4029 pridem
1197 3959 1265 4010 ob
1299 3955 1523 4010 crimina
1557 3968 1648 4006 sua
1683 3952 1906 4020 plurima
1933 3960 1988 4004 et

397 4055 720 4126 gravissima
769 4053 1108 4118 abstentum,
1162 4060 1216 4105 et
1264 4065 1368 4103 non
1416 4056 1618 4101 tantum
1671 4044 1837 4114 ipsius
1883 4043 1987 4114 Cy-

393 4147 586 4218 priani,
617 4147 709 4202 sed
745 4146 1092 4214 plurimorum
1123 4144 1281 4197 etiam
1312 4141 1688 4211 episcoporum
1720 4135 1986 4190 sententia

393 4243 830 4306 condemnatum,
885 4242 1140 4311 t'cjeclntn
1172 4256 1201 4293 ιι
1229 4252 1289 4292 se
1326 4252 1484 4293 esse:
1519 4243 1573 4288 et
1601 4247 1722 4286 cum
1756 4230 1990 4284 venisset

393 4337 622 4405 stipatus
670 4345 886 4391 caterva
935 4345 986 4386 et
1038 4332 1266 4386 factione
1320 4329 1753 4398 desperatorum,
1808 4325 1993 4393 vigore

395 4431 575 4498 pleno,
606 4446 713 4500 quo
740 4431 1022 4498 episc0pos
1051 4444 1210 4496 agere
1234 4427 1407 4490 decet,
1439 4425 1650 4495 pulsum
1669 4422 1736 4476 ab
1757 4419 1992 4476 Ecclesia

395 4539 536 4579 esse.
573 4525 678 4578 llas
704 4524 938 4580 Cornelii
972 4525 1175 4578 litteras
1207 4523 1436 4590 scriptas
1463 4535 1582 4574 csse
1607 4527 1853 4586 apertum
1887 4523 1970 4567 est

397 4631 521 4671 cum
591 4617 958 4672 Felicissimus
1022 4625 1139 4684 post
1196 4612 1474 4669 Fortunati
1547 4607 1992 4681 pseudoepiscopi

401 4708 794 4764 ordinationem
847 4724 949 4762 una
996 4723 1118 4761 cum
1168 4705 1406 4775 ejusdem
1461 4703 1650 4771 legatis
1700 4702 1750 4753 itt
1804 4697 1992 4753 urbem

402 4801 656 4863 venisset,
689 4815 752 4856 ac
783 4799 1012 4855 necdum
1046 4815 1111 4853 eo
1140 4797 1474 4868 pervenisset
1523 4793 1826 4848 Felicianus
1861 4790 1998 4867 Care

404 4891 619 4963 lltaginc
649 4908 769 4948 cum
801 4892 1044 4963 proxime
1071 4891 1227 4945 dictis
1254 4886 1505 4961 Cypriani
1536 4886 1726 4942 litteris
1759 4883 1997 4939 rediens.

1131 5002 1268 5059 Xlll.

472 5125 564 5178 9.1.
599 5125 732 5179 Alia:
759 5123 990 5180 Cornelii
1022 5122 1087 5178 ad
1115 5121 1442 5194 Cyprianum
1476 5121 1666 5176 littera:
1697 5117 1998 5174 timidiores

405 5218 774 5288 superioribus
818 5217 1102 5286 adjuncto.
1157 5216 1424 5284 simulque
1456 5215 1654 5275 missae.
1695 5211 1886 5281 quibus
1915 5211 1998 5264 in-

404 5309 618 5364 diCaltat
639 5326 698 5364 se
725 5309 883 5364 minis
902 5325 963 5364 ac
984 5308 1280 5363 terroribus
1304 5323 1515 5368 eorum,
1541 5305 1628 5375 qui
1654 5319 1681 5356 a
1707 5301 2000 5356 Fortunato

407 5415 686 5468 venerant,
739 5405 1071 5474 aliquantum
1121 5418 1241 5457 esse
1290 5407 1618 5455 commotum
1670 5415 1682 5451 :
1737 5416 1752 5445 ¢
1790 5407 2000 5448 cumse

407 5500 641 5570 aggressi
665 5511 849 5554 essent
877 5514 1000 5552 cum
1025 5511 1233 5550 summa
1265 5493 1645 5562 desperatione
1671 5487 2004 5540 comminan-

411 5600 513 5651 tes.
546 5592 686 5660 quod
720 5591 762 5644 si
807 5591 1012 5645 litteras
1042 5603 1175 5658 quas
1205 5587 1492 5640 allttlcranl
1523 5597 1628 5636 non
1662 5579 1961 5645 accepisset
1985 5617 1999 5643 ,

414 5685 623 5754 publice
663 5701 754 5739 eas
797 5687 1110 5746 recitarunt,
1153 5692 1204 5736 et
1249 5680 1412 5734 multa
1449 5677 1621 5746 turpia
1651 5689 1714 5728 ac
1743 5672 2004 5744 probrosa

419 5788 474 5832 et
505 5793 599 5832 ore
641 5793 739 5833 suo
766 5778 924 5850 digna
954 5778 1279 5850 proferrent.
1320 5792 1338 5825 ι
1372 5771 1505 5828 Tum
1538 5768 1694 5841 igitur
1727 5765 2006 5825 Cornelius

2085 3253 2437 3310 Caelestinum
2471 3269 2658 3323 papam
2688 3254 3050 3308 rescribentes
3077 3266 3200 3306 mox
3240 3247 3438 3305 laudati
3465 3244 3679 3302 concilii

2087 3349 2306 3404 decreto
2319 3357 2604 3403 steterunt.

2819 3417 2957 3473 XIV.

2159 3514 2252 3569 25.
2287 3514 2579 3584 Epistulam
2628 3513 2785 3566 aliam
2827 3511 3142 3581 perbrevetn
3188 3506 3424 3563 Cornelii
3469 3504 3684 3560 nomine

2088 3607 2154 3663 ad
2207 3607 2548 3675 Lupicinum,
2575 3605 2931 3660 Viennensem
2980 3603 3313 3674 episcopum,
3347 3598 3682 3664 inscriptam,

2090 3717 2209 3770 qua:
2228 3717 2289 3753 ex
2313 3700 2641 3754 Floriacensi
2664 3697 2983 3752 bibliotheca
3004 3695 3219 3766 prodiit,
3253 3694 3304 3748 itt
3330 3690 3683 3763 appendicem

2094 3795 2402 3862 rejccimus.
2434 3794 2579 3846 Alias
2603 3802 2782 3848 autem
2811 3793 2966 3851 duas,
3000 3805 3134 3859 quas
3161 3786 3419 3843 confinxit
3449 3784 3688 3839 Isidorus

2092 3886 2378 3952 Mercator,
2411 3900 2440 3938 a
2471 3885 2690 3954 reliquis
2719 3885 2834 3954 ejus
2865 3883 3134 3937 mercibus
3161 3895 3266 3934 non
3306 3892 3643 3949 separamus.

2839 3995 2954 4049 XV.

2163 4091 2254 4145 ‘24.
2285 4090 2338 4144 In
2367 4089 2690 4144 editionibus
2721 4088 3090 4148 conciliorum,
3124 4084 3339 4138 unicum
3371 4082 3473 4136 hoc
3495 4096 3527 4137 e
3553 4079 3687 4136 Gra-

2095 4185 2220 4237 tiani
2259 4181 2640 4251 compilatione
2670 4193 2805 4245 xxn,
2833 4187 3026 4249 quiest.
3060 4179 3112 4241 5,
3143 4191 3191 4229 c.
3231 4174 3318 4239 16,
3350 4173 3682 4244 descriptum

2096 4288 2179 4332 est
2208 4277 2484 4330 dccretmn
2517 4293 2528 4326 :
2568 4293 2586 4324 ι
2625 4274 2918 4328 llouestutn
2951 4273 3112 4329 etiam
3147 4269 3378 4333 videtur,
3424 4277 3481 4322 ιιι
3517 4267 3606 4338 qui
3637 4266 3689 4322 in

2095 4369 2297 4424 sanctis
2331 4367 2487 4421 audet
2517 4365 2724 4434 jurare,
2775 4365 2877 4418 hoc
2921 4363 3138 4434 jejunus
3172 4360 3330 4416 faciat
3373 4374 3494 4414 cum
3543 4359 3692 4415 omni

2099 4462 2382 4517 hooestate
2406 4471 2457 4514 et
2490 4462 2684 4516 timore
2710 4461 2799 4518 Dei
2827 4477 2840 4522 ;
2874 4469 2928 4514 et
2955 4467 3012 4513 ttt
3043 4455 3195 4527 pueri
3226 4464 3350 4509 ante
3378 4469 3548 4508 annos
3577 4469 3688 4519 xw,

1977 4556 1990 4615 ἶ
2021 4558 2072 4617 D
2098 4570 2207 4609 non
2229 4561 2488 4623 cogantur
2509 4552 2715 4622 jurare.
2750 4570 2766 4602 ι
2799 4550 2944 4605 Idem
2972 4549 3245 4603 decretum
3272 4545 3540 4609 ablvone,
3569 4558 3687 4614 par.

2098 4665 2194 4716 xn,
2223 4664 2272 4702 c.
2306 4647 2411 4711 69;
2441 4656 2495 4702 et
2521 4645 2834 4702 Burcltardo
2865 4645 2956 4699 lib.
2993 4660 3088 4709 xn,
3123 4658 3169 4698 c.
3203 4641 3289 4706 l2,
3323 4638 3576 4694 Cornelio
3599 4637 3693 4692 tri-

2098 4741 2278 4795 buitttr
2303 4757 2316 4794 :
2345 4739 2440 4794 sed
2461 4739 2526 4793 ab
2551 4738 2740 4794 eodem
2772 4737 2932 4792 lvone
2953 4779 2966 4801 ,
3000 4752 3053 4805 p.
3086 4751 3182 4796 xit,
3212 4749 3260 4788 c.
3310 4734 3415 4797 35;
3448 4741 3502 4786 et
3530 4746 3558 4784 a
3588 4729 3694 4785 Re-

2097 4835 2292 4904 ginone
2321 4833 2410 4888 lib.
2441 4849 2497 4898 n,
2527 4847 2645 4902 cap.
2679 4831 2805 4896 διε,
2829 4830 2974 4884 velut
3001 4844 3066 4881 ex
3101 4826 3235 4880 libro
3265 4842 3281 4880 ι
3309 4823 3696 4894 Capitularium

2099 4927 2364 4982 laudatur.
2402 4926 2467 4980 Et
2498 4941 2555 4978 re
2581 4923 2796 4995 quidem
2828 4923 2939 4992 ipsa
2973 4935 3035 4974 ex
3068 4917 3365 4988 Capitulari
3396 4917 3691 4986 Aquisgra—

2101 5020 2426 5087 nensi,ann.
2471 5017 2597 5081 789,
2645 5031 2765 5084 cap.
2815 5014 2906 5081 63,
2962 5018 3276 5080 excerptum
3326 5014 3424 5061 cst.
3462 5005 3694 5060 Rursum

2103 5124 2373 5183 postrema
2409 5111 2525 5181 ejus
2563 5124 2688 5180 pars
2719 5107 2784 5162 de
2823 5106 3006 5177 put-ris
3051 5103 3115 5158 ad
3142 5100 3428 5171 jurandum
3464 5113 3570 5151 non
3597 5111 3662 5152 co
3693 5124 3695 5126 -

2103 5204 2309 5273 gendis,
2361 5204 2538 5271 juncta
2590 5215 2710 5253 eum
2743 5199 2908 5252 altera
2949 5196 3015 5249 de
3059 5193 3250 5263 puellis
3293 5187 3619 5258 jttrantibus,
3663 5201 3690 5239 a

2104 5295 2362 5352 Gratiano
2404 5292 2532 5346 ibid.
2573 5305 2623 5345 c.
2679 5291 2766 5355 15,
2799 5299 2855 5343 ιιι
2885 5305 2949 5342 ex
2982 5285 3214 5342 concilio
3247 5281 3580 5338 Elihcritano
3610 5293 3697 5333 re-

2102 5387 2291 5443 fertur.
2318 5387 2448 5440 ltetn
2473 5400 2535 5438 ex
2559 5381 2750 5437 eodem
2783 5379 3036 5434 concilio.
3065 5377 3180 5437 Ivo,
3212 5391 3263 5446 p.
3292 5389 3386 5439 xn,
3412 5387 3460 5426 c.
3496 5371 3585 5433 8|,
3616 5369 3667 5424 al

2112 5493 2279 5536 teram
2330 5481 2472 5534 illam
2515 5485 2718 5547 partetn
2761 5475 2829 5528 de
2883 5471 3075 5542 puellis
3114 5467 3422 5539 jnrantilms
3472 5461 3698 5534 profert,

2109 5591 2266 5645 quam
2315 5573 2530 5643 quidem
2580 5568 2943 5633 Bttrcltartlus,
2989 5567 3079 5619 lib.
3130 5580 3223 5631 xn,
3255 5579 3305 5616 c.
3351 5561 3442 5626 96,
3497 5575 3600 5612 non
3634 5573 3699 5611 ex

2110 5667 2338 5722 eoncilio
2370 5665 2717 5726 Iiliberitano,
2753 5661 2803 5716 itt
2836 5675 2945 5730 quo
2976 5675 3032 5713 re
3061 5672 3186 5711 vera
3219 5672 3324 5710 ttott
3358 5661 3559 5718 exstat,
3607 5647 3704 5708 sed

2112 5777 2175 5820 ex
2192 5759 2424 5820 concilio
2454 5755 2794 5824 llibcrnensi,
2826 5769 2876 5811 c.
2911 5754 2966 5820 '5,
3001 5751 3204 5808 laudat.
