4252 6258
606 321 712 377 705

1636 325 1973 382 EPISTOLA
2015 325 2052 380 Ι.
2102 326 2188 380 :‘xD
2227 323 2619 382 CORNELIURI
2663 326 2916 382 PAPAM.

3800 327 3906 383 τοι

677 452 763 489 ras
793 433 1038 504 Cornelii,
1087 452 1186 490 non
1221 433 1521 500 Novatiaui,
1543 435 1742 506 publice
1765 438 1916 490 lectas
1941 454 2066 492 esse.
2096 436 2200 491 Cur
2228 444 2275 504 B
2305 437 2592 508 pertinacia
2618 452 2720 490 non
2754 447 2957 492 tantum
2988 437 3178 492 radicis
3203 449 3223 475 ο
3256 448 3309 493 et
3335 439 3517 494 matris
3540 437 3715 494 sinum
3747 451 3910 512 atque

681 538 865 594 prwter
914 526 1137 582 Cornelii
1186 529 1398 594 litteras,
1449 529 1627 599 quibus
1679 528 1767 581 ille
1815 546 1866 581 se
1912 530 2204 598 episcopum

664 620 968 685 nuntiabat,
993 636 1165 674 eorum
1193 621 1281 691 qui
1301 620 1463 687 ipsius
1504 619 1816 674 ordinationi
1848 620 2202 688 interfuerant,

681 716 1025 769 testintonium
1051 715 1373 768 desiderarit.
1404 713 1571 782 Rogat
1591 712 1901 779 Cornelium,
1935 723 1988 767 ut
2016 714 2206 768 litteras

680 808 744 861 (le
759 806 1070 862 Felicissimi
1094 819 1138 862 et
1169 808 1571 881 presbyterorum
1601 817 1647 862 et
1681 808 2000 862 addictorum
2029 825 2204 873 causa,

677 921 804 976 quas
831 905 931 976 ipsi
963 904 1134 971 mittit,
1169 904 1322 975 legat.
1922 888 1927 892 ’

859 1056 1156 1098 ογριιιιικυε
1183 1055 1446 1097 CORNELIO
1471 1057 1665 1096 FRATRI
1695 1056 1960 1098 SALUTEM.

679 1172 719 1228 l.
752 1173 903 1242 Quod
939 1174 1110 1230 servis
1155 1174 1268 1237 Dei,
1303 1183 1357 1228 et
1387 1175 1616 1228 maxime
1661 1172 2028 1228 sacerdotibus
2051 1171 2211 1242 justis

610 1278 670 1324 ct’
694 1271 928 1339 paciﬁcis
950 1271 1299 1343 congruebat,
1328 1272 1490 1327 frater
1519 1273 1856 1336 charissime,
1891 1273 2210 1329 miscramus

607 1375 779 1432 nuper
803 1362 1036 1432 collegas
1077 1372 1289 1417 nostros
1315 1363 1634 1418 Caldonium
1665 1372 1690 1399 ιι
1719 1373 1772 1418 et
1816 1362 2164 1417 Fortunatum
2195 1381 2207 1426 ;

605 1461 664 1506 ut
693 1470 797 1507 non
828 1462 1032 1508 tantmn
1062 1455 1409 1525 persuasione
1435 1455 1728 1509 litterarum
1758 1464 2088 1521 nostrarmn,
2115 1455 2211 1510 sed

603 1546 932 1616 pra‘sentiab
950 1565 1042 1602 sua
1075 1557 1124 1603 et
1155 1549 1382 1602 consilio
1411 1551 1650 1602 onmium
1678 1559 1912 1604 vestrum
1935 1550 2209 1604 eniteren-

609 1645 712 1704 tur,
749 1647 1004 1708 quantum
1030 1648 1267 1708 possent.
1303 1648 1357 1694 et
1378 1639 1742 1705 elaborarent,
1771 1650 1825 1694 ut
1845 1641 1909 1694 ad
1933 1639 2212 1696 catholicae

609 1728 870 1783 Ecclesia:
903 1731 1160 1784 unitatem
1191 1731 1343 1785 scissi
1373 1731 1618 1800 corporis
1646 1732 1884 1786 membra
1925 1747 2213 1802 compone-

2312 528 2648 597 complexum
2675 529 2967 593 recusavit;
2998 529 3089 583 sed
3120 530 3278 585 etiam
3304 530 3562 599 gliscente
3585 527 3614 567 ἀ
3651 540 3703 586 et
3735 531 3787 586 in
3817 547 3908 601 pe-

2307 621 2395 691 jus
2425 621 2835 677 recrudescente
2857 621 3119 678 discordia
3153 620 3460 693 episcolmm
3484 625 3585 680 sibi
3610 625 3906 692 constituit,

2312 726 2365 770 et
2391 725 2574 768 contra
2604 726 2997 773 sacramentum
3038 717 3204 770 semel
3231 716 3482 772 traditum
3506 716 3700 772 divinae
3729 717 3910 788 dispo-

2311 809 2520 862 sitionis
2541 817 2593 862 et
2617 808 2894 863 catholicae
2917 809 3153 873 unitatis,
3182 809 3483 864 adulterum
3506 820 3559 864 et
3579 813 3905 866 contrarium

2311 909 2472 969 caput
2493 908 2638 953 extra
2669 899 2964 954 Ecclesiam
2997 897 3153 962 fecit;
3182 900 3417 969 acceptis
3441 900 3627 955 litteris
3650 913 3758 956 tam
3782 902 3906 969 tuis,

2311 1007 2470 1060 quam
2501 993 2824 1061 collegarum
2862 1001 3184 1056 nostrorum,
3215 993 3338 1047 item
3369 993 3780 1051 adventantibus
3809 997 3908 1051 ho-

2314 1086 2396 1140 nis
2419 1087 2542 1140 viris
2572 1095 2625 1140 et
2655 1087 2810 1141 nobis
2834 1086 3163 1141 charissimis
3190 1088 3411 1159 collegis
3437 1090 3632 1143 nostris
3653 1090 3911 1161 Pompeio

2312 1186 2365 1232 et
2393 1178 2688 1247 Stephano,
2721 1195 2746 1230 a
2774 1179 2969 1248 quibus
2997 1178 3110 1233 hare
3133 1180 3310 1233 omnia
3336 1180 3489 1235 nobis
3514 1196 3636 1235 cum
3682 1183 3864 1237 lietitia
3885 1192 3907 1219 ε

2313 1270 2582 1324 Communi
2609 1281 2910 1324 asseverant
2943 1268 2962 1307 ί
2992 1281 3118 1324 sunt
3149 1270 3376 1326 firmiter
3394 1281 3448 1326 et
3477 1273 3697 1342 probata
3723 1283 3769 1340 Β,
3821 1290 3911 1330 se-

2314 1362 2545 1415 cundmn
2578 1361 2717 1431 quod
2747 1362 2938 1417 divinae
2969 1361 3271 1417 traditionis
3293 1372 3345 1417 ct
3365 1365 3742 1420 ccclcsfasticte
3768 1367 3913 1422 insli-

2316 1457 2532 1509 tutioois
2573 1457 2826 1509 sanctitas
2873 1456 3073 1524 pariter
3102 1471 3164 1511 ac
3194 1457 3384 1511 veritas
3412 1457 3677 1526 exigebat,
3712 1458 3911 1514 litteras

2318 1556 2525 1600 tmstras
2552 1547 2617 1600 ad
2653 1557 2702 1601 te
2730 1547 3042 1601 direximus.
3077 1546 3181 1602 Sed
3214 1554 3270 1602 et
3299 1563 3391 1615 per
3421 1550 3749 1616 provinciam
3789 1567 3913 1606 nos~

2316 1646 2450 1692 tratn
2483 1640 2596 1692 lure
2631 1640 2817 1695 eadem
2865 1639 3086 1708 collegis
3131 1641 3353 1710 singulis
3385 1641 3436 1694 in
3465 1643 3706 1697 notitiam
3737 1646 3911 1712 perfe-

2316 1741 2516 1797 rentes,
2559 1733 2626 1786 ab
2671 1733 2752 1786 his
2791 1748 3002 1803 quoque
3054 1733 3248 1789 fratres
3289 1745 3503 1803 nosnos
3549 1751 3671 1790 cum
3721 1737 3910 1792 litteris

609 1829 748 1883 rent,
791 1830 847 1875 et
875 1820 1190 1876 Chrisdanas
1233 1822 1510 1878 charitatis
1561 1824 1828 1878 vinculum
1871 1824 2205 1893 cepularent.
2239 1841 2287 1900 Β
2315 1823 2620 1894 dirigendos
2643 1823 2668 1860 ιι
2702 1839 2821 1879 esse
2854 1824 3244 1880 mandavimus.

609 1914 714 1972 Sed
757 1917 1007 1987 quoniam
1049 1915 1276 1974 diversae
1322 1917 1485 1988 partis
1526 1917 1791 1974 obstinata
1819 1928 1872 1974 et
1915 1917 2217 1972 inflexibilis

2395 1916 2459 1970 ll.
2513 1917 2849 1988 Quamquam
2897 1933 3048 1972 tuens
3090 1929 3296 1983 nostra,
3327 1927 3380 1972 et
3429 1917 3758 1988 propositum
3801 1921 3909 1990 jam

1843 2029 2230 2088 LECTIONES
2272 2028 2684 2086 VARIANTES.

674 2147 700 2178 ⁸
735 2145 1034 2197 Calidonium
1060 2147 1199 2198 Foss.
1235 2143 1364 2197 Vict.
1393 2144 1544 2197 Miclt.

669 2206 699 2247 b
736 2209 840 2260 Tua
871 2207 922 2261 in
955 2207 1211 2259 vetustiore
1232 2223 1320 2260 ms.
1363 2209 1492 2260 Colb.

677 2276 698 2304 ο
738 2271 951 2324 Nutricis
974 2279 1103 2323 cetus
1127 2272 1238 2322 cod.
1268 2271 1440 2321 Balttz.

673 2334 700 2373 ἀ
739 2335 990 2397 Gliscente
1015 2336 1063 2382 in
1090 2333 1231 2397 pejus
1251 2335 1653 2384 uterudescente
1678 2332 1808 2385 idem
1849 2335 2024 2386 codex.
2069 2333 2208 2386 Alter

607 2396 843 2460 recentior
862 2411 970 2448 cum
990 2396 1102 2448 edit.
1127 2399 1282 2460 Oxon.
1302 2397 1550 2446 Gliscente
1571 2404 1623 2460 et
1645 2398 1694 2444 in
1721 2399 1860 2460 pejus
1875 2399 2200 2448 crudescente

610 2458 771 2524 Magis
791 2458 950 2524 placet
970 2472 1080 2511 cum
1101 2458 1289 2510 Pamel.
1312 2466 1357 2511 et
1378 2473 1466 2511 ms.
1489 2459 1629 2512 Corb.
1652 2458 1904 2511 Gliscente
1930 2467 1980 2511 et
1999 2463 2048 2510 in
2068 2462 2211 2524 pejus

2315 2140 2720 2191 recrudescente.

2383 2209 2405 2234 υ
2442 2204 2559 2252 Haec
2581 2204 2738 2251 omnia
2763 2215 2871 2252 cum
2897 2204 3092 2254 tristitia
3121 2205 3278 2255 Oxon.

2380 2265 2400 2303 ί
2439 2268 2638 2314 Asscrta
2664 2271 2776 2313 stmt
2802 2265 3004 2315 lirmiter
3025 2268 3184 2317 Oxon.

2381 2331 2406 2370 Β
2443 2329 2653 2390 Probata
2677 2329 2855 2390 quibus
2873 2330 3087 2390 cognitis
3119 2329 3387 2378 secundum
3419 2331 3535 2379 Ver.

2375 2391 2404 2429 h
2435 2389 2750 2453 Bedigendos
2774 2388 3080 2456 Bod.,3'.Lin.
3100 2389 3244 2444 Ebor.
3266 2391 3376 2444 NG.
3402 2393 3446 2442 ι.
3471 2392 3605 2444 Foss.
3630 2388 3913 2444 Vict.MicIt.

1935 2567 2296 2625 VARIORUM
2334 2568 2558 2624 ΝΟΤΑΞ.

646 2686 835 2743 horum
877 2688 1144 2759 acolytum
1192 2687 1467 2754 aliquanto
1496 2695 1615 2756 post
1640 2689 1970 2756 superiorem
2004 2689 2205 2756 episto-

630 2774 715 2812 am
771 2761 1082 2813 transmissa
1130 2767 1230 2813 est.
1265 2759 1569 2814 Cors'rxtvr.
1601 2791 1674 2800 --
1723 2759 1872 2813 llanc
1922 2760 2203 2828 epistolam

607 2838 795 2884 auctor
821 2841 1095 2897 gestorum
1147 2829 1526 2898 pontiiiealium
1581 2831 1656 2884 ait
1705 2833 1958 2900 scriptam
2015 2845 2044 2882 a
2097 2830 2203 2901 Cy-

607 2904 798 2972 prizmo
830 2902 993 2956 fuisse
1031 2902 1082 2955 in
1123 2917 1362 2969 carcere,
1393 2911 1451 2955 ut
1499 2916 1620 2956 mox
1655 2901 1848 2964 dicam,
1880 2913 1932 2955 et
1987 2902 2203 2954 missam

611 2987 705 3040 per
751 2973 1054 3027 Cclerinum
1104 2973 1382 3028 lectorem.
1431 2977 1500 3028 At
1552 2974 1872 3027 Pcarsonius
1923 2973 1972 3025 in
2035 2974 2207 3024 Anna-

609 3043 742 3097 libus
794 3042 1116 3113 Cyprianicis
1171 3055 1320 3112 putat
1363 3047 1478 3100 hzce
1535 3045 1693 3099 verba
1747 3055 1999 3111 gestorum
2043 3045 2208 3111 ponti-

609 3115 838 3188 [icalium
891 3114 1114 3188 intelligi
1147 3115 1214 3188 de
1263 3118 1488 3188 epistola
1521 3133 1643 3176 Lvu.
1691 3115 1856 3188 falso,
1905 3125 1960 3168 ut
1989 3115 2203 3188 opinor.

610 3185 742 3238 Nam
767 3187 818 3238 in
846 3187 1069 3255 epistola
1095 3185 1255 3241 missa
1280 3185 1374 3256 per
1403 3188 1708 3242 Celerimun
1739 3187 1994 3256 agebatur
2023 3187 2090 3239 de
2120 3203 2205 3239 or-

610 3255 887 3328 dinatione
916 3257 1169 3319 Cornelii,
1199 3255 1386 3328 dequa
1412 3275 1516 3312 non
1540 3261 1713 3327 agitur
1738 3255 1789 3311 in
1824 3258 2047 3324 cpistola
2080 3272 2202 3310 Lvu.

612 3327 778 3383 Recte
827 3327 1079 3382 observat
1129 3328 1268 3383 idem
1304 3327 1400 3383 ’vir
1445 3329 1776 3384 clarissiums
1815 3343 2055 3382 errorem
2087 3344 2207 3382 esse

612 3400 665 3452 in
696 3399 862 3468 gestis
894 3399 1289 3470 pontiﬁcalibus
1335 3416 1400 3454 eo
1432 3401 1531 3454 loci
1566 3401 1653 3454 ubi
1686 3400 1877 3470 legitur
1924 3399 2205 3466 epistolam

612 3471 757 3525 illam
788 3469 1147 3536 conscriptam
1171 3485 1290 3523 esse
1317 3472 1368 3525 in
1393 3485 1611 3524 carcere
1641 3486 1670 3523 a
1703 3469 1889 3524 sancto
1915 3469 2206 3540 Cypriano.

613 3541 813 3596 Verum
846 3556 950 3594 non
985 3540 1105 3595 ideo
1135 3541 1545 3596 existimandum
1573 3551 1657 3595 est
1685 3541 1811 3596 falsa
1843 3557 2062 3608 prorsus
2091 3556 2212 3596 esse

612 3623 664 3668 et
687 3611 1051 3685 commentitia
1079 3626 1200 3682 qua:
1231 3611 1348 3685 istic
1381 3612 1755 3685 traditauctor
1789 3612 1980 3685 horum
2004 3684 2011 3685 ί
2033 3622 2204 3681 gesto-

612 3699 754 3738 rum.
787 3684 950 3737 Error
978 3683 1082 3744 est,
1131 3698 1236 3736 non
1279 3684 1500 3738 falsitas.
1537 3683 1852 3738 Emendatio
1900 3683 2068 3738 facilis
2105 3693 2208 3736 est.

611 3757 742 3822 Qua:
767 3755 1017 3809 dicuntur
1049 3754 1114 3808 de
1140 3769 1359 3810 carcere
1412 3755 1688 3810 referenda
1725 3764 1848 3807 sunt
1898 3754 1963 3807 ad
2003 3755 2210 3809 Celeri-

612 3843 764 3891 num,
816 3839 975 3894 quem
1017 3835 1225 3879 constat
1259 3826 1309 3880 in
1361 3841 1578 3880 carcere
1622 3837 1823 3880 tentum
1877 3824 2039 3877 fuisse
2089 3841 2208 3878 cum

614 3899 814 3970 Moyse.
842 3896 1093 3970 Maximo,
1134 3905 1192 3970 et
1224 3896 1552 3970 Nicostrate,
1579 3897 1796 3953 Urbano
1821 3903 1875 3950 et
1895 3896 2136 3970 Sidonio.
2165 3895 2213 3970 l_s

613 3968 742 4040 ergo
765 3973 968 4040 litteras
990 3968 1234 4040 Cypriani
1257 3969 1462 4040 accepit
1492 3969 1541 4020 in
1565 3983 1803 4040 carcere,
1836 3978 1889 4020 et
1913 3968 2036 4020 hinc
2068 3968 2213 4040 misit

614 4038 1188 4097 ad'Coruclium.'Sic
1231 4039 1440 4093 videtur
1485 4038 1850 4094 restituendus
1895 4054 2074 4093 sermo
2123 4039 2211 4106 qui

615 4115 858 4167 turbatus
883 4123 965 4166 est
990 4112 1041 4164 in
1073 4111 1258 4180 gestis.
1290 4111 1394 4164 Sed
1427 4110 1568 4180 quod
1615 4111 1763 4165 addit
1813 4108 1950 4162 idem
1995 4110 2075 4163 vir
2103 4109 2214 4163 ela-

617 4185 863 4238 rissinms
881 4198 945 4236 ex
969 4182 1177 4246 Adone,
1207 4182 1346 4252 quod
1375 4191 1621 4237 numerat
1646 4182 1782 4238 inter
1810 4180 1994 4234 frivola
2026 4189 2078 4233 et
2101 4181 2212 4233 ina-

615 4255 702 4310 nia
757 4255 1095 4324 chuentium
1151 4263 1451 4322 temporum
1483 4253 2112 4324 eomutentapnimirum
2159 4254 2210 4304 in

613 4321 847 4394 epistola
904 4325 1371 4395 illaCyprianum
1436 4325 1718 4395 scripsis<e
1769 4322 1835 4376 ad
1899 4321 2210 4395 Cornelium

614 4408 813 4470 quatita
838 4411 940 4470 pro
963 4394 1064 4448 fide
1092 4394 1144 4449 et
1184 4394 2088 4470 confessioneChristisustimnrrit
2110 4394 2205 4470 tle-

617 4463 854 4530 l'crinns;
892 4466 942 4520 id
973 4481 1101 4517 vero
1149 4481 1391 4533 magnam
1454 4466 1612 4520 habet
1658 4465 2044 4518 difficultatem.
2096 4463 2213 4516 Ado

619 4539 762 4593 cnim
794 4553 900 4592 non
931 4534 1294 4604 scribithnjus
1321 4535 1553 4604 Celerini
1586 4535 1768 4589 laudes
1791 4534 1952 4588 fuisse
1983 4535 2032 4586 in
2093 4535 2209 4602 cpi-

618 4611 754 4662 stola
773 4624 874 4678 qna
895 4606 1150 4678 probabat
1166 4603 1482 4678 electionem
1496 4603 1753 4678 Cornelii.
1774 4606 1898 4658 llmc
1912 4615 2035 4657 sunt
2053 4607 2209 4658 verba

618 4675 823 4733 Adonis
867 4679 931 4730 ad
973 4677 1114 4729 diem
1163 4692 1288 4729 xvut
1336 4675 1441 4730 kal.
1496 4677 1776 4730 octobl‘iS:
1837 4677 1947 4739 Quo
1994 4687 2213 4745 tempore

620 4751 795 4804 beatus
821 4749 1111 4818 Cyprianus
1139 4749 1310 4801 scribit
1349 4750 1390 4798 ci
1425 4748 1487 4799 tle
1515 4745 1747 4800 Cclerino
1780 4747 1980 4818 lectore,
2025 4759 2214 4813 quanta

618 4838 710 4891 pro
738 4822 840 4889 ﬁde
864 4816 908 4874 et
960 4821 1274 4888 confessione
1321 4819 1509 4872 Christi
1556 4818 1870 4891 sustinuerit.
1899 4816 2032 4891 _lsta
2083 4834 2212 4885 ergo

619 4889 902 4946 exstabant
931 4891 982 4945 in
1007 4891 1110 4945 alia
1140 4894 1388 4962 quapiam
1415 4890 1641 4959 epistola
1656 4889 1910 4960 Cypriani
1929 4903 2029 4957 qua
2056 4903 2211 4943 carc-

621 4979 763 5020 mus.
793 4963 986 5018 BALUZ.

692 5035 733 5090 Ι.
760 5035 1058 5090 Miseramus
1087 5049 1266 5103 nuper.
1303 5033 1375 5088 De
1403 5031 1510 5104 hac
1551 5031 1799 5104 Cyptjaui
1847 5029 2111 5100 legatione
2147 5031 2214 5084 ad

621 5107 929 5162 Cornelium
960 5120 1123 5175 agens
1158 5101 1367 5165 Marea,
1401 5103 1496 5158 lib.
1529 5121 1556 5156 v
1582 5101 1644 5157 {te
1669 5101 1976 5175 Concordia,
2008 5117 2127 5175 cap.
2156 5104 2213 5168 2,

624 5179 695 5232 ait
744 5173 1061 5231 Caldouium
1117 5185 1168 5229 et
1228 5175 1576 5229 Fortunatqu
1624 5177 1826 5244 legatos
1854 5173 2110 5246 Cypriani
2163 5181 2218 5246 et

623 5248 836 5305 concilii
861 5247 1298 5318 Carthaginiensis
1329 5247 1522 5300 missos
1559 5262 1680 5301 esse
1712 5255 1762 5300 ut
1797 5245 2053 5317 quantum
2101 5245 2218 5300 fieri

627 5331 806 5387 posset
850 5317 1182 5374 eniterentur
1234 5317 1300 5370 atl
1346 5318 1772 5387 cmnponeudam
1818 5318 2055 5371 consiliis
2109 5319 2222 5370 suis

625 5391 883 5445 Ecclesia:
906 5392 1183 5454 unitatem,
1208 5405 1326 5457 qua:
1346 5389 1573 5444 factione
1601 5389 1874 5442 Novatiani
1893 5391 2061 5443 scissa
2083 5397 2220 5454 erat,

624 5473 677 5516 et
709 5473 765 5515 ut
793 5461 858 5514 de
879 5461 1115 5515 Cornelii
1138 5460 1474 5514 ordinatione
1495 5476 1616 5529 quae
1632 5459 1732 5515 sibi
1751 5470 1931 5515 essent
1947 5471 2218 5526 comperta

623 5533 884 5588 referrent.
912 5531 978 5584 ad
1007 5530 1302 5585 Africanos.
1337 5531 1534 5585 waz.

620 5617 631 5629 '
699 5603 964 5655 ()bstinatu
995 5601 1290 5670 pertinacia.
1345 5601 1561 5656 Honorii
1601 5602 1734 5670 Aug.
1777 5603 2088 5655 Constitutio
2127 5601 2223 5654 ad-

624 5691 812 5730 versus
835 5675 1104 5743 Pelagium
1131 5685 1184 5727 et
1211 5671 1518 5727 Ctelestium
1548 5691 1559 5726 :
1591 5673 1697 5726 Sed
1720 5675 1839 5738 quia
1862 5675 2228 5726 obstinatorum

628 5747 779 5796 nimis
810 5747 1043 5812 pertinax
1065 5744 1252 5796 malum
1283 5752 1334 5795 ut
1361 5745 1650 5798 constitutio
1672 5745 2013 5811 geminaretur
2042 5745 2227 5813 exegit.

628 5813 925 5866 Pertinacia
953 5814 1200 5876 sumitur,
1229 5821 1286 5864 ut
1311 5813 1620 5880 plurimum,
1662 5813 1712 5865 in
1749 5813 1944 5867 malam
1998 5823 2227 5882 partem,

2241 4647 2290 4705 D

2311 2695 2367 2742 ut
2415 2685 2718 2740 monuimus
2769 2686 2820 2740 in
2868 2686 3008 2745 nolis
3063 2685 3129 2738 ad
3178 2683 3523 2756 Capilularia,
3581 2699 3700 2755 pag.
3755 2686 3909 2741 illo.

3380 2757 3574 2811 BALUZ.

2385 2830 2654 2883 (.‘liscente.
2694 2829 2811 2882 Mox
2838 2827 3458 2900 Cyprianusrespiciens
3487 2828 3550 2882 ad
3577 2827 3704 2882 illud
3741 2827 3906 2893 Pauli,

2311 2902 2508 2972 Ephes.
2540 2918 2592 2964 v,
2612 2902 2700 2954 5‘2:
2725 2899 3112 2972 Sacrantentum
3132 2899 3224 2952 hoc
3247 2916 3487 2972 ntagnum
3510 2909 3601 2962 est,
3631 2909 3911 2972 egogautem

2313 2970 2446 3037 dico,
2485 2977 2534 3024 in
2554 2972 2753 3025 Christo
2787 2984 2830 3024 et
2851 2973 2899 3024 in
2927 2971 3178 3035 Ecclesia,
3203 2970 3512 3040 episcopum
3537 2970 3801 3033 ccclesi:t.-,
3827 2971 3910 3024 cui

2313 3045 2546 3113 legitime
2575 3044 2868 3107 ordinatur,
2902 3057 3158 3108 Sponsum
3211 3051 3426 3113 censet;
3461 3041 3706 3110 ad--oqne
3757 3042 3911 3095 adul-

2312 3112 2473 3169 terum
2499 3115 2677 3170 haberi
2711 3114 2842 3176 vult,
2875 3115 2960 3183 qui
3019 3115 3067 3166 in
3119 3112 3362 3166 eamdem
3395 3113 3679 3167 ecclesiam
3725 3122 3911 3166 contra

2312 3188 2390 3240 fas
2435 3196 2485 3240 et
2517 3182 2910 3240 sacramentum
2957 3185 3151 3238 divina:
3199 3183 3568 3251 dispositionis
3626 3182 3910 3236 inducitur.

2312 3258 2445 3312 llinc
2470 3267 2522 3309 ct
2552 3258 2834 3326 episcopos
2857 3257 3228 3319 ecclesiarum,
3260 3255 3454 3322 quibus
3481 3253 3903 3318 adstringuntur,

2311 3343 2539 3398 sponsos
2561 3328 2812 3382 censendi
2861 3343 3062 3398 morem
3109 3335 3162 3380 et
3207 3326 3486 3395 antiquum
3515 3340 3656 3392 esse,
3699 3335 3755 3380 et
3785 3326 3913 3395 ipsis

2313 3396 2463 3453 Pauli
2493 3401 2669 3452 verbis
2699 3400 2791 3452 niti
2822 3408 2986 3467 patet.
3018 3396 3324 3452 Cous'raur.

2389 3471 2696 3540 Episcopum
2787 3466 2898 3523 sibi.
2997 3470 3370 3522 Novatiaoum.
3448 3467 3590 3521 Istud
3653 3466 3916 3540 evenisse

2311 3537 2454 3597 anno
2481 3537 2587 3596 €25i
2609 3542 2823 3608 scripsit
2839 3541 3116 3607 Baronius,
3135 3539 3456 3594 Pcarsonius
3479 3553 3618 3592 anno
3642 3537 3910 3592 25LBAL.

2386 3612 2730 3682 Collegarum.
2762 3613 2872 3666 lloc
2897 3622 2980 3667 est.
3004 3613 3377 3681 cpisc0porum
3405 3609 3490 3680 qui
3509 3609 3738 3682 Cornelii
3761 3609 3911 3682 0ιίΙί-

2316 3686 2514 3738 nationi
2532 3679 2908 3738 interfuerant.
2939 3683 2996 3736 Ei
3015 3679 3199 3736 autem
3222 3679 3576 3735 inter-fuerunt
3599 3679 3868 3734 sexdecim
3891 3719 3907 3746 ,

2319 3756 2456 3810 inter
2482 3769 2616 3825 quos
2637 3754 2743 3810 (luo
2775 3755 2910 3817 Afri,
2939 3754 3226 3808 Caldouius
3249 3753 3452 3825 scilicet
3478 3767 3542 3825 ae
3563 3753 3910 3825 Fortunatus,

2317 3821 2682 3881 recnns'entur.
2721 3825 2794 3879 Ex
2829 3826 2909 3878 his
2932 3825 3124 3879 litteris
3172 3823 3730 3891 quilmsnuntiabatur
3777 3821 3915 3876 Cor-

2315 3899 2437 3952 nelii
2462 3898 2723 3952 ordinatio
2746 3897 2903 3950 null:e
2930 3905 3159 3950 exstant.
3191 3895 3492 3949 Cousraur.

2389 3969 2515 4022 Cum
2533 3969 2727 4022 lwtitia.
2745 3968 2820 4022 lta
2852 3967 3028 4020 omnia
3054 3976 3235 4020 vetera
3259 3965 3583 4034 exemplaria
3608 3977 3711 4018 tam
3734 3972 3912 4018 nostra

2315 4057 2474 4107 quam
2507 4039 2790 4108 Anglieana
2811 4049 2863 4092 et
2888 4053 3076 4092 on‘tncs
3103 4037 3364 4091 editiones
3393 4046 3516 4091 ante
3538 4035 3910 4108 Rigaltianam.

2316 4112 2493 4180 Quare
2545 4107 2696 4165 valde
2741 4110 2906 4163 miror
2935 4111 3103 4161 virum
3135 4107 3502 4163 doctissimum
3543 4107 3912 4180 auctoritatem

2316 4179 2517 4236 codicis
2577 4180 2954 4245 Beneventani,
3009 4180 3062 4232 in
3092 4195 3198 4248 quo
3242 4181 3498 4247 scriptum
3541 4193 3662 4232 esse
3703 4179 3775 4248 ait
3805 4194 3916 4230 cum

2319 4255 2546 4314 tristitia,
2580 4253 2877 4321 praetulisse
2901 4247 3187 4323 consensui
3238 4260 3476 4323 veterum
3524 4247 3914 4323 exemplarium

2316 4335 2370 4379 et
2395 4320 2966 4389 editionum.Quamvis
2983 4323 3122 4375 enim
3146 4320 3259 4375 hcc
3277 4321 3432 4374 lectio
3457 4321 3759 4388 possilesse
3781 4320 3916 4372 bona

2317 4395 2599 4450 referendo
2617 4411 2734 4449 eam
2757 4394 2821 4446 ad
2847 4393 3190 4460 pertinaciam
3219 4391 3703 4450 seltismaticorum,
3733 4399 3906 4443 tamen

2318 4468 2436 4534 quia
2479 4466 2679 4519 nullum
2708 4465 2846 4518 aliud
2891 4465 3167 4532 exemplar
3209 4464 3254 4516 ei
3308 4462 3652 4532 suffragatur,
3713 4461 3915 4534 reliqua

2318 4537 2494 4588 munia
2551 4545 2867 4604 repugnant,
2934 4551 3038 4588 non
3082 4546 3208 4602 puto
3253 4551 3368 4588 eam
3426 4534 3663 4602 praeferri
3699 4533 3917 4604 debere

2319 4607 2535 4661 lectioni
2558 4603 2675 4674 qu:c
2693 4603 2779 4660 tot
2805 4607 3209 4659 auctm-itatilms
3234 4606 3436 4664 nititur.
3466 4603 3766 4673 prmsertim
3796 4617 3914 4655 cmn

2316 4694 2378 4732 ea
2406 4693 2561 4747 quam
2585 4693 2684 4746 ego
2711 4693 2830 4731 cum
2864 4677 3155 4730 lteinharto
3185 4691 3401 4747 revoco
3432 4675 3912 4747 hzibettt_0ptittiutn

2315 4743 2557 4811 senéum,
2604 4743 2887 4803 referendo
2937 4749 3080 4801 illam
3130 4746 3195 4800 ad
3257 4747 3564 4806 Maximum,
3613 4743 3909 4810 Urbanum,

2317 4831 2622 4873 etcaateros
2672 4820 3065 4881 sebi-malicos,
3115 4835 3248 4882 fllltlS
3295 4818 3432 4872 fama
3485 4827 3621 4878 erat,
3676 4818 3916 4881 quamvis

2319 4907 2423 4944 non
2472 4891 2758 4944 admodum
2810 4903 2978 4953 ct'rta,
3035 4890 3261 4944 rediisse
3317 4891 3381 4941 ad
3444 4886 3756 4941 Ecclesium.
3801 4887 3952 4954 Quo‘

2318 4963 2503 5016 nuntio
2552 4974 2770 5031 accepto
2818 4979 2908 5028 per
2957 4963 3159 5014 litteras
3189 4959 3448 5031 Caldonii
3476 4971 3529 5014 et
3557 4957 3834 5011 Fortunati
3865 4965 3918 5031 et

2321 5048 2414 5102 per
2438 5028 2750 5086 relationem
2803 5033 3038 5101 Pompeii
3084 5041 3135 5085 et
3175 5030 3453 5098 Stephani,
3507 5041 3814 5083 surrexerat
3864 5028 3917 5081 in

2320 5103 2466 5158 clero
2515 5104 2920 5174 Carthaginensi
2990 5103 3201 5166 laatitia,
3253 5102 3659 5174 quamvisnon
3716 5103 3918 5174 integra

2321 5185 2542 5244 propter
2586 5168 2842 5229 incer'tam
2895 5173 3112 5234 famam.
3171 5183 3228 5227 ut
3269 5183 3412 5243 patet
3466 5172 3626 5225 etiam
3655 5186 3721 5224 ex
3791 5168 3918 5240 Epi-

2321 5247 2451 5300 stola
2475 5261 2615 5310 xLVI,
2638 5261 2752 5315 pag.
2784 5246 2871 5300 Cb.
2907 5245 3104 5299 waz.

2399 5310 2728 5370 Prouincia»;
2745 5327 2987 5369 nostram.
3019 5315 3158 5370 Infra
3183 5315 3354 5384 Epist.
3388 5329 3505 5379 XLV,
3544 5328 3662 5384 pag.
3693 5312 3790 5367 59:
3815 5310 3921 5366 Sed

2323 5392 2561 5460 quoniam
2589 5389 2740 5442 latius
2766 5387 2884 5460 fusa
2921 5397 2995 5440 est
3033 5397 3204 5439 nostra
3234 5383 3538 5460 provincia.
3574 5383 3736 5460 Habet
3787 5384 3921 5436 enim

2329 5455 2632 5513 Numidiam
2675 5469 2720 5512 et
2756 5455 3119 5510 Mauritaniam
3144 5459 3236 5511 sibi
3269 5459 3596 5510 colitvr-entes.
3633 5455 3765 5509 Hinc
3793 5469 3922 5521 ergo

2329 5533 2656 5601 collegerunt
2680 5531 2831 5598 Angli
2863 5545 2955 5596 per
2990 5529 3318 5601 provinciam
3353 5529 3470 5581 istic
3517 5527 3736 5601 intelligi
3783 5523 3923 5601 Afri-

2330 5596 2494 5656 cam:
2529 5596 2828 5655 Numidiam
2859 5611 2912 5655 et
2943 5599 3329 5664 Mauritaniam,
3375 5614 3495 5668 qua:
3541 5598 3655 5651 sedi
3694 5596 3922 5650 Cartha-

2331 5675 2537 5739 ginensi
2589 5673 2844 5740 subjecta:
2907 5682 3079 5726 erant.
3133 5671 3293 5727 Certe
3347 5669 3594 5725 Aurelius
3639 5671 3923 5740 episcopus

2331 5739 2766 5814 Carthaginensis
2791 5745 2864 5796 ait
2889 5744 2940 5797 in
2981 5743 3165 5798 codice
3197 5756 3462 5814 canonum
3510 5739 3925 5814 ccclesigeAfri-

2331 5823 2500 5879 canat,
2523 5809 2640 5884 cap.
2676 5827 2760 5882 LV,
2795 5825 3184 5884 secuuctarum
3215 5812 3574 5868 Et-elcsiarum
3605 5809 3924 5865 sollicitudis
