4250 6224
651 283 750 338 7H

1661 288 2000 348 EPISTOLA
2039 292 2126 348 IV.
2177 288 2267 346 ao
2305 269 2706 351 deumnon
2746 294 3002 351 PAPAM.

3849 305 3952 358 7h!

650 397 812 453 etiam
862 394 1163 452 Numidiam
1197 404 1253 453 et
1299 396 1669 456 Mauritianam
1719 404 1820 458 sibi
1873 404 2244 470 coli-mentes;
2276 404 2325 464 Α
2353 406 2631 461 catholica!
2655 408 2912 464 Ecclesia:
2944 405 2969 457 ε
2995 409 3249 466 concordi
3277 410 3625 471 unanimitate
3653 423 3953 484 teneamus,

652 509 721 548 ne
794 492 847 546 in
914 491 1059 548 Urbe
1124 493 1358 548 scliisma
1430 494 1627 550 factum
1691 497 1994 552 absentium
2047 500 2254 553 animos

650 585 858 640 incerta
908 584 1163 654 opinione
1208 587 1600 653 confunderet,
1635 589 1831 659 placuit
1863 600 1889 626 τι
1919 605 2014 659 per
2044 591 2256 659 episco-

653 696 772 749 pos,
793 689 998 734 retenta
1020 696 1049 735 a
1070 682 1224 737 nobis
1255 684 1329 738 rei
1363 684 1604 749 veritate,
1628 695 1681 741 et
1706 686 1770 740 ad
1794 687 2252 756 comprobandam

652 774 1050 830 ordinationem
1103 788 1245 832 tuam
1273 778 1460 834 lDl‘acta
1509 782 1828 835 auctoritate
1875 781 2108 852 majore,
2142 792 2253 834 tum

656 867 875 924 demum
937 872 1192 940 scrupulo
1238 874 1383 926 omni
1439 873 1506 927 de
1563 873 1895 942 singulorum
1949 873 2255 943 pectoribus

655 975 944 1028 excussae,
973 981 1065 1034 per
1088 981 1278 1022 omnes
1308 968 1528 1021 omnino
1555 968 1673 1021 istic
1700 970 1903 1037 positos
1932 967 2123 1022 littera:
2162 968 2254 1022 lie-

655 1066 817 1124 rent,
848 1059 988 1113 sicut
1016 1061 1178 1124 liunt,
1232 1069 1287 1114 ut
1337 1071 1389 1113 te
1441 1061 1672 1114 universi
1723 1061 1946 1130 collegae
1991 1060 2160 1114 nostri
2202 1070 2258 1114 et

655 1153 1201 1208 communicationem
1251 1161 1428 1221 tuam,
1479 1154 1529 1208 id
1579 1166 1660 1209 est
1690 1155 1967 1209 catholica:
1999 1153 2256 1208 Ecclesia:

654 1246 912 1302 unitatem
962 1247 1162 1315 pariter
1213 1255 1266 1300 ct
1307 1247 1659 1312 charitatcm,
1688 1247 1978 1316 probarent
2032 1247 2256 1300 firmiter

649 1352 712 1392 ac
741 1347 1011 1393 tenerent.
1046 1338 1200 1406 Quod
1231 1320 1494 1392 divinitus
1537 1340 1815 1402 evenisse,
1868 1348 1922 1393 et
1971 1338 2254 1393 consilium

651 1441 892 1485 nostrum
935 1430 1288 1500 providenter
1320 1430 1347 1468 ἀ
1382 1432 1714 1500 processisse
1758 1432 2072 1501 gaudemus.

729 1523 818 1579 IV.
854 1523 942 1579 Sic
968 1525 1108 1578 enim
1144 1539 1282 1578 nunc
1309 1525 1645 1596 episcopatus
1670 1525 1740 1579 ιιιί
1761 1531 1815 1580 et
1843 1526 2037 1579 veritas
2061 1525 2258 1594 pariter

651 1629 707 1676 et
735 1619 966 1689 dignitas
1009 1619 1348 1688 apertissima
1377 1618 1496 1673 luce
1525 1627 1579 1673 et
1607 1618 2043 1674 manifestissima
2085 1629 2137 1674 et
2167 1619 2257 1672 lir-

652 1713 889 1769 missima
918 1712 1361 1783 comprobatione
1389 1711 1604 1766 fundata
1633 1721 1715 1766 est
1735 1754 1748 1777 ,
1784 1723 1840 1766 ut
1872 1727 1934 1766 ex
1975 1713 2255 1780 rescriptis

650 1807 977 1876 collegarum
1013 1813 1351 1870 nostrorum,
1381 1805 1466 1874 qui
1496 1804 1560 1858 ad
1596 1821 1690 1856 nos
1724 1805 1931 1859 litteras
1955 1805 2076 1859 inde
2107 1805 2246 1859 fece-
2281 1834 2328 1893 Β

654 1907 818 1963 runt,
850 1905 904 1950 ct
930 1912 993 1950 ex
1023 1895 1282 1950 relatione
1321 1912 1383 1949 ac
1434 1897 1754 1951 testimoniis
1807 1897 2250 1966 coepiscoporum

651 1990 888 2058 Pompeii
919 1999 973 2043 et
1003 1989 1258 2058 Stephani
1293 2000 1346 2042 ct
1377 1989 1618 2043 Caldonii
1646 2005 1708 2044 ac
1737 1988 2049 2055 Fortunati,
2102 1989 2247 2043 ordi-

654 2081 888 2136 nationis
927 2090 1031 2135 turc
1087 2090 1141 2136 et
1190 2082 1341 2151 origo
1399 2084 1736 2145 necessaria,
1791 2093 1845 2136 et
1891 2083 2027 2136 ratio
2067 2081 2248 2150 jttsta,

655 2184 707 2228 ct
742 2172 972 2244 gloriosa
1020 2189 1233 2243 quoque
1287 2172 1589 2227 innocentia
1645 2174 1712 2228 ab
1756 2175 2002 2228 omnibus
2061 2188 2252 2226 nosce-

653 2276 857 2322 retur.°
891 2264 1043 2331 Quod
1078 2274 1134 2318 ut
1162 2265 1320 2319 simul
1352 2281 1470 2317 cum
1505 2267 1712 2319 ueteris
1735 2280 1947 2336 quoque
1971 2264 2194 2334 collegis
2228 2260 2245 2300 ί

650 2361 849 2418 nostris
874 2359 1134 2415 stabiliter
1164 2374 1225 2414 ac
1250 2359 1474 2414 ﬁrmiter
1501 2359 1968 2426 adtuinistrcmns,
2013 2358 2246 2430 atquein

2360 499 2602 566 perﬁciet
2646 499 2824 554 divina
2872 502 3140 571 (lignatio;
3190 513 3248 557 ut
3295 505 3583 571 Dominus,
3635 509 3726 576 qui
3773 523 3957 565 sacer-

2356 589 2512 644 dotes
2557 591 2656 643 sibi
2714 593 2765 646 iu
2811 593 3051 649 Ecclesia
3084 611 3177 649 sua
3206 597 3406 666 eligere
3444 607 3499 654 et
3521 601 3850 656 constituere
3874 601 3956 656 di-
4013 647 4020 651 .

2357 692 2572 751 gnatur.
2615 684 2819 740 electos
2869 702 3084 757 quoque
3125 698 3180 742 et
3205 693 3531 746 constitutos
3558 708 3651 747 sua
3683 694 3957 750 voluntate

2358 786 2520 848 atque
2572 781 2922 849 opitulatione
2981 783 3953 858 tueaturhgubernantesinspirans,

2357 884 2421 924 ac
2471 871 2887 930 subministratis
2932 885 2988 932 et
3029 877 3094 931 ad
3139 878 3506 949 improborum
3561 887 3954 938 contumaciam

2360 962 2690 1022 frmnandatn
2721 969 2996 1039 viguorem
3020 1013 3035 1038 ,
3065 983 3119 1027 et
3139 975 3202 1029 ad
3237 975 3504 1045 lapsorum
3537 976 3820 1033 fovendam
3851 995 3959 1051 pa:-

2359 1057 2635 1114 nitentiam
2657 1061 3095 1135 lenitatem.0pto
3119 1067 3362 1135 te,l'rater
3382 1070 3719 1140 charissime,
3739 1089 3956 1145 semper

2360 1150 2498 1208 bene
2529 1153 2724 1210 valere.

2879 1313 3019 1354 ANNO
3040 1314 3246 1356 CIIRIS'I‘I
3273 1316 3412 1358 CCLI.

2886 1454 3282 1519 EPISTOLA
3325 1459 3398 1526 V.

2361 1592 2564 1655 (Erasm.
2591 1611 2663 1654 ut,
2690 1596 2764 1659 1‘2,
2793 1598 2980 1648 Pamel.
3026 1599 3211 1663 Rigalt.
3236 1601 3399 1652 Baluz.
3428 1618 3586 1655 sunt.
3627 1606 3787 1659 Oxon.
3820 1610 3951 1674 Lips.

2422 1695 2464 1728 L.
2491 1678 2646 1729 Paris.
2672 1695 2768 1731 xvn
2793 1719 2808 1742 ,
2837 1682 3083 1734 Constant.
3121 1685 3214 1735 col.
3245 1688 3350 1747 155;
3382 1686 3604 1740 Galland.
3633 1706 3682 1741 ιιι
3704 1730 3720 1755 ,
3771 1709 3818 1757 p.
3843 1696 3952 1746 556.

2423 1763 2599 1815 Routh.
2625 1765 2790 1829 Relig.
2816 1781 2911 1817 scr.
2941 1784 2990 1818 ut
3009 1806 3023 1830 ,
3052 1784 3100 1833 p.
3125 1771 3157 1820 5
3182 1779 3235 1821 et
3256 1771 3367 1834 18.)

2357 1912 2748 1970 Aucuucuruu.
2772 1945 2842 1956 —
2866 1915 3052 1982 Quales
3078 1919 3178 1972 sint
3223 1935 3348 1988 quos
3389 1919 3708 1978 Novatianus
3738 1921 3956 1980 Cartha-

2777 2011 2942 2080 ginem
2975 2010 3166 2082 legatos
3195 2011 3363 2066 denuo
3391 2014 3544 2066 misit.

2608 2184 2898 2226 CORNELIUS
2921 2187 3181 2230 CYPRIANO
3209 2189 3400 2230 FRATRI
3427 2191 3687 2233 εΑιῑιτειι.

2425 2351 2501 2408 Ne
2541 2352 2668 2420 quid
2724 2353 2898 2407 minus
2953 2351 3019 2408 ad
3062 2369 3270 2424 poenam
3314 2355 3547 2413 futuram
3588 2357 3746 2430 hujus
3783 2361 3960 2418 scele-

1881 2517 2257 2575 LECTIONES
2297 2513 2712 2572 VARIANTES.

714 2661 741 2724 9
774 2659 964 2724 Placuit
985 2674 1092 2724 per,
1127 2662 1244 2711 Ver.

712 2722 742 2762 1³
776 2725 879 2788 Tua
902 2722 1043 2788 facta,
1067 2725 1203 2788 Spir.

713 2791 734 2818 ε
774 2787 1062 2836 Pectoribus
1086 2785 1305 2839 excluso,
1341 2789 1456 2834 Ver.

713 2850 740 2889 εἰ
773 2850 858 2899 Sic
883 2847 1160 2899 vetustiores
1185 2861 1298 2897 mss.
1324 2851 1396 2909 ,At
1420 2843 1506 2896 alii
1531 2845 1660 2906 libri,
1691 2846 1978 2909 profecisse.

715 2916 739 2974 εξ
774 2909 861 2974 Sic
894 2915 1000 2962 νει.
1025 2911 1223 2974 Inuum.
1243 2907 1379 2974 Spir.
1409 2910 1649 2959 Nascetur
1673 2907 1782 2974 Rig.

717 2972 735 3009 ί·
775 2973 893 3037 Cum
917 2975 1114 3037 caeteris
1135 2972 1357 3037 collegis.
1383 2974 1543 3022 Oxon.
1737 2972 1748 2974 “
2067 3034 2098 3037 __
2141 3027 2150 3037 ⁸

715 3038 740 3074 κ
775 3035 1010 3086 Ecclesiae
1033 3035 1342 3083 concorditer
1367 3037 1737 3084 unanitnitatem
1760 3041 2034 3082 teneamus.
2058 3034 2250 3082 Prisca:

652 3101 766 3153 edit.
815 3110 925 3148 cum
965 3095 1151 3146 duobus
1190 3110 1303 3148 mss.
1338 3095 1513 3148 Morel.
1559 3100 1745 3146 Manut.
1787 3093 1974 3145 Pantel.
2003 3101 2048 3144 et
2092 3095 2250 3146 Oxon.

2347 2653 2584 2717 Ecclesia:
2607 2667 2777 2716 pacem
2813 2655 3089 2705 concordia:
3114 2659 3439 2708 unanimitate
3477 2667 3756 2713 teneamus.
3783 2668 3964 2717 Recens

2347 2731 2438 2766 ms.
2467 2714 2853 2778 Coto—Ecclesiae
2891 2729 3060 2778 pacem
3087 2721 3311 2769 concordi
3337 2724 3659 2773 unanimitate
3680 2714 3960 2776 teneamus:

2363 2777 2914 2850 l'etnstiornquipmisso
2932 2780 3075 2849 verba
3087 2795 3292 2850 .pacem,
3320 2781 3570 2850 lectionem
3590 2789 3810 2850 eauidem
3826 2789 3964 2840 exhi-

2350 2841 2447 2914 bet,
2469 2841 2660 2891 cumeris
2685 2841 2814 2914 visus
2831 2849 2899 2893 est
2919 2841 3170 2893 sincerior.
3198 2848 3316 2895 Mea:
3339 2845 3509 2896 eodem
3531 2848 3719 2911 codice,
3743 2854 3964 2914 perﬁciat

2351 2906 2516 2953 divina
2537 2906 2798 2964 trotectio.

2417 2965 2445 3034 ξι
2490 2969 2633 3034 Vetus
2656 2967 2812 3034 code;
2840 2964 2968 3016 Colb.
2999 2967 3338 3034 gubernanter
3352 2984 3375 3034 :_
3389 2969 3590 3034 forsitan
3614 2972 3798 3027 veritis.
3826 2975 3962 3027 Alio-

2353 3027 2470 3091 quin
2492 3030 2883 3092 gubernantibus
2903 3027 3132 3081 orationis
3153 3029 3305 3081 series
3328 3027 3514 3085 videtur
3540 3035 3801 3096 postulare.

1945 3249 2306 3307 VARIORUM
2335 3248 2558 3306 NOTAE.

652 3399 879 3455 duorum
899 3393 1056 3464 Angl.
1075 3392 1256 3462 proba:
1275 3399 1436 3457 notae,
1446 3389 2096 3464 revocamus.A_lterume
2120 3404 2254 3442 mar-

651 3471 778 3541 gine
804 3469 855 3522 in
890 3461 1090 3541 textum
1125 3465 1404 3541 irrepsisse
1433 3461 1754 3541 onniensis
1782 3461 1954 3515 editor
1979 3461 2248 3541 qpiuatnr.

653 3530 986 3606 Quamquam
1012 3536 1149 3590 idem
1169 3530 1410 3588 obserVaI
1434 3534 1826 3606 Mauritaniam,
1847 3541 1980 3606 teste
2002 3530 2244 3606 liliuio,l.

652 3603 705 3666 vi
729 3628 779 3666 c.
812 3603 861 3665 ιζ
888 3611 938 3662 itt
969 3607 1100 3660 duas
1133 3613 1330 3674 partes,
1373 3605 1755 3658 Ca:sariensetn
1788 3613 1841 3656 et
1885 3603 2245 3671 'I'tngitanatn,

652 3698 748 3753 per
773 3683 831 3736 C.
856 3679 1084 3735 Caesaris
1103 3673 1359 3753 saevitiam
1385 3675 1548 3729 fuisse
1565 3675 1815 3753 divisam,
1842 3674 2011 3743 iisque
2030 3673 2245 3753 demum

653 3746 864 3809 icrtiam
910 3761 1138 3820 partem,
1187 3746 1495 3802 Sitifensem
1555 3747 1830 3809 nimirum,
1890 3746 2235 3799 acecessisse.

656 3983 772 4021 rum
792 3967 1071 4022 librorum,
1093 3963 1194 4016 nisi
1223 3957 1363 4029 quod
1384 3959 1545 4028 aliqui
1572 3959 1767 4014 habent
1787 3960 1936 4013 etiam
1966 3973 2060 4026 pro
2086 3958 2242 4022 enim,

654 4037 870 4105 vulgato
897 4046 1136 4089 veterum
1168 4047 1319 4105 more
1346 4031 1400 4105 in
1427 4031 1791 4105 permutandis
1815 4032 1963 4105 hisce
1990 4030 2249 4105 conjunc-

654 4102 909 4163 tianibus.
931 4105 1190 4172 Rigaltius
1210 4103 1275 4157 ad
1302 4103 1581 4170 episuilam
1603 4119 1705 4156 xm
1735 4102 2070 4158 existimavit
2095 4117 2244 4168 qtae-

653 4194 882 4240 cutnque
915 4177 1035 4232 istic
1061 4177 1306 4229 dicuntur
1336 4177 1402 4226 de
1430 4173 1676 4242 Numidia
1702 4184 1756 4227 et
1779 4173 2089 4227 Mauritania
2127 4185 2246 4226 esse

653 4250 874 4305 insititia
896 4256 950 4302 ct
975 4263 1040 4301 ex
1071 4247 1308 4313 margine
1337 4246 1388 4297 iit
1421 4254 1623 4298 textum
1655 4246 1955 4312 irrepsisse.
1977 4242 2042 4295 Et
2067 4252 2242 4296 tamen

653 4329 868 4376 exstant
890 4320 938 4371 in
963 4318 1210 4370 omnibus
1231 4315 1554 4369 editionibus
1577 4326 1631 4369 et
1660 4315 1710 4368 in
1738 4324 1944 4382 septem
1968 4313 2246 4367 codicibus

653 4391 906 4455 antiquis,
925 4389 974 4443 id
997 4397 1078 4442 est
1107 4389 1157 4440 in
1182 4387 1428 4439 omnibus
1447 4385 1682 4454 antiquis
1697 4386 1973 4440 eodicibus
2004 4401 2031 4436 a
2060 4400 2144 4438 tne
2166 4385 2244 4437 vi-

654 4463 748 4518 sis.
767 4460 881 4515 Non
906 4460 1058 4512 video
1078 4469 1254 4511 autem
1279 4458 1486 4510 curista
1515 4458 1722 4511 censeri
1752 4455 2239 4511 debeantinsititia.

652 4534 868 4587 Certum
891 4530 1085 4599 quippe
1111 4536 1194 4582 est
1219 4527 1612 4599 cartilaginem,
1648 4544 1766 4597 qua:
1793 4539 1907 4580 erat
1930 4528 2120 4579 aunula
2148 4543 2243 4599 ur—

654 4603 735 4656 bis
767 4597 1241 4663 Romie,’omnium
1272 4597 1406 4651 intra
1435 4598 1668 4652 Africam
1696 4599 2084 4666 provinciarum
2107 4598 2244 4652 obti—

654 4673 834 4726 nuisse
882 4671 1238 4741 principatum
1266 4710 1284 4741 ,
1311 4670 1406 4741 uti
1441 4670 1695 4737 scriptum
1724 4681 1804 4722 est
1839 4669 1903 4741 in
1937 4669 1972 4721 l.
2009 4685 2144 4741 xxu,
2171 4668 2246 4723 De

653 4738 970 4796 tironibus—iu
1017 4741 1201 4796 codiCe
1229 4739 1623 4802 'I‘lieodosiano,
1675 4749 1728 4794 et
1767 4738 2073 4807 episcotium
2115 4740 2246 4795 Car-

655 4813 1023 4884 thaginiensem
1070 4812 1322 4884 habuisse
1351 4811 1766 4884 sollicitudinem
1799 4812 2038 4884 omnitnn
2072 4811 2246 4884 eccle-

652 4880 852 4938 siarum
910 4883 1124 4946 Africae,
1159 4891 1216 4935 ut
1245 4883 1318 4935 ait
1342 4883 1610 4945 Aurelius,
1635 4886 1922 4951 episcopus
1960 4880 2242 4952 Carthagi-

655 4957 860 5020 neusis,
886 4956 936 5008 in
962 4954 1146 5008 codice
1164 4969 1429 5007 canonum
1461 4954 1712 5007 Ecclesia:
1732 4954 2018 5016 Africaine,
2051 4961 2106 5006 et
2128 4969 2244 5007 om-

651 5042 748 5081 ncs
776 5027 1059 5094 episcopos
1087 5026 1267 5088 Afros,
1295 5024 1533 5094 adeoque
1562 5024 1816 5078 Numidas
1841 5035 1892 5077 ct
1920 5023 2154 5090 Mauros,
2178 5024 2242 5079 ad

650 5098 872 5154 concilia
899 5098 1134 5166 episcopi
1165 5094 1610 5166 Carthaginensis
1631 5096 1924 5149 convenire
1949 5097 2156 5161 solitos,
2187 5105 2246 5150 ut

652 5181 796 5238 patet
818 5169 978 5223 etiam
1007 5185 1070 5222 ex
1091 5165 1332 5238 concilio
1375 5166 1546 5238 sancti
1574 5165 1848 5238 Cypriani.
1899 5166 2023 5220 Ideo
2065 5177 2243 5238 autem

651 5237 873 5318 Sanctus
902 5238 1198 5318 Cyprianus
1230 5237 1348 5291 istic
1370 5237 1605 5318 nominat
1627 5237 2021 5318 Numidiamct
2053 5237 2247 5318 Mani-i-
2270 5259 2324 5318 D

651 5310 847 5363 laniatu
877 5318 932 5361 ut
958 5309 1204 5364 ostendat
1235 5308 1563 5376 provinciam
1595 5325 1742 5362 suam
1770 5324 1892 5363 esse
1949 5309 2053 5362 late
2089 5309 2245 5363 dimi-

648 5395 784 5446 satn,
832 5395 952 5434 eum
982 5395 1044 5435 ea
1073 5389 1272 5449 praeter
1293 5377 1526 5433 Africam
1554 5381 1768 5447 proprie
1797 5380 1992 5434 dictam
2021 5379 2246 5435 haberet

646 5451 809 5504 etiam
834 5448 1134 5505 Numidiam
1157 5461 1212 5505 et
1230 5448 1722 5505 Mauritaniamsibi
1745 5451 2096 5509 cohaerentes.
2124 5467 2245 5519 qua:

647 5531 703 5576 ct
732 5522 860 5589 ipsa:
898 5521 1018 5576 latae
1066 5527 1119 5577 et
1156 5519 1366 5577 dill'uste
1397 5521 1686 5590 provincia:
1722 5534 1908 5586 crant;
1943 5521 2244 5577 Numidiam

649 5600 827 5647 tamen
857 5606 976 5649 esse
1021 5595 1386 5660 angustiorem
1438 5591 1748 5647 Mauritania
1791 5594 1976 5652 scribit
2025 5594 2183 5648 Mela.

1908 5664 2104 5719 Bawz.

709 5727 1098 5805 Mauritaniam.
1131 5733 1212 5798 ιω
1251 5733 1370 5790 libri
1398 5743 1607 5790 veteres
1633 5739 1686 5784 et
1717 5751 1930 5798 veteres
1962 5735 2243 5789 editiones.

630 5795 835 5858 Primus
857 5795 1137 5865 Manullus
1163 5795 1372 5886 ’ροευὶι
1411 5795 1944 5883 Mauritania—diutis.
1971 5805 2103 5864 Hinc
2129 5815 2244 5861 orta

2361 3389 2597 3466 vulgaris
2618 3388 2802 3466 editio.
2838 3391 2904 3443 At
2935 3390 2995 3466 in
3023 3391 3270 3466 concilio
3305 3393 3477 3466 sancti
3509 3392 3758 3466 Cypriani
3803 3412 3964 3454 men-

2358 3460 2431 3513 tio
2457 3470 2539 3514 est
2567 3462 2943 3536 episcoporum
2973 3461 3496 3536 Alric:e,_Numidi:e,
3524 3460 3572 3519 ei
3592 3460 3958 3536 illlattritanim,

2355 3547 2462 3585 non
2498 3547 2626 3586 vero
2667 3532 3126 3588 Maurtaniaruin.
3170 3534 3526 3590 Manutianam
3557 3546 3728 3588 tamen
3761 3532 3963 3593 lectio;

2355 3618 2476 3656 nem
2525 3602 2765 3675 adjuvat
2792 3604 3016 3667 Plinius,
3060 3605 3150 3672 qui
3207 3605 3299 3660 lih.
3345 3622 3383 3672 ι,
3412 3621 3528 3673 cap.
3549 3605 3604 3666 2.
3627 3618 3680 3660 et
3705 3608 3795 3662 lib.
3829 3625 3957 3675 xui,

2351 3687 2467 3748 cap.
2507 3674 2868 3748 l5,_‘nomiuat
2904 3676 3038 3748 duas
3069 3676 3438 3743 Mauritanias,
3474 3679 3703 3748 itemque
3733 3674 3963 3737 Tacitus

2349 3744 2484 3797 libro
2515 3761 2531 3799 ι
2585 3743 2952 3811 Historiarum,
2987 3747 3072 3798 ubi
3105 3749 3308 3801 mentio
3337 3759 3419 3802 est
3455 3743 3678 3803 ἀιιτιτιιίιι
3705 3750 3961 3806 Maurita-

911 3815 926 3820 ’
1206 3889 1216 3900 .
1447 3889 1457 3899 ⁸
1503 3889 1512 3899 ⁸
2021 3887 2032 3897 .
2270 3860 2316 3922 Ο
2351 3817 2581 3897 uiarum,
2608 3826 2662 3870 et
2691 3815 2981 3871 Martianos
3017 3816 3230 3903 Capella
3257 3817 3349 3899 lib.
3394 3835 3465 3901 vi,
3513 3822 3564 3874 in
3595 3821 3960 3902 descriptione

652 3895 926 3952 COUST.—
948 3889 1112 3945 Habet
1135 3905 1270 3944 enim
1295 3887 1615 3942 Numidiam.
1645 3889 1768 3942 ll:ec
1798 3897 1881 3944 est
1913 3887 2072 3942 lectio
2099 3895 2245 3940 vete-
2350 3884 2565 3940 Al'rtcze.
2600 3887 2791 3940 Recte.
2833 3887 2962 3941 Nam
3000 3888 3094 3941 Dio
3121 3891 3335 3943 Lassnus
3377 3890 3470 3943 lib.
3499 3906 3572 3952 Vl,
3611 3893 3768 3945 tradit
3795 3894 3960 3947 Clau-

696 3909 926 3952 OUST.—
948 3902 1112 3945 Habet
1135 3905 1270 3944 enim
1295 3902 1615 3942 ivunuaiam.
1645 3902 1768 3942 Ilicc
1798 3902 1881 3944 e5t
1914 3902 2072 3942 Iecuo
2099 3902 2245 3940 vete—

2350 3884 2565 3940 Al'ricze.
2600 3887 2791 3940 Recte.
2833 3887 2962 3941 Nam
3000 3884 3335 3943 Dio'Cassius
3377 3890 3470 3943 lib.
3499 3906 3572 3952 vr,
3611 3884 3960 3947 tradit'Clau-

2349 3957 2494 4030 dium
2522 3959 2906 4028 Imperatorem
2934 3958 3302 4030 Mauritaniam
3349 3961 3645 4030 sobjectaiu
3695 3962 3961 4020 Romanis

2351 4029 2402 4082 in
2433 4030 2566 4083 duas
2594 4039 2773 4098 partes
2797 4029 3066 4092 divisisse,
3091 4030 3425 4099 Tingitanani
3452 4029 3508 4086 et
3533 4034 3957 4090 Caesariensem.

2350 4099 2689 4154 Herodianus
2712 4101 2805 4155 lib.
2834 4117 2926 4160 xu.
2959 4101 3199 4154 nominat
3247 4101 3552 4158 Numidiam
3594 4116 3647 4159 et
3699 4103 3957 4160 Maurita-

2351 4172 2488 4245 niani
2527 4172 2787 4245 Romanis
2807 4172 3122 4245 subiectam.
3149 4172 3285 4228 Vide
3303 4172 3560 4242 Marcam,
3590 4191 3710 4245 cap.
3735 4176 3802 4230 87
3832 4177 3963 4235 libri

2349 4243 2413 4296 de
2441 4241 2775 4297 Primatibus.
2809 4241 3013 4298 BALUZ.

2422 4312 2510 4368 IV.
2531 4313 2961 4382 Cocpiscopornm
2996 4313 3254 4368 Caldonii.
3289 4315 3486 4370 Festivi
3532 4327 3658 4372 sunt
3683 4321 3772 4385 qui
3804 4319 3958 4376 illum

2349 4385 2607 4460 abAfrica
2637 4386 2687 4438 in
2711 4385 3341 4460 Lusitaniamtransiisse
3369 4388 3657 4442 traduntet
3681 4391 3789 4444 illic
3811 4393 3963 4460 epis-

2348 4471 2541 4522 copuin
2572 4456 2956 4510 Bracareusem
2985 4457 3165 4510 fuisse.
3206 4457 3403 4513 Bawz.

2422 4525 3020 4581 Eptsr.V.—Cornelius
3044 4526 3324 4596 Cypriane,
3341 4541 3446 4584 etc.
3472 4529 3761 4585 Recentior
3781 4532 3958 4588 codex

2347 4598 2527 4672 C0lb.,
2561 4609 2618 4672 nt
2642 4599 2834 4672 prisca:
2857 4598 3112 4672 Cypriani
3143 4598 3427 4672 editiones,
3449 4599 3740 4672 Cyprianus
3763 4602 3960 4657 Corne-

2349 4671 2418 4722 lio
2442 4686 2462 4724 :
2501 4669 2596 4723 sed
2634 4670 2721 4723 ed.
2753 4669 3053 4723 Manutiaua
3082 4670 3210 4723 anni
3241 4670 3379 4726 1565
3407 4673 3459 4725 ἰιι
3490 4669 3587 4726 hac
3618 4684 3671 4728 et
3725 4674 3957 4740 epistola

2351 4741 2594 4810 proxime
2617 4751 2875 4813 sequente
2907 4741 3116 4813 titulum
3144 4749 3290 4795 recte
3323 4753 3541 4808 praestat
3570 4761 3581 4795 :
3619 4745 3759 4813 quod
3786 4747 3959 4800 etiam

2347 4811 2690 4885 Corbeieusis
2718 4811 3078 4885 ms._prituum
3126 4825 3237 4885 pra:
3264 4826 3322 4866 se
3353 4814 3610 4885 tulit.,sed
3634 4811 3702 4868 ab
3730 4817 3957 4885 antiqua

2351 4899 2508 4936 manu
2532 4884 2588 4936 in
2611 4897 2677 4937 eo
2715 4882 3018 4954 restitutum
3041 4879 3420 4954 estjCornelins
3469 4884 3751 4954 Cypriane.
3809 4879 3962 4953 Quin

2347 4971 2407 5008 re
2439 4955 2550 5022 ipsa
2577 4954 2811 5008 Cornelii
2837 4953 2937 5015 sit,
2975 4953 3275 5024 Cyprianus
3305 4955 3440 5008 infra
3480 4953 3647 5023 Epist.
3687 4957 3718 5008 ‘7
3777 4958 3964 5011 ambi-

2346 5041 2474 5095 gere
2499 5040 2596 5078 nos
2627 5039 2730 5078 non
2768 5025 2913 5096 sinit.
2947 5023 3077 5096 Eain
3133 5023 3220 5077 alii
3271 5026 3509 5093 epistola:
3568 5029 3962 5096 [ι’ςιειιιιιηιιιιῐι,

2348 5094 2436 5170 alii
2453 5095 2728 5170 schedani,
2761 5095 2851 5170 alii
2874 5094 3137 5170 linerulas
3167 5097 3437 5170 appellare
3459 5094 3682 5150 malunt.
3703 5096 3830 5170 Ipse
3849 5094 3970 5170 Cy;

2350 5167 2568 5238 prianus
2591 5167 2641 5219 in
2676 5167 2889 5221 laudata
2915 5165 3152 5234 Epistola
3185 5167 3238 5228 7,
3260 5168 3456 5220 litteras
3485 5178 3662 5222 vocat.
3698 5165 3768 5222 lis
3795 5165 3964 5238 vero,

2348 5239 2441 5310 qui
2471 5237 2832 5310 fragmentum
2866 5246 3068 5310 putant,
3106 5238 3284 5310 lavere
3316 5239 3524 5310 videtur
3558 5239 3746 5307 primo,
3807 5237 3974 5310 quod

2349 5306 2698 5372 Novatiauus,
2730 5308 2941 5362 etiamsi
2986 5306 3220 5379 nondum
3254 5306 3584 5374 nominatus,
3613 5311 3765 5379 Imjus
3795 5306 3980 5366 scele-

2348 5382 2447 5454 rati
2477 5381 2694 5454 hominis
2726 5379 2996 5454 vocabulis
3041 5377 3384 5454 designetur;
3418 5380 3611 5454 deinde
3657 5377 3801 5454 quod
3845 5383 3982 5454 Cy-

2351 5452 2568 5522 prianus
2593 5450 2835 5522 epistola
2861 5449 2982 5503 huic
3022 5451 3348 5522 rescribens,
3396 5453 3648 5504 nonnulla
3682 5449 3775 5505 ad
3811 5449 3977 5508 eis-

2351 5520 2541 5576 i'istum
2589 5531 2644 5577 et
2690 5520 3049 5576 Nicostratum
3105 5520 3384 5574 attincuu'a
3427 5531 3536 5575 tum
3587 5522 3844 5578 didit-isse
3898 5540 3987 5583 se

2350 5604 2763 5658 commemorat,
2789 5606 2907 5661 quae
2941 5592 2993 5644 in
3023 5589 3109 5643 illa
3135 5606 3237 5644 non
3265 5591 3546 5646 habentur.
3576 5593 3646 5647 At
3670 5593 3988 5654 Novatiani

2351 5681 2543 5719 nomen
2574 5665 2624 5717 iu
2655 5664 2752 5718 hac
2781 5662 3006 5730 epistola
3041 5662 3288 5715 consulto
3332 5664 3519 5726 taceri,
3563 5666 3792 5732 ejusque
3832 5666 3990 5724 loco

2354 5750 2646 5803 pronomen
2665 5734 2938 5804 substitui,
2964 5748 3215 5804 sequens,
3238 5732 3309 5788 de
3321 5733 3472 5802 Cujus
3495 5734 3806 5804 integritate
3828 5737 3934 5792 nul
3949 5771 3991 5784 ς

2349 5802 2432 5864 lus
2455 5805 2684 5872 dubitat,
2729 5803 2886 5862 [idem
2915 5802 3097 5868 faciet,
3125 5815 3306 5879 utpote
3336 5805 3387 5860 iu
3418 5821 3520 5878 qua
3550 5802 3837 5865 Ctirttelius
3864 5823 4006 5874 ea-
