4250 6224
634 237 741 298 713

1597 230 2028 295 ROMANORUM
2064 222 2477 293 PONTIFICUM
2515 219 2894 284 EPISTOLAJ.

3829 215 3938 276 716

637 374 753 416 rem
798 351 1103 412 scliismatis
1131 352 1318 418 fuisse,
1357 357 1413 408 et
1452 360 1476 389 α
1522 365 1887 409 successorem
1933 353 2095 424 plebi,
2143 346 2228 405 cui

2397 342 2557 393 Oxon.
2587 343 2717 406 Lips.
2741 354 2870 399 xuii,
2897 336 3143 390 Constant.
3166 343 3201 399 Ι,
3225 336 3319 387 co].
3342 335 3571 400 133-139,
3601 336 3821 390 Gallaud.
3849 336 3934 388 Bi-

634 460 760 507 ante
827 447 1142 520 praefuerat,
1188 445 1376 500 Zetunt
1442 444 1493 498 in
1543 445 1718 500 locum
1763 447 1880 516 ejus
1924 446 2234 516 episcopum

637 559 760 599 esse
802 540 1169 596 constitutum.
1213 537 1408 608 Majora
1452 551 1582 592 vero
1619 547 1674 592 et
1712 537 1954 609 graviora
1982 536 2070 590 liic
2097 534 2238 590 desi—

640 634 826 706 gnavit
852 631 880 674 δ
909 630 1107 686 malitia
1135 639 1188 684 et
1227 627 1535 698 inexplebili
1571 630 1835 699 pravitate
1875 641 1970 682 sua
2003 638 2049 693 ο,
2077 640 2235 696 quam

640 743 759 799 quae
789 726 897 782 illic
930 723 1072 795 apud
1111 736 1238 778 suos
1284 736 1496 792 semper
1523 723 1782 787 exercuit,
1807 729 1863 776 ut
1890 719 2030 775 scias
2054 718 2239 789 quales

640 820 806 875 duces
836 826 890 873 et
927 823 1257 886 protectores
1298 812 1399 868 iste
1442 813 1814 869 sehismaticus
1857 821 1910 870 et
1951 811 2238 868 lucreticus

638 911 794 968 lateri
824 924 924 966 suo
949 922 1162 979 semper
1183 906 1396 976 junctos
1424 904 1618 961 habeat
1642 903 1690 959 δ.

1170 1019 1563 1083 EPISTOLA
1603 1021 1713 1082 VI.

639 1164 826 1209 SANCTI
863 1159 1112 1205 CORNELII
1141 1160 1288 1200 ΡΛΡΛΕ
1320 1160 1388 1198 AD
1417 1158 1720 1199 CYPRIANUM
1759 1152 2239 1198 CARTHAGINENSEM

1287 1251 1571 1292 EPISCOPUH
1581 1279 1592 1290 .

638 1334 852 1398 (Erasm.
878 1339 950 1394 ιιι,
978 1331 1054 1383 11.
1077 1363 1092 1392 ,
1115 1327 1302 1380 Pamel.
1345 1327 1504 1391 Rigal.
1530 1325 1694 1377 Baluz.
1724 1341 1853 1378 xnvu
1878 1361 1892 1387 ,
1916 1326 2074 1376 Paris.
2101 1339 2192 1374 ην
2218 1361 2230 1384 ,

2398 424 2572 475 blioth.
2593 431 2716 476 vett.
2738 423 2836 474 PP.
2856 429 2930 484 nl,
2957 435 3005 486 p.
3030 421 3123 473 537
3145 435 3158 484 ;
3184 420 3364 472 Routh.
3389 420 3555 485 Reliq.
3581 435 3677 481 ser.
3700 436 3754 472 in
3783 461 3796 481 ,
3833 437 3877 486 p.
3904 423 3937 473 6

2403 516 2454 560 et
2474 507 2576 572 ΖΞ.)
2605 537 2608 540 -

2343 813 2736 868 Anconsnrun.
2771 839 2843 852 --
2878 810 2977 877 Qui
3020 813 3333 882 confessores
3364 807 3623 864 Maximus
3653 811 3932 882 presbyter,

2420 903 2656 979 Urbanus
2675 914 2721 960 et
2745 903 2992 960 Sidonius
3017 903 3263 969 eiurarint
3289 903 3526 972 schisma,
3559 915 3605 959 et
3632 905 3685 959 in
3707 904 3937 961 Ecclesia

2418 996 2669 1052 catholica
2695 995 2915 1066 suscepti
2937 996 3056 1050 sint.

3157 1107 3180 1125 ο

2607 1153 2897 1208 consscius
2923 1167 3180 1209 crrmmo
3206 1167 3396 1208 FRATRI
3424 1165 3688 1208 suurn.

2419 1311 2457 1366 I.
2491 1311 2754 1379 Quantam
2795 1309 3209 1366 sollicitudinem
3249 1316 3304 1364 et
3330 1309 3654 1366 anxietatem
3684 1309 3939 1366 sustinui-

1886 1470 2268 1532 I.ECTIONES
2304 1469 2720 1532 VARIANTES.

704 1599 732 1629 ⁸
767 1599 924 1649 Oxon.
950 1590 1067 1659 edit.
1093 1604 1471 1651 succenserem;
1497 1598 1540 1641 et
1567 1589 1615 1641 in
1659 1589 1820 1659 notis.
1845 1600 2228 1659 successorem,

637 1663 822 1712 Manut.
839 1659 1023 1710 Veron.
1047 1655 1172 1705 forte
1191 1649 1546 1704 succussorein.
1572 1651 1881 1703 [retinendum
1905 1664 2012 1701 cum
2037 1649 2146 1701 aliis
2169 1649 2232 1700 ti-

635 1722 736 1776 bris
759 1732 1123 1783 successorem:
1171 1729 1278 1783 quia
1302 1731 1394 1769 eoa:
1417 1729 1510 1768 non
1533 1714 1597 1767 ad
1623 1714 1911 1776 Evuristum,
1935 1712 2020 1766 sed
2044 1713 2108 1764 ad
2136 1715 2173 1763 Ζ
2178 1725 2231 1762 e-

634 1793 737 1838 tum
760 1783 871 1836 huic
893 1780 1146 1847 suffectum
1172 1780 1400 1845 refertur.

2399 1583 2429 1623 b
2463 1586 2676 1650 Novatus
2700 1599 2821 1638 vero
2846 1599 2905 1636 ea
2923 1586 3002 1635 hic
3022 1586 3298 1650 designavit
3330 1588 3454 1639 Bait.
3483 1589 3527 1638 1.

2400 1652 2421 1679 ο
2460 1649 2759 1760 ΙιιρκιςΙθὶἠΙί
2784 1650 2984 1698 avaritia
3005 1685 3018 1708 ,
3041 1649 3222 1712 qualia,
3255 1650 3377 1700 Bod.
3406 1652 3450 1702 1.

2400 1711 2429 1751 εὶ
2462 1712 2545 1760 Sic
2617 1711 2697 1760 od.
2729 1712 2772 1760 1.
2798 1724 2947 1760 senm.
2968 1712 3107 1760 Bene
3142 1712 3271 1760 vale.
3307 1713 3460 1760 frater
3494 1714 3698 1760 charissi

2400 1711 2545 1778 «I‘Sic
2575 1711 2697 1762 Bod.
2729 1712 2772 1762 1.
2798 1724 2947 1776 semp.
2968 1711 3107 1762 Bene
3142 1712 3271 1763 vale.
3307 1713 3460 1762 frater
3494 1714 3803 1778 charissime,
3835 1719 3950 1768 Ver.

2340 1774 2462 1826 Bod.
2494 1775 2540 1823 1.

2004 1901 2365 1961 VARIORUM
2405 1901 2635 1958 NOTAE.

641 2027 731 2086 5%.
765 2026 863 2095 Ep.
895 2023 1177 2094 Cypr.)-—-t
1210 2021 1743 2095 Nicostratumvero,
1772 2021 2018 2095 diacoiiio
2041 2031 2241 2095 sancta:

2347 2019 2441 2083 sis,
2474 2020 2523 2073 in
2553 2034 2656 2088 quo
2679 2020 2861 2092 primo
2882 2020 3136 2090 scriptum
3168 2019 3262 2076 fuit
3293 2020 3493 2088 Zetum,
3527 2023 3545 2090 (
3574 2022 3758 2080 confer
3787 2022 3960 2080 Cous-

645 2089 1118 2183 administrationis
1145 2096 1362 2174 amisso,
1392 2093 1766 2183 ecclesiasticis
1797 2093 2035 2175 pecuniis
2046 2093 2242 2183 IsaCri—
2273 2123 2320 2183 Β
2351 2092 2574 2173 tantinm
2621 2089 2826 2183 supra).
2855 2089 3014 2146 habet
3032 2108 3117 2183 rex
3159 2089 3542 2183 etnetidatipne
3581 2093 3792 2175 Zenum.
3839 2095 3961 2162 Quo

647 2174 763 2242 lega
808 2166 990 2242 fraude
1017 2166 1300 2242 subtractis
1329 2209 1342 2231 ,
1371 2172 1451 2242 _et
1501 2163 1776 2242 iidttarum
1823 2163 2240 2242 acpupillarnin

647 2235 902 2311 depositis
928 2244 1109 2311 postea
1141 2236 1435 2311 denegatis,
1469 2244 1702 2311 nontam
1734 2237 1784 2288 in
1810 2235 2237 2311 Africanhete.»

650 2304 759 2368 Nec
798 2304 1013 2364 difﬁcile
1052 2317 1166 2361 erat
1195 2304 1420 2360 diacono
1449 2346 1463 2370 ,
1523 2305 1607 2358 cui
1642 2305 1982 2373 pecuniarum
2031 2304 2242 2360 illarum

649 2380 978 2454 diSpensatio
1005 2378 1340 2441 credebatur,
1377 2375 1678 2454 huiusmodi
1706 2377 1945 2443 deposita
1975 2376 2241 2430 fraudare.

1561 2445 1862 2501 Consum.

720 2525 988 2578 Auctorem
1007 2517 1575 2576 schismatis.Colb.lils.
1593 2534 1704 2570 cum
1719 2529 1922 2571 auctore
1941 2518 2246 2573 schismatis.

651 2596 929 2654 Evaristus
968 2602 1152 2646 auctor
1207 2588 1509 2644 sehismatis
1566 2589 1797 2653 dicitur,
1843 2599 2104 2658 quatenus
2132 2588 2250 2643 aliis

650 2679 836 2723 auctor
864 2662 961 2718 fuit
991 2674 1048 2716 ut
1068 2662 1193 2716 illud
1221 2670 1595 2728 sequerentur.
1620 2659 1802 2728 Neque
1828 2661 1925 2714 bac.
1950 2659 2242 2724 molitione,

648 2742 810 2796 etiam
834 2744 1114 2804 postquam
1141 2732 1208 2786 de
1232 2730 1814 2804 episcoiizittrdejectus
1842 2740 1924 2804 est
1944 2772 1966 2804 _,
2023 2730 2248 2804 abstitit.

651 2797 909 2880 Quocirca
958 2797 1429 2880 Cyprianus'infra
1461 2797 1652 2880 “Epistf
1681 2818 1766 2880 v_n.
1825 2802 1913 2870 (19
2004 2797 2254 2856 rescribit

653 2871 777 2936 Eum
807 2897 824 2928 ‹
861 2871 1097 2929 veritatis
1118 2888 1180 2928 ac
1200 2873 1321 2926 fidei
1351 2871 1663 2941 naufragum
1697 2873 1890 2925 factum
1919 2875 2059 2925 circa
2092 2885 2254 2942 quos-

657 2953 778 3007 dam
807 2945 890 3002 sui
916 2947 1118 3000 similes
1153 2944 1297 3014 paria
1327 2942 1598 3013 naufragia
1630 2958 1982 2998 coscmnc.»
2012 2942 2258 3014 Praeter-7

652 3038 715 3077 ea
758 3020 804 3076 si
833 3017 1106 3070 Erat-istus
1147 3012 1267 3074 iste.
1292 3022 1348 3067 ut
1376 3012 1534 3068 valde
1553 3014 1824 3082 probabile
1853 3025 1953 3076 est,
1980 3012 2257 3067 Novatiani

656 3092 935 3147 ordinator
965 3087 1094 3151 fuit,
1126 3086 1330 3140 haeresis
1359 3094 1534 3137 auctor
1566 3100 1669 3138 non
1701 3083 1966 3138 immerito
2019 3084 2255 3152 appella-

661 3175 767 3228 tur,
791 3159 880 3230 qui
904 3156 1001 3230 hac
1027 3157 1562 3230 ordinationelocum
1593 3155 1861 3230 [iteresict
1882 3157 2258 3230 auctet-natent

657 3224 908 3304 prmbuit.
928 3229 1227 3283 Consum.
1254 3226 1512 3304 Pacia_i_nts
1541 3228 1590 3304 in
1616 3227 1839 3294 epistola
1871 3224 2260 3304 adﬁyinphro—

661 3295 878 3358 iiianum
903 3315 1089 3356 contra
1122 3307 1374 3352 tractatus
1399 3295 1810 3350 Novatianortnn
1838 3315 1848 3348 :
1887 3316 1904 3348 t
1938 3295 2046 3365 Ego
2080 3295 2260 3350 nescio

661 3374 788 3443 quid
840 3374 1160 3430 Novatianus
1200 3369 1406 3443 egerit,
1467 3368 1598 3443 quid
1634 3366 1875 3443 Novatus
1932 3369 2209 3443 admiserit
2241 3408 2254 3431 ,

661 3437 788 3516 quid
819 3444 1098 3516 Evaristus
1139 3439 1430 3516 iurauerit,
1475 3437 1602 3516 quid
1631 3438 1962 3516 Nicostratus
1991 3438 2261 3516 ιΠηιιιιιίιι-

2349 2165 2507 2216 etiam
2541 2165 2698 2216 modo
2725 2161 2981 2230 scriptum
3031 2164 3193 2218 fuisse
3227 2167 3276 2216 in
3298 2161 3711 2220 Catnberonensi
3734 2161 3965 2220 testatur

2349 2234 2638 2288 Pamelius.
2671 2233 2781 2286 Zeti
2816 2233 3114 2300 cujusdam,
3145 2235 3238 2290 sed
3282 2234 3620 2304 antiquioris,
3652 2237 3855 2292 mentio
3877 2245 3969 2292 est

2349 2305 2488 2376 apud
2522 2305 2859 2374 Propertium
2909 2306 3000 2360 lib.
3042 2305 3114 2358 iii.
3139 2305 3283 2376 eleg.
3324 2307 3377 2361 8.
3429 2317 3482 2360 et
3507 2308 3644 2376 apud
3680 2307 3965 2366 lloratium

2352 2375 2440 2428 lib.
2470 2391 2510 2446 ι.
2544 2391 2630 2444 ep.
2670 2379 2753 2431 ts.
2781 2377 2906 2429 item
2937 2376 2988 2429 in
3012 2375 3240 2446 quadam
3274 2375 3771 2446 tragtediaSencca:
3828 2377 3967 2433 BAL.

2427 2445 2478 2498 .11
2487 2448 2630 2517 ajora
2654 2463 2767 2499 vero
2795 2458 2838 2500 et
2867 2445 3099 2516 graviora
3129 2447 3210 2517 hic
3238 2445 3543 2517 designarit.
3573 2448 3810 2504 Novatus
3838 2464 3968 2504 vero

2353 2532 2412 2570 ca
2449 2516 2533 2570 hic
2558 2519 2853 2588 designavit
2884 2518 3012 2571 Bod.
3060 2533 3096 2572 ι.
3130 2516 3360 2574 FELLL‘S.
3395 2519 3470 2574 De
3519 2520 3764 2574 Evaristo
3788 2519 3968 2575 Nova-

2356 2589 2482 2642 tiaui
2523 2591 2670 2642 socio
2693 2600 2744 2645 et
2777 2588 3020 2659 adjutore
3061 2589 3146 2643 hic
3172 2591 3253 2652 agi
3288 2591 3522 2655 videtur,
3553 2592 3635 2645 rel
3665 2592 3814 2659 pejus
3843 2631 3858 2656 ,
3888 2591 3968 2646 ait.

2355 2659 2635 2734 Cn'nelitis
2664 2704 2678 2725 ,
2714 2661 2895 2734 Roma:
2925 2676 3080 2730 quam
3103 2660 3152 2734 in
3173 2661 3300 2734 sede
3331 2677 3425 2734 sua
3457 2678 3520 2734 se
3543 2672 3786 2734 gerente.
3818 2661 3973 2734 ldetn

2357 2733 2517 2785 sentit
2549 2729 2909 2790 Constantius,
2945 2729 3103 2800 quem
3129 2730 3266 2785 infra
3300 2733 3466 2787 babes
3489 2729 3828 2788 de'l'lvaristo
3857 2732 3970 2790 hoc

2359 2803 2824 2870 interpretantem.
2865 2801 3078 2856 ltoum.

2431 2873 2642 2926 Juuctos
2674 2875 2873 2926 habent.
2893 2873 3074 2928 Codex
3101 2872 3252 2928 Colb.
3295 2874 3486 2927 vinctos
3519 2873 3702 2929 habeat
3729 2916 3743 2939 ,
3781 2890 3844 2932 ac
3873 2875 3975 2931 de-

2362 2943 2484 3015 inde
2507 2984 2521 3009 ,
2555 2941 2689 2997 Bene
2715 2945 2880 2998 valere
2911 2961 3106 3015 semper
3127 2988 3140 3009 ,
3169 2949 3329 3014 frater
3360 2946 3680 3010 citatissime;
3724 2946 3815 3002 alii
3839 2946 3975 3015 duo,

2363 3014 2497 3068 Bene
2528 3015 2652 3077 vale,
2691 3019 2846 3085 frater
2876 3014 3192 3069 charissima.
3227 3015 3534 3070 COUSTANT.

2437 3086 2590 3154 Opto,
2611 3089 2766 3156 frater
2793 3086 3109 3156 charissime,
3133 3102 3329 3153 semper
3349 3088 3470 3140 bene
3489 3089 3679 3154 valere,
3700 3097 3800 3144 etc.
3823 3085 3977 3144 Istud

2363 3155 2660 3230 addidimus
2685 3173 2750 3212 ex
2793 3155 2894 3230 fide
2921 3158 3122 3230 codicis
3166 3157 3449 3230 “emensis
3495 3162 3667 3215 sancti
3706 3161 3978 3230 Dionysii.

2363 3228 2418 3281 lu
2448 3225 2678 3300 Fuxensi
2710 3229 2964 3296 scriptum
2989 3238 3072 3283 est
3093 3229 3216 3282 bene
3241 3229 3404 3300 valere
3421 3246 3639 3299 semper,
3666 3235 3826 3300 frater
3843 3225 3980 3285 cha-

2364 3301 2581 3372 rissime.
2608 3299 2661 3372 l_n
2695 3316 2798 3351 uno
2829 3314 2947 3372 meo
2976 3300 3289 3372 simpliciter
3314 3319 3326 3354 :
3357 3298 3494 3354 Bene
3513 3298 3638 3366 vale,
3657 3298 3818 3372 frater
3846 3303 3981 3356 cha-

2367 3371 2580 3424 rissime.
2609 3370 2886 3424 BALCZIL’S.
2912 3369 3170 3440 Similiter
3192 3371 3291 3425 hoc
3317 3373 3414 3440 legi
3474 3372 3526 3426 in
3566 3369 3716 3426 codd.
3777 3371 3978 3429 Veron.

2368 3452 2411 3493 et
2436 3440 2562 3512 ltuit.
2590 3458 2626 3498 ι.
2661 3441 2862 3494 notarit
2891 3439 3090 3507 Felltts,
3115 3444 3202 3512 qui
3240 3439 3414 3497 tamen
3441 3442 3591 3510 juxta
3629 3453 3788 3510 atque
3815 3445 3979 3510 prio-

662 3502 751 3570 r-it.
791 3535 808 3567 ι
846 3515 911 3570 Ει
944 3512 1081 3568 infra
1104 3509 1318 3564 aitillos
1356 3525 1374 3558 ι
1411 3502 1850 3582 qui—Evaristnm,
1873 3509 1960 3578 qui
1994 3508 2258 3582 Nicostra-
2287 3502 2332 3565 C
2370 3527 2452 3566 res
2489 3510 2736 3582 Cypriani
2788 3513 3025 3566 editores
3071 3502 3145 3567 et'
3176 3522 3293 3581 post
3345 3502 3464 3567 cuni
3487 3502 3827 3568 Constantius
3853 3554 3870 3579 ,
3911 3514 3980 3572 in

661 3597 772 3640 tum
804 3591 1145 3658 receperunt,
1170 3589 1503 3658 caeterosque
1533 3582 1615 3658 ab_
1642 3579 1878 3633 Ecclesia
1892 3579 2250 3658 _t_'ecc.tlentes,

661 3658 842 3728 lingua
875 3701 887 3721 ,
930 3649 1112 3728 'tnanu
1140 3694 1154 3717 ,
1213 3651 1447 3704 moribus
1476 3650 1863 3728 inquinatos.__i
1892 3649 2045 3728 Hunc
2097 3667 2256 3728 parco

667 3719 968 3783 Evarist'um
1017 3724 1178 3786 fuisse
1231 3737 1391 3774 unum
1422 3736 1488 3774 ex
1527 3719 1925 3775 ordinatoribus
1980 3721 2258 3776 Novatiani

667 3800 879 3868 collegit
918 3811 982 3852 ex
1013 3793 1236 3868 epistola
1265 3793 1362 3845 ista
1384 3789 1642 3868 Henricus
1674 3790 1915 3868 Valesius
1948 3793 1998 3845 in
2030 3801 2258 3868 annota-

669 3862 905 3923 tionibus
961 3866 1026 3920 ad
1050 3862 1268 3918 dibrum
1319 3879 1388 3928 vi,
1419 3876 1536 3930 cap.
1573 3864 1660 3924 45,
1698 3862 1944 3916 Historia:
1976 3864 2257 3917 ecclesias-

668 3939 788 3994 tica:
843 3936 1060 3993 Eusebii
1113 3935 1216 4004 (li.
1272 3948 1322 3988 e.
1380 3932 1614 3987 Cornelii
1672 3933 1840 4004 Epist.
1873 3933 1940 3987 ad
1992 3933 2257 3999 Fabium,

669 4025 826 4081 quam
858 4009 991 4063 infra
1022 4006 1304 4081 collocavi._
1375 4005 1656 4081 anozws.

737 4079 806 4134 Et
861 4092 1197 4135 successorem
1251 4074 1402 4144 plebi.
1472 4074 1547 4126 lta
1619 4091 1805 4130 omnes
1873 4077 1990 4131 libri
2052 4089 2261 4132 veteres

674 4161 730 4207 et
784 4152 1070 4207 editiones.
1126 4147 1322 4216 Angli,
1366 4145 1545 4201 nescio
1587 4162 1688 4215 qua
1740 4154 2056 4202 auctoritate
2089 4189 2103 4213 ,
2162 4162 2261 4215 po-

673 4234 898 4278 suerunt
919 4234 1263 4276 succensorem
1284 4259 1298 4283 ,
1334 4218 1480 4271 nullo
1499 4260 1512 4279 ,
1547 4227 1604 4270 tit
1627 4217 1858 4270 arbitror
1879 4260 1890 4280 ,
1921 4235 2081 4273 sensu
2100 4261 2112 4281 ,
2146 4232 2263 4270 mo-

675 4301 864 4348 nentes
890 4291 1101 4347 interim
1129 4290 1407 4358 legendum
1440 4289 1576 4341 forte
1606 4303 1725 4342 esse
1767 4304 2131 4342 suecursorem.
2159 4289 2264 4342 Sed

673 4379 772 4435 ego
800 4365 979 4435 nescio
1003 4362 1094 4435 ubi
1145 4358 1444 4435 invenerint
1471 4374 1652 4435 vocent
1680 4373 2023 4435 succursorem
2068 4359 2268 4435 alioqui

677 4428 832 4498 valde
881 4433 1120 4488 inutilem
1147 4429 1200 4502 in
1232 4429 1331 4502 hoc
1364 4429 1497 4502 loco.
1531 4428 1618 4482 Ait
1643 4430 1782 4483 enim
1837 4429 2135 4502 Cyprianus
2164 4431 2266 4487 Ze-

678 4506 874 4560 tumin
921 4506 1093 4557 locum
1153 4499 1375 4554 Evaristi
1417 4499 1723 4568 episcoiium
1757 4499 1896 4556 esse'
1921 4499 2265 4559 eoostitututn

676 4587 732 4631 et
769 4586 1132 4629 successorem
1182 4570 1323 4641 plebi
1369 4571 1549 4642 datum
1584 4573 1673 4642 cui
1726 4573 1768 4624 is
1797 4585 1921 4627 ante
1953 4573 2265 4642 pra-fuerat.

680 4648 958 4702 BALttztUs.
995 4640 1375 4706 Succussorem,
1399 4640 1538 4712 quod
1571 4657 1627 4694 re
1664 4641 1775 4710 ipsa
1805 4640 2108 4713 conjecerat
2153 4646 2270 4710 Fel-

674 4718 757 4770 lus
789 4716 1106 4788 legendum,
1163 4713 1214 4766 in
1259 4728 1471 4765 sensum
1504 4714 1813 4788 concitaris,
1861 4717 2272 4788 sett_concitalo-

682 4791 775 4852 ris,
800 4781 1006 4841 videtur
1034 4785 1102 4837 ab
1141 4799 1204 4836 eo
1225 4793 1499 4852 acceptum
1527 4823 1541 4847 ,
1575 4799 1695 4836 nam
1740 4781 1934 4837 Clossm
1975 4784 2080 4839 Vel.
2141 4789 2272 4842 Suc-

679 4875 823 4912 cusso
842 4899 856 4920 ,
886 4858 1143 4913 κατασείω
1189 4855 1400 4908 habent.
1432 4853 1640 4908 Videsis
1665 4854 1855 4906 Valesii
1885 4855 2005 4908 Not.
2040 4857 2102 4910 ad
2131 4859 2271 4914 Con-

680 4945 786 4985 CIL.
817 4933 1078 4984 Annocn.
1109 4940 1291 4993 supra,
1333 4925 1434 4977 vol.
1469 4941 1522 4988 ιι,
1558 4941 1608 4995 p.
1643 4923 1766 4981 50‘2.
1797 4924 2004 4982 Ιὶοιττιι.

752 5000 898 5055 Plebi
923 5045 936 5066 ,
979 5001 1059 5053 cui
1087 5007 1198 5050 ante
1232 5000 1524 5065 prtefuerat,
1551 4997 1599 5047 in
1625 4995 1782 5049 Corb.
1819 5012 1919 5050 ms.
1947 5007 2063 5052 ante
2083 4999 2270 5066 fuerat,

683 5081 791 5125 tum
840 5092 866 5125 a
897 5089 931 5126 ι.
971 5086 1126 5124 manu
1171 5067 1349 5120 Zetum
1380 5110 1393 5132 ,
1429 5066 1674 5139 secundis
1698 5067 1842 5121 curis
1871 5067 2064 5122 Zenunt
2088 5085 2103 5131 ;
2131 5073 2276 5139 quod

682 5152 736 5196 et
761 5143 1029 5197 Parnelius
1057 5142 1105 5194 iii
1135 5140 1453 5191 Camberon.
1479 5137 1670 5206 legisse
1692 5153 1748 5191 se
1777 5147 2018 5194 teSIatur.
2049 5137 2270 5196 Prtefert

676 5230 816 5267 unus
866 5215 1071 5283 Anglic.
1101 5209 1348 5283 Zotieum.
1384 5208 1585 5283 (Errat
1612 5208 1697 5263 ltic
1725 5207 2099 5283 Constantius,
2149 5229 2269 5266 nam

678 5283 912 5339 Zoticum
944 5279 1038 5354 pro
1095 5279 1518 5354 Dionysiuntlegi
1565 5291 1687 5354 ante
1736 5282 1799 5354 ad
1831 5279 1928 5354 lin.
1970 5284 2052 5337 ii.
2091 5283 2270 5340 Fellus

678 5351 975 5411 notaverat.
1008 5360 1026 5424 )
1060 5354 1279 5412 Eoi-mn,
1312 5353 1400 5419 qui
1434 5351 1729 5405 Eraristmn
1757 5353 1824 5407 ab
1849 5352 2156 5424 episcopatu
2186 5370 2266 5409 re-

675 5437 958 5482 moverant
988 5423 1016 5494 ,7
1054 5425 1372 5494 auctoritate
1429 5435 1802 5494 successorem
1847 5423 1942 5493 ipsi
1969 5426 2268 5480 ordinatum

668 5497 836 5552 fuisse
858 5491 1194 5565 binciliqnet.
1221 5492 1528 5548 Cousnxr.
1555 5491 1752 5546 Zetum.
1773 5491 1881 5550 Hoc
1905 5512 2095 5550 nomen
2120 5498 2272 5550 deest

668 5569 973 5640 inantiqnis
1004 5567 1355 5640 editionibus
1383 5573 1436 5617 ct
1484 5567 1533 5617 in
1565 5565 1880 5636 quibusdam
1904 5568 2171 5640 vetet-ibus
2205 5569 2268 5620 li-

665 5637 796 5692 bris.
829 5636 1073 5698 llabetur
1127 5645 1300 5691 tamen
1344 5636 1394 5688 in
1442 5650 1548 5690 uno
1581 5649 1701 5688 meo
1722 5647 1772 5689 et
1809 5641 1863 5699 in
1897 5638 2128 5692 editione
2156 5639 2267 5693 Ma-

659 5709 892 5764 nutiana.
926 5710 980 5771 ιη
1024 5704 1266 5764 Fuxcnsi
1309 5705 1566 5774 scriptum
1606 5713 1688 5759 est
1717 5705 1951 5776 Ceu-1m.
1979 5708 2268 5765 Corbeien-

2369 3593 2511 3636 textu
2527 3583 2821 3637 clausulam
2842 3583 2979 3636 haud
2996 3583 3229 3637 exhibet.
3248 3584 3469 3638 Exstant
3487 3583 3661 3644 verba,
3684 3582 3809 3636 bene
3827 3584 3974 3652 uale,

2365 3659 2521 3723 frater
2542 3655 2854 3719 charissima,
2879 3654 2981 3705 axili
3001 3671 3119 3708 nem
3137 3655 3377 3721 epistola:
3403 3656 3637 3724 proxime
3663 3657 3974 3724 sequentis;

2367 3731 2480 3778 time
2511 3741 2636 3779 vero
2662 3724 2735 3778 ibi
2769 3727 2818 3778 iii
2849 3725 2966 3777 edd.
3011 3726 3362 3780 vetustioribus
3391 3729 3589 3780 omissa
3618 3735 3791 3780 erant.

2452 3796 2632 3850 Ertsr.
2691 3795 2772 3849 Vl.
2830 3825 2902 3835 —-
2962 3794 3228 3850 Cornelius
3297 3797 3577 3865 Cypriane.
3637 3796 3701 3852 Et
3768 3795 3852 3850 hic
3918 3799 3976 3860 in

2369 3867 2555 3938 priscis
2613 3868 2862 3938 Cypriani
2913 3867 3238 3922 cditionibus
3284 3868 3626 3938 obtinuerat.
3681 3865 3978 3938 Cyprianus

2368 3934 2602 3990 Cornelio
2632 3934 2737 4002 [ut
2780 3938 3071 3992 etiamnum
3117 3945 3290 3992 exstat
3345 3955 3442 3993 IIIS.
3496 3941 3547 3993 in
3591 3934 3978 3994 ColbI‘Exsta-

2370 4010 2455 4064 bat
2488 4017 2542 4062 et
2573 4009 2673 4064 lioc
2709 4010 2880 4080 ipsum
2937 4009 2988 4063 in
3024 4009 3183 4063 Corb.
3239 4009 3333 4066 sed
3379 4009 3629 4064 secundis
3657 4011 3795 4064 curis
3843 4025 3976 4068 cor-

2370 4091 2574 4132 rectum
2618 4080 2750 4134 fuit:
2777 4097 2934 4149 quam
2985 4091 3162 4143 recte,
3188 4096 3306 4134 cum
3347 4081 3464 4149 ipse
3511 4089 3810 4149 contextus,
3855 4089 3982 4138 tum

2371 4151 2609 4204 subnexa
2654 4145 2890 4220 Epist'ola
2916 4153 3024 4206 viii.
3055 4149 3177 4222 (Ep.
3213 4151 3298 4204 47.
3327 4145 3398 4204 ai.
3436 4145 3553 4220 51.)
3585 4147 3828 4220 probant.
3862 4152 3978 4207 Su-

2373 4222 2568 4289 periori
2598 4221 2837 4290 epistola:
2869 4263 2882 4285 ,
2906 4239 3026 4292 quin
3046 4221 3345 4290 Niceplioro
3377 4223 3568 4276 tradita
3607 4224 3812 4288 fuerat,
3846 4234 3988 4282 ante

2371 4307 2530 4360 quam
2558 4293 2599 4346 is
2631 4294 3058 4360 proficisceretur
3083 4335 3096 4354 ,
3130 4293 3240 4346 luce
3268 4293 3512 4362 adjuncta
3560 4304 3644 4348 est.
3670 4333 3685 4356 ,
3710 4302 3768 4350 et
3791 4294 3859 4348 ab
3881 4310 3981 4348 eo-

2372 4364 2494 4417 dem
2551 4363 2797 4434 aciilytbu
2847 4365 3066 4434 perlata.
3122 4365 3176 4418 Si
3219 4365 3337 4434 quis
3378 4375 3552 4418 tamen
3611 4365 3746 4418 hanc
3799 4371 3982 4434 primo

2373 4436 2628 4503 scriptam
2662 4476 2674 4498 ,
2708 4436 2862 4503 eique
2893 4435 3220 4504 superiorem
3272 4435 3578 4501 adjunctam
3612 4435 3763 4504 malit
3785 4477 3801 4499 ,
3829 4450 3975 4488 con-

2373 4504 2528 4577 cedat
2549 4506 2741 4577 saltent
2775 4503 2996 4562 necesse
3019 4514 3100 4560 est
3121 4548 3134 4570 ,
3163 4517 3440 4577 utramque
3478 4507 3591 4574 ipsa
3627 4503 3981 4573 profectionis

2375 4574 2661 4644 Nicepliot-i
2682 4578 2809 4634 liora
2833 4577 3189 4646 conscriptam
3223 4573 3373 4636 e~sef
3390 4573 3650 4644 Quocirca
3675 4586 3792 4646 utra
3824 4577 3979 4644 prior

2379 4657 2604 4718 ponatur
2635 4691 2649 4714 ,
2701 4649 2785 4704 vel
2843 4645 3153 4718 paruntvel
3205 4649 3334 4702 nibil
3390 4650 3629 4702 interest.
3660 4645 3977 4704 Consum.

2379 4717 2504 4772 Iltcc
2532 4726 2667 4788 epist
2706 4720 2753 4772 la
2787 4731 2909 4774 ante
2951 4719 3240 4773 editionem
3294 4718 3650 4772 Manutianam
3691 4718 3980 4774 dicebatur

2377 4804 2496 4860 esse
2549 4789 2796 4860 Cypriani
2854 4790 2918 4843 ad
2961 4790 3288 4844 Cornelium.
3339 4790 3607 4844 Manutius
3641 4790 3979 4845 emendavit.

2382 4859 2667 4915 Manutiuin
2721 4873 2933 4916 secutus
2982 4872 3064 4915 est
3119 4861 3402 4915 l’amelius.
3437 4860 3617 4930 Iraque
3669 4860 3861 4914 falsum
3890 4871 3984 4918 est.

2381 4933 2521 4999 quod
2576 4935 2648 4992 ait
2703 4933 2961 5003 Rigaltins
3011 4932 3302 4986 Pamelimn
3348 4934 3417 4986 ita
3445 4935 3726 5002 scripsisse
3751 4948 3817 4994 ex
3847 4947 3982 4986 con-

2374 5003 2599 5070 jecntra.
2637 5003 2766 5057 Nam
2791 5014 2844 5058 et
2885 5003 3276 5074 ipsePatnelius
3296 5004 3548 5058 admonet
3591 5018 3648 5064 se
3683 5003 3984 5059 lectionem

2381 5074 2521 5126 illaut
2549 5075 2814 5128 invenisse
2845 5076 2893 5128 in
2913 5072 3100 5128 codice
3125 5072 3542 5128 Catnberonensi
3569 5081 3623 5128 et
3653 5076 3704 5127 in
3733 5074 3988 5130 editiOne

2377 5142 2702 5200 Manutiana.
2734 5146 2930 5200 Eadem
2956 5155 3126 5200 exstat
3152 5147 3203 5198 in
3234 5144 3368 5198 libro
3394 5143 3736 5202 Corbeiensi.
3779 5145 3834 5198 in
3869 5160 3986 5212 quo

2380 5226 2496 5283 post
2522 5219 2680 5270 verba
2711 5234 2775 5272 ex
2804 5219 2895 5270 illo
2916 5218 3072 5269 allata
3097 5233 3125 5269 a
3152 5215 3382 5285 liigaltio
3409 5217 3645 5284 sequitur
3672 5233 3684 5268 :
3709 5212 3986 5270 Cornelius

2376 5287 2632 5357 Cypriane
2682 5291 2831 5357 fratri
2861 5288 3094 5342 salutem.
3137 5286 3337 5340 Eadem
3375 5295 3550 5342 exsmt
3575 5286 3814 5352 etiamin
3843 5286 3988 5341 libro

2378 5358 2869 5428 Gratianopolitano
2904 5360 3024 5412 etin
3050 5375 3154 5412 uno
3196 5374 3316 5410 meo
3345 5368 3523 5414 vetere
3553 5396 3568 5421 ,
3593 5358 3644 5410 in
3674 5372 3805 5428 quq.
3838 5365 3897 5409 ut
3925 5359 3987 5412 in

2377 5423 2684 5483 CorberenSi
2712 5434 2968 5498 scriptum
2996 5439 3077 5483 est
3103 5450 3112 5480 :
3166 5428 3428 5497 Incipiunt
3483 5423 3730 5496 rescripta
3749 5423 4000 5482 Cornelii

2374 5499 2443 5570 ad
2467 5500 2781 5570 Cyprianum
2805 5503 2866 5554 de
2894 5501 3248 5554 schismaticis.
3270 5502 3402 5555 Ucto
3420 5500 3560 5553 illius
3590 5510 3776 5552 vetera
3794 5515 3998 5553 exem-

2373 5569 2537 5692 plaria
2567 5573 2745 5625 liabui.
2791 5572 2943 5643 Angli
2975 5587 3138 5626 unum
3189 5581 3392 5626 tantum
3432 5570 3740 5626 habuerunt
3797 5586 3862 5624 ex
3899 5571 3992 5624 bi-

2393 5642 2637 5692 )liotlieca
2669 5643 2976 5692 Bodleiana.
3010 5643 3276 5692 Cazterutn
3319 5641 3460 5692 nulla
3510 5641 3678 5692 sancti
3721 5642 3992 5692 martxris

2393 5642 2638 5697 iliotlteca
2669 5641 2976 5698 Bodleiaiia.
3010 5643 3276 5704 Cancrum
3319 5641 3460 5698 nulla
3510 5641 3678 5695 sancti
3721 5642 4001 5712 martyris

2373 5713 2595 5781 epistola
2619 5715 2833 5786 gravius
2849 5713 3044 5770 afflicta
3075 5714 3170 5769 fuit
3191 5729 3284 5786 per
3313 5713 3592 5790 audaciam
3626 5721 3884 5768 veterum
3920 5713 4004 5766 [ἐς
