4252 6258
370 293 479 354 725

1342 293 1676 352 EPISTULA
1716 295 1828 353 VII.
1867 296 1960 354 AD
1997 297 2398 362 CORNELIUM
2437 299 2688 358 PAPAM.

3571 304 3676 360 726

371 411 604 467 statione
652 407 723 464 'ad
763 423 862 465 vos
899 407 1076 464 statim
1103 407 1281 463 dimisi
1306 424 1321 475 ;
1348 417 1408 463 ut
1437 409 1580 464 nulla
1610 411 1969 480 procrastina-
1994 413 2047 476 A
2072 414 2238 472 frater
2264 416 2600 480 charissime,
2621 415 2874 470 festinato
2894 413 2960 469 ad
2984 427 3084 468 nos
3109 413 3370 471 mittendo
3410 414 3679 489 Nicepho-

371 503 519 558 tione
561 500 762 567 habita,
822 500 972 556 velut
1020 513 1257 570 praesens
1309 501 1361 555 in
1409 501 1510 555 isto
1538 502 1684 556 clero
1707 513 1759 557 et
1785 504 1836 557 in
1869 505 1970 560 ista

369 594 560 667 populi
606 604 768 659 ctetu,
816 594 928 649 Deo
975 594 1332 662 omnipotenti
1379 602 1434 648 et
1476 591 1690 649 Christo
1743 596 1970 651 Domino

369 698 562 744 nostro
599 688 796 757 gratias
845 701 1056 757 ageres.
1087 684 1371 741 Credimus
1413 695 1596 742 autem
1649 689 1784 753 fore,
1841 690 1970 760 quin

370 780 539 836 immo
563 779 672 849 jam
701 795 800 849 pro
817 789 968 834 certo
989 778 1328 845 confidimus,
1357 787 1584 834 caeteros
1623 796 1852 851 quoque,
1881 784 1971 853 qui

369 872 426 928 in
451 871 553 926 hoc
579 879 764 926 errore
790 880 914 925 sunt
940 870 1240 936 constituti,
1275 871 1325 924 in
1369 871 1664 927 Ecclesiam
1689 873 1836 928 brevi
1888 891 1972 930 re-

369 978 646 1029 versuros,
675 978 796 1018 cmn
825 972 1076 1019 auctores
1097 978 1224 1018 suos
1244 963 1473 1019 viderint
1490 966 1765 1022 uobiscum
1788 976 1968 1038 agere.

371 1054 480 1110 Has
511 1055 718 1110 litteras
755 1064 883 1125 puto
912 1067 963 1110 te
983 1055 1200 1120 debere,
1236 1056 1419 1124 frater,
1452 1063 1506 1112 et
1551 1059 1616 1112 ad
1635 1068 1860 1114 caeteras
1884 1075 1972 1116 cc-

367 1146 564 1202 clesias
583 1147 797 1202 mittere
823 1165 834 1201 :
870 1155 928 1201 ut
949 1160 1136 1201 omnes
1166 1151 1340 1201 sciant
1362 1149 1687 1205 schismatici
1730 1151 1889 1220 hujus
1919 1160 1972 1206 et

371 1239 616 1295 haeretici
642 1239 825 1293 dolum
870 1248 925 1294 et
946 1239 1438 1309 praevaricationem
1492 1241 1561 1296 de
1598 1242 1686 1298 die
1729 1243 1779 1298 in
1828 1243 1970 1299 diem

368 1335 639 1389 evacuari.
672 1333 817 1388 Bene
841 1333 984 1399 vale,
1013 1333 1175 1388 frater
1200 1331 1518 1391 charissime
1543 1345 1592 1390 α.

932 1491 1264 1547 EPISTOLA
1305 1487 1411 1546 Vll.

369 1628 414 1668 S.
454 1625 715 1678 CYPRIANI,
747 1623 1203 1666 CARTBAGINENSIS
1240 1623 1474 1666 EPISCOPI
1495 1649 1509 1674 ,
1542 1623 1610 1665 AD
1667 1625 1970 1668 οοιιΝειιυιι

1072 1717 1243 1758 PAPAI
1252 1741 1265 1756 ο

2076 516 2192 564 rum
2215 510 2544 582 acolythum,
2573 511 2662 579 qui
2690 509 2842 564 nobis
2871 517 2926 563 et
2948 507 3016 564 de
3037 507 3437 564 confessoribus
3463 525 3674 581 regres-

2076 602 2152 656 sis
2173 601 2461 672 gloriosam
2509 600 2744 654 laztitiam
2776 599 3061 665 nuntiaret,
3109 606 3162 654 et
3204 599 3464 656 adversus
3503 600 3674 656 Nova-

2075 693 2203 748 tiani
2231 703 2281 748 et
2318 707 2338 731 ο
2367 693 2556 748 Novati
2581 706 2746 746 novas
2781 699 2836 747 et
2875 691 3204 762 perniciosas
3261 692 3329 746 ad
3361 693 3676 764 impugnan-

2075 787 2197 842 dam
2215 786 2411 842 ChriSti
2429 787 2720 842 Ecclesiam
2740 785 3012 840 machinas
3035 785 3340 855 plenissime
3361 787 3674 843 instrueret.

2075 879 2207 935 Nam
2234 895 2352 934 cum
2381 881 2553 950 pridie
2585 879 2704 934 istic
2731 879 2964 934 venisset
2988 878 3252 934 haeretica:
3271 880 3553 950 pravitatis
3579 896 3675 937 no-

2073 985 2203 1026 cens
2257 972 2436 1038 factio,
2465 973 2577 1040 ipsa
2620 972 2730 1040 jam
2766 970 2993 1040 perdita,
3025 979 3080 1026 et
3110 973 3265 1037 alios,
3291 972 3379 1041 qui
3408 971 3508 1026 sibi
3543 955 3672 1028 con-

2076 1064 2344 1119 senserint
2398 1063 2688 1133 perditura,
2745 1072 2964 1132 postero
3017 1063 3104 1118 die
3158 1062 3494 1134 Nicephorus
3549 1075 3671 1120 cum

2077 1157 2270 1212 vestris
2327 1157 2517 1211 litteris
2566 1157 2892 1226 supervenit.
2975 1155 3178 1223 Quibus
3235 1164 3290 1210 et
3366 1155 3672 1224 didicimus,

2077 1259 2130 1303 et
2153 1248 2347 1303 docere
2401 1258 2558 1316 atque
2611 1249 2874 1302 instruere
2926 1255 3152 1302 eteteros
3181 1248 3474 1318 coepimus,
3537 1249 3675 1304 Eva-

2075 1341 2264 1394 ristnm
2322 1339 2389 1394 de
2444 1340 2696 1409 episcopo
2741 1339 2851 1408 jam
2908 1353 3007 1394 nec
3065 1340 3258 1394 laicum
3312 1341 3669 1406 remansisse,

2075 1430 2348 1487 cathedrae
2385 1440 2440 1486 et
2483 1432 2652 1501 plehis
2691 1442 2979 1496 extorrem,
3013 1440 3066 1485 et
3107 1431 3175 1485 de
3205 1431 3445 1486 Ecclesia
3471 1429 3672 1487 Christi

2076 1524 2333 1591 exsulem,
2387 1539 2481 1594 per
2532 1524 2664 1578 alias
2725 1523 2879 1595 longe
2929 1523 3228 1593 provincias
3279 1524 3556 1590 aberrare,
3618 1533 3673 1580 et

2076 1617 2247 1686 ipsum
2318 1617 2553 1671 veritatis
2601 1633 2663 1672 ac
2715 1616 2835 1670 fidei
2893 1615 3204 1686 naufragum
3253 1615 3471 1683 factum,
3529 1617 3672 1672 circa

2076 1711 2334 1782 quosdam
2367 1711 2446 1765 sui
2480 1711 2682 1766 similes
2709 1711 2856 1780 paria
2885 1709 3156 1780 naufragia
3178 1709 3449 1764 concitare
3477 1706 3504 1745 d
3535 1725 3547 1763 :
3581 1708 3674 1764 Νἰο

365 1817 580 1880 (EraSm.
604 1833 655 1877 ιι,
693 1816 741 1880 8,
786 1815 976 1864 Pam‘el.
1026 1813 1206 1877 Rigalt.
1225 1813 1394 1866 Baluz.
1421 1823 1576 1875 xum,
1604 1805 1764 1866 Paris.
1804 1826 1966 1876 xuvxu,

2077 1810 2371 1859 costratum
2393 1813 2522 1857 vero
2553 1813 2597 1867 υ,
2631 1801 2879 1856 diaconio
2914 1800 2930 1838 ί
2967 1809 3168 1856 sanctae
3192 1800 3670 1856 administrationis

431 1899 704 1960 Constant.,
746 1915 780 1959 ι,
826 1896 918 1947 col.
964 1896 1079 1957 I39,
1129 1896 1372 1958 Galland.,
1419 1897 1548 1947 Bibl.
1594 1904 1718 1948 vett.
1748 1898 1844 1948 PP.
1890 1913 1939 1947 tu
1955 1931 1972 1962 ,

432 1989 548 2047 pag.
568 1985 674 2034 358.
703 1987 719 2044 )

369 2084 1202 2158 Assenserunt.—Diligentiam
1241 2087 1349 2153 ejus
1388 2088 1582 2153 laudat,
1611 2104 1712 2158 qua
1749 2088 1812 2142 de
1851 2103 1971 2157 per-

439 2179 647 2234 niciosis
685 2178 968 2233 Novatiuni
1010 2179 1281 2243 machinis,
1325 2191 1385 2232 'ac
1425 2195 1669 2233 novorum
1712 2181 1855 2236 illius
1897 2181 1974 2235 le-

439 2283 674 2343 gatorum
695 2271 919 2326 moribus
949 2282 1236 2340 Opportune
1259 2272 1428 2340 ipsum
1454 2273 1744 2327 admonuit.
1773 2272 1969 2327 Novati

441 2367 628 2421 scelera
680 2366 912 2434 pluribus
957 2366 1290 2435 persequitur,
1347 2381 1407 2418 ac
1457 2377 1602 2418 suam
1643 2383 1851 2435 operam
1916 2367 1971 2421 in

443 2460 734 2513 revocandis
761 2460 842 2524 iis,
876 2475 999 2528 quos
1025 2458 1112 2512 ille
1130 2458 1421 2522 seduxerat,
1447 2459 1787 2513 commendat.

626 2599 912 2648 CYPRIANUS
941 2593 1199 2648 εοιιιιιὶειιο
1222 2595 1413 2647 ruunt
1438 2607 1699 2650 sturnu.

437 2729 478 2783 l.
509 2728 578 2785 Et
629 2739 752 2783 cum
811 2725 1085 2800 diligentia
1139 2736 1194 2784 et
1231 2743 1352 2784 cum
1389 2728 1676 2785 dilectione
1702 2727 1728 2766 ι’
1771 2727 1970 2796 fecisti,

2081 1896 2279 1949 amisso
2309 1905 2356 1961 ις,
2387 1895 2766 1950 ecclesiasticis
2779 1894 3037 1963 pecuniis
3058 1893 3315 1965 sacrilega
3344 1893 3525 1949 fraude
3550 1894 3675 1949 sub-

2079 1987 2282 2055 tractis,
2313 1987 2664 2043 etviduarnm
2687 1997 2750 2041 ac
2777 1985 3100 2056 pupillorum
3131 1985 3389 2054 depositis
3439 1986 3675 2055 denega-

2055 2081 2166 2147 -tis,
2190 2095 2299 2135 non
2325 2090 2428 2133 tam
2453 2080 2503 2134 in
2538 2079 2772 2134 Africam
2823 2078 3008 2132 venire
3037 2077 3289 2139 voluisse.
3327 2091 3486 2147 quam
3539 2090 3674 2132 con-

2079 2171 2305 2226 scientia
2336 2171 2642 2241 rapinarum
2673 2168 2700 2204 ¹ι
2732 2179 2784 2224 et
2834 2169 3116 2224 criminum
3148 2168 3500 2224 nefandorum
3527 2167 3674 2224 illinc

2077 2265 2144 2320 ab
2174 2265 2304 2320 urbe
2333 2265 2546 2335 fngiSSe.
2577 2257 2642 2324 Et
2665 2278 2805 2318 nunc
2829 2262 3082 2318 Ecclesiae
3111 2261 3353 2316 desertor
3391 2275 3454 2315 ac
3493 2260 3677 2330 profu-

2077 2372 2194 2428 gus,
2226 2359 2376 2427 quasi
2416 2367 2652 2411 mutasse
2701 2356 2770 2409 sit
2823 2353 3094 2409 hominem
3125 2363 3333 2409 mutare
3376 2353 3670 2424 regionem,

2079 2450 2441 2505 confessorem
2507 2464 2565 2503 se
2628 2447 2640 2484 ί
2689 2447 2828 2502 ultra
2877 2447 3043 2517 jactat
3088 2456 3142 2500 et
3197 2447 3484 2516 praedicat;
3553 2463 3674 2502 cmn

2079 2543 2277 2597 Christi
2308 2542 2583 2597 confessor
2615 2557 2713 2596 nec
2737 2540 2840 2596 dici
2867 2555 2968 2595 nec
3023 2554 3142 2595 esse
3187 2539 3295 2610 jam
3344 2542 3532 2611 possit,
3589 2543 3680 2612 qui

2082 2636 2588 2692 licclcsiamChristi
2633 2636 2870 2706 negavit.
2902 2633 3035 2689 Nam
3071 2651 3191 2688 cum
3232 2621 3427 2690 Paulus
3456 2645 3675 2707 aposto-

2081 2731 2161 2785 lus
2191 2729 2330 2784 dicat
2363 2748 2374 2783 :
2420 2728 2640 2800 PrOpter
2670 2721 2762 2781 hoc
2783 2727 3026 2797 relinquet
3066 2728 3217 2782 homo
3252 2738 3444 2798 patrem
3474 2736 3519 2782 et
3569 2725 3678 2782 ma-

1623 2841 2003 2902 LECTIONES
2040 2838 2453 2903 VAlilANTES.

435 2943 463 2971 ⁸
496 2940 637 2990 Bene
661 2938 827 2988 valere
839 2947 1046 3002 semper
1069 2934 1098 2984 f.
1128 2948 1171 2986 c.
1197 2935 1364 2987 Codex
1391 2933 1520 2985 Colb.
1551 2936 1672 2987 Haec
1684 2943 1843 2989 autem
1864 2950 1976 3002 pre-

368 3002 495 3056 catio
516 3002 567 3054 in
592 3002 729 3053 Corb.
754 3002 1002 3051 omittitur.

433 3063 462 3103 1’
498 3066 556 3130 Et
575 3059 1126 3130 dilectiope,_Bogl.A5._
1184 3123 1202 3130 _
1348 3121 1394 3130 Π

430 3132 454 3160 ο
493 3113 745 3178 ἕίοήνὸὲε.
772 3125 819 3173 2.
907 3113 1008 3193 ._C.
1026 3123 1072 3184 t,
1098 3122 1310 3193 g._Lant.
1341 3121 1446 3172 Lin.
1477 3119 1616 3174 Ebor.
1643 3126 1748 3174 Vel.
1777 3126 1967 3175 Emam.

369 3192 554 3242 Manut.
585 3203 733 3239 novas
752 3181 1073 3249 perniciosas,
1104 3181 1211 3248 Rig.

434 3253 461 3292 ά
495 3247 896 3316 Εοίέὶιειιε,’Βοιι.
915 3249 961 3298 1.

2147 2945 2171 3000 9
2207 2940 2534 2990 Nicostratum
2559 2954 2774 3000 quoque,
2803 2939 2966 2990 Lamb.

2147 2954 2171 2970 υ
2207 2954 2534 2990 ινιοοειιιειιιιιιι
2593 2954 2656 2990 no
2692 2954 2754 2990 ue
2803 2954 2966 2990 Lamo.

2141 2999 2168 3076 ξ
2199 3000 2286 3076 S_i_c
2317 3006 2453 3076 Voss.
2479 2954 2717 3076 2:211:73;
2745 2976 2891 3076 ῥόον.
2920 3002 3025 3055 NG.
3055 3002 3102 3060 1,
3135 3002 3182 3052 2.
3208 3001 3422 3052 Diacouo
3445 2999 3552 3064 Περ.

2143 3068 2168 3105 8
2203 3065 2499 3125 Admissum,
2531 3064 2653 3115 Bod.
2686 3067 2728 3126 1,
2748 3067 2795 3116 5.

2139 3126 2170 3165 h
2204 3128 2581 3189 Conscientiam,
2610 3127 2734 3178 Bod.
2752 3130 2800 3176 5.

2147 3190 2164 3228 i
2208 3185 2344 3240 Ultro
2365 3192 2530 3254 Camp.

1703 3331 2061 3393 VARIORUM
2100 3337 2333 3395 NOTAE.

325 3427 330 3431 ’
367 3430 468 3484 bus
486 3438 610 3499 post
640 3429 893 3501 mysteria
923 3434 1248 3501 peracta._ut
1279 3434 1428 3501 notat
1447 3427 1513 3501 cl.
1551 3426 1824 3501 Marshall.
1843 3431 1924 3484 An
1943 3462 1956 3470 -

365 3497 536 3571 glicus
553 3497 838 3570 interpres,
864 3497 1106 3552 eamdem
1141 3497 1309 3567 Epist.
1343 3497 1591 3571 Cypriani
1616 3499 1683 3552 44
1709 3499 1933 3555 laudans

367 3569 456 3627 res
493 3573 626 3625 alias
647 3569 944 3639 transigere
965 3579 1376 3622 consueverunt.
1412 3569 1622 3624 ilobru.

438 3640 604 3696 Coetu.
647 3643 833 3695 Codex
863 3641 1202 3694 Corheieusis
1230 3650 1492 3692 conventu.
1533 3639 1589 3692 ltt
1631 3655 1739 3694 uno
1776 3642 1959 3697 codice

369 3713 627 3767 Vaticano
654 3713 874 3780 legitur:
901 3729 918 3761 t
945 3709 1000 3763 In
1027 3711 1127 3781 isto
1151 3711 1326 3777 populi
1348 3714 1488 3764 coetu
1521 3712 1797 3765 nobiscum
1819 3715 1962 3781 pari-

367 3793 455 3837 ter
487 3784 594 3837 Deo
623 3781 974 3850 omnipotenti
1013 3780 1306 3853 et__Christo
1348 3782 1584 3853 Domino
1618 3793 1803 3836 nostro
1822 3780 1960 3853 gra-

365 3856 473 3909 tias
500 3869 677 3922 agerc.
701 3851 1172 3906 BALUZIUS.——HO(‘.
1195 3862 1296 3913 est,
1331 3850 1397 3905 dc
1429 3852 1682 3916 praedicto
1708 3850 1964 3921 cleri'po-

365 3926 587 3995 polique
635 3934 797 3979 cmtu.
835 3923 904 3976 ita
933 3932 984 3977 et
1022 3923 1320 3995 Cyprianus
1345 3939 1502 3995 supra
1550 3923 1716 3990 Epist.
1750 3928 1770 3976 1
1813 3935 1865 3995 et
1902 3927 1955 3989 ‘2,

367 3993 630 4051 invidiosa
680 3996 970 4065 legatorum
1019 3994 1294 4065 Novatiani
1358 3994 1613 4047 adversus
1649 3993 1960 4049 Cornelium

365 4068 601 4122 convicia
634 4064 845 4128 notans,
879 4065 992 4118 haec
1015 4064 1186 4134 Epist.
1219 4065 1266 4127 1,
1297 4065 1348 4116 in
1371 4065 1600 4127 statione,
1631 4074 1684 4117 et
1710 4065 1877 4133 Epist.
1901 4067 1955 4132 ‘2,

366 4153 421 4193 ιι.
453 4139 506 4205 2,
550 4158 567 4189 t
599 4140 650 4192 in
679 4137 933 4206 religioso
959 4136 1180 4188 fratrum
1212 4146 1498 4196 conventu,
1524 4156 1542 4186 3
1579 4137 1628 4187 in
1658 4152 1762 4203 quo
1792 4147 1842 4190 et
1871 4150 1960 4189 sa-

364 4210 612 4265 cerdotes
661 4207 1015 4262 considebant
1047 4215 1100 4258 et
1131 4207 1298 4259 altare
1339 4207 1568 4274 positum
1618 4217 1752 4266 erat,
1785 4209 1960 4261 oblata

365 4295 485 4335 esse
515 4281 721 4335 scribit.
771 4278 918 4333 Unde
945 4278 1286 4346 perspicuum
1317 4287 1399 4331 est
1430 4277 1693 4330 stationem
1741 4279 1964 4347 perinde

365 4366 485 4406 esse
535 4362 694 4417 atque
752 4345 1056 4418 religiosum
1108 4359 1428 4400 conventum
1499 4349 1549 4400 in
1606 4345 1867 4414 ecclesiis,
1908 4345 1961 4402 in

363 4423 557 4489 quibus
580 4421 764 4475 fideles
790 4419 856 4473 ad
900 4433 1050 4472 sacra
1086 4420 1337 4488 mysteria
1385 4419 1705 4473 celebranda
1757 4433 1959 4474 conve-

366 4495 600 4547 niebanl.
1281 4505 1294 4518 ‘

437 4563 562 4617 Cum
591 4572 842 4616 auctores.
883 4561 934 4613 id
968 4571 1069 4616 cst.
1109 4575 1332 4629 quorum
1364 4561 1701 4630 potissimum
1732 4564 1966 4616 auctori-

368 4635 540 4686 tatein
563 4635 796 4688 schisma
824 4633 1035 4686 abducti
1066 4632 1360 4693 fncr:mt,ct
1391 4633 1440 4684 in
1474 4647 1539 4685 eo
1567 4633 1960 4686 detinebantur.

443 4705 620 4758 EPIST.
657 4705 841 4758 \'ll.—-
877 4705 912 4756 I.
953 4701 1017 4755 Et
1050 4720 1164 4755 cum
1197 4702 1480 4773 diligentia.
1514 4703 1700 4756 Statim
1730 4705 1797 4756 ab
1825 4701 1968 4773 epis-

369 4775 490 4828 tola:
523 4775 676 4841 hujus
721 4774 941 4828 exordio
970 4773 1268 4844 Cyprianus
1297 4772 1442 4826 tlttas
1488 4777 1792 4844 superiores
1831 4772 1966 4826 Cor-

366 4844 492 4900 nelii
517 4847 768 4914 epistolas
815 4847 972 4898 simul
1016 4847 1083 4898 ab
1127 4844 1316 4898 emlem
1371 4843 1672 4912 Nicephoro
1719 4845 1967 4915 acolytho

363 4919 639 4985 accepisse
666 4933 724 4970 sc
768 4918 944 4970 docet.
1002 4916 1063 4969 lit
1111 4916 1209 4968 hac
1261 4915 1474 4982 quidem
1527 4916 1734 4982 primat,
1767 4918 1960 4970 subse-

361 4999 562 5056 quente
591 4999 768 5041 autem
790 4986 1038 5041 secunda:
1067 4986 1373 5052 reSpondet.

439 5057 720 5112 Novatiani
741 5069 786 5110 et
813 5057 1020 5110 Novati.
1055 5057 1315 5110 Novatum
1348 5057 1488 5111 hunc
1519 5073 1637 5112 cum
1666 5057 1962 5112 Novatiauo

364 5130 490 5184 dum
513 5131 843 5184 confundunt
865 5129 1059 5193 Gl'iPCl,
1090 5145 1210 5181 eum
1254 5129 1662 5182 lnnresiarcham
1691 5140 1744 5183 et
1772 5127 1965 5182 Catha-

363 5216 547 5255 rorttm
580 5202 876 5270 principetn
909 5200 1039 5253 falso
1063 5199 1279 5252 faciunt.
1311 5199 1548 5270 Uterque
1579 5211 1755 5253 tamen
1787 5201 1966 5254 multis

365 5282 447 5324 est
473 5269 778 5325 nouiinilms
805 5270 1109 5324 distinctus.
1149 5270 1278 5323 Nam
1318 5269 1642 5325 Novatianus
1671 5271 1963 5335 ltomauus,

366 5341 599 5398 Novatus
616 5341 1054 5411 Carthaginensis
1079 5343 1356 5412 presbyter
1373 5340 1492 5396 fuit.
1525 5343 1847 5398 Novatianus
1863 5342 1966 5412 lto—

364 5431 582 5468 mantnn
615 5413 714 5468 sibi
743 5413 1014 5478 armgavit
1042 5411 1402 5480 pontiiiCatum
1437 5431 1447 5465 :
1491 5413 1722 5466 Novatus
1750 5428 1775 5461 a
1825 5411 1968 5464 nullo

367 5501 619 5555 umquam
646 5486 695 5538 in
715 5485 1025 5554 episcomm
1047 5493 1126 5555 est
1141 5493 1437 5555 cooptatus.
1458 5484 1970 5555 Novatianusquam-

364 5551 493 5608 dam'
516 5551 760 5624 puritatis
789 5551 1020 5625 speciem
1051 5554 1322 5616 affectans,
1357 5554 1584 5622 indeque
1608 5551 1966 5625 Catharorutn

366 5635 529 5679 sectae
547 5642 740 5680 nomen
771 5623 1110 5694 et'originem
1142 5625 1401 5690 tribuens,
1424 5626 1585 5692 lapsis
1610 5623 1768 5694 etiam
1791 5624 1963 5690 pteni~

369 5697 607 5749 tentibns
638 5698 805 5751 venia:
832 5693 979 5764 Spem
1010 5697 1222 5750 sustulit
1255 5714 1267 5748 :
1293 5694 1525 5750 Novatus
1557 5709 1684 5748 vero
1715 5693 1960 5749 factionis

368 5765 688 5827 Feliciss‘iimi
733 5768 1062 5839 presbyteris
1093 5765 1419 5833 adhterebat,‘
1462 5769 1550 5837 qui
1585 5765 1766 5837 lopsis,
1799 5765 1961 5822 etiam

1939 3543 1954 3568 ’
1987 3541 2032 3604 C

2074 3437 2450 3502 prtetcrmissis
2473 3437 2800 3505 poenitentiae
2835 3439 3108 3493 canonicre
3137 3437 3358 3509 regulis,
3381 3437 3558 3492 statim
3585 3451 3677 3505 pa-

2068 3519 2185 3559 cem
2219 3516 2272 3560 ct
2293 3509 2727 3562 communionem
2761 3509 2874 3563 dari
2906 3510 3178 3574 volebant,
3235 3522 3298 3562 ac
3328 3509 3677 3564 nihilominus

2067 3591 2190 3650 cum
2213 3578 2512 3650 Novatiano
2540 3581 2776 3650 copulari
2811 3593 2914 3633 non
2946 3581 3169 3635 destitit.
3201 3581 3404 3648 Nempe
3430 3579 3674 3648 gravium

2066 3649 2365 3722 criminum
2388 3649 2488 3702 sibi
2521 3649 2793 3716 conscius,
2825 3651 3025 3722 nonid
3055 3653 3246 3722 agebat
3302 3659 3356 3703 ut
3396 3650 3675 3722 disciplina
3748 3670 3756 3676 ·

2067 3719 2432 3773 ecclesiastica
2494 3733 2817 3784 servaretur,
2873 3721 2966 3776 sed
3011 3719 3306 3776 ut'tnrhas
3337 3721 3387 3773 in
3435 3720 3674 3775 Ecclesia

2066 3791 2388 3843 concitando
2426 3790 2662 3844 debitam
2695 3793 2988 3846 sceleribus
3043 3793 3298 3847 ultionem
3355 3791 3676 3846 declinaret.

2067 3860 2330 3926 Quocirca
2359 3860 2667 3914 Novatianzn
2715 3877 2811 3916 seu
2857 3861 3212 3918 Catharorum
3257 3862 3479 3932 lucrosis
3524 3865 3672 3932 prin-

2067 3945 2198 3996 ceps
2229 3942 2280 3984 et
2310 3940 2495 3984 auctor
2527 3947 2860 4000 nequaquam
2891 3934 3149 3987 dicmidus
3177 3942 3261 3988 est
3291 3931 3553 3998 Novatus,
3609 3935 3673 3988 li-

2066 4011 2152 4053 cet
2198 4001 2477 4054 Novatiani
2528 4003 2833 4056 schismatis
2882 4005 3177 4072 praecipuus
3219 4001 3431 4071 adiutor
3479 4005 3674 4058 merito

2066 4081 2366 4124 censeatur.

2140 4140 2284 4194 Istic.
2318 4142 2421 4195 Pro
2450 4142 2594 4207 illuc,
2641 4147 2696 4195 tit
2746 4142 2882 4197 infra
2937 4143 3041 4195 illic
3076 4152 3173 4211 pro
3213 4143 3360 4196 illuc.
3413 4140 3501 4196 Sic
3529 4143 3672 4211 enim

2067 4213 2326 4281 scriptum
2361 4220 2442 4265 est
2489 4214 2540 4266 iu
2572 4206 2841 4268 veteribus
2874 4213 3022 4267 libris
3053 4206 3107 4267 et
3157 4215 3208 4266 in
3259 4213 3505 4267 editione
3534 4206 3672 4281 Spi—

2068 4283 2235 4345 reusi,
2271 4284 2556 4338 tumeliam
2592 4286 2643 4339 in
2675 4282 2875 4338 Veneta
2925 4285 3112 4347 veteri,
3154 4293 3207 4338 et
3255 4285 3306 4338 in
3345 4283 3667 4338 Manutiaua.

2068 4352 2166 4426 Sic
2188 4355 2325 4422 apud
2355 4365 2595 4426 sanetum
2621 4356 2959 4426 Gregorium,
2996 4351 3090 4410 lib.
3117 4369 3208 4421 vtt,
3231 4351 3477 4416 intlictﬂ,
3507 4351 3673 4424 epist.

2070 4423 2197 4490 118,
2222 4434 2275 4479 et
2304 4426 2398 4480 lib.
2427 4424 2515 4497 hx,
2561 4423 2840 4495 epistflti,
2869 4442 2932 4482 ac
2981 4429 3220 4482 fortassis
3245 4426 3369 4481 alibi
3407 4423 3668 4495 scriptum

2070 4505 2153 4549 est
2183 4497 2445 4566 inﬂcodice
2471 4498 2798 4553 Floriaccnsi
2829 4499 2933 4552 illic
2961 4515 3056 4568 pro
3081 4499 3225 4554 illuc.

2147 4589 2356 4646 Fat-tio.
2386 4592 2602 4663 Scilicet
2653 4589 2886 4647 secunda
2918 4591 3194 4648 Novatiani
3239 4591 3434 4663 legatio
3459 4634 3477 4663 _,
3511 4593 3672 4660 quam

2073 4661 2324 4715 obierunt
2357 4662 2709 4727 Nicostratus,
2769 4663 3022 4728 Novatus,
3059 4661 3354 4728 Evaristus,
3384 4661 3595 4716 Primus
3620 4671 3675 4718 et

2077 4732 2394 4803 Dionysius;
2430 4744 2482 4786 ut
2530 4734 2581 4788 in
2639 4735 2862 4802 epistola
2906 4735 3147 4804 sequenti
3198 4736 3518 4799 declaratur,
3549 4747 3669 4788 eum

2076 4805 2303 4874 primam
2326 4806 2686 4874 suscepissent
2707 4803 2994 4869 Maximus,
3021 4805 3291 4875 Longinus
3317 4815 3369 4860 et
3386 4803 3669 4859 lilachmus.

2151 4894 2225 4949 De
2255 4897 2509 4966 episcopo.
2541 4897 2743 4952 llocest
2772 4897 2838 4951 de
2873 4897 3158 4966 episcopali
3202 4895 3456 4964 dignitate
3483 4898 3550 4950 ita
3581 4895 3675 4950 de-

2065 4966 2292 5035 jectum,
2323 4977 2501 5022 utnec
2532 4968 2582 5021 in
2623 4968 2808 5022 eadem
2832 4968 3058 5023 ecclesia
3103 4982 3223 5021 cum
3255 4967 3384 5020 laica
3427 4981 3665 5019 commu-

2071 5038 2234 5093 nione
2258 5049 2615 5106 permaneret,
2648 5048 2834 5108 utpote
2862 5039 2982 5107 ﬁdei
3009 5037 3320 5107 naufragum
3347 5036 3560 5105 factum.

2148 5127 2286 5181 Illic.
2320 5129 2372 5182 ld
2413 5139 2496 5184 est
2539 5131 2590 5183 in
2623 5129 2819 5183 Africa.
2854 5130 3027 5195 Quare
3066 5127 3199 5183 falsa
3239 5135 3322 5181 eSt
3350 5125 3506 5180 lectio
3553 5141 3673 5196 qum

2072 5199 2233 5253 habet
2261 5199 2427 5270 illinc,
2460 5211 2730 5270 tamquam
2767 5200 2810 5252 si
2848 5216 2942 5253 vox
2975 5199 3065 5253 illa
3095 5196 3370 5270 referenda
3415 5206 3557 5270 esset
3597 5197 3672 5270 ad

2074 5271 2261 5324 urbem
2290 5269 2534 5334 lion-iam,
2572 5267 2712 5325 unde
2751 5270 3029 5324 Evaristus
3052 5271 3105 5322 et
3142 5267 3475 5324 Nicostratus
3500 5268 3666 5338 fugis-

2074 5351 2191 5394 sent
2220 5343 2273 5392 iu
2306 5340 2561 5394 Africam.
2587 5341 2759 5409 {Quod
2785 5342 2914 5395 satis
2941 5341 3207 5394 evincitur
3257 5340 3382 5392 dum
3415 5339 3670 5392 seribitur

2075 5412 2196 5464 illos
2221 5412 2288 5464 ab
2320 5411 2451 5465 urbe
2483 5410 2700 5480 fugisse,
2733 5421 2790 5465 ut
2817 5410 3120 5466 necessaria
3142 5411 3245 5466 non
3279 5411 3346 5463 sit
3367 5410 3666 5480 voxillinc.

2070 5482 2256 5551 Itaque
2285 5497 2387 5535 vox
2417 5481 2524 5535 illic
2545 5479 2803 5547 refertur,
2833 5492 2890 5537 ut
2919 5482 3049 5547 dixi,
3075 5481 3141 5536 ad
3170 5481 3426 5536 Africam.
3453 5479 3670 5551 Quant-

2072 5550 2231 5622 quam
2261 5551 2541 5606 fatendum
2573 5563 2656 5608 est
2685 5552 2928 5622 qua-dam
2959 5562 3141 5607 vetera
3164 5550 3496 5622 exemplaria
3537 5563 3673 5618 prat-

2072 5621 2215 5677 fcrre
2247 5624 2402 5694 illinc.
2439 5623 2545 5678 Sed
2584 5621 2755 5694 Iltajf)!‘
2783 5639 3049 5694 numerus
3087 5624 3249 5678 habet
3287 5623 3458 5694 aliam
3484 5621 3670 5694 lectio-

2066 5709 2216 5820 2pm.
2254 5693 2521 5822 Vidfjbua:
2541 5696 2608 5752 ad
2636 5692 2820 5752 vocem
2851 5696 3000 5751 istinc
3025 5693 3259 5752 diximus
3283 5693 3350 5749 atl
3380 5692 3663 5764 epistolam

2108 5791 2110 5796 τ
2146 5807 2159 5822 .
2191 5779 2308 5822 nae.
2381 5781 2410 5821 ο
2455 5806 2467 5820 .

2108 5779 2159 5835 τι,
2191 5779 2308 5836 pag.
2344 5779 2467 5822 4ου.
