4252 6258
597 286 703 338 ⁸727

1565 279 2003 336 ROMANURUM
2047 276 2458 333 l’ON'l‘lFlCUM
2500 273 2882 332 EPISTOLJE.

3792 267 3894 326 7‘28

596 409 742 461 trem,
790 407 834 450 et
883 407 1026 451 erant
1081 397 1181 449 duo
1229 398 1282 450 in
1333 412 1535 449 carnem
1583 411 1773 459 unam;
1827 402 2198 448 sacramentum
2225 395 2276 452 Α
2301 400 2404 458 est,
2437 391 2667 461 procella
2690 389 2974 445 etturbine
2997 390 3304 455 recedente,
3335 405 3399 445 ex
3429 399 3579 460 parte
3606 389 3716 444 illic
3741 390 3897 460 quies

597 491 736 544 istud
788 507 1032 560 magnum
1085 503 1154 543 est
1212 500 1257 554 ",
1289 506 1380 559 ego
1408 501 1578 541 autem
1615 489 1750 553 dico,
1783 489 1834 540 in
1871 487 2127 541 Christum
2153 495 2200 539 et

595 586 651 638 in
703 584 983 638 Ecclesiam
1021 583 1044 619 ¹¹
1081 582 1303 652 (Ep/tes.
1335 599 1384 645 v,
1429 581 1521 652 5i)
1557 599 1570 644 ;
1626 597 1745 634 cum
1805 580 1922 643 hoc,
1963 579 2198 648 inquam,

596 676 787 730 beatus
845 675 1134 744 Apostolus
1183 674 1326 727 dicat
1375 682 1430 728 ct
1480 674 1678 727 Christi
1731 673 1925 741 pariter
1973 682 1993 707 ο
2041 680 2200 736 atque

599 769 854 824 Ecclesiae
904 771 1159 824 unitatem
1221 767 1505 822 individuis
1571 766 1796 821 nexibus
1842 764 2199 819 coliterentem

594 871 784 915 sancta
816 877 911 914 sua
944 877 1073 915 voce
1106 870 1360 925 testetur;
1404 860 1675 929 quomodo
1727 866 1901 927 potest
1937 872 2056 911 esse
2079 871 2200 910 cum

594 954 835 1020 Christo,
871 956 957 1024 qui
989 971 1110 1009 eum
1137 969 1333 1024 sponsa
1360 951 1555 1008 Christi
1603 962 1761 1021 atque
1791 951 1840 1004 in
1873 949 1988 1018 ejus
2021 949 2204 1004 Eccle-

595 1048 674 1101 sia
709 1064 813 1100 non
859 1048 980 1101 est?
1007 1059 1098 1100 aut
1125 1047 1395 1115 quomodo
1433 1045 1658 1098 assumit
1680 1044 1777 1098 sibi
1834 1043 2078 1112 regendae
2113 1052 2205 1097 aut

596 1137 959 1210 gubernanda:
989 1140 1244 1194 Ecclesia:
1272 1155 1475 1204 curam,
1505 1139 1594 1209 qui
1625 1136 1875 1207 spoliavit
1903 1146 1957 1191 et
1987 1135 2204 1190 frauda-

601 1233 675 1286 vit
701 1233 994 1288 Ecclesium
1026 1232 1259 1286 Christi?

674 1326 880 1382 "Nam
910 1327 977 1380 de
1000 1326 1206 1380 Novato
1230 1325 1361 1379 nihil
1389 1325 1509 1379 inde
1537 1324 1731 1380 adnos
1767 1325 1936 1378 fuerat
1957 1323 2203 1376 nuntian-

598 1417 747 1487 dtun,
781 1433 900 1472 cum
933 1421 1100 1488 magis
1130 1434 1222 1486 per
1253 1432 1352 1472 nos
1373 1418 1524 1472 Vobis
1543 1417 1731 1472 debeat
1761 1415 1995 1470 Novatus
2023 1424 2204 1470 osten-

598 1509 686 1569 di;
720 1525 899 1564 rerum
935 1525 1191 1564 novarum
1230 1525 1444 1580 semper
1491 1493 1736 1581 cupidus,
1772 1509 2007 1564 avaritia:
2048 1509 2200 1563 inex-

600 1603 782 1672 plebili
810 1599 835 1638 ἀ
866 1606 1156 1673 rapacitate
1187 1604 1523 1669 furibundus,
1551 1604 1855 1674 arrogantia
1883 1613 1937 1658 et
1979 1612 2198 1673 stupore

2304 485 2439 538 facta
2458 493 2560 547 est,
2593 494 2646 538 et
2665 483 2882 553 gloriosi
2907 499 2971 538 ac
3003 483 3127 536 boni
3165 485 3522 549 confessores,
3549 483 3640 553 qui
3666 494 3688 529 ε
3708 483 3774 538 de
3803 483 3902 539 Ec-

2303 578 2488 642 clesia,
2523 576 2614 631 illo
2644 576 2918 640 incitante,
2967 574 3346 641 discesserant,
3393 584 3577 646 postea
3621 591 3778 646 quam
3833 576 3900 632 ab

2304 672 2445 728 Urbe
2470 672 2556 726 ille
2575 671 2841 736 discessit,
2865 670 2932 725 ad
2963 671 3254 726 Ecclesiatn
3272 679 3632 726 reverterunt.
3651 669 3797 725 Idem
3819 678 3902 724 est

2303 763 2556 826 Novatus,
2576 765 2665 834 qui
2696 763 2835 831 apud
2865 778 2961 816 nos
2989 764 3217 832 primum
3239 763 3534 830 :discordize
3555 772 3610 817 et
3643 761 3903 816 schisma-

2307 859 2374 912 tis
2407 857 2708 912 incendium
2732 857 3034 920 seminavit,
3067 857 3157 926 qui
3186 856 3445 926 quosdam
3485 857 3602 909 lSlic
3626 871 3692 909 ex
3729 854 3902 909 fratri-

2305 952 2403 1007 bus
2431 951 2496 1005 ab
2519 951 2772 1020 episcopo
2803 949 3124 1020 segregavit,
3153 951 3242 1019 qui
3290 951 3340 1003 in
3391 950 3502 1019 ipsa
3531 949 3902 1017 persecutione

2305 1042 2372 1096 ad
2386 1039 2745 1097 evertendasll
2769 1041 2988 1095 fratrum
3018 1049 3226 1095 mentes
3249 1041 3348 1094 alia
3381 1040 3626 1109 quaedam
3656 1054 3905 1109 persecu-

2309 1137 2381 1191 tio
2413 1137 2609 1191 nostris
2658 1135 2772 1188 fttit.
2798 1134 2915 1204 Ipse
2942 1143 3042 1199 est,
3078 1133 3166 1202 qui
3197 1132 3588 1188 Felicissimum
3617 1131 3902 1187 satellitem

2307 1245 2460 1286 sumn
2506 1231 2811 1293 diaconum,
2860 1241 2959 1282 nec
3005 1227 3346 1296 permittente
3383 1241 3489 1290 me,
3535 1240 3634 1280 nec
3676 1226 3896 1291 sciente,

2306 1340 2400 1380 sua
2452 1324 2685 1378 factione
2726 1333 2780 1376 et
2833 1322 3126 1375 ambitione
3175 1319 3491 1383 constituit;
3538 1329 3591 1373 et
3635 1335 3754 1372 cum
3807 1331 3902 1372 sua

2306 1424 2620 1486 tempestate
2639 1413 2865 1467 Romam
2888 1427 3101 1482 quoque
3135 1409 3201 1464 ad
3229 1410 3573 1466 evertendam
3609 1409 3899 1466 Ecclesiam

2305 1508 2584 1576 navigans,
2618 1505 2814 1559 similia
2872 1504 2979 1559 illic
3023 1512 3079 1559 et
3108 1503 3255 1572 paria
3285 1503 3504 1556 molitus
3544 1511 3651 1567 est,
3683 1517 3712 1555 a
3760 1503 3902 1557 clero

2304 1601 2606 1670 portionem
2640 1596 2812 1665 plebis
2833 1596 3093 1662 avellens,
3131 1595 3478 1650 fraternitatis
3511 1596 3648 1650 bene
3676 1596 3774 1651 sibi
3814 1611 3903 1652 co-

601 1696 817 1765 superbi
852 1697 1074 1751 tumoris
1092 1697 1306 1751 inflatus
1325 1707 1370 1760 ο,
1393 1712 1606 1765 semper
1633 1697 1752 1750 istic
1766 1695 2032 1765 episcopis
2056 1695 2196 1750 male
2225 1708 2273 1766 Β
2303 1692 2559 1748 luerentis
2579 1701 2633 1746 et
2651 1704 2710 1745 se
2735 1689 2965 1744 invicem
2981 1688 3255 1758 diligentis
3271 1688 3615 1744 concordiam
3636 1687 3900 1742 scindens.

599 1790 864 1858 cognitus,
893 1791 1045 1858 quasi
1076 1789 1362 1844 hrcreticus
1388 1805 1601 1859 semper
1627 1798 1682 1843 et
1709 1788 1942 1858 perfidus
1964 1789 2202 1843 omnium

601 1882 938 1936 sacerdotum
982 1897 1112 1936 voce
1181 1881 1498 1944 damnatus‘,
1573 1881 1818 1936 curiosus
1887 1897 2101 1951 semper
2147 1891 2205 1935 ut

585 1972 816 2050 prodat,
855 1973 919 2027 ad
961 1973 1060 2026 hoc
1090 1973 1337 2027 adulatur
1387 1982 1444 2027 ιιι
1485 1973 1648 2037 fallat,
1710 1988 1999 2043 numquam
2035 1972 2204 2027 fidelis

603 2075 664 2119 ιιι
688 2065 891 2136 diligat,
928 2065 1009 2119 fax
1035 2066 1242 2135 etiguis
1278 2065 1294 2101 τ
1328 2065 1393 2118 ad
1415 2064 1692 2120 coitflanda
1719 2065 1998 2120 seditionis
2025 2065 2205 2120 incen-

602 2159 712 2223 dia,
746 2161 901 2215 turbo
930 2171 980 2215 et
1011 2169 1300 2229 tempestas
1328 2159 1394 2211 atl
1447 2159 1566 2213 fidei
1615 2159 1854 2214 facienda
1881 2157 2200 2228 '_naufragia,

604 2252 776 2305 hostis
837 2252 1053 2320 quietis,
1093 2251 1490 2320 tranquillitatis
1519 2251 1877 2317 adversarius,
1923 2251 2068 2319 pacis
2109 2249 2208 2303 ini-

604 2345 795 2399 micus.
829 2346 1096 2415 Denique,
1128 2345 1335 2400 Novato
1385 2345 1531 2401 illinc
1563 2361 1591 2398 a
1625 2345 1774 2400 vobis
1805 2345 2113 2409 recedente,
2160 2344 2214 2400 id

2308 1787 2472 1844 Plane
2501 1784 2754 1856 quoniam
2786 1798 2882 1852 pro
2908 1781 3273 1852 magnitudine
3302 1798 3396 1836 sua
3444 1781 3638 1836 debeat
3684 1779 3905 1836 Cartha-

2307 1881 2484 1952 ginem
2537 1877 2706 1931 Roma
2759 1875 3086 1944 praecedere,
3143 1874 3256 1928 illic
3303 1874 3505 1943 majora
3558 1883 3612 1928 et
3665 1873 3901 1943 graviora

2310 1971 2596 2028 commisit.
2630 1969 2730 2035 Qui
2760 1967 2880 2022 istic
2903 1967 3164 2022 adversus
3193 1966 3488 2021 Ecclesiam
3511 1966 3792 2019 diaconum
3830 1964 3908 2020 fe-

2307 2074 2477 2130 cerat,
2513 2063 2622 2116 illic
2665 2061 2982 2130 episcopum
3036 2060 3180 2115 fecit.
3218 2059 3325 2114 Nec
3370 2058 3472 2112 hoc
3507 2058 3784 2128 quisquam
3810 2057 3910 2111 mi-

2311 2166 2458 2212 retur
2485 2158 2536 2210 in
2561 2155 2775 2210 talibus.
2805 2155 3099 2209 Feausrun
3126 2169 3332 2209 εειιιιειι
3380 2153 3505 2208 mali
3534 2168 3629 2207 suo
3673 2151 3852 2206 furore
3888 2152 3902 2188 ί

2316 2250 2612 2314 dementes,
2660 2256 2715 2302 et
2742 2259 3086 2318 posteaquam
3115 2249 3321 2302 scelera
3351 2246 3592 2310 fecerint,
3623 2245 3911 2302 conscien-

2319 2345 2385 2398 tia
2413 2344 2526 2414 ipsa
2553 2342 2827 2397 scelerata:
2856 2342 3051 2396 mentis
3069 2342 3356 2413 agitantur.
3399 2339 3508 2397 Nec
3549 2355 3828 2396 remanere
3857 2345 3914 2394 ιιι

1823 2459 2207 2515 LECTIONES
2245 2457 2662 2514 VARIANTES.

673 2577 698 2603 ει
733 2573 1103 2624 Sacramenttun
1137 2576 1247 2633 hoc,
1283 2575 1402 2624 Boil.
1425 2575 1477 2622 5.

668 2635 700 2673 3’
739 2637 858 2686 Dico
884 2640 931 2686 in
967 2639 1159 2687 Christo
1195 2647 1242 2686 et
1265 2640 1314 2685 in
1335 2636 1626 2693 Ecclesium,
1673 2637 1802 2685 Lam.
1847 2636 1971 2685 Bod.
2002 2637 2044 2685 1.

669 2703 690 2728 θ
730 2700 791 2749 Et
816 2700 1061 2750 Christum
1083 2702 1285 2761 pariter,
1321 2701 1466 2748 Ebor.
1500 2700 1606 2749 ΝΟ.
1641 2698 1820 2761 ιλιὺι.

672 2762 698 2799 «ι
739 2759 1092 2823 lueXpIebilis,
1115 2763 1248 2811 Lam.
1287 2761 1428 2812 Ebor.
1461 2761 1584 2812 Red.
1614 2761 1658 2818 l,
1684 2759 1731 2819 2,
1754 2761 1800 2809 5.
1831 2762 1937 2809 ΧΓ.
1976 2761 2019 2820 1,
2039 2760 2084 2807 ‘2.

672 2829 696 2855 θ
733 2827 1006 2888 Superbus,
1039 2833 1249 2885 tumore,
1278 2827 1488 2883 inflatus,
1517 2823 1640 2874 Berl.
1666 2825 1713 2870 5.

2390 2571 2406 2606 ι’
2449 2571 2537 2620 l‘iv
2562 2574 2613 2619 et
2639 2573 2784 2632 ignis,
2813 2573 2953 2619 Pent.
2985 2572 3118 2632 I.am.
3147 2570 3291 2620 Ebur.
3322 2571 3427 2620 ΝΟ.
3457 2571 3498 2631 t,
3528 2569 3654 2620 Berl.
3679 2569 3727 2617 2.

2386 2637 2410 2672 8
2448 2633 2539 2690 Qui
2567 2631 2815 2686 liic.’Rod.
2843 2632 2889 2691 :2,
2911 2635 2956 2682 5.
2985 2631 3126 2682 Ebur.
3154 2632 3260 2682 Lin.
3291 2635 3394 2683 NC.
3422 2635 3466 2682 l.

2318 2757 2358 2806 Β
2382 2695 2503 2805 hihi
2526 2697 2694 2745 eodeni
2717 2693 2882 2745 cortice
2913 2695 2972 2744 ad
2997 2695 3277 2755 vertendus,
3305 2702 3349 2744 et
3376 2693 3507 2760 infra
3530 2695 3590 2744 ad
3631 2692 3918 2745 vertendam

2339 2772 2416 2806 tce
2437 2771 2606 2806 eStam.

2360 2772 2606 2807 cetesmm.

2387 2821 2398 2858 i
2435 2820 2626 2869 Fraude
2651 2829 2701 2869 et
2725 2819 2888 2869 furore
2911 2854 2925 2880 ,
2953 2817 3076 2868 Bod.
3095 2820 3143 2869 5.

1936 2931 2297 2988 VARIORUM
2336 2929 2567 2986 NOTAE.

684 3053 749 3106 Et
794 3053 1073 3107 adhwrebit
1105 3055 1252 3106 uxori
1279 3069 1406 3107 sua'.
1432 3054 1544 3109 Hoc
1566 3061 1902 3124 segmentum
1929 3066 2027 3124 nos
2055 3051 2210 3124 addi:

606 3124 803 3183 tlimus;
831 3140 934 3178 non
959 3126 1131 3177 solum
1163 3126 1283 3191 quia
1315 3124 1541 3180 habetur
1583 3122 1648 3178 ini
1684 3123 1920 3192 Epistula
1953 3123 2103 3176 Pauli
2143 3122 2211 3176 ad

609 3195 896 3264 Ephesios,
927 3212 993 3250 cx
1022 3212 1120 3262 qtta
1163 3207 1407 3262 sumptus
1434 3203 1518 3249 est
1555 3195 1643 3248 hic
1685 3197 1854 3255 locus,
1889 3193 1982 3247 sed
2017 3196 2066 3246 in
2108 3195 2214 3260 pri-

611 3267 711 3319 Illis
739 3268 860 3334 quia
889 3267 956 3319 ita
998 3266 1253 3331 scriptum
1287 3266 1390 3318 vidi
1426 3268 1475 3318 in
1531 3275 1760 3333 quatuor
1801 3265 2033 3329 antiquis
2063 3265 2215 3317 codi-

609 3337 762 3389 cibus
793 3346 844 3389 et
877 3338 924 3388 iu
955 3337 1088 3390 libro
1118 3335 1282 3390 Flori.
1317 3337 1516 3390 Desunt
1540 3345 1719 3389 tamen
1764 3336 1816 3388 in
1864 3336 2033 3388 tribus
2078 3336 2217 3389 auti-

607 3407 728 3476 qnis
757 3405 1050 3461 codicibus.

681 3477 1102 3545 (Ihristipariter.
1127 3477 1353 3544 Quidam
1382 3476 1594 3532 codices
1623 3477 1911 3545 praeferunt
1935 3477 2209 3531 Christum.

2317 3049 2546 3106 Felices.
2581 3049 2712 3105 Vide
2733 3049 3176 3113 Salviauum,lib.
3208 3065 3296 3114 vn,
3321 3063 3439 3118 cap.
3473 3048 3560 3104 16.

2393 3121 2705 3188 Episcopum
2730 3123 2866 3190 fecit.
2887 3121 3001 3175 Non
3025 3121 3167 3189 quod
3196 3120 3479 3174 ordinandi
3509 3129 3922 3190 poteslalepra}.

2319 3193 2462 3246 ditus
2491 3203 2654 3259 esset,
2681 3193 2776 3248 sed
2804 3193 2944 3261 qttod
2991 3206 3087 3261 per
3120 3208 3308 3260 pravas
3356 3193 3665 3246 molitioues
3711 3191 3915 3259 effecit,

2321 3274 2376 3317 ιιι
2405 3263 2731 3318 Novatianus
2774 3265 3133 3317 ordinaretur.
3162 3261 3212 3317 ls
3256 3264 3476 3332 quippe,
3509 3273 3565 3317 ιιι
3595 3279 3658 3317 cx
3691 3263 3917 3332 epistola

2323 3351 2395 3396 Ix,
2417 3351 2471 3388 ιι.
2495 3335 2554 3395 2,
2588 3335 2866 3397 disciutus,
2893 3351 2920 3388 a
2945 3336 3112 3388 tribus
3141 3335 3407 3401 episcopis
3433 3334 3696 3402 imperitis
3719 3344 3803 3387 est
3831 3350 3921 3388 or-

2323 3405 2557 3459 dinatus.
2580 3405 2859 3460 Falluntur
2880 3406 3038 3476 igitur
3055 3405 3405 3474 gravitquui
3429 3403 3688 3476 Novatum
3707 3407 3920 3473 cpisco-

2326 3491 2450 3546 pum
2480 3478 2752 3530 exstitisse
2781 3475 3034 3532 hinc’sibi
3069 3477 3412 3541 persuadent.
3444 3475 3551 3529 Nec
3567 3476 3799 3543 suspicio
3818 3491 3920 3529 no-

683 3548 748 3622 ll_.
788 3548 1339 3622 [lastisqttietis._lsta
1397 3564 1518 3622 non
1560 3547 1836 3622 habentur
1880 3550 1930 3602 in
1986 3559 2216 3622 quatuor
2245 3561 2290 3622 ρ
2326 3547 2408 3600 bis
2435 3547 2606 3607 deest,
2651 3547 2715 3600 ad
2769 3546 3302 3622 horumceCypriani
3336 3546 3614 3622 verborum
3666 3547 3924 3622 inuitatio—

609 3619 767 3673 libris
798 3620 1073 3673 veteribus
1119 3629 1174 3674 et
1219 3619 1269 3670 in
1319 3619 1551 3688 antiquis
1597 3619 1945 3674 editionibus.
1989 3619 2220 3674 Exstant

615 3701 798 3744 tamen
835 3691 885 3742 in
919 3689 1103 3744 decem
1134 3689 1411 3743 codicibus
1441 3691 1698 3758 antiquis.

688 3760 1063 3815 Persecutione.
1099 3763 1193 3814 llic
1241 3771 1456 3814 notatur
1507 3760 1743 3814 Novatus
1790 3771 1845 3815 ut
1893 3761 1997 3815 dux
2028 3770 2080 3813 et
2118 3777 2217 3816 an-

611 3831 925 3902 tesignanus
973 3833 1216 3887 facti0nis
1261 3833 1378 3895 ejus
1409 3873 1425 3896 ,
1469 3848 1628 3901 quam
1683 3831 1940 3886 adversus
1993 3831 2219 3903 Cypria-

611 3919 739 3956 nutn
768 3903 1107 3974 concitarunt
1129 3904 1431 3974 presbyteri
1464 3903 1726 3965 nonnulli,
1755 3903 1824 3957 de
1852 3903 2044 3974 quibus
2074 3903 2213 3958 idem

610 3973 1096 4041 prmsulEpista,
1151 3989 1242 4027 seu
1286 3973 1395 4036 xw,
1457 3975 1526 4026 ita
1581 3973 1852 4043 loquitur;
1915 3973 2042 4028 Cant
2090 3991 2218 4039 quo-

613 4045 855 4098 rumdam
885 4045 1220 4098 immoderata
1241 4055 1285 4098 et
1327 4046 1541 4113 abrupta
1569 4047 1900 4116 prtesumptio
1941 4046 2218 4099 temeritate

606 4132 706 4169 sua
757 4126 802 4168 et
829 4117 1068 4170 honorem
1096 4126 1398 4186 martyrum.
1426 4125 1470 4169 et
1495 4118 1844 4185 confessorum
1874 4116 2136 4184 pudorem,
2169 4126 2216 4169 et

610 4186 772 4256 plebis
798 4188 1046 4240 universa:
1077 4187 1497 4256 tranquillitatem
1541 4187 1744 4240 turbare
1790 4199 2022 4245 conetur,
2053 4198 2217 4240 tacere

609 4257 749 4327 ultra
799 4273 902 4310 non
957 4268 1221 4327 oportet...
1268 4257 1473 4326 quando
1501 4259 1660 4326 aliqui
1687 4258 1748 4310 tle
1776 4256 2098 4327 presbyteris,
2124 4275 2216 4310 nec

608 4326 879 4394 Evangelii
911 4326 999 4382 nec
1028 4331 1122 4382 loci
1154 4329 1231 4381 sui
1257 4344 1566 4382 memores...
1603 4344 1717 4381 cum
1743 4328 2045 4380 contumelia
2075 4344 2214 4393 pra:-

612 4399 767 4469 poaiti
794 4408 951 4451 totum
975 4400 1066 4451 sibi
1095 4398 1586 4465 vindicent.Nempe
1610 4399 1684 4450 illi
1710 4399 1959 4469 Cypriani
1991 4398 2210 4451 ordina-

613 4468 748 4521 ti0ni
799 4469 1198 4522 intercedenles
1253 4478 1306 4522 et
1360 4469 1575 4538 invidi:e
1632 4468 1814 4522 beatos
1871 4469 2214 4538 exponebant

615 4548 910 4609 martyres,
942 4549 996 4592 et
1022 4540 1268 4608 gloriosos
1306 4555 1471 4591 servos
1517 4537 1613 4592 Dei
1641 4556 1756 4591 cum
1799 4537 2079 4600 sacerdote,
2110 4539 2212 4594 hoc

612 4619 695 4662 est
714 4624 832 4661 eum
857 4610 1104 4676 ipsumet,
1124 4610 1600 4670 committebant,ac
1625 4609 1832 4677 plebem
1861 4612 2076 4663 turbare
2104 4625 2209 4664 non

613 4680 967 4750 desistebant.
1006 4680 1356 4747 Presbyteros
1388 4680 1507 4732 illos
1529 4680 1827 4750 Cyprianus
1841 4680 2012 4746 Epist.
2039 4696 2089 4734 vt
2113 4695 2210 4735 seu

611 4765 702 4802 xw
735 4749 973 4803 indicare
1002 4751 1212 4804 videtur
1239 4751 1322 4803 his
1361 4752 1538 4805 verbis
1569 4749 1583 4802 ἑ
1623 4751 1702 4802 Ad
1731 4753 1784 4802 id
1829 4751 1961 4817 quod
1989 4752 2208 4820 scripse-

611 4829 731 4892 runt
762 4821 884 4872 mihi
915 4823 1302 4892 compresbyteri
1329 4823 1489 4875 nostri
1535 4821 1762 4874 Donatus
1793 4832 1838 4874 et
1873 4820 2201 4887 Fortunatus,

615 4890 848 4944 Novatus
875 4901 920 4944 et
950 4890 1190 4956 Gordius,
1221 4893 1362 4946 solus
1407 4893 1674 4946 rescribere
1726 4893 1853 4945 nihil
1903 4893 2062 4958 potui.
2100 4892 2208 4947 llos

613 4963 758 5015 enim
788 4978 814 5013 a
846 4964 1171 5034 presbyteris
1201 4979 1262 5017 ac
1284 4963 1524 5017 iliacouis
1554 4964 1684 5024 suis,
1711 4963 1774 5016 ad
1798 4978 1931 5028 quos
1959 4963 2056 5016 ista
2088 4962 2201 5018 elo-

611 5034 810 5102 quitur,
847 5034 992 5088 velut
1019 5038 1120 5100 iam
1144 5044 1420 5103 separatos
1449 5034 1744 5102 distinguit.
1780 5035 2086 5088 COUSTANT.

687 5104 924 5157 Romam.
951 5105 1198 5172 Plerique
1223 5105 1438 5160 codices
1457 5105 1655 5159 habent
1677 5104 1874 5160 Romae.
1901 5106 2071 5172 Quam
2097 5104 2206 5160 lec-

609 5174 830 5246 tionem
864 5190 962 5244 ego
1011 5186 1138 5246 puto
1181 5191 1302 5231 esse
1349 5178 1562 5231 bonam.
1610 5175 1746 5230 Nihil
1775 5187 1951 5232 tamen
2000 5186 2208 5232 mutare

613 5245 778 5298 νυΙιιί.
811 5244 1025 5301 Sufficit
1054 5248 1184 5301 mihi
1227 5249 1296 5300 ita
1329 5246 1621 5302 monuisse.

685 5315 1045 5390 Carthaginem
1092 5319 1280 5373 Roma.
1309 5317 1579 5390 Carthago
1618 5321 1806 5373 :emula
1839 5318 2024 5374 Romze
2067 5319 2207 5390 apud

613 5385 1590 5453 Plinium.Velit-ium,PaterculumIet
1611 5391 2007 5456 Florum,dives
2023 5385 2206 5458 Opimi,

613 5465 672 5509 ut
699 5458 1072 5530 :iit_\_lirgilius.
1094 5460 1449 5524 Herodianus,
1475 5461 1566 5515 lib.
1594 5477 1684 5527 vn,
1707 5463 1780 5515 ait
1810 5463 1952 5516 illam
1980 5462 2204 5530 opibus,

610 5528 794 5614 populi
815 5528 1148 5614 ftLequentia.’
1166 5533 1244 5612 vel
1270 5533 1632 5614 magnitudine
1651 5541 1852 5614 tantum
1877 5528 2061 5614 Roma:
2078 5548 2208 5614 eon—

608 5598 1239 5673 eedere.'l‘t':tnsntarittis
1276 5598 1448 5656 vicina
1481 5604 1785 5673 regionibus
1811 5604 1951 5672 apud
1985 5607 2048 5657 A.
2079 5604 2208 5659 Gel-

611 5667 741 5744 lium
766 5711 780 5732 ,
811 5670 901 5744 lib.
934 5687 990 5744 κ,
1032 5687 1152 5741 cap.
1177 5672 1268 5744 Ἦ,
1293 5684 1346 5726 et
1375 5673 1518 5744 apud
1537 5667 1896 5744 V'Augustinuin
1951 5675 2002 5728 in
2033 5677 2208 5744 capite

609 5740 768 5791 tertio
823 5740 1015 5808 prioris
1065 5740 1305 5810 cpistola:
1366 5740 1431 5797 at]
1483 5740 1800 5811 Eleusium,
1855 5740 2114 5800 Glorium'
2153 5755 2207 5801 et

2327 3633 2448 3672 nem
2482 3633 2735 3685 expressa
2764 3634 2884 3672 esse
2911 3621 3008 3670 ista
3039 3615 3358 3670 Buclteriani
3381 3616 3602 3686 catalogi
3631 3635 3642 3667 :
3666 3615 3776 3671 Sub
3806 3619 3920 3686 epi-

2323 3699 2534 3755 sc0patu
2579 3693 2691 3760 eius
2741 3687 3069 3760 (Cornelii)
3131 3687 3363 3742 Novatus
3433 3687 3918 3760 extradEccles'am

2323 3761 2578 3813 ordinavit
2612 3759 2960 3812 Novatianum
3002 3757 3058 3812 in
3102 3761 3224 3814 urbe
3258 3760 3463 3814 Roma:
3494 3771 3538 3812 et
3568 3757 3917 3813 Nicostratum

2322 3831 2376 3884 in
2405 3830 2601 3898 Africa,
2630 3830 2870 3900 adeoque
2901 3829 3247 3884 Nicostratum
3294 3830 3608 3884 Felicissimi
3641 3831 3758 3883 loco
3781 3830 3917 3885 hunc

2320 3901 2374 3954 in
2405 3901 2702 3971 catalogum
2739 3903 3037 3967 irrepsisse.
3068 3902 3219 3967 Quod
3266 3903 3308 3955 si
3354 3902 3422 3955 ita
3469 3912 3571 3965 est,
3605 3902 3805 3955 nullum
3837 3912 3918 3956 est

2325 3971 2726 4026 fundamentum
2753 3987 2961 4034 eorum,
2986 3976 3072 4042 qui
3106 3973 3462 4026 Nicostratum
3498 3973 3547 4024 iit
3581 3972 3756 4026 Africa
3797 3973 3917 4042 epi-

2321 4057 2542 4110 scopum
2566 4043 2868 4097 ordinatttm
2896 4041 3014 4096 esse
3036 4045 3380 4097 arbitrantur.
3402 4041 3916 4096 COUSTANL—Dta-

2319 4130 2501 4166 conum
2525 4118 2730 4183 fecerat.
2765 4113 2897 4167 Hinc
2924 4115 3140 4183 collegit
3168 4115 3427 4169 Baronitts
3457 4113 3722 4167 Novatum
3754 4114 3915 4168 fuisse

2319 4185 2634 4251 episcopum
2677 4185 2726 4236 in
2762 4184 2956 4238 Africa.
2988 4186 3158 4253 Quam
3189 4187 3495 4253 opinionem
3526 4185 3806 4252 amplexus
3835 4195 3918 4239 est

2321 4253 2572 4324 Petavius
2601 4255 2667 4308 ad
2697 4257 3074 4324 Epiphaniam.
3102 4259 3163 4309 Et
3189 4266 3362 4310 tamen
3407 4257 3492 4309 illa
3519 4271 3642 4308 vera
3677 4272 3780 4308 non
3812 4267 3913 4309 est.

2323 4323 2511 4398 Ettisse
2541 4323 3092 4398 enitnﬂpresbyterum
3125 4338 3326 4380 tantum
3360 4327 3525 4396 liquet
3550 4341 3615 4380 ex
3649 4327 3914 4398 Chronico

2321 4395 2560 4466 Eusebii,
2593 4412 2655 4450 ex
2698 4396 2833 4450 libro
2865 4395 3170 4466 Hieronymi
3199 4398 3265 4451 de
3317 4395 3459 4451 Viris
3505 4397 3821 4462 illustribus,
3849 4413 3912 4451 ex

2319 4467 2453 4519 libro
2471 4465 2759 4521 Gestorum
2781 4465 3185 4536 pontificalittm,
3214 4479 3349 4523 etex
3373 4468 3593 4536 epistola
3620 4483 3675 4521 ιιι
3702 4467 3914 4522 Paciani

2316 4537 2398 4610 ad
2423 4537 2934 4610 Sympltronianum.
2985 4539 3154 4592 [mmo
3184 4556 3248 4593 ex
3291 4539 3387 4592 ista
3421 4539 3912 4610 quoqueCypriani

2316 4608 2539 4680 epistola
2571 4609 2839 4674 colligitur
2875 4609 3022 4663 illutn
3074 4611 3236 4665 fuisse
3267 4621 3470 4663 tantum
3519 4608 3910 4680 presbyterum.

2318 4676 2639 4751 Euitautem
2667 4681 2949 4751 presbyter
2971 4681 3224 4735 Ecclesize
3247 4681 3529 4734 Africante.
3553 4676 3705 4745 Quod
3736 4689 3912 4736 autem

2315 4749 2389 4802 ait
2417 4749 2720 4820 Cyprianus
2743 4749 2890 4803 illum
2919 4767 3012 4803 sua
3043 4752 3267 4806 factione
3318 4762 3370 4804 et
3412 4752 3705 4805 ambitione
3730 4751 3915 4804 diaco-

2316 4835 2441 4873 num
2467 4819 2667 4875 i'ecisse
2710 4819 3119 4886 Felicissintttm,
3152 4823 3288 4877 istud
3322 4838 3426 4876 non
3457 4832 3535 4875 est
3583 4823 3652 4875 ita
3709 4821 3913 4876 intelli-

2313 4891 2547 4958 gendum
2580 4902 2636 4945 ut
2685 4893 2964 4946 ordinatus
3007 4894 3264 4948 diaconus
3292 4903 3577 4947 censeatur
3610 4907 3640 4946 a
3684 4891 3911 4957 Novato,

2315 4962 2409 5032 sed
2459 4962 2580 5028 quia
2629 4964 2856 5018 factione
2911 4964 3253 5032 perditissimi
3320 4964 3551 5018 hominis
3591 4965 3913 5017 constitutus

2317 5030 2418 5086 fuit
2458 5033 2509 5086 in
2543 5034 2706 5102 gradu
2742 5030 2994 5097 diaconii,
3025 5037 3097 5088 ιιιὶ
3124 5034 3230 5104 jam
3263 5035 3500 5089 diximus
3524 5035 3588 5089 ad
3629 5035 3910 5104 epistolam

2311 5118 2422 5176 itu,
2451 5118 2576 5176 pag.
2609 5105 3159 5176 450.——Hippolytum
3211 5115 3500 5176 martyrem
3559 5107 3772 5160 invenio
3807 5106 3908 5158 ad-

2305 5175 2552 5246 junitisse
2581 5190 2638 5228 se
2664 5176 2891 5242 Novato,
2933 5175 3027 5230 sed
3061 5186 3242 5246 postea
3271 5175 3362 5229 ab’
3393 5177 3582 5231 eodem
3630 5177 3910 5232 transiisse

2312 5244 2379 5300 ad
2410 5245 2729 5302 Ecclesium.
2759 5247 2846 5302 Sic
2871 5249 3012 5301 enim
3043 5244 3110 5301 de
3130 5262 3195 5302 eo
3217 5249 3402 5302 scribit
3431 5248 3753 5302 Prudentius
3785 5267 3798 5302 :

2441 5336 2644 5399 Invenio
2669 5335 2999 5399 Hippolytum,
3028 5339 3110 5399 qui
3134 5336 3376 5399 quondam
3410 5338 3619 5387 schisma
3644 5335 3816 5386 Novati

2503 5398 2768 5464 Presbyter
2793 5398 3235 5459 attigeranuostra
3257 5401 3517 5464 sequendo
3544 5411 3752 5464 negans,

2442 5459 2611 5524 lisque
2636 5459 2694 5509 ad
2717 5463 2930 5523 martyrii
2959 5468 3243 5524 provectum
3273 5459 3464 5524 itﬁigne
3487 5459 3659 5512 tulisse

2509 5477 2611 5522 .que
2636 5477 2694 5509 au
2717 5477 2930 5523 Illarlyl‘ll
2959 5477 3243 5524 provecutm
3273 5477 3302 5509 ll
3335 5477 3460 5524 ‘lglitl

2509 5523 2691 5572 Lucida
2714 5525 2973 5585 sanguinei
3000 5526 3198 5586 prtemia
3218 5477 3460 5586 snpglicii.

2311 5605 2389 5662 De
2419 5607 2703 5677 llippolyto
2749 5607 2870 5661 vide
2903 5607 3189 5662 Barouium
3219 5607 3284 5660 ad
3313 5607 3454 5662 diem
3501 5607 3569 5663 50
3593 5607 3824 5678 januarii
3853 5618 3910 5665 et

2309 5679 2362 5732 in
2388 5677 2682 5732 Annalibus
2707 5678 3106 5734 ecclesiasticis.

2381 5747 2701 5804 Conscientia
2726 5751 2857 5818 ipsa.
2874 5749 3097 5816 Seneca,
3122 5750 3292 5820 Epist.
3318 5765 3484 5808 xcvtt.
3505 5749 3783 5822 Proprium
3806 5767 3902 5806 uo-
