4252 6258
584 330 681 385 751

1558 326 1993 383 ROMANORUM
2036 323 2454 382 PONTIFICUM
2496 325 2879 382 EPISTOLE.

3775 323 3878 382 7δὲ

582 441 724 498 latus
744 441 967 512 fugiant,
987 442 1286 497 utlethales
1311 442 1531 513 laqueos
1558 441 1897 498 sollicitantis
1920 443 2169 517 evadant,
2204 445 2254 502 A
2279 441 2420 510 quod
2452 443 2532 496 sic
2559 441 2799 497 Ecclesia
2829 441 3087 497 divinitus
3112 447 3441 512 protegatur,
3472 449 3526 496 ut
3551 438 3729 498 auitas
3761 443 3878 512 ejus

584 549 641 593 ut
671 537 737 592 de
782 553 884 606 qua
916 536 1005 592 ille
1046 537 1169 605 pelli
1218 536 1472 591 divinitus
1515 536 1729 599 meruit,
1763 535 2058 589 Eetlesiam
2089 551 2171 590 reo

583 641 790 702 petant,
808 645 942 700 quos
965 629 1448 698 quidem,‘Domino
1471 628 1778 696 adjuvante,
1816 642 1908 696 per
1931 630 2046 695 ejus
2078 627 2178 679 tui-

586 723 936 777 sericordiam
971 721 1178 790 regredi
1213 736 1371 790 posse
1417 720 1738 774 conﬁdinms
1772 735 1784 771 :
1818 734 1991 787 neque
2037 717 2180 773 enim

584 822 760 885 potem
784 815 977 884 perire,
1011 814 1111 868 nisi
1146 829 1302 880 qttem
1327 821 1535 866 constat
1562 828 1681 866 esse
1711 812 2026 880 periturum,
2057 826 2179 865 cum

587 907 846 962 Dominus
896 906 948 960 in
993 905 1286 976 Evangelia
1314 921 1413 960 suo
1439 904 1624 958 dicat:
1677 904 1855 958 Omnis
1907 903 2180 971 plantutio,

582 1015 737 1067 quam
782 1014 884 1053 non
917 998 1164 1069 plantavit
1200 997 1359 1052 Pater
1390 1015 1530 1052 meus
1567 999 1800 1060 catastis,
1843 998 2184 1050 eradicabitur

585 1091 831 1164 (Mattio,
857 1102 944 1157 xv,
978 1091 1092 1159 15).
1122 1090 1223 1156 Qui
1257 1091 1524 1158 plantatus
1567 1107 1671 1144 non
1712 1099 1794 1144 est
1816 1091 1870 1141 in
1904 1087 2184 1158 preteepzis

589 1185 684 1241 Dei
717 1187 884 1256 patris
914 1195 968 1240 et
1016 1185 1255 1250 monitis,
1291 1185 1436 1240 solus
1482 1185 1681 1255 poterit
1726 1183 1793 1238 de
1826 1184 2063 1238 Ecclesia
2097 1183 2184 1237 illa

586 1277 888 1342 discedere,
923 1276 1072 1330 solus
1111 1277 1380 1346 episcopis
1408 1275 1682 1330 derelictis
1719 1289 1842 1330 cum
1888 1273 2185 1328 schismati-

586 1371 666 1427 cis
687 1382 740 1425 et
771 1371 1039 1425 haereticis
1061 1369 1114 1424 in
1139 1370 1320 1424 furore
1351 1385 1652 1425 remanere.
1679 1368 1916 1424 Caeteros
1939 1383 2065 1422 vero
2091 1375 2186 1422 no-

586 1462 792 1516 biscum
831 1461 1089 1516 adunabit
1140 1460 1234 1514 Dei
1265 1460 1440 1516 Patris
1470 1459 1855 1522 misericordia,
1886 1468 1939 1514 et
1985 1459 2185 1515 Christi

590 1554 806 1608 Domini
836 1555 1003 1608 nostri
1037 1553 1387 1624 indulgentia,
1417 1565 1471 1608 et
1509 1562 1692 1608 nostra
1743 1554 2016 1620 patientia.
2047 1553 2186 1623 Opto

589 1654 659 1712 te,
693 1645 857 1701 frater
887 1646 1226 1713 charissima,
1250 1661 1463 1715 semper
1491 1647 1624 1700 bene
1650 1644 1852 1701 valere.

1094 1841 1100 1848 ,
1147 1771 1479 1837 ΕΡΙΞΤΟΙΑ
1526 1761 1659 1834 vni.

710 1989 769 2023 LI.
789 1975 946 2026 Paris.
976 1989 1101 2024 XLVI.
1129 1971 1379 2026 Coustaut.
1407 1990 1441 2035 ι,
1462 1976 1571 2026 145.
1599 1975 1817 2026 Gallaud.
1845 1982 1914 2034 ιιι,
1934 1971 2069 2038 540.)

585 2115 923 2162 8.,(ΞΫΡΒῙΛΝΙ
978 2117 1433 2166 CARTBAGINENSIS
1480 2119 1712 2160 EPISCOPI
1770 2112 1835 2158 AD
1886 2117 2185 2160 CORNELIUM

1262 2213 1458 2252 PAPAH.

585 2327 664 2386 De
679 2329 1038 2403 Confessarum
1065 2331 1132 2384 ad
1161 2330 1442 2386 Ecclesium
1469 2331 1632 2386 reditu
1657 2333 1966 2403 gratulatur.
2002 2332 2182 2401 Quan-

761 2425 930 2478 tumis
955 2422 1148 2477 reditus
1180 2421 1424 2477 Ecclesia:
1450 2423 1716 2479 catholica:
1747 2425 1998 2493 conferat.

823 2572 1109 2614 CYPRIANUS
1149 2572 1410 2614 CORNELIO
1459 2575 1650 2616 FRATRI
1693 2575 1955 2615 SALUTEM.

657 2691 699 2748 Ι.
716 2691 782 2748 Et
808 2694 982 2765 egisse
1004 2709 1099 2750 nos
1121 2703 1173 2748 et
1189 2710 1368 2766 agere,
1388 2694 1552 2750 frater
1567 2693 1905 2766 cbarissime,
1925 2697 2184 2753 maximas

586 2787 786 2856 gratias
803 2786 919 2840 sine
947 2789 1248 2841 cessatione
1275 2788 1588 2855 proﬁtemur
1622 2789 1730 2842 Deo
1761 2789 1904 2844 Patri
1937 2792 2182 2860 omnipo—

587 2879 719 2936 tenti
741 2887 795 2935 et
818 2877 1031 2934 Christo
1050 2878 1166 2949 ejus
1186 2880 1411 2935 Domino
1433 2889 1484 2936 et
1509 2869 1620 2936 Deo
1647 2890 1834 2936 nostro
1853 2881 2103 2938 salvatori
2129 2893 2179 2949 ει,

2285 545 2337 589 et
2387 535 2642 589 Sanctitas
2675 551 2780 590 non
2822 534 2848 573 δ
2877 536 3097 607 jugiter,
3131 551 3231 590 nec
3271 537 3324 590 in
3355 545 3523 590 totum
3558 531 3795 606 perﬁdiae
3829 548 3880 594 et

2285 624 2553 680 bmrcticze
2604 627 2880 695 pravitatis
2928 628 3288 683 obstinatione
3330 629 3545 683 vitietur
3564 629 3881 700 c.Legimus

2285 717 2428 771 enim
2479 717 2683 772 litteras
2730 728 2937 773 vestras
2966 759 2979 783 ,
3013 729 3068 774 et
3107 719 3216 773 voti
3264 721 3565 774 communis
3612 721 3882 791 amplissi-

2287 824 2432 864 mum
2487 810 2740 880 gaudium
2813 812 3146 866 exsultantcr
3187 812 3497 882 excepimus
3529 855 3542 880 ,
3592 813 3880 870 Maximum

2289 902 2664 973 presbyterum
2711 912 2764 958 et
2796 903 3069 958 Urbanum
3109 903 3452 960 confessores
3491 920 3610 960 cum
3662 907 3882 964 Sidonio

2287 1005 2341 1050 et
2369 995 2599 1050 Macario
2643 995 2708 1050 ad
2744 997 3035 1051 Ecclesiam
3063 995 3396 1052 Catholicam
3437 1013 3713 1068 regressus
3741 1011 3880 1067 esse,

2288 1087 2341 1141 id
2358 1097 2440 1142 est
2478 1102 2662 1142 errore
2689 1089 2956 1158 deposito,
2987 1097 3042 1143 et
3062 1089 3426 1156 schismatico,
3448 1089 3613 1145 immo
3630 1091 3882 1147 ha’retico

2290 1177 2469 1232 furore
2504 1178 2736 1243 deserto,
2771 1180 2992 1234 unitatis
3031 1195 3093 1235 ac
3117 1181 3356 1235 veritatis
3382 1181 3706 1236 domicilium
3737 1183 3881 1239 fideli

2289 1270 2517 1324 sanitate
2545 1271 2808 1340 repetisse
2840 1287 2852 1336 ;
2886 1282 2941 1325 ut
2969 1272 3109 1327 unde
3139 1271 3203 1327 ad
3234 1273 3459 1342 gloriam
3485 1284 3878 1343 processerant,

2291 1363 2416 1417 illuc
2462 1363 2680 1433 gloriosi
2740 1365 3012 1431 redirent;
3069 1381 3136 1420 ne
3188 1366 3600 1436 quiChristum
3647 1367 3881 1425 confessi

2291 1441 2514 1519 essent,
2567 1455 2770 1511 Christi
2822 1457 3162 1525 postmodum
3203 1469 3376 1513 castra
3422 1459 3753 1524 desererent,
3787 1473 3882 1516 nec

2291 1554 2564 1601 tentarent
2595 1546 2872 1602 charitatis
2900 1559 3058 1618 atque
3086 1548 3305 1616 unitatis
3334 1549 3514 1615 ﬁdem,
3533 1551 3620 1618 qui
3651 1552 3775 1606 victi
3799 1566 3883 1606 ro-

2292 1636 2423 1693 bore
2454 1647 2508 1694 et
2543 1637 2738 1694 virtute
2778 1655 2882 1693 non
2917 1640 3148 1694 fuerant.
3178 1639 3322 1694 Ecce
3362 1641 3645 1696 incolumis
3685 1651 3740 1696 et
3786 1643 3883 1696 int-

2298 1729 2565 1784 maculata
2593 1728 2764 1784 laudis
2795 1730 3094 1799 integritas,
3131 1746 3256 1786 ecce
3301 1731 3607 1803 incorrupta
3636 1741 3690 1788 et
3716 1733 3882 1789 solida

2212 1839 2261 1899 Β
2288 1821 2657 1874 conﬁtentium
2686 1820 2935 1891 dignitas,
2959 1837 2988 1874 a
3015 1821 3383 1878 desertoribus
3429 1835 3482 1878 et
3510 1823 3752 1895 profugis
3796 1839 3882 1880 re-

585 1911 998 1977 (Erasm._n,12;
1028 1911 1214 1962 Pamel.
1240 1912 1422 1974 Rigalt.
1459 1912 1625 1977 Baluz.
1661 1928 1819 1977 sevo,
1856 1911 2012 1963 Oxon.
2044 1913 2186 1977 Lips.
2240 1920 2246 1930 ’

2293 1912 2542 1978 cessisse,
2570 1913 2869 1983 proditores
2897 1913 3019 1968 ﬁdei
3045 1924 3100 1969 et
3126 1913 3384 1969 Ecclesiae
3401 1913 3883 1985 Catholica-impu-

2293 2019 2543 2075 gnatores
2570 2007 2872 2076 reliquisse.
2903 2006 3092 2061 Merito
3135 2007 3254 2062 illos
3292 2016 3626 2062 revertentes
3652 2023 3880 2075 summo,

2293 2107 2350 2152 ut
2378 2098 2634 2164 scribitis,
2666 2098 2860 2168 gaudio
2900 2109 2949 2152 et
2978 2099 3154 2153 clerus
3186 2108 3240 2152 et
3266 2099 3416 2168 plebs
3443 2095 3469 2135 ἀ
3498 2109 3552 2154 et
3580 2098 3885 2154 fraternitas

2291 2190 2465 2244 omnis
2481 2189 2720 2260 excepit:
2743 2190 2992 2259 quoniam
3014 2190 3064 2244 in
3084 2189 3484 2244 confessor-ibus
3498 2190 3713 2260 gloriam
3728 2205 3882 2245 suam

2290 2281 2762 2347 conservantibus,
2791 2290 2846 2335 et
2890 2280 2954 2333 ad
2998 2281 3254 2336 unitatem
3287 2281 3695 2344 revertentibus,
3722 2296 3884 2337 nemo

2290 2391 2396 2432 non
2429 2377 2631 2430 socium
2657 2391 2714 2432 se
2737 2387 2790 2432 et
2821 2377 3134 2448 participem
3157 2393 3344 2433 eorum
3372 2379 3555 2450 gloriae
3584 2387 3884 2449 computat.

2360 2467 2424 2523 ll.
2449 2467 2617 2540 Hujus
2635 2468 2740 2523 diei
2759 2469 2994 2523 laetitiam
3019 2471 3086 2524 de
3109 2467 3304 2526 nostris
3329 2483 3613 2542 possumus
3641 2474 3886 2529 sensibus

2287 2562 2571 2617 aestimare.
2602 2561 2734 2615 Nam
2757 2577 2876 2616 cum
2901 2561 3018 2617 istic
3045 2561 3108 2616 ad
3145 2562 3352 2618 litteras
3383 2573 3610 2631 vestras,
3639 2581 3774 2636 quas
3808 2567 3878 2622 de

2289 2669 2474 2709 eorum
2503 2653 2842 2708 confessione
2861 2654 3101 2721 misistis,
3128 2655 3337 2711 laetatus
3357 2657 3426 2712 sit
3456 2658 3635 2712 omnis
3656 2660 3880 2715 fratrum

2291 2761 2566 2810 numeros,
2598 2754 2650 2799 et
2699 2755 2905 2800 summa
2936 2746 3214 2802 alacritate
3243 2746 3386 2803 hunc
3442 2750 3689 2805 nuntium
3729 2767 3879 2807 com-

2285 2839 2461 2895 munis
2487 2839 2854 2910 gratulationis
2883 2840 3185 2910 exceperit;
3215 2839 3346 2912 quid
3371 2841 3498 2909 illic,
3531 2845 3621 2899 ubi
3649 2860 3739 2902 res
3774 2846 3886 2916 ipsa

1813 2975 2200 3058 LECTIONES
2239 2997 2645 3057 VARIANTES.

651 3111 675 3176 ξ’
699 3109 804 3176 _S_-ic.
833 3113 966 3176 Lam.
997 3113 1105 3162 ΝΟ.
1134 3115 1177 3163 1.
1206 3113 1349 3164 Ebor.
1379 3113 1503 3176 Bod.
1528 3109 1578 3162 2.
1604 3111 1833 3175 Salutari,
1862 3113 1995 3176 Imp.

645 3171 675 3211 ιι
698 3173 804 3225 Non
829 3175 1148 3239 disjungatur,
1180 3176 1304 3228 Bod.
1333 3176 1376 3226 i.
1406 3175 1512 3227 Lin.

2355 3113 2377 3142 ο
2408 3107 2648 3168 Violetur,
2678 3110 2818 3159 Pent.
2848 3110 2968 3159 Ben.
3000 3109 3130 3160 Lam.
3161 3106 3307 3162 Ebor.
3334 3109 3441 3162 NG.
3473 3109 3515 3161 ι.

2355 3173 2382 3212 ιι
2407 3172 2586 3232 Plebs,
2615 3171 2914 3222 fraternitas.
2944 3172 3109 3234 Camp.

1922 3303 2284 3362 VARIORUM
2322 3301 2550 3359 NOTAE.

659 3442 840 3497 EPIST.
867 3442 1080 3498 Vlll.—-
1104 3442 1140 3498 Ι.
1174 3443 1452 3498 Saluatori.
1480 3442 1554 3495 Ita
1588 3457 1684 3496 nos
1712 3441 2068 3511 reposuimus,
2091 3459 2177 3498 se-
2202 3442 2247 3504 C
2283 3441 2517 3511 indigna.
2542 3439 2650 3496 Nec
2675 3440 2777 3495 dici
2810 3451 2983 3508 potest
3033 3443 3202 3496 bonos
3230 3441 3352 3497 illos
3379 3443 3718 3499 confessores
3747 3446 3889 3500 circa

584 3515 691 3568 cuti
721 3515 1093 3569 auctoritatem
1123 3513 1477 3583 quorumdam
1511 3524 1750 3567 veterum
1791 3514 2176 3583 exemplarium

585 3592 639 3638 et
659 3585 906 3639 editionis
936 3585 1266 3654 Anglicanas.
1290 3586 1340 3638 in
1374 3601 1475 3652 qua
1509 3583 1819 3638 adnotatum
1852 3594 1933 3638 cst
1951 3595 2182 3652 quatuor

585 3671 797 3726 quoque
825 3655 1042 3709 codices
1074 3658 1395 3726 Anglicanos
1427 3672 1546 3711 eam
1581 3657 1863 3710 lectionem
1891 3656 2174 3724 praeferre.

583 3726 723 3796 Alibi
759 3728 949 3796 legitur
973 3727 1209 3782 salutari.
1243 3727 1441 3780 BALUZ.

659 3795 779 3849 Non
810 3795 1015 3867 iugiter.
1039 3798 1150 3852 Duo
1173 3814 1300 3852 mss.
1333 3797 1540 3866 Anglic.
1570 3815 1671 3850 non
1699 3799 2043 3868 disjungrttur.
2072 3798 2181 3851 Re-

583 3867 721 3922 ctius
753 3869 841 3921 alii
894 3870 1035 3930 libri,
1076 3886 1175 3922 non
1221 3870 1436 3938 jar/iter.
1466 3869 1595 3922 Nam
1625 3867 1880 3922 unitatem
1912 3870 2086 3934 aliqua
2115 3885 2182 3922 ex

585 3950 736 4008 parte
776 3939 1099 4007 disjunctam
1136 3951 1263 3994 tunc
1289 3941 1450 3993 fuisse
1491 3956 1684 4007 negare
1713 3941 1916 4009 nequit.
1948 3939 2062 3992 Mox
2093 3941 2183 3994 alii

582 4011 817 4080 quinque
850 4025 977 4063 tnss.
1011 4011 1242 4067 violetur.
1275 4011 1395 4064 loco
1444 4012 1595 4065 verbi
1619 4012 1843 4064 vitietur.
1871 4009 2183 4068 COUSTANT.

667 4078 901 4136 Vitiatur.
944 4081 1239 4137 Fatendum
1273 4090 1354 4136 est
1393 4096 1580 4136 munus
1618 4082 1727 4136 fere
1779 4082 1945 4135 libros
1974 4091 2186 4136 veteres

583 4151 783 4206 habere
813 4152 1009 4206 videtur
1041 4154 1122 4207 vel
1155 4155 1352 4206 vitetur.
1377 4152 1558 4207 Editio
1582 4153 1827 4216 Morellii,
1859 4153 2026 4206 codex
2046 4151 2184 4207 Gra-

584 4223 1016 4291 tianopolitanus,
1054 4234 1107 4278 et
1139 4241 1274 4276 unus
1308 4240 1457 4278 meus
1515 4223 1806 4289 pra'ferunt
1838 4223 2071 4276 violetur.
2109 4223 2185 4276 Ita

585 4294 744 4416 etiam
776 4293 1051 4418 sqiegisse
1085 4297 1135 4348 in
1167 4296 1399 4365 quinque
1429 4296 1704 4349 codicibus
1727 4296 1961 4364 antiquis
1988 4303 2187 4348 testan-

585 4373 668 4416 tur
700 4395 714 4416 ξ
748 4382 811 4418 ne
841 4383 872 4416 ι.

585 4373 668 4416 tur
700 4373 872 4430 Angli.

659 4433 829 4488 Fidcli
859 4438 1097 4489 sanitate.
1133 4434 1380 4505 Antiqua:
1437 4435 1702 4491 editiones
1731 4443 1784 4489 et
1813 4435 1918 4489 duo
1942 4433 2060 4488 libri
2092 4451 2184 4488 vc-

586 4513 727 4559 teres
758 4505 954 4560 habent
981 4508 1101 4573 lida.
1124 4506 1227 4560 Sed
1258 4511 1443 4569 omnes
1469 4507 1554 4560 alii
1587 4508 1781 4559 habent
1803 4506 1961 4570 ﬁdeli.
1987 4505 2186 4572 Quant-

582 4577 664 4630 vis
696 4593 823 4644 ergo
876 4587 1102 4645 utraque
1150 4578 1307 4630 lectio
1338 4579 1627 4631 constituat
1665 4577 1912 4631 eutndem
1943 4592 2182 4643 sensum,

584 4662 684 4714 ego
717 4657 891 4700 tanwn
917 4664 1034 4700 eam
1079 4645 1305 4716 przel'ero
1337 4664 1454 4718 qua:
1482 4647 1713 4718 plurium
1745 4657 1984 4701 veterum
2017 4647 2185 4701 libro-

587 4733 702 4770 rum
736 4719 1054 4772 auctoritate
1084 4720 1285 4772 nititur.

660 4786 739 4838 Ad
791 4789 1026 4857 glot'iattt.
1078 4789 1277 4858 Snpple
1345 4787 1741 4854 confessionis;
1792 4785 1931 4856 quod
1969 4786 2182 4858 quidem

586 4859 904 4931 exprimitur
937 4861 987 4913 in
1045 4860 1126 4915 his
1177 4860 1388 4928 ejudem
1423 4860 1670 4931 Cypriani
1729 4861 1886 4928 epist.
1925 4875 2043 4912 xciv
2088 4874 2181 4913 seu

586 4945 707 4983 XLVI
736 4930 802 4981 ad
836 4931 1088 4998 ipsosmet
1111 4932 1450 4986 cenfessores
1469 4930 1487 4982 7:
1515 4932 1594 4982 All
1623 4942 1831 4983 matrem
1863 4932 2184 4984 revertamini

586 5001 720 5054 unde
747 5001 1028 5070 prodiistis,
1051 5004 1184 5055 unde
1205 5003 1272 5055 ad
1298 5003 1635 5072 confessionis
1661 5003 1880 5072 gloriam
1910 5017 2024 5054 cnnt
2051 5007 2182 5072 ejus-

587 5073 700 5125 dem
729 5074 907 5126 matris
936 5075 1272 5127 exsultatione
1298 5075 1518 5127 venistis.

666 5141 774 5195 Nec
802 5153 1073 5198 tentarent.
1113 5144 1368 5200 Undecim
1400 5145 1517 5198 libri
1553 5145 1716 5198 nostri
1747 5155 1801 5198 et
1845 5154 2047 5212 septem
2078 5145 2188 5196 An-

587 5214 777 5283 glicani
814 5215 1124 5283 ριἐιξιὶξιυηι,
1155 5214 1264 5269 Nec
1284 5226 1596 5269 tentarentur
1616 5217 1878 5269 clutritatis
1907 5227 2055 5280 atque
2071 5215 2186 5268 uni-

590 5287 706 5338 tatis
738 5287 858 5352 fide.
894 5285 1050 5339 Liber
1083 5303 1234 5340 tuens
1268 5296 1439 5352 vetus,
1473 5305 1560 5340 nec
1589 5297 1862 5342 tentaretur
1892 5294 1942 5339 in
1967 5287 2036 5338 eis
2066 5289 2191 5339 clm.

587 5357 756 5480 {italis
783 5368 931 5426 atque
962 5359 1170 5412 unitatis
1197 5359 1316 5426 ﬁde.
1348 5357 1478 5424 Quae
1505 5359 1663 5413 lectio
1693 5360 1903 5413 videtur
1924 5373 2044 5413 esse
2075 5373 2190 5412 me-

612 5443 712 5480 tor.

612 5443 712 5480 ΙΟΓ.

663 5497 962 5551 Charitatis.
1005 5498 1061 5552 In
1112 5499 1284 5554 Oxon.
1338 5500 1467 5554 edit.
1523 5510 1670 5571 atque
1717 5502 1941 5555 veritatis
1992 5501 2195 5566 ﬁdem:

590 5568 854 5637 simulque
879 5580 1189 5631 annotatur,
1211 5579 1332 5624 octo
1353 5587 1482 5625 mss.
1505 5568 1623 5625 cuin
1655 5573 1885 5626 Manutio
1911 5572 2190 5638 exhibere,

591 5655 683 5711 nec
707 5649 1022 5693 tenturentur
1048 5643 1312 5695 cltaritutis
1331 5653 1482 5710 atque
1503 5645 1711 5695 unitatis
1736 5643 1855 5709 ﬁde.
1887 5643 2056 5696 Habet
2078 5643 2196 5711 qni-

593 5710 718 5780 t_l_cm
747 5711 1180 5778 eompendieusis
1203 5728 1305 5765 ms.
1327 5723 1656 5772 tentaren'ur,
1677 5714 1768 5766 sed
1791 5714 1984 5766 retinet
2014 5710 2187 5780 ﬁdem.

598 5776 814 5832 Uti-avis
844 5776 972 5831 tuss.
1001 5781 1209 5836 illorum
1243 5782 1399 5836 lectio
1429 5783 1651 5836 barbara
1683 5792 1737 5836 et
1764 5776 2023 5851 Cypriani
2049 5785 2190 5853 style

2212 4825 2262 4891 D

2288 3513 2447 3584 ﬁdem
2495 3522 2548 3565 et
2591 3513 2856 3566 unitatem
2917 3515 3090 3568 solum
3125 3521 3373 3580 tentatas,
3402 3529 3538 3584 quos
3583 3515 3650 3567 ab
3681 3517 3888 3572 unitate

2289 3583 2544 3637 abductos
2573 3593 2732 3652 atque
2781 3585 2987 3638 Itwresis
3045 3593 3273 3637 auctores
3331 3583 3598 3640 exstitisse
3651 3589 3888 3640 constat.

2291 3654 2460 3721 Quam
2491 3653 2560 3706 ob
2590 3669 2805 3708 causam
2841 3671 2943 3707 non
2992 3657 3190 3721 placet,
3222 3672 3311 3709 nec
3355 3666 3575 3725 tepercnt
3621 3657 3889 3713 clmritatis

2288 3736 2438 3794 atque
2466 3725 2672 3778 unitatis
2701 3726 2824 3792 ﬁde.
2853 3725 3006 3790 Quod
3043 3728 3308 3780 Pamelius
3364 3728 3416 3780 in
3464 3741 3564 3781 ms.
3598 3725 3891 3784 Cambron.

2288 3796 2578 3850 offendisse
2599 3812 2657 3850 se
2683 3807 2884 3850 monet.
2912 3795 3129 3850 Illorum
3155 3799 3351 3865 quippe
3372 3798 3742 3852 confessorum
3762 3797 3894 3853 ﬁdes

2290 3869 2464 3935 potius
2505 3867 2788 3930 exstincta,
2821 3881 2978 3935 quam
3034 3868 3208 3936 tepida
3261 3867 3562 3922 videbatur.
3608 3868 3752 3922 Idem
3812 3869 3894 3922 vir

2289 3938 2530 3992 eruditus
2579 3954 2698 3991 cum
2749 3946 2980 4006 quatuor
3009 3954 3138 3991 mss.
3168 3947 3223 3992 et
3257 3941 3468 3993 caeteris
3500 3939 3625 3992 edit.
3651 3938 3890 4009 prtefert,

2290 4025 2379 4062 nec
2409 4019 2656 4062 tentarent
2682 4009 2945 4062 charitatis
2972 4019 3124 4075 atque
3143 4009 3352 4062 unitatis
3372 4011 3525 4075 ﬁdem
3545 4026 3561 4070 ;
3583 4011 3755 4078 ibique
3774 4025 3895 4063 ver-

2289 4079 2413 4134 bum
2441 4090 2634 4132 tantare
2672 4096 2766 4147 pro
2796 4081 3067 4144 explorare
3091 4088 3183 4134 aut
3203 4081 3362 4134 etiam
3391 4096 3488 4148 pro
3517 4082 3697 4150 infesto
3724 4081 3893 4135 animo

2290 4151 2501 4220 aggredi
2530 4145 2759 4218 positum
2789 4151 3100 4204 arbitratur.
3128 4145 3435 4207 Lectionem
3471 4145 3748 4206 servantes
3773 4151 3895 4220 pln-
3975 4145 3986 4152 ’

2290 4225 2427 4275 rimn
2449 4222 2691 4274 codicum
2716 4238 2808 4275 seu
2848 4223 3168 4288 scriptorum
3204 4237 3296 4276 seu
3320 4238 3642 4277 excusorum
3664 4223 3897 4277 auctori-

2293 4301 2403 4346 tate
2429 4293 2637 4354 fultatn,
2658 4293 3154 4361 interpretationem
3183 4293 3298 4361 ejus
3326 4294 3546 4347 minime
3569 4295 3889 4360 probamus:

2291 4378 2410 4416 cum
2437 4363 2634 4416 idcirco
2666 4364 2845 4431 potius
2891 4374 3137 4416 tentarent
3167 4363 3466 4434 Cyprianus
3497 4365 3714 4429 dixerit,
3747 4363 3893 4432 quod

2293 4433 2414 4487 ﬁdei
2464 4435 2679 4487 unitatis
2707 4434 2987 4488 tentationi
3021 4444 3076 4488 et
3106 4433 3432 4489 tttfettdiculo
3457 4445 3662 4499 essent,
3695 4445 3890 4501 quate-

2291 4519 2392 4558 nus
2423 4519 2609 4559 eorutn
2655 4505 2904 4574 exemplo
2952 4505 3302 4559 abuterentur
3347 4507 3655 4560 schismatis
3703 4505 3890 4568 duces,

2292 4583 2350 4628 ut
2376 4575 2560 4629 ﬁdeles
2586 4575 2998 4630 abducerentab
3025 4575 3250 4638 unitate,
3281 4591 3344 4629 ac
3368 4576 3621 4630 seductos
3644 4576 3696 4628 in
3719 4575 3895 4630 schis-

2291 4657 2434 4699 mate
2460 4646 2766 4700 detinerent
2803 4663 2816 4701 :
2856 4647 2976 4715 Quia
3030 4647 3283 4701 nimirum
3314 4648 3366 4700 in
3399 4649 3707 4709 schismate,
3733 4655 3786 4699 ut
3816 4647 3896 4700 in-

2291 4715 2373 4788 ira
2399 4719 2711 4785 exponitur,
2728 4716 2823 4769 sibi
2849 4721 3358 4788 communicationem
3385 4720 3736 4788 confessorum
3754 4718 3895 4788 sequi

2292 4787 2599 4842 viderentur.
2634 4788 2892 4855 Quocirca
2920 4787 3220 4859 Cyprianus
3251 4789 3406 4857 epist.
3437 4787 3491 4844 ω
3513 4803 3608 4843 seu
3625 4789 3690 4843 54
3713 4798 3896 4856 gratu-

2290 4859 2450 4920 latnr,
2483 4860 2623 4927 quod
2651 4875 2739 4912 nec
2767 4863 3078 4927 confessores
3093 4861 3280 4914 Christi
3305 4861 3490 4913 erroris
3511 4861 3664 4914 duces
3691 4861 3893 4925 ﬁerent,

2290 4932 2603 5001 qui_virtutis
2629 4941 2674 4984 et
2706 4930 2912 4982 honoris
2936 4941 3166 4985 auctores
3187 4931 3470 4985 laudabiles
3491 4931 3816 5001 exstitissent.

2370 4999 2520 5054 Plebs
2573 5012 2618 5054 et
2648 5001 2960 5069 fraternitas.
3019 5002 3120 5070 Ipsi
3161 5001 3504 5056 confessores
3544 5000 3705 5070 epist.
3739 5018 3770 5056 L
3797 5014 3894 5055 seu

2296 5088 2382 5127 LIII
2410 5073 2545 5144 apud
2573 5074 2826 5144 Cyprian.
2857 5087 2980 5126 cum
3003 5071 3256 5126 Cornelio
3279 5082 3333 5126 et
3357 5074 3607 5130 universo
3629 5073 3776 5126 clero
3793 5087 3890 5140 pa—

2294 5159 2411 5198 cem
2445 5142 2634 5197 fecisse
2657 5159 2715 5196 se
2745 5143 3049 5211 signiﬁcant
3075 5160 3187 5196 cum
3232 5144 3420 5213 gaudio
3458 5144 3609 5198 etiam
3641 5144 3893 5197 universa:

2296 5213 2561 5279 Ecclesia,
2581 5231 2742 5283 prona
2759 5216 2981 5267 omnium
3001 5214 3265 5270 citat-itote.

2368 5286 2430 5340 ll.
2466 5284 2633 5348 Huius
2651 5285 2739 5337 rei.
2764 5285 3018 5347 Quamvis
3046 5285 3306 5339 Manutius
3324 5294 3377 5340 et
3397 5284 3670 5339 Morellius
3699 5297 3896 5353 posue-

2296 5359 2404 5412 rint
2425 5357 2546 5415 diei.
2576 5357 2820 5426 quatuvis
2849 5356 3038 5410 eadem
3071 5357 3233 5410 lectio
3285 5358 3586 5426 reperiatur
3613 5357 3662 5409 in
3694 5355 3892 5425 pleris-

2296 5445 2400 5498 que
2427 5431 2652 5482 vetustis
2683 5427 3104 5493 exemplaribus,
3150 5443 3251 5496 ego
3285 5439 3463 5481 tamen
3496 5427 3739 5498 prmfero
3772 5440 3891 5498 eam

2298 5496 2456 5567 quam
2487 5509 2699 5554 veteres
2730 5498 2993 5552 editiones
3042 5498 3330 5563 exhibent,
3368 5513 3527 5567 quam
3559 5496 3894 5566 deprehendi

2301 5571 2353 5624 in
2386 5571 2552 5624 tribus
2583 5569 2800 5637 optimis
2828 5569 3102 5622 codicibus
3148 5570 3410 5639 antiquis,
3441 5571 3561 5638 quia
3594 5569 3751 5635 paulo
3774 5577 3896 5636 post

2302 5653 2519 5696 sanctus
2547 5641 2749 5711 Martyr
2768 5641 2862 5701 ait,
2883 5640 2992 5693 illic
3015 5641 3092 5711 ubi
3118 5657 3194 5692 res
3216 5643 3328 5708 ipsa
3355 5639 3448 5693 sub
3475 5640 3639 5694 oculis
3667 5641 3893 5693 omnium

2301 5714 2590 5782 gerebatur.
2625 5710 2722 5782 Ubi
2783 5726 2879 5779 pro
2923 5710 3189 5782 gerebatur
3217 5711 3453 5780 quinque
3513 5711 3636 5766 libri
3681 5719 3893 5765 veteres

2296 5782 2494 5839 habent
2518 5780 2819 5837 celebratur.
