4252 6258
351 281 466 341 745

1359 272 1924 349 ΟΟΒΝΕΙΑΙΙξΡΑΡίΕ
1964 268 2179 332 EPIST.
2228 273 2320 330 IX.
2364 271 2456 330 AD
2495 271 2772 330 FABIUM.

3564 275 3668 330 746

353 400 516 471 χάρις
544 395 630 451 καί
670 395 1013 468 φιλανθρωπία
1052 391 1328 469 διατρέφει.
1361 389 1414 448 ὃν
1441 393 1557 450 οὐδὲ
1587 400 1805 451 τοσοῦτο
1834 395 1941 454 τι·λῆ·

2065 397 2269 459 gentas.
2297 387 2503 456 Quibus
2534 385 2800 441 universis
2830 380 3044 439 Domini
3074 381 3246 454 gratia
3276 391 3331 438 et
3357 382 3663 454 benignitas

349 496 433 554 θος
456 495 544 548 καὶ
562 492 724 553 οὕτως
753 492 1014 564 ἀναγκαῖον
1040 489 1090 544 ἐν
1200 489 1463 564 ἐκκλησίᾳ,
1483 487 1568 544 διὰ
1590 497 1683 549 τῆς
1711 495 1804 544 τοῦ
1829 495 1959 544 Θεοῦ

347 591 595 666 προνοίας
623 585 866 646 πλούσιός
903 605 957 640 τε
1000 587 1086 638 καὶ
1119 583 1350 641 πληθύων
1390 584 1600 656 ἀριθμὸς
1629 587 1760 653 μετά
1782 588 1959 655 μεγίσ-

345 705 440 740 του
484 685 569 738 καί
606 684 945 754 ἀναριθμήτού
989 680 1135 745 λαοῦ,
1169 680 1274 736 ἀπὸ
1309 688 1401 740 τῆς
1443 681 1686 741 τοιαύτης
1721 682 1952 752 ἀπογνώ-

341 781 479 839 σεὼς
504 797 558 831 τε
589 778 674 829 καὶ
703 775 1106 848 ἀπαγορεύσεως
1135 772 1371 847 ἐνέτρεψε
1395 774 1481 828 καί
1510 773 1850 829 ἀνεκαλέσατο
1880 774 1955 835 εἰς

343 875 434 930 τὴν
464 868 784 927 Ἐκκλησίαν.

402 1130 480 1171 Καὶ
500 1123 617 1177 αὖθις,
636 1129 715 1180 tu?
738 1129 859 1182 ἰτιρα,
875 1129 1021 1176 τούτοις
1039 1130 1259 1182 προστίθησι
1274 1132 1408 1170 ταῦτα.

412 1231 483 1284 Δ’.
513 1232 630 1308 Φέρε
660 1227 721 1289 δή
745 1229 859 1295 ἑξῆς
882 1227 1124 1303 εἴπωμεν,
1140 1232 1272 1286 τίσιν
1293 1230 1460 1304 ἔργοις
1485 1229 1516 1291 ἧ
1539 1234 1645 1288 τίσι
1671 1232 1947 1294 πολιτείαις

337 1323 660 1397 τεθαρρηκὼς
684 1363 698 1389 ,
729 1326 1029 1382 ἀντεποιήθη
1069 1334 1158 1386 τῆς
1203 1326 1486 1387 ἐπισκοπῆς
1509 1341 1520 1353 ⁸
1552 1323 1656 1400 ἄρα
1691 1349 1745 1402 ’γε
1778 1326 1861 1383 διὰ
1890 1329 1947 1384 τὁ

333 1419 387 1481 ἐξ
418 1421 593 1490 ἀρχῆς
622 1420 672 1471 ἐν
696 1426 758 1491 τῇ
787 1417 1056 1492 Ἐκκλησία
1082 1419 1439 1496 ἀνεστράφθαι,
1470 1421 1557 1474 καί
1582 1419 1795 1481 πολλοὺς
1822 1423 1950 1494 ἀγῶ-

330 1533 426 1572 νας
454 1511 586 1583 ὑπὲρ
613 1510 774 1571 αὐτῆς
801 1511 1169 1583 ἀγωνίσασθαι,
1203 1513 1289 1564 καί
1315 1513 1364 1565 ἐν
1396 1511 1641 1574 κινδύνοις
1670 1513 1868 1575 πολλοῖς
1894 1535 1946 1569 τε

330 1607 422 1661 καί
457 1605 692 1680 μεγάλοις
735 1605 881 1659 ἕνεκα
917 1613 1009 1666 τῆς
1047 1606 1335 1667 θεοσεϐείας
1370 1609 1665 1680 γεγονέναι;
1709 1608 1814 1663 ἀλλ’
1856 1612 1948 1663 οὐκ

330 1696 503 1754 ἔστιν’
596 1718 652 1770 ’γε
692 1698 894 1770 ἀφορμὴ
936 1703 1029 1752 τοῦ
1061 1704 1343 1753 πιστεῦσαι
1382 1701 1581 1772 γέγονεν
1626 1700 1651 1754 ὁ
1695 1709 1945 1769 Σατανᾶς,

2062 481 2315 537 alimenta
2343 479 2671 551 suppeditat.
2699 477 2883 548 Neque
2910 486 3088 531 tamen
3128 485 3272 531 tanta
3313 487 3527 550 tamque
3569 497 3665 536 ne-

2060 575 2296 630 cessaria
2325 575 2380 630 in
2412 573 2656 628 Ecclesia
2689 571 2998 638 multitudo,
3035 580 3142 626 tam
3183 573 3373 642 ingens
3406 589 3662 630 numerus

2058 665 2252 722 divinae
2299 667 2652 738 providentiae
2696 665 2868 736 copiis
2913 665 3200 736 opulentus
3243 674 3299 721 et
3347 666 3662 736 abundans,

2056 777 2178 818 cum
2209 763 2475 818 immenso
2503 771 2664 834 atque
2705 759 3088 816 innumerabili
3122 760 3344 831 populo,
3374 761 3442 816 ab
3471 760 3633 831 hujus

2053 855 2199 912 modi
2248 855 2626 928 desperatione
2656 863 2712 910 et
2761 853 2986 910 audacia
3033 869 3158 910 eum
3188 853 3471 923 deterruit,
3505 863 3561 911 et
3587 855 3653 910 ad

2053 952 2351 1009 Ecclesiam
2399 951 2692 1008 revocavit.

2124 1139 2180 1193 4.
2221 1137 2447 1193 Rursum
2477 1145 2526 1194 et
2551 1137 2670 1192 aliis
2697 1137 2978 1208 interjectis
3010 1136 3116 1192 haec
3159 1135 3322 1191 addit.
3379 1137 3648 1208 Agedum,

2052 1249 2386 1305 exponamus
2414 1233 2689 1304 deinceps,
2718 1232 2912 1305 quibus
2939 1233 3193 1302 operibus
3221 1233 3484 1304 quibusve
3530 1236 3655 1292 vita:

2054 1328 2312 1384 institutis
2347 1328 2716 1398 episcopatum
2762 1327 2969 1382 ambire
3013 1343 3176 1382 ausus
3205 1328 3293 1381 sit.
3327 1327 3464 1381 Num
3496 1344 3658 1398 prop-

2056 1432 2202 1479 terea
2230 1421 2376 1493 quod
2422 1422 2490 1476 ab
2539 1421 2690 1475 initio
2742 1421 2904 1474 vitam
2941 1421 2992 1474 in
3040 1420 3282 1475 Ecclesia
3312 1423 3576 1491 exegerit,
3606 1431 3660 1476 et

2056 1515 2226 1570 multa
2269 1530 2366 1585 pro
2396 1515 2510 1584 ipsa
2542 1512 2835 1568 certamina
2880 1511 3128 1576 subierit,
3182 1513 3428 1582 atquein
3475 1514 3660 1567 multis

2055 1609 2369 1680 magnisque
2411 1608 2664 1679 periculis
2709 1605 2985 1678 religionis
3023 1620 3182 1661 causa
3210 1606 3406 1661 fuerit?
3434 1606 3654 1663 Minime

2053 1717 2220 1758 vero:
2252 1701 2451 1774 quippe
2497 1701 2581 1756 cui
2637 1699 2760 1755 lidei
2802 1698 3160 1769 suscipienda:
3191 1702 3403 1754 occasio
3435 1699 3534 1753 fuit
3561 1702 3659 1756 Sa-

329 1795 576 1867 φοιτήσας
622 1793 693 1853 εἰς
733 1791 888 1846 αὐτὸν
918 1793 1004 1846 καὶ
1034 1791 1246 1854 οἰκήσας
1277 1794 1328 1848 ἐν
1356 1795 1498 1867 αὐτῷ
1520 1794 1710 1866 χρόνον
1757 1796 1941 1852 ἱκανόν.

2059 1808 2214 1854 tanas
2236 1797 2289 1853 in
2321 1798 2470 1854 illum
2501 1797 2794 1869 ingressus,
2825 1809 2888 1850 ac
2915 1794 3005 1849 diu
3033 1794 3085 1848 iu
3119 1793 3234 1864 ipso
3262 1808 3656 1850 commemora-

1683 1933 2043 1994 VARIORUM
2082 1938 2316 1996 NOTAE.

401 2069 684 2151 Ὲνέτρεψε.
711 2068 865 2141 Apud
901 2069 1188 2151 Georgium
1215 2067 1523 2151 S_yncellum
1561 2069 1755 2151 legitur
1780 2075 1934 2151 égéa-

329 2141 733 2223 epspafminus
784 2151 951 2198 recte.
1003 2141 1184 2197 Codex
1232 2141 1362 2197 Fuc.
1416 2141 1576 2196 habet
1599 2143 1894 2266 νάνέτρεψε.

1644 2231 1792 2266 ALES.

1644 2231 1792 2269 ALES.

402 2288 479 2364 A'_1
516 2289 710 2364 Aiace?)
766 2287 832 2364 ἐξΔ
875 2287 1050 2364 ἀρχῆς
1105 2288 1153 2340 ἐν
1206 2295 1266 2359 τῇ
1304 2285 1614 2364 ξΕκκ-λιισία,⁵
1646 2296 1767 2364 etc._
1803 2287 1934 2364 illud

331 2362 386 2415 in
432 2357 670 2414 Ecclesia
723 2357 944 2427 perinde
1001 2365 1082 2412 est
1111 2357 1270 2427 atque
1303 2358 1354 2411 in
1407 2357 1666 2412 Ecclesiae
1699 2359 1938 2414 ministe-

329 2434 435 2488 rio.
466 2430 574 2486 Nec
615 2430 760 2484 aliud
792 2443 985 2482 sonare
1034 2429 1162 2482 mihi
1193 2427 1406 2482 videtur
1448 2431 1511 2481 ab
1556 2430 1736 2495 initio,
1780 2441 1940 2499 alque

331 2505 402 2558 ab
434 2503 655 2558 ineunte
696 2509 854 2555 aetate
890 2510 944 2555 et
974 2499 1040 2554 ab
1073 2499 1316 2554 infantia.
1362 2499 1430 2553 Et
1455 2515 1516 2555 ea
1563 2501 1778 2569 quidem
1829 2511 1940 2556 tum

329 2573 470 2630 forte
527 2572 807 2627 obtinebat
857 2571 1178 2640 disciplina,
1231 2587 1334 2640 qua
1396 2572 1430 2624 ii
1483 2572 1570 2641 qui
1631 2573 1680 2626 in
1735 2574 1938 2628 clerum

329 2645 667 2701 adsriscendi
698 2651 874 2708 erant,
905 2659 977 2702 se.
1015 2652 1071 2696 ιιι
1112 2643 1346 2714 loquitur
1386 2642 1610 2714 Siricius
1661 2643 1832 2710 Epist.
1886 2661 1940 2714 ι,

330 2733 389 2772 n.
419 2718 507 2773 1⁸5.
547 2735 566 2768 ι
602 2716 858 2770 Ecclesia:
886 2729 1081 2769 vovere
1112 2713 1386 2782 obsequiis
1414 2714 1480 2768 ab
1509 2713 1728 2768 infantia
1755 2729 1874 2782 sua,
1917 2735 1935 2768 ι

329 2789 414 2844 vel
461 2797 518 2841 ut
560 2787 793 2856 idipsum
844 2785 1092 2840 Zosimus
1123 2786 1292 2853 Epist.
1332 2801 1420 2847 tv,
1455 2802 1508 2838 ιι.
1545 2785 1616 2849 5,
1660 2790 1939 2853 enuntiat,

339 2878 358 2912 ι
398 2860 466 2914 ab
491 2857 711 2914 infantia
743 2857 1122 2912 ecclesiasticis
1151 2857 1461 2911 ministeriis
1496 2872 1693 2910 nomen
1725 2857 1881 2924 dare,
1915 2877 1934 2910 ι

330 2943 387 2986 et
416 2933 487 2986 ita
519 2946 614 3000 per
644 2944 835 2984 omnes
865 2929 993 3000 cleri
1027 2928 1222 2996 gradus
1247 2928 1614 3000 episcopatum
1645 2931 1939 2997 promereri

330 2999 600 3058 solebant.
630 3001 889 3068 Quocirca
929 2999 1228 3071 Cyprianus
1257 2999 1318 3071 in
1340 2999 1576 3069 Epistola
1610 3002 1852 3069 sequenti
1882 3017 1936 3056 n.

332 3075 388 3138 7,
451 3075 659 3129 etiamsi
715 3070 1020 3127 Cornelium
1073 3070 1454 3125 ecclesiasticis
1510 3071 1823 3126 ministeriis
1873 3073 1936 3126 ab

331 3145 478 3202 initio
505 3161 598 3201 seu
623 3146 689 3199 ah
715 3143 936 3199 infantia
961 3159 1155 3197 nomen
1185 3141 1396 3196 dedisse
1425 3159 1530 3196 non
1553 3153 1738 3210 aperte
1763 3143 1934 3208 dicat;

332 3217 460 3273 hinc
488 3228 664 3272 tamen
697 3230 818 3270 eum
847 3213 1221 3277 commendat,
1259 3214 1398 3280 quod
1433 3234 1452 3265 ι
1493 3231 1596 3267 non
1629 3213 1693 3267 ad
1723 3217 1936 3284 episco-

331 3299 514 3360 patum
545 3288 725 3344 subito
769 3285 1041 3360 pervenit,
1080 3285 1176 3360 sed
1223 3287 1548 3360 peremnia
1573 3285 1937 3360 ecclesiastica

331 3356 508 3414 ollicia
531 3367 887 3426 promotus,et
909 3358 961 3410 in
985 3356 1179 3410 divinis
1201 3356 1745 3412 administrationibus
1771 3358 1936 3413 Deum

333 3432 693 3503 promeritus,
723 3429 1381 3503 adsacerdotii__snhlime
1422 3430 1688 3503 fastigium
1729 3432 1938 3486 cunctis

331 3499 608 3574 religionis
644 3500 1202 3574 gradibusasceudit.
1246 3519 1264 3551 ι
1293 3499 1421 3574 ⁸ΙΙὶιξΔ
1452 3501 1610 3574 igitur
1657 3503 1936 3569 quaeritur,

331 3589 402 3628 an
438 3569 710 3628 similibus
751 3573 957 3626 meritis
1001 3580 1221 3624 ornatus
1262 3571 1330 3624 sit
1381 3569 1740 3636 Novatianus;
1773 3583 1828 3626 et
1876 3589 1936 3627 ea

330 3645 410 3701 illi
434 3644 668 3701 defuisse
697 3643 1122 3700 demonstratur.
1163 3642 1467 3697 Consum.
1515 3643 1568 3697 Si
1601 3659 1666 3698 ex
1709 3643 1939 3699 ethnicis

331 3716 650 3787 parentibus
681 3726 856 3769 ortum
887 3714 1134 3769 habuerit.
1163 3713 1488 3767 Novatianus
1507 3756 1520 3776 ,
1550 3715 1692 3784 quod
1721 3715 1938 3785 quidem

332 3785 656 3860 exCornelii
686 3787 882 3860 verbis,
901 3788 1111 3860 ἀφορμή-
1122 3793 1214 3841 τοῦ
1236 3792 1515 3860 πιστεύσαι
1530 3789 1940 3860 γέγονεννιιιιιείε

332 3856 699 3929 colligendum
719 3856 955 3929 ividetur,
988 3856 1136 3921 illud,
1167 3875 1185 3906 ι
1223 3859 1291 3910 ab
1316 3858 1465 3910 initio
1489 3856 1796 3911 ἱιιΕόεΙεεὶο
1822 3874 1942 3918 vcr-

331 3930 442 3985 sari
463 3927 486 3991 ,‘
519 3948 538 3979 ι
566 3927 637 3983 de
665 3928 977 3983 educatione
1009 3929 1245 3995 cuiusvis
1268 3943 1296 3980 a
1330 3929 1531 3982 teneris
1563 3943 1732 3987 usque
1763 3929 1813 3982 in
1846 3929 1944 3983 Ec-

333 4001 514 4056 clesia:
542 4001 921 4054 communione
962 3999 1302 4068 interpretari
1353 3999 1555 4054 malim.
1606 4000 1705 4061 Et,
1749 4015 1938 4069 quam-

334 4088 496 4142 quam
525 4071 819 4136 contraria,
839 4081 894 4125 ut
924 4071 1152 4135 videbis,
1177 4071 1244 4125 de
1262 4078 1689 4142 voceris-rstica:
1718 4079 1943 4124 atmota-

335 4141 482 4197 verit
500 4142 678 4198 statim
714 4151 836 4213 post
865 4143 1232 4210 Coustantius,
1265 4141 1414 4196 verbi
1444 4152 1620 4196 tamen
1648 4143 1944 4212 simplicior

335 4224 496 4284 atque
533 4215 779 4268 usitatior
806 4229 998 4270 sensus
1044 4213 1175 4268 tnihi
1225 4214 1439 4284 quidem
1491 4216 1658 4283 magis
1707 4214 1938 4278 arridet,

334 4294 395 4339 ut
445 4301 513 4341 ex
565 4287 766 4340 auxilio
820 4286 888 4339 ab
943 4285 1228 4340 exorcistis
1275 4285 1377 4339 sibi
1425 4284 1548 4338 dato
1595 4285 1936 4340 occasionem

334 4356 460 4412 Iidci
511 4355 902 4427 amplectenda:
949 4357 1249 4427 sumpsisse
1295 4355 1937 4481 Novatianusnstatuatur.

1672 4445 1830 4481 OUTH.

1672 4445 1830 4483 ουτιι.

405 4497 560 4578 ’Υπὲρ
602 4501 763 4563 αὐτῆς
802 4504 1168 4578 ἀγωνίσασθαι.
1207 4505 1321 4578 Περὶ
1347 4503 1527 4562 αὐτῆς,
1553 4515 1654 4578 ms.
1691 4499 1932 4578 ΝονίοΙε.

335 4571 628 4646 ἠγωνίσθαι,
689 4587 792 4626 ms.
827 4571 1001 4646 fBOdl.
1053 4582 1108 4626 et
1151 4571 1436 4646 ἠγωνίσαι,
1472 4571 1750 4634 mendose.
1799 4574 1937 4643 Syn-

338 4645 477 4718 ξιιμ,
513 4647 602 4718 ιιιιῇ
627 4653 688 4718 et
718 4645 876 4712 paulo
906 4655 1030 4698 ante
1062 4645 1434 4718 dvscfpapﬁvat
1465 4659 1561 4718 ιιςς)
1601 4646 1938 4718 ἀνεστράφθαι

336 4713 525 4794 habet,
551 4715 639 4794 ubi
667 4719 1037 4794 ἀνατετράφθαι
1057 4713 1467 4794 ειζπ-(ξὲιιιέυεηςὲξ
1491 4713 1936 4794 Μᾳι·9ο;“1ἱοιὶτῌ.

410 4785 626 4861 Ἀφορμή
650 4793 742 4842 τοῦ
769 4785 1069 4861 πιστεῦσαι.
1099 4787 1250 4861 Fidei
1265 4785 1632 4861 suscipiendis.
1669 4787 1798 4861 Ejus
1829 4789 1938 4861 sci-

337 4856 628 4929 licetliilei,
652 4860 1175 4929 quiesuscipientem
1191 4857 1447 4929 deinceps
1470 4858 1673 4924 ﬁdelem
1694 4859 1940 4913 denomi-

336 4937 449 5001 net.
487 4928 610 4983 ΙΙωο
634 4928 814 5001 autem
842 4931 1150 4997 appellatio,
1181 4933 1224 4982 si
1268 4928 1732 5001 .IerOsolymitanze
1767 4931 1942 4985 eccle-

335 5000 470 5067 siae,
518 5015 582 5056 ac
631 5000 771 5055 forte
814 5016 1106 5070 paucarum
1144 5001 1366 5054 aliarum
1415 5000 1618 5054 murem
1666 5001 1937 5071 excipias,

337 5071 465 5126 olim
497 5071 627 5126 solis
659 5072 928 5141 baptismo
964 5073 1188 5126 initiatis
1216 5072 1638 5141 impertiebatur.
1667 5071 1765 5140 Qui
1798 5074 1941 5128 enim

337 5154 494 5198 antea
524 5142 920 5209 catechumeni,
951 5143 1132 5209 eIeCIi,
1162 5151 1529 5212 competentes
1558 5144 1940 5212 nuncupaban-

338 5223 446 5278 tur,
483 5223 592 5268 tum
627 5214 856 5284 primttm
887 5215 1095 5284 ﬁdeles,
1128 5231 1248 5268 cum
1287 5215 1436 5269 tincti
1465 5216 1700 5283 fuerant,
1739 5231 1944 5270 nuncu-

335 5287 453 5356 pari
485 5286 751 5341 solebant.
787 5286 934 5341 .[linc
975 5287 1028 5340 iu
1066 5287 1294 5341 concilio
1341 5287 1671 5340 Eliberitano
1712 5290 1946 5342 catechu-

337 5373 549 5424 meuus,
581 5358 750 5413 immo
778 5367 832 5412 et
872 5357 1225 5420 Christianus,
1264 5375 1290 5409 a
1327 5358 1462 5426 fideli
1492 5357 1854 5428 distinguitur.
1884 5357 1941 5412 In

337 5443 406 5500 eo
435 5431 653 5498 quippe,
697 5437 758 5484 ut
783 5445 846 5483 ex
881 5429 1012 5484 Can.
1052 5429 1125 5485 45
1153 5440 1207 5484 et
1237 5431 1305 5485 59
1345 5439 1602 5500 apparet,
1648 5445 1767 5483 cum
1800 5438 1947 5484 cate-

335 5498 608 5556 chumeno
635 5501 797 5555 simul
829 5513 882 5556 et
908 5501 1076 5555 tincto
1107 5498 1395 5556 commune
1421 5498 1508 5554 est
1533 5499 1812 5554 Christiani
1846 5514 1946 5553 no-

337 5585 502 5642 men;
532 5575 626 5626 sed
655 5573 947 5642 appellatio
976 5572 1144 5637 lidelis
1172 5573 1275 5626 soli
1315 5576 1480 5626 tincto
1517 5572 1790 5639 competit.
1838 5570 1946 5642 Cy-

336 5640 496 5712 rillus
546 5640 906 5699 vero'Jeros.
966 5645 1092 5699 licet
1159 5643 1262 5698 hoc
1312 5643 1478 5712 ﬁdelis
1525 5657 1720 5697 nomen
1786 5640 1946 5697 etiam

339 5711 543 5784 electis,
563 5713 782 5784 tribuat,
816 5717 937 5782 quia
968 5715 1219 5771 videlicet
1268 5711 1318 5768 bi
1342 5715 1453 5784 jam
1481 5714 1731 5783 baptismi
1761 5714 1952 5769 solem-

345 5782 452 5842 niis
473 5782 670 5838 initiari
696 5785 1042 5855 incipiebant,
1069 5787 1198 5845 illud
1219 5782 1394 5844 tamen
1421 5782 1624 5858 pariter
1647 5801 1678 5840 a
1699 5787 1954 5844 catechu-

582 5879 862 5946 ΡΑτιιοι..
908 5882 1020 5944 Ill.

2040 2079 2183 2133 meni
2210 2079 2470 2134 vocabulo
2501 2077 2689 2134 sedulo
2719 2077 3013 2146 distinguit.
3049 2075 3204 2132 Unde
3245 2077 3465 2132 Catecb.
3499 2081 3549 2133 1.
3601 2097 3654 2134 ιι.

2040 2151 2093 2204 4.
2127 2151 2222 2216 ait,
2259 2170 2277 2202 ι
2327 2150 2495 2206 Antea
2538 2148 2964 2204 catechumenos
2991 2163 3144 2213 eras,
3190 2164 3332 2203 nunc
3361 2149 3534 2204 ﬁdelis
3564 2167 3660 2206 vo-

2041 2223 2239 2276 cabere
2273 2263 2285 2275 .
2324 2241 2342 2273 ι
2377 2233 2430 2277 et
2454 2221 2676 2276 Catech.
2704 2237 2758 2274 ν.
2793 2236 2848 2274 n.
2874 2223 2922 2273 l.
2966 2239 2982 2271 ι
3013 2221 3282 2288 Quantum
3303 2222 3463 2292 vobis
3489 2223 3664 2292 digni-

2045 2303 2208 2347 tatem
2243 2293 2489 2349 conferat
2514 2293 2798 2357 Dominus,
2833 2293 2901 2346 ab
2925 2292 3112 2346 ordine
3145 2291 3656 2348 catechumenorum

2044 2364 2110 2418 ad
2139 2365 2380 2420 ordinem
2414 2364 2649 2419 ﬁdelium
2681 2379 2777 2416 vos
2806 2364 3159 2417 transferens.
3200 2383 3218 2414 ι
3256 2363 3516 2430 Quocirca
3551 2383 3658 2422 non

2045 2436 2305 2505 probatur
2331 2437 2708 2505 interpretatio
2739 2434 2956 2496 Valcsii,
2989 2435 3163 2488 locum
3195 2433 3335 2488 hunc
3361 2435 3437 2489 sic
3470 2435 3659 2493 Latine

2046 2507 2343 2575 reddentis,
2379 2529 2396 2560 ι
2429 2507 2524 2560 Cui
2553 2521 2766 2560 causam
2795 2513 2957 2577 atque
2987 2505 3193 2577 initium
3225 2505 3487 2577 credendi
3516 2523 3658 2577 pra:-

2047 2577 2161 2631 buit
2187 2577 2434 2641 Satanas,
2471 2579 2571 2632 nisi
2615 2588 2735 2646 post
2759 2576 2979 2630 verbum
3010 2576 3251 2630 credendi
3279 2576 3652 2642 subaudiatur,

2046 2664 2107 2703 ea
2136 2648 2240 2703 ﬁde
2266 2666 2384 2719 qua:
2415 2650 2723 2704 credentem
2765 2646 2977 2701 ﬁdelem
3025 2647 3355 2702 denominet.
3407 2649 3656 2705 Forsitan

2046 2721 2191 2775 enim
2263 2721 2589 2775 Novatianus
2651 2719 2762 2788 jam
2834 2730 2942 2771 tum
3001 2719 3141 2773 inter
3193 2719 3652 2787 catechumenos,

2046 2792 2290 2862 ade0que
2320 2808 2425 2846 non
2465 2793 2583 2845 sine
2613 2789 2870 2845 credendi
2921 2789 3108 2855 initio,
3147 2789 3483 2862 constitutus
3515 2802 3654 2846 erat.

2045 2861 2328 2919 Cornelius
2357 2873 2504 2918 certe
2535 2863 2698 2916 verbo
2720 2868 2812 2916 τοῦ
2839 2868 3119 2917 πιστεῦσαι
3145 2861 3466 2930 baptismum
3496 2862 3656 2919 intel-

2048 2935 2180 3010 lexit
2212 2935 2352 3010 {sed
2390 2942 2490 3010 τοῦ
2529 2936 2874 3010 βαπτισθῆναι
2911 2933 3158 3010 consulto
3189 2933 3384 2986 vitasse
3411 2933 3654 2998 videtur,

2045 3007 2168 3081 quia
2212 3003 2538 3081 Novatianus
2587 3021 2687 3081 per
2725 3009 3008 3081 περίχυσιν
3058 3003 3166 3081 hoc.
3205 3013 3289 3057 est
3331 3019 3427 3081 per
3472 3020 3658 3081 asper-

2043 3079 2249 3133 sionem
2281 3094 2375 3131 seu
2402 3075 3045 3148 perfusionem(utraque
3082 3075 3224 3128 enim
3258 3089 3358 3129 vox
3390 3076 3656 3146 Cypriano

2043 3150 2095 3203 in
2145 3149 2385 3219 Epistola
2419 3165 2598 3215 um,
2644 3147 2710 3202 ad
2767 3147 3015 3219 Magnum
3047 3161 3344 3219 synonyma
3378 3151 3514 3214 ρει),
3553 3149 3654 3205 hoc

2043 3217 2438 3276 sacramentum
2467 3229 2800 3290 susceperat.
2824 3218 3130 3272 Cocsnsr.
3152 3217 3499 3290 _Nicepborus
3523 3234 3652 3275 vero

2043 3292 2204 3370 verba
2226 3287 2664 3370 ἱιιι-παραφράζεὶ,
2698 3290 2790 3370 lib.
2818 3305 2890 3354 vt,
2912 3305 3031 3370 cap.
3053 3291 3114 3370 ξε
3204 3293 3289 3344 καὶ
3314 3292 3371 3370 τὸ
3400 3293 3469 3352 εἰς
3498 3302 3655 3370 Χρισ-

2043 3365 2129 3418 τὸν
2152 3359 2432 3420 πιστεῦσαι
2462 3359 2774 3441 πρόφασιςιὸ
2804 3368 3028 3422 Σατανᾶς
3059 3359 3116 3419 ἦν
3137 3359 3460 3440 ἐνσκηνὼσας
3489 3359 3651 3441 αύτῷ.

2045 3437 2221 3502 Atque
2258 3437 2453 3505 (ιρι)οηί
2486 3434 2696 3505 videtur
2727 3434 2842 3487 haec
2868 3447 2984 3484 sera
3015 3441 3069 3485 et
3097 3435 3247 3500 quasi
3280 3443 3464 3505 coacta
3518 3434 3652 3491 lides

2043 3509 2191 3583 τῷ
2219 3504 2395 3583 ἀρχῆς
2427 3509 2476 3560 ἐν
2505 3515 2567 3577 τῇ
2592 3504 2865 3583 Ἐκκλησία.
2886 3505 3243 3583 ἀνεστράφθαι.
3261 3504 3486 3583 -Ιὶο-ιιτῐῐ.

2115 3574 2644 3645 Clit-i'sitipltorsoittts
2691 3578 2805 3629 bare
2834 3574 3136 3646 'latinefita
3182 3574 3411 3628 reddidit
3443 3592 3455 3628 :
3496 3595 3514 3626 ι
3551 3578 3650 3646 Qui

2043 3649 2257 3716 quidem
2291 3650 2375 3704 ubi
2419 3648 2804 3703 exorcistarum
2840 3645 3109 3715 prmsidio,
3144 3646 3330 3715 spiritu
3368 3647 3459 3700 illo
3508 3645 3652 3704 malo

2044 3729 2189 3774 esset
2222 3720 2480 3774 liberatus
2502 3761 2516 3784 ,
2546 3729 2602 3773 et
2641 3726 2762 3786 post
2787 3718 2840 3771 in
2884 3727 2988 3770 tam
3032 3733 3249 3786 gravem
3281 3719 3646 3776 morbum"...

2047 3791 2342 3846 incidisset.
2388 3812 2404 3844 ι
2441 3791 2545 3846 Sed
2581 3790 2623 3843 si
2652 3789 2980 3843 Novatianus
3019 3800 3143 3842 ante
3175 3788 3318 3843 hunc
3345 3789 3590 3845 morbum
3619 3810 3648 3846 a

2045 3863 2235 3932 spiritu
2268 3865 2408 3916 malo
2436 3861 2622 3916 inisset
2654 3861 2954 3932 liberatus.
2978 3930 2986 3932 Α
3011 3875 3344 3932 nequaquam
3390 3861 3649 3918 dicendus

2045 3930 2189 3988 esset
2217 3943 2430 3986 satanas
2455 3933 2502 3986 ei
2525 3931 2768 3997 baptismi
2792 3930 3116 3999 suscipiendi
3145 3946 3359 3984 causam
3394 3935 3647 3999 prmbuis-

2046 4020 2124 4058 se.
2161 4003 2364 4058 Eadem
2398 4003 2633 4056 Cornelii
2665 4003 2826 4074 verba
2875 4002 2954 4055 sic
2991 4001 3232 4074 Διξιιίῇηιιε
3263 4005 3599 4074 perstringit
3630 4027 3641 4059 :

2052 4093 2070 4125 ι
2105 4075 2264 4128 Addit
2293 4083 2473 4128 autem
2515 4074 2674 4126 etiam
2728 4073 2828 4124 hoc
2853 4113 2867 4137 ,
2915 4071 3040 4140 quid
3074 4071 3212 4123 idem
3262 4071 3375 4138 ipse
3413 4071 3648 4130 Novatus

2047 4144 2168 4219 (leg.
2191 4143 2550 4219 ANovatianus)
2581 4144 2630 4196 in
2661 4142 2938 4219 iuventute
2964 4141 3152 4219 spiritu
3187 4142 3461 4219 immundo
3488 4161 3648 4219 vexa:

2047 4211 2138 4270 ius
2161 4215 2340 4280 sit;et
2369 4231 2489 4269 cum
2524 4211 2734 4282 tempus
2782 4211 2996 4281 aliquod
3027 4214 3454 4280 consumpsisset
3502 4217 3642 4283 apud

2048 4289 2384 4352 exorciSIas,
2419 4286 2790 4357 mgritudinem
2849 4285 3134 4357 incurrerit
3191 4298 3406 4357 gravem
3464 4286 3533 4340 ita
3589 4297 3647 4343 ut

2048 4354 2530 4428 desperaretur.)
2591 4355 2746 4412 Unde
2795 4354 3147 4428 conﬁrmatur
3189 4355 3338 4428 quod
3397 4360 3646 4425 superius

1966 4433 2019 4494 D
2047 4426 2501 4500 coniectabamus,
2536 4427 2829 4500 Novatiano
2855 4426 3089 4500 scilicet,
3121 4427 3466 4500 priusquam
3510 4431 3641 4499 bap-

2050 4498 2264 4557 tismum
2301 4502 2628 4571 susciperet,
2657 4498 2871 4568 aliquod
2897 4499 3086 4553 saltem
3115 4498 3235 4552 lidei
3282 4499 3488 4553 initium
3535 4498 3641 4556 non

2041 4573 2298 4628 defuisse.
2329 4573 2466 4636 Quid
2490 4573 2634 4626 enim
2664 4571 2802 4641 apud
2831 4571 3126 4625 exorcistas
3155 4581 3335 4640 ageret
3355 4573 3500 4626 omni
3534 4574 3640 4628 [ide

2040 4646 2366 4700 destitutus?
2393 4644 2449 4698 ιιι
2476 4644 2524 4698 ei
2550 4644 2688 4698 forte
2707 4643 2930 4711 contigit
2953 4682 2966 4707 ,
2993 4642 3132 4711 quod
3161 4643 3456 4711 Cyprianus
3484 4655 3643 4700 mtate

2041 4732 2135 4772 sua
2165 4733 2291 4787 erga
2321 4716 2568 4787 homines
2587 4714 2670 4787 illi
2704 4714 2910 4767 similes
2939 4715 3020 4783 agi
3051 4723 3104 4766 et
3127 4715 3437 4782 contingere
3469 4716 3642 4771 solere

2042 4789 2202 4860 epist.
2234 4785 2396 4842 bxxvr
2432 4788 2499 4839 ad
2546 4785 2792 4856 Magnum
2817 4792 3114 4860 te_statur,_«
3146 4791 3324 4860 utpar
3344 4789 3644 4844 exorcistas

2041 4854 2173 4916 voce
2205 4860 2434 4914 humana
2463 4867 2518 4913 et
2554 4854 2817 4928 potestate
2847 4855 3022 4909 divina
3050 4854 3344 4928 ﬂagelletur
3371 4866 3426 4928 et
3460 4870 3643 4914 uratur

2044 4942 2098 4987 et
2133 4942 2456 5003 torqueatur
2485 4926 2760 5003 diabolus,
2793 4937 2846 5003 et
2893 4942 3012 4980 cum
3044 4926 3276 5003 exire-se
3301 4939 3354 5003 et
3397 4927 3642 5003 homines

2043 5002 2141 5058 Dei
2167 4996 2438 5057 dimittere
2468 5015 2612 5070 smpe
2633 4998 2798 5064 dicat,
2830 4998 2881 5051 in
2911 4997 3140 5070 eoquod
3168 4996 3542 5070 dixeritgiallat
3567 5017 3580 5063 ;
3618 5019 3635 5050 ι

2046 5073 2274 5143 ideoque
2300 5074 2415 5127 vult
2442 5068 2773 5143 ille—pratsul,
2810 5087 2829 5118 ι
2871 5078 2926 5143 ιιι
2958 5069 3000 5121 si
3027 5069 3217 5143 aliquis
3251 5069 3301 5120 in
3336 5068 3425 5121 illo
3457 5086 3641 5143 move-

2047 5154 2153 5210 tur,
2179 5139 2320 5214 quod
2352 5139 2569 5213 quidam
2591 5142 2659 5196 de
2681 5141 2764 5200 iis,
2795 5140 2882 5209 qui
2913 5139 3038 5207 :egri
3072 5140 3423 5214 baptizautur,
3445 5142 3646 5205 Spirili-

2046 5209 2147 5270 bus
2185 5209 2688 5269 adhuc-immundis
2721 5220 3016 5272 testantur;
3060 5212 3191 5263 sciat
3222 5209 3418 5262 diaboli
3453 5214 3645 5281 nequi-

2049 5288 2175 5341 tiam
2200 5287 2528 5357 pertinacem
2553 5298 2722 5351 usque
2748 5281 2814 5336 ad
2841 5297 3033 5357 aquam
3059 5281 3345 5357 Salutarem
3369 5281 3566 5357 valere,
3590 5284 3641 5336 in

2049 5353 2315 5427 baptismo
2346 5370 2474 5427 vero
2502 5369 2663 5427 omne
2697 5353 2946 5427 nequitia:
2978 5367 3087 5427 sum
3119 5353 3262 5427 virus
3303 5353 3569 5427 amittere.
3623 5373 3641 5404 ι

2049 5422 2273 5498 Moxque
2302 5426 2449 5480 addit
2479 5444 2491 5480 :
2531 5444 2548 5475 ι
2581 5425 2693 5479 l-loc
2711 5423 2943 5498 denique
2977 5422 3138 5498 rebus
3163 5423 3291 5498 ipsis
3313 5425 3648 5498 experimur,

2052 5513 2109 5554 ut
2159 5494 2483 5554 necessitate
2522 5504 2746 5564 urgente
2797 5496 2848 5548 in
2896 5495 3213 5564 mgritudiue
3261 5494 3548 5561 baptizati,
3600 5505 3655 5548 et

2052 5573 2277 5641 gratiam
2331 5569 2634 5641 consecuti,
2683 5576 2902 5641 careant
2950 5564 3225 5641 immundo
3273 5565 3653 5641 διιιιξὶιιιηιιιιυ

2054 5636 2213 5698 antea
2240 5640 2614 5698 movebantur.
2651 5656 2669 5690 )
2709 5637 2860 5693 Unde
2891 5638 3227 5706 perspicuum
3251 5645 3333 5689 est
3361 5636 3424 5688 iis
3451 5637 3611 5690 (‘lizln'l
3636 5681 3649 5700 ,

2055 5717 2143 5785 qui
2184 5730 2213 5768 a
2266 5711 2543 5782 spiritibus
2584 5707 3286 5785 immundisvexabantur.
3331 5707 3653 5785 baptismum

2056 5778 2222 5844 fuisse
2252 5778 2527 5853 collatum,
2553 5798 2652 5838 nec
2679 5797 2815 5852 opus
2837 5781 3003 5837 fuisse
3027 5789 3082 5834 ιιι
3112 5779 3178 5834 ab
3209 5779 3275 5832 iis
3302 5778 3448 5848 prius
3471 5779 3661 5835 libera-

3191 5869 3268 5932 21s
