4252 6258
559 355 664 414 759

1564 341 1998 400 ROMANOltUM
2027 335 2442 398 PONTIFICUM
2479 334 2860 394 EPISTOLE.

3765 327 3872 385 760

561 484 668 535 τοῖς
716 471 826 544 ἅμα
868 471 1008 542 αὐτῷ
1059 468 1420 538 ἁποσχίσασιν
1470 463 1685 522 ἑαυτοὺς
1723 470 1816 522 τῆς
1845 460 2154 521 Ἐκκλησίας.

2267 472 2388 512 cum
2438 457 2675 532 quinque
2719 450 3068 526 presbyteris,
3104 449 3193 522 qui
3249 464 3310 506 se
3359 447 3564 520 pariter
3604 460 3730 502 cum
3776 446 3875 503 illo

619 681 675 714 θ’.
691 677 763 714 Καὶ
778 676 834 713 ἰπὶ
854 674 951 711 diu
970 667 1012 710 δί
1034 675 1098 717 τῆς
1115 670 1323 714 ίπιστολῆς,
1335 673 1404 705 τῶν
1420 667 1478 704 ὶπὶ
1494 656 1619 714 ῥώμης
1636 667 1926 717 “(aquaisin
1945 663 2160 707 ἰςισιιόικων,

552 775 617 817 τῆς
639 782 679 806 τι
702 770 766 805 τοῦ
793 766 984 804 Νοουὰτου
1005 765 1276 813 κατιγνωκὸτων
1296 760 1743 812 ἆϐιλτηρὶαςμυατῶογον
1766 760 1984 806 πεποίηται’
1997 756 2088 805 ὁμοῦ
2109 758 2157 794 τά

548 875 590 900 τι
612 862 790 909 ὀνόματα,
815 858 878 895 καὶ
895 852 937 905 ἧς
962 857 982 895 ὁ
1005 858 1128 902 mliti;
1150 857 1268 893 αὺτῶν
1291 859 1483 905 προηγιῖτο
1505 855 1711 906 παροικίας,
1735 854 2065 906 ἰκισημηνάμιιιοςο
2087 856 2158 893 τῶν

548 968 588 992 τι
612 954 661 1003 μὴ
682 955 978 1003 παραγινῡμίνων
1003 950 1065 1000 μὶν
1091 950 1148 987 ἐπὶ
1171 953 1235 996 τῆς
1260 939 1401 998 ῥώμης.
1425 944 1765 995 mundoque;va
1789 942 1831 984 δὲ
1854 943 1916 985 διὰ
1939 946 2160 998 γραμμάτων

547 1049 593 1093 τῇ
613 1050 680 1082 τιτι»
705 1045 991 1094 πρθσιιρημᾶνων
1013 1041 1131 1091 ψήιξφ,
1160 1040 1226 1085 τὰς
1246 1039 1490 1090 προσηγορὶςις
1516 1037 1605 1087 ὁμοῦ
1626 1039 1690 1076 καὶ
1711 1038 1778 1084 τὰς
1799 1038 1922 1083 πόλεις
1945 1037 2026 1076 ὃθιν
2050 1038 2158 1076 διισ-

549 1151 612 1182 τος
638 1136 842 1187 ὁρμώμενος
869 1135 1061 1174 tamen.
1082 1133 1306 1184 μνημῦνιῢιι.
1322 1138 1442 1172 ταῦτα
1463 1134 1524 1182 μὶν
1541 1132 1560 1170 ό
1584 1133 1783 1183 Κορνήλιος
1800 1134 1927 1184 Φαϐίῳ
1951 1122 2159 1182 Ᾰντιοχιὶις

2263 553 2334 608 ab
2360 551 2599 608 Ecclesia
2639 557 3010 620 segregarant.

2335 646 2387 701 9.
2424 645 2500 700 De
2525 645 2723 715 reliqua
2745 643 2966 713 epistola
2996 639 3250 694 Eusebius
3273 639 3412 693 istud
3433 637 3707 690 dumtaxat
3730 653 3877 692 ruma

2262 740 2439 794 malim
2460 737 2710 792 subnectit
2731 752 2748 790 :
2770 735 2881 791 Sub
2901 733 3065 788 linem
3088 740 3270 786 autem
3294 727 3545 802 epistola:
3564 727 3869 799 catalogum

2263 834 2431 889 texuit
2504 833 2884 903 episcOporum
2915 870 2931 895 ,
2989 827 3080 898 qui
3153 826 3379 881 Romam
3441 824 3866 893 convenientes,

2261 926 2549 981 amentiam
2604 923 2799 979 Novati
2829 922 2954 994 (leg.
2983 918 3294 990 Novatiani)
3333 916 3864 985 condemnaverant,

2261 1019 2485 1074 nomina
2512 1032 2726 1088 quoque
2754 1016 2969 1071 illorum
2994 1022 3050 1069 et
3075 1027 3234 1083 quam
3257 1003 3488 1082 quisque
3514 1011 3732 1080 regebat
3771 1023 3865 1066 ec-

2262 1110 2485 1166 clesiam
2518 1109 2856 1166 adscribeus.
2893 1106 3096 1162 Eorum
3128 1105 3279 1172 item,
3311 1103 3402 1174 qui
3433 1102 3615 1160 Roma:
3640 1100 3863 1176 quidem

1891 1295 2244 1355 VARIORUM
2281 1299 2509 1358 NOTAE.

551 1498 632 1546 ter
657 1489 744 1557 jus
777 1486 961 1540 habuit
991 1483 1491 1540 excommunicandi
1531 1483 1876 1557 presbyteros
1914 1484 2148 1557 collegas

549 1555 677 1614 suos
699 1579 709 1612 ε
733 1561 823 1613 sed
840 1559 980 1627 quod
1007 1574 1166 1610 unum
1186 1557 1376 1624 potuit,
1401 1572 1459 1610 se
1481 1572 1508 1608 a
1528 1555 1905 1610 communione
1931 1555 2145 1612 illorum

548 1635 852 1701 separavit:
877 1647 997 1683 cum
1023 1630 1225 1683 scilicet
1251 1628 1324 1682 illi
1349 1627 1561 1701 videndi
1584 1627 1700 1695 ejus
1721 1643 1880 1682 causa
1904 1628 2151 1701 venirent

551 1700 930 1758 incarcerem.
956 1701 1147 1756 Solent
1178 1715 1338 1769 porro
1364 1700 1566 1768 antiqui
1592 1701 1881 1769 scriptores
1911 1702 1981 1753 ita
2005 1700 2150 1769 loqui

549 1777 618 1830 de
649 1773 1025 1829 sacerdotibus
1051 1773 1141 1841 qui
1166 1772 1232 1826 ab
1260 1771 1488 1826 aliorum
1512 1771 2000 1826 communicatione
2022 1772 2147 1825 abs-

550 1848 743 1910 tinent,
775 1846 928 1915 quasi
960 1846 1060 1914 ipsi
1100 1860 1194 1899 eos
1239 1859 1266 1896 τι
1307 1845 1691 1915 communione
1729 1859 1835 1915 sua
1870 1850 2144 1912 separent.

552 1913 805 1972 Paulinus
831 1917 1110 1987 presbyter
1140 1917 1190 1968 in
1212 1915 1328 1968 Vita
1359 1915 1420 1969 Β.
1444 1913 1736 1969 Ambrosii.
1767 1933 1783 1964 (
1815 1913 1993 1987 Ipsum
2022 1929 2150 1987 vero

549 1985 841 2045 Maximum
865 2003 894 2042 a
919 1987 1316 2042 communionis
1345 1987 1622 2041 consortio
1669 1986 1993 2056 segregavit,
2051 1985 2150 2039 ad-

551 2077 779 2116 tnonens
804 2073 860 2115 ιιι
895 2060 1046 2114 effusi
1076 2059 1351 2128 sanguinis
1381 2059 1587 2112 Domini
1639 2059 1722 2112 sui
1752 2067 1936 2128 ageret
1976 2058 2150 2128 paeni-

557 2136 804 2188 tentiam.
843 2153 859 2183 ›
888 2132 986 2200 Qui
1020 2127 1222 2185 Paulini
1257 2131 1404 2184 locus
1460 2131 1528 2182 ita
1560 2127 1940 2199 intelligendus
1985 2137 2068 2184 est
2094 2139 2153 2184 ιιι

552 2205 685 2259 dixi.
706 2204 889 2274 Neque
916 2205 1058 2258 enim
1093 2202 1408 2274 Ambrosius
1433 2201 1721 2274 Maximum
1760 2201 2147 2274 Imperatorem

551 2293 583 2332 a
611 2273 989 2331 communione
1015 2275 1174 2328 totius
1208 2273 1462 2328 Ecclesia:
1491 2273 1756 2341 sejunxit,
1794 2288 1914 2326 cum
1946 2273 2150 2327 nullum

550 2349 638 2419 jus
666 2350 717 2404 in
741 2365 862 2402 eum
895 2347 1119 2401 haberet
1151 2364 1164 2400 :
1197 2345 1290 2399 sed
1322 2355 1526 2399 tantum
1557 2361 1586 2419 a
1622 2343 1836 2419 Maximi
1863 2345 2152 2413 etepisco-

553 2417 742 2489 porum
775 2421 892 2487 ejus
932 2419 1311 2473 communione
1343 2418 1622 2478 abstinuit.
1672 2427 1727 2469 ut
1759 2417 1873 2484 ipse
1928 2425 2155 2473 testatur

548 2494 606 2548 in
637 2493 896 2548 relatione
926 2507 1020 2545 sua
1050 2490 1116 2544 ad
1163 2489 1614 2544 Valentinianum.
1655 2489 1784 2542 Vide
1835 2505 1954 2557 qua:
1991 2503 2152 2557 supra

559 2567 735 2618 notavi
767 2565 834 2618 dc
857 2564 1060 2632 privata
1083 2563 1464 2617 communione
1489 2570 1545 2614 et
1569 2561 2148 2632 excotntnunicatione.

557 2635 825 2692 Ctetcrum
845 2631 985 2705 quod
1011 2636 1095 2687 hic
1117 2633 1303 2688 scribit
1322 2633 1603 2705 Cornelius
1631 2632 1925 2705 Novatiano
1956 2631 2154 2705 Moysis

557 2704 872 2777 pra-:judicio
887 2707 1268 2777 condemnato,
1294 2705 1343 2759 id
1377 2721 1405 2758 a
1429 2704 1930 2777 Moysepauloante
1945 2704 2149 2758 obitum

559 2775 691 2834 inihi
727 2780 922 2834 factum
955 2777 1186 2832 videtur.
1217 2776 1346 2830 Nam
1367 2777 1520 2830 initio
1539 2775 1751 2844 quidem
1784 2775 1992 2846 Moyses
2019 2790 2151 2830 con.

559 2852 732 2907 fossor
763 2868 884 2906 cum
912 2850 1212 2905 Novatiano
1250 2848 1705 2902 communicabat.
1736 2846 1946 2900 Etcum
1977 2847 2154 2901 clerus

561 2924 835 2978 Romanus
863 2922 1144 2992 epistolam
1177 2921 1325 2974 illam
1351 2921 1414 2974 ad
1435 2919 1775 2992 Cyprianum
1793 2919 2008 2987 scripsit
2034 2935 2153 2988 qua:

562 2998 702 3050 inter
730 2991 981 3065 Cypriani
1022 2993 1280 3062 epistolas
1310 2992 1479 3059 prima
1506 3005 1581 3065 a_c_
1601 2991 1871 3065 tricesima
1900 3005 2155 3065 numera-

565 3078 668 3121 tur.
704 3062 878 3118 adhuc
906 3065 1114 3134 Moyses
1157 3079 1344 3133 pacem
1377 3079 1497 3117 cum
1538 3062 1836 3115 Novatiano
1871 3063 2153 3134 servabat.

2250 1488 2470 1544 abiisse.
2515 1488 2724 1559 Quippe
2777 1487 3060 1559 Cornelius
3098 1484 3484 1559 anno_Christi
3526 1484 3656 1551 ‘251,
3699 1485 3858 1559 Decio

2252 1560 2492 1630 Augusto
2555 1562 2588 1616 5
2623 1556 2702 1616 Ἐι
2763 1560 2927 1616 Decio
2976 1557 3189 1614 Caesare
3239 1556 3394 1612 Coss.
3453 1571 3642 1630 mense
3693 1557 3860 1626 Aprili

2247 1629 2397 1698 juxta
2472 1632 2684 1686 Baronii
2750 1632 3106 1696 sententiam,
3161 1630 3331 1683 factus
3380 1637 3464 1683 est
3515 1629 3854 1698 episcopus:

2253 1702 2464 1773 Moyses
2529 1719 2658 1758 vero
2736 1718 2923 1757 mense
2991 1702 3289 1773 Februario
3348 1700 3593 1768 ejusdem
3654 1699 3780 1753 anni
3827 1713 3859 1754 e

2256 1769 2364 1828 vita
2395 1775 2745 1840 discesserat,
2777 1790 2898 1830 cum
2921 1773 3045 1828 anni
3075 1772 3250 1844 spatio
3276 1769 3329 1825 in
3357 1786 3582 1844 carcere
3612 1785 3860 1844 perman-

2256 1846 2419 1901 sisset
2460 1859 2516 1901 ιιι
2571 1861 2734 1916 supra
2788 1841 3119 1901 observavi.‘
3149 1844 3425 1916 Porroiex
3467 1842 3706 1912 quinque
3754 1841 3856 1897 illis

2257 1917 2592 1988 presbyteris
2618 1915 2710 1989 qui
2736 1934 2857 1972 cum
2887 1916 3185 1989 Novatiano
3211 1915 3287 1989 ab
3307 1915 3547 1969 Ecclesia
3580 1929 3639 1968 se
3675 1928 3855 1989 segre-

2254 1985 2534 2060 gaverant,
2569 1985 2709 2045 unus
2763 1989 2929 2043 fuisse
2979 1988 3187 2060 videtur
3228 1985 3856 2060 Maximus_presbyter,

2255 2055 2486 2116 Maximo
2519 2061 2594 2115 illi
2618 2061 2916 2116 confessori
2935 2059 3270 2129 cognominis
3287 2075 3300 2122 ;
3317 2073 3489 2129 "quem
3520 2055 3851 2129 Novatianus

2255 2133 2487 2202 legatum
2520 2141 2707 2202 postea
2755 2133 2902 2186 misit
2941 2127 3284 2186 inﬂAfrieam.
3311 2128 3593 2202 Vict-2510s.
3621 2127 3858 2202 QltlASiﬂl

2258 2199 2333 2258 illi
2362 2199 2596 2273 quinque
2642 2203 2942 2274 presbyteri
2987 2202 3237 2274 Romani,
3263 2201 3359 2274 qui
3389 2216 3506 2254 cum
3549 2199 3852 2274 Novatiano

2257 2269 2470 2329 sese—ab
2503 2269 2741 2329 Ecclesia
2767 2269 3139 2345 segregarunt,
3175 2271 3278 2327 sibi
3308 2277 3692 2345 incompertum
3739 2269 3853 2345 Va-

2260 2347 2658 2402 Iesinslatetur.
2691 2341 2980 2400 Maximum
3011 2355 3188 2400 tamen
3219 2341 3856 2415 presbyterum,Maximo

2259 2417 2560 2473 confessori
2610 2419 3008 2488 cognominem,
3050 2433 3210 2486 quem
3230 2413 3577 2488 ‘Nova‘tianus
3628 2415 3859 2488 legatum

2261 2501 2445 2559 postea
2475 2491 2619 2544 misit
2643 2484 2974 2555 inAfricam,
2994 2484 3193 2558 quique
3217 2484 3546 2556 Carthagine
3569 2486 3861 2559 epismpus

2263 2556 2543 2616 ordinatus
2560 2573 2662 2626 est,
2686 2578 2849 2615 unum
2866 2578 2927 2616 ex
2960 2556 3067 2614 illis
3083 2556 3248 2614 fuisse
3264 2560 3534 2628 Opinatur.
3567 2556 3862 2612 Tilletnou-

2260 2633 2386 2686 tius.
2423 2632 2557 2686 Hist.
2588 2634 2734 2686 Eccl.
2759 2644 2886 2687 tom.
2919 2648 2998 2696 ιιι,
3029 2647 3150 2701 pag.
3178 2629 3304 2692 M2,
3336 2631 3459 2683 huic
3505 2629 3664 2701 adjici
3709 2643 3862 2697 posse

2259 2714 2412 2774 putat
2454 2704 2822 2775 Hippolytum,
2857 2706 2946 2771 qui
2997 2700 3309 2775 Prudentia
3341 2711 3519 2775 lesle,
3568 2700 3864 2775 Noyatiano

2260 2771 2492 2844 primum
2510 2771 2774 2837 addictus,
2793 2791 2854 2830 ac
2872 2775 3214 2845 postmodum
3237 2773 3472 2827 scltisma
3501 2775 3619 2845 ejus
3642 2771 3867 2826 detesta-

2262 2843 2368 2912 tus,
2388 2848 2560 2903 labem
2587 2849 2730 2902 illam
2746 2843 2942 2903 celebri
2963 2847 3220 2916 martyrio
3237 2845 3514 2900 abster~it.
3547 2843 3645 2898 Hic
3665 2859 3861 2899 caven-

2260 2917 2411 2984 dum,
2447 2935 2514 2974 ne
2536 2920 2773 2989 quinque
2819 2919 3146 2990 presbyteri,
3175 2919 3312 2990 quos
3347 2916 3560 2990 Moyses
3583 2928 3805 2990 martyr
3834 2931 3865 2969 a

2261 2990 2641 3045 communione
2663 2987 2755 3046 sua
2769 2987 3072 3061 segregavit
3087 3005 3207 3044 eum
3223 2989 3288 3061 iis
3303 2987 3704 3061 confundantur
3719 2987 3870 3058 quin-

2264 3077 2369 3131 que
2387 3063 2715 3132 presbyteris
2743 3057 2990 3116 factionis
3015 3061 3228 3125 Novati,
3259 3059 3326 3113 de
3343 3061 3538 3132 quibus
3559 3057 3867 3132 Cyprianus

562 3113 1822 3203 :4‘.'.a.:.‘.‘.'.‘.i;.."iat‘suasura;satiatam;**
1854 3113 2158 3199 ριίίηέιξςιιιί
2187 3113 2231 3173 c
2270 3113 3861 3203 ra;.'i;.r.1.;a.'.ai.mec*.s.~a;.an.',.m..;spartanae;

565 3208 890 3261 Novatianus
921 3208 1034 3272 ipse
1072 3206 1352 3274 epistolam
1399 3221 1516 3260 eam
1571 3215 1972 3272 composuerat,
2025 3205 2166 3260 sicut

566 3288 788 3334 testatur
808 3278 1107 3349 Cyprianus
1134 3278 1184 3332 in
1207 3277 1431 3349 epistola
1460 3277 1524 3329 ad
1548 3275 1931 3349 Antonianum.
1961 3276 2038 3330 Ex
2061 3292 2165 3346 qua

568 3351 836 3420 ingenium
856 3346 923 3403 vet
969 3351 1326 3418 eloquentiam
1379 3347 1653 3420 Novatiani
1687 3346 1862 3420 obiter
1901 3346 2024 3420 licet
2074 3364 2164 3402 c0-

567 3415 848 3491 gtfoscere.
899 3421 992 3474 Est
1035 3415 1180 3491 enim
1226 3419 1452 3488 epistola
1491 3419 1600 3482 illa,
1645 3427 1704 3470 ut
1739 3415 2010 3491 fatendum
2060 3431 2161 3482 est.

567 3488 988 3562 elegantissima.
1025 3490 1231 3558 Scripta
1266 3499 1348 3544 est
1374 3499 1588 3562 autem,
1625 3505 1780 3562 cum;
1803 3488 1906 3562 iam
1954 3489 2164 3562 Moyses

567 3559 766 3618 annum
810 3566 861 3617 in
891 3577 1108 3615 carcere
1138 3562 1407 3629 exegisset
1450 3560 1592 3630 quod
1635 3576 1703 3614 ex
1747 3559 1997 3628 Cypriani
2040 3559 2166 3630 Epi-

567 3636 720 3692 stolis
761 3635 828 3689 ad
879 3635 1111 3704 Moysetn
1149 3634 1298 3702 prius
1329 3634 1468 3688 datis
1494 3642 1679 3702 aperte
1733 3631 2020 3701 colligitur.
2053 3635 2163 3690 νΑ-

568 3723 768 3763 LESIUS.

641 3784 736 3853 Eua
760 3789 866 3840 τοῖς
893 3781 1040 3853 πέντε
1064 3777 1458 3853 τηρεᾳϐυτέθᾳις.
1496 3776 1727 3853 Quintilii
1754 3774 1970 3853 fuerint
2009 3778 2165 3848 quin-

569 3869 673 3923 que
689 3852 760 3905 illi
780 3849 1075 3920 presbyteri
1095 3845 1185 3918 qui
1201 3845 1637 3923 cum'Novatiano
1653 3845 1886 3923 schisma
1903 3845 2160 3915 fecerant,

570 3918 702 3977 mihi
720 3918 1359 3992 quidemincompertum
1387 3931 1490 3976 est.
1523 3918 1706 3989 Neque
1733 3920 1877 3992 enim
1903 3930 2028 3988 puto
2042 3937 2166 3978 esse

571 3991 858 4050 Maximum
889 3991 1258 4062 presbyterum
1286 4001 1339 4047 et
1373 3992 1763 4054 confessorem,
1791 3991 2027 4058 quicum
2059 3993 2160 4050 Ur-

573 4067 734 4130 bano,
756 4064 980 4121 Sidonio
1008 4078 1072 4118 ac
1089 4063 1394 4118 Nicostrate
1415 4079 1478 4119 ac
1508 4065 1729 4133 reliquis
1759 4066 2164 4120 cont‘essoribus

571 4155 601 4193 a
631 4138 924 4192 Novatiano
963 4134 1249 4204 (lCCepttts,
1283 4135 1401 4202 ejus
1434 4145 1611 4203 partes
1648 4135 1977 4204 aliquamdiu
2008 4135 2161 4192 fovit.

570 4210 776 4277 Quippe
793 4207 1052 4262 Maximus
1070 4218 1119 4261 et
1141 4207 1331 4276 reliqui
1346 4207 1708 4268 confessores,
1724 4216 1934 4261 mortuo
1947 4208 2164 4264 demum

569 4282 750 4351 Moyse
768 4279 1041 4351 Novatiani
1064 4279 1299 4351 partibus
1320 4294 1440 4333 sese
1460 4279 1838 4351 adjun_xerunt,
1862 4288 1916 4331 ut
1941 4288 2165 4334 testatur

568 4349 998 4406 vetusauctorde
1015 4349 1359 4404 Pontilicibus
1373 4351 1529 4403 Rom.
1553 4368 1570 4400 ι
1598 4349 1953 4416 Eotempore,
1971 4351 2159 4419 inquit.

567 4423 878 4492 supervenit
897 4421 1127 4474 Novatus
1152 4436 1216 4492 ex
1246 4421 1440 4482 Africa,
1469 4429 1523 4473 et
1547 4419 1899 4488 separavitab
1928 4423 2162 4477 Ecclesia

2272 3204 2392 3259 bem
2423 3221 2572 3258 suam
2598 3207 2744 3273 plura
2761 3206 3024 3260 edisserit.
3051 3204 3328 3274 Hiquippe
3350 3201 3488 3268 Afri,
3511 3201 3586 3256 illi
3607 3201 3834 3257 Romani

2271 3276 2323 3329 hi
2369 3275 2727 3343 Felicissimo,
2759 3277 2833 3332 illi
2859 3277 3158 3331 Novatiano
3184 3274 3418 3337 addicti;
3448 3290 3632 3343 pacem
3664 3275 3715 3328 hi
3738 3290 3839 3328 con

2270 3347 2533 3402 cedebant
2561 3347 2722 3418 lapsis
2764 3349 2909 3402 nulla
2956 3359 3142 3403 exaeta
3187 3345 3526 3418 poenitentia,
3586 3347 3659 3400 illi
3704 3345 3868 3401 etiam

2271 3417 2653 3488 pcenitentibus
2683 3420 2961 3489 negabant.
2993 3418 3297 3474 Cousnur.
3340 3417 3438 3489 Vix
3493 3418 3620 3472 illud
3671 3418 3871 3472 intelli-

2269 3506 2472 3560 gerent,
2529 3507 2631 3559 qua
2690 3488 2897 3545 ratione
2935 3491 3037 3545 dici
3090 3500 3271 3558 posset
3314 3505 3344 3542 a
3390 3488 3600 3560 Valesio
3647 3489 3865 3560 Moyses

2269 3559 2553 3632 presbyter
2573 3563 2824 3617 Cornelio
2844 3561 2984 3616 haud
3008 3562 3204 3616 favisse
3231 3561 3487 3632 adversus
3509 3559 3861 3632 Novatiauunt

2267 3648 2411 3699 cum,
2438 3630 2864 3688 ittCoust:intitts
2878 3649 3039 3701 supra
3067 3635 3292 3694 monuit,
3323 3631 3601 3686 Novatiani
3623 3630 3861 3686 schisma

2269 3704 2470 3776 Moysis
2508 3716 2681 3776 morte
2720 3706 2868 3775 prius
2906 3706 3063 3760 fuisse
3089 3705 3371 3760 Cornelius
3408 3703 3510 3757 hoc
3546 3704 3663 3776 loco
3695 3712 3863 3758 teste-

2271 3771 2386 3840 tur';
2415 3777 2514 3829 nisi
2538 3771 2804 3840 Valesius,
2825 3777 2963 3832 sicut
2981 3778 3302 3830 Pearsouius
3331 3777 3381 3829 in
3405 3777 3596 3830 Annal.
3615 3771 3864 3846 Cyprian.

2268 3847 2342 3903 ad
2362 3863 2428 3902 an
2456 3847 2583 3914 251,
2611 3847 2638 3920 §
2674 3850 2721 3904 l.
2754 3849 3031 3920 Novatiani
3077 3848 3312 3903 schisma
3346 3859 3566 3920 promer
3596 3847 3866 3917 lapsorum

2268 3917 2633 3988 receptioneui
2663 3932 2789 3975 ante
2809 3919 3117 3975 Cornelium
3145 3921 3457 3988 episcopum
3485 3917 3684 3974 factum
3737 3935 3866 3974 con-

2271 3990 2453 4060 tigisse
2477 3992 2789 4056 statuisset;
2817 3993 2900 4046 cui
2934 3992 3149 4060 quidem
3191 3990 3427 4060 opinioni
3474 4005 3596 4044 sese
3645 3993 3865 4060 opponit

2268 4061 2646 4117 Tillemontius
2675 4073 2784 4117 not.
2808 4079 2884 4124 ιιι,
2919 4065 2969 4117 in
3001 4061 3314 4127 Cornelium,
3348 4062 3504 4114 Metu.
3548 4062 3653 4116 vol.
3680 4079 3756 4126 In,
3805 4079 3860 4132 ιι.

2268 4134 2394 4196 547.
2437 4136 2501 4188 ed
2533 4134 2746 4189 Bruxel.
2781 4135 3003 4189 Videtur
3036 4146 3212 4188 tamen
3257 4135 3632 4189 controversia
3675 4135 3861 4190 saltem

2268 4204 2335 4258 de
2391 4205 2576 4261 iisdem
2628 4207 2947 4276 recipiendis
3011 4207 3159 4276 prius
3212 4207 3473 4270 extitisse,
3507 4222 3665 4274 quant
3694 4204 3862 4260 factus

2267 4288 2410 4331 esset
2448 4278 2729 4332 Cornelius
2757 4279 3060 4347 epise0pus.
3096 4277 3204 4332 vid.
3253 4293 3412 4347 supra
3445 4293 3562 4345 pag.
3596 4277 3687 4332 28.
3749 4278 3865 4332 Ca:-

2270 4357 2441 4401 terum
2473 4349 2625 4403 abest
2656 4367 2754 4403 vox
2785 4353 2932 4406 πέντε
2961 4367 2990 4403 a
3018 4349 3145 4405 Cod.
3181 4347 3420 4418 Norfolc.
3452 4350 3663 4404 llouru.

2339 4419 2415 4474 8'.
2442 4418 2551 4476 Ἐπὶ
2574 4420 2785 4494 Ῥώμης.
2812 4422 2920 4494 uel
2956 4431 3046 4481 τῆς
3081 4422 3294 4494 Ἰθώμης,
3327 4432 3381 4474 ιιι
3423 4421 3582 4490 paulo
3614 4420 3769 4489 infra,
3810 4434 3864 4476 et

568 4491 923 4572 Novatianum
953 4491 1290 4572 et_qtntosdam
1321 4491 1678 4572 confessores,
1712 4501 1993 4572 postquam
2019 4493 2164 4565 Moy-
2187 4512 2241 4572 D
2267 4493 2353 4546 τὸν
2383 4491 2795 4572 κατὰλογονίιιδ.
2830 4492 3068 4572 1V_or{o_lc_.
3114 4491 3324 4572 Rouru.

567 4583 655 4619 ses
683 4567 732 4619 in
761 4578 977 4618 cat-cere
999 4562 1280 4614 defunctus
1299 4571 1398 4616 est.
1416 4580 1433 4612 ι
1463 4561 2161 4632 Novatianusquidemante

565 4638 766 4708 Moysis
793 4637 995 4708 obitum
1025 4633 1113 4702 qui
1141 4632 1574 4708 contigitmense
1591 4633 1910 4708 Februario,
1943 4635 2105 4708 Decio
2126 4638 2161 4691 5

566 4720 621 4761 et
651 4704 876 4762 Etrusco
905 4706 1054 4759 Coss.
1077 4720 1136 4758 se
1165 4706 1234 4758 ab
1264 4704 1496 4758 Ecclesia
1525 4705 1832 4770 sejunxerat
1861 4723 1873 4757 :
1903 4705 1996 4759 sed
2028 4721 2159 4761 con-

566 4779 800 4832 fessores
848 4777 1059 4829 nonnisi
1096 4775 1276 4847 Moyse
1317 4783 1527 4829 mortuo
1553 4775 1619 4829 ad
1654 4775 1930 4830 Novatiani
1978 4787 2158 4846 partes

569 4849 916 4903 transierunt.
934 4847 1111 4919 Τειιιιει
1136 4849 1215 4919 vis
1234 4859 1393 4917 atque
1419 4849 1709 4901 auctoritas
1736 4848 1786 4901 in
1815 4848 1995 4919 Moyse
2015 4859 2155 4904 erat.

565 4919 729 4990 ldquc
755 4928 900 4974 certe
931 4918 1101 4972 innuit
1129 4917 1427 4989 Cyprianus
1456 4919 1506 4971 in
1535 4919 1691 4987 epist.
1721 4919 1810 4984 5|,
1843 4917 1924 4974 his
1953 4921 2152 4978 verbis.

569 5013 587 5045 ι
617 4995 967 5057 Posteaquam
995 5005 1087 5044 vos
1113 4991 1178 5045 de
1195 5005 1412 5045 carcere
1431 4991 1754 5059 prodeuntes
1783 4990 2156 5048 scltismaticus

559 5075 615 5119 et
642 5063 928 5118 haereticus
957 5077 1109 5116 error
1136 5065 1364 5131 excepit,
1414 5063 1491 5117 sic
1520 5077 1606 5116 res
1637 5071 1754 5118 erat
1793 5064 1944 5134 quasi
1982 5064 2153 5132 gloria

559 5147 738 5191 vestra
758 5135 809 5188 in
837 5148 1054 5190 carcere
1084 5134 1486 5189 remansisset.»
1517 5134 1678 5204 Atqui
1705 5145 1915 5189 constat
1943 5134 2156 5192 confes-

554 5223 733 5280 sores,
764 5204 1234 5280 nonnisimortpo
1275 5205 1492 5280 Moyse,
1525 5223 1589 5262 ex
1635 5223 1851 5280 carcere
1902 5206 2153 5264 dimiSsos

557 5279 744 5350 fuisse.
791 5276 900 5350 Cur
926 5277 1071 5331 enim
1116 5276 1215 5347 ipsi
1258 5276 1434 5350 potius
1463 5279 1669 5334 dimissi
1715 5279 1940 5335 fuissent
1987 5295 2150 5350 quam

553 5349 802 5422 Moyses?
835 5348 962 5422 Post
1005 5359 1230 5403 mortem
1261 5349 1420 5418 igitur
1446 5348 2022 5422 MoysisNuvatianum
2065 5365 2152 5406 se-

554 5420 661 5476 cuti
681 5428 823 5492 sunt.
843 5420 1020 5487 Quare
1047 5434 1152 5473 non
1177 5422 1444 5492 assentior
1470 5421 1718 5492 Baronio,
1748 5424 1835 5492 qui
1865 5423 1929 5476 ad
1947 5439 2147 5478 annum

550 5493 752 5548 Christi
783 5491 912 5556 254,
945 5506 1172 5546 numero
1195 5490 1732 5556 66,aiteonfessores
1762 5490 1938 5548 adhuc
1964 5496 2014 5548 in
2031 5510 2149 5549 car-

550 5578 676 5620 cere
717 5564 939 5633 positos,
970 5561 1265 5616 Novatiano
1294 5562 1552 5617 adversus
1592 5562 1896 5620 Cornelium
1926 5566 2140 5622 favisse.

551 5635 659 5706 Sed
689 5650 861 5703 neque
890 5634 1020 5706 illud
1053 5635 1223 5689 libens
1249 5635 1478 5706 Baronio
1499 5638 1855 5690 concesserim
1879 5637 2021 5706 quod
2049 5638 2147 5692 ibi-

546 5705 671 5775 dem
713 5706 900 5760 scribit
940 5705 1178 5774 Moysem
1229 5703 1434 5758 scilicet
1475 5708 1845 5775 presbyterum
1895 5703 2145 5763 Cornelio

541 5772 738 5828 favisse
800 5772 1058 5829 adversus
1107 5772 1489 5829 Novatianum:
1535 5772 1662 5829 Milli
1725 5777 1870 5829 enim
1934 5780 2145 5833 videtur

535 5839 746 5906 Moyses
800 5843 958 5906 paulo
1012 5851 1137 5894 ante
1187 5840 1582 5900 ordinationem
1635 5841 1868 5900 Cornelii
1917 5863 1948 5900 e
1999 5849 2138 5903 vivis

2339 4564 2662 4637 Μνημονεύει.
2708 4564 2808 4637 Ista
2853 4565 3064 4619 Eusebii
3113 4567 3286 4637 verba
3308 4564 3550 4618 nonnulli
3579 4564 3858 4620 conferen-

2266 4644 2346 4707 t_e_s
2373 4636 2493 4707 cum
2522 4637 2605 4700 iis,
2631 4636 2822 4704 quibus
2865 4637 3220 4707 Hieronymus
3260 4636 3328 4690 de
3371 4637 3570 4704 Script.
3615 4637 3757 4692 Eccl.
3805 4653 3858 4693 c.

2263 4705 2353 4780 Q6.
2383 4705 2686 4780 Cornelium
2717 4707 2781 4761 ad
2813 4708 3033 4762 Fabium
3069 4705 3358 4776 scripsisse
3386 4710 3545 4762 tradit
3579 4709 3642 4763 de
3665 4712 3860 4780 synodo

2265 4776 2520 4850 ﬂaminia,
2543 4778 2732 4833 Italica
2760 4789 2805 4832 et
2830 4780 3095 4850 Africana,
3129 4787 3372 4834 sanctum
3399 4779 3545 4833 illum
3577 4776 3857 4837 doctorem

2262 4848 2334 4920 ibi
2359 4849 2425 4904 ad
2459 4851 2595 4904 hanc
2621 4851 2852 4905 Cornelii
2877 4848 3180 4920 epistolam
3213 4851 3480 4918 reSpicere
3505 4851 3857 4908 arbitrantur.

2260 4919 2364 4975 Sed
2392 4922 2523 4995 alias
2556 4919 3201 4995 potius_commemorare
3249 4922 3457 4976 videtur
3481 4923 3724 4991 ejusdem
3764 4940 3864 4995 pa-

2263 5006 2341 5064 pa;
2366 4993 2430 5046 ad
2453 4994 2704 5064 eumdem
2729 4993 2952 5047 Fabium
2979 4995 3212 5058 litteras,
3247 4995 3298 5047 in
3324 4996 3516 5064 quibus
3563 5005 3696 5051 teste
3750 4993 3858 5051 Eu-

2258 5063 2410 5118 sebio
2437 5080 2552 5133 pag.
2581 5063 2688 5119 242
2717 5085 2734 5116 ι
2761 5075 2814 5120 et
2836 5065 3091 5119 Romana:
3111 5067 3300 5136 synodi
3331 5063 3496 5135 gesta,
3531 5075 3587 5120 et
3612 5067 3855 5124 omnium

2260 5149 2358 5204 per
2389 5136 2588 5189 Italiam
2615 5137 2921 5190 etAfricam
2947 5138 3186 5207 aliasque
3210 5137 3451 5191 locorum
3482 5138 3692 5192 illorum
3727 5157 3855 5207 pro-

2258 5207 2458 5261 vincias
2483 5209 2763 5262 sententiae
2807 5208 3199 5262 declarantur.»
3233 5209 3498 5276 Quorsum
3541 5225 3671 5265 vero
3716 5210 3857 5267 Cor-

2258 5278 2431 5353 nelius
2458 5278 2523 5332 ad
2580 5279 2800 5353 Fabium
2853 5279 3119 5353 scribens,
3169 5281 3287 5334 sive
3336 5281 3710 5350 episcoporum
3761 5285 3854 5353 qui

2255 5349 2501 5424 Romano
2543 5351 2771 5405 concilio
2801 5350 3101 5424 adfuerant,
3135 5353 3249 5406 sive
3271 5349 3460 5406 eorum
3489 5349 3578 5422 qui
3608 5349 3854 5424 ejusdem

2253 5423 2445 5494 synodi
2472 5421 2685 5478 decreta
2708 5437 2802 5492 per
2831 5421 3034 5477 litteras
3072 5421 3584 5493 comprobaverunt,
3636 5421 3852 5482 nomina

2253 5506 2309 5549 et
2339 5495 2607 5551 Ecclesias
2638 5504 2743 5548 tam
2771 5506 3019 5566 accurate
3049 5497 3338 5561 annotarit,
3387 5511 3418 5550 e
3469 5497 3711 5566 subjecta
3741 5500 3851 5566 Cy-

2254 5567 2425 5635 priani
2455 5568 2681 5638 epistola
2708 5582 2800 5621 xu.
2833 5582 2888 5619 ιι.
2915 5565 2968 5620 8.
2997 5566 3251 5636 colligere
3277 5567 3419 5633 licet,
3450 5567 3538 5622 ubi
3561 5565 3681 5622 cum
3707 5565 3851 5625 idem

2253 5638 2446 5707 prmsul
2507 5639 2571 5693 ad
2625 5638 2928 5694 Cornelium
2978 5640 3219 5706 proxime
3271 5639 3481 5692 misisse
3520 5655 3579 5694 se
3626 5640 3854 5696 dixisset

2257 5729 2276 5759 ι
2315 5712 2527 5780 nomina
2549 5713 2947 5780 episcoporum,
2967 5709 3056 5779 qui
3079 5710 3193 5763 sani
3221 5718 3276 5763 et
3303 5708 3495 5780 integri
3528 5713 3578 5765 in
3605 5710 3849 5767 Ecclesia

2248 5779 2511 5854 catholica
2558 5779 2810 5838 fratribus
2843 5791 3102 5854 prtesuut,
3145 5781 3324 5835 statim
3359 5779 3618 5854 radjungit
3653 5802 3665 5836 :
3695 5782 3849 5850 Quod

2248 5851 2430 5918 utique
2460 5853 2528 5906 de
2557 5855 2794 5908 onmium
2845 5851 3175 5920 nostrorum,
3218 5851 3455 5909 consilio
3497 5851 3733 5924 placuit,
3789 5865 3849 5910 ut
