4252 6258
400 5856 459 5903 ,τί

542 266 648 325 767

1558 270 2000 329 ROMANORUM
2025 267 2442 329 PONTIFICUM
2480 271 2867 331 EPlSTOL/E.

3749 279 3871 335 768

614 381 701 438 VI.
734 382 1040 440 Secundum
1062 384 1205 457 quod
1231 392 1411 444 tamen
1437 396 1561 444 ante
1592 387 1765 444 fuerat
1789 389 2140 459 destinatum,
2174 393 2224 453 Α
2249 390 2431 446 cordia
2478 401 2532 449 et
2568 393 2886 465 colligendae
2935 394 3282 453 fraternitatis
3325 412 3390 454 ae
3434 397 3691 455 medendi
3734 400 3873 456 vuI-v

542 478 924 550 persecutione
970 480 1176 550 sepita,
1225 496 1346 541 cum
1379 482 1499 537 data
1524 492 1670 537 esset
1696 482 1919 539 facultas
1948 499 2147 538 conve-

544 572 761 642 niendi,
789 572 1042 643 copiosus
1071 574 1447 646 episcoporum
1476 591 1733 631 numerus
1758 618 1772 642 ,
1823 592 1957 644 quos
2006 576 2145 630 intc-

547 681 673 740 gros
702 675 756 721 et
782 666 1080 722 incolumes
1130 666 1264 723 fides
1310 683 1404 722 sua
1452 679 1505 724 et
1554 668 1767 723 Domini
1810 669 1976 723 tutela
2025 683 2151 740 pro-

543 759 678 814 texit
706 767 755 822 δ,
786 758 840 813 in
869 773 1035 814 unum
1066 759 1437 827 convenimus,
1477 770 1531 815 et
1565 761 1861 831 Scripturis
1894 760 1922 799 ι)
1960 760 2051 816 diu
2082 777 2148 816 ex

543 859 771 920 utraque
803 860 955 919 parte
983 850 1225 922 prolatis,
1260 861 1745 923 temperamentum
1779 853 1981 909 salubri
2028 867 2147 907 mo-

544 941 871 999 derationec
899 943 1236 1013 libravimus,
1280 954 1339 1000 ut
1380 961 1480 1001 nec
1509 946 1564 1000 in
1615 955 1784 1001 totum
1835 961 1960 1016 spes
2003 961 2152 1003 com-

545 1040 930 1097 municationis
970 1049 1025 1096 et
1068 1040 1218 1110 pacis
1271 1041 1437 1112 lapsis
1485 1041 1871 1112 denegaretur;
1920 1057 1988 1097 ne
2030 1041 2151 1111 plus

546 1132 923 1205 desperatione
957 1130 986 1171 ἀ
1027 1133 1354 1202 deficerent,
1403 1142 1459 1190 et
1504 1149 1570 1190 eo
1618 1135 1761 1206 quod
1810 1135 1909 1189 sibi
1962 1134 2154 1190 Eccle-

546 1227 627 1282 sia
672 1226 978 1283 cluderetur
1030 1237 1079 1295 θ,
1141 1226 1316 1283 secuti
1372 1227 1629 1282 saeculum
1679 1227 1949 1298 gentiliter
2002 1227 2150 1281 vive-

546 1329 701 1387 rent;
773 1335 872 1376 nec
916 1329 1096 1376 tamen
1145 1334 1330 1375 rursus
1370 1333 1597 1375 censura
1639 1319 1947 1389 evangelica
1973 1320 2154 1373 solve-

548 1427 717 1482 retur,
761 1426 820 1470 ιιι
866 1415 933 1470 ad
961 1414 1501 1471 communicationem
1556 1422 1761 1469 temere
1811 1412 2150 1484 prosilirent;

548 1507 648 1565 sed
699 1508 1003 1564 traheretur
1064 1508 1156 1563 diu
1210 1506 1557 1579 poenitentia,
1611 1516 1666 1562 et
1715 1515 1996 1576 rogaretur
2051 1505 2150 1560 do-

496 1648 503 1657 ,
549 1602 723 1658 lenter
774 1612 995 1672 paterna
1042 1602 1360 1668 clementia,
1397 1609 1453 1656 et
1497 1600 1936 1656 examinareutur
1976 1612 2153 1653 causa:

551 1709 606 1757 et
646 1700 949 1757 voluntates
976 1709 1031 1755 et
1086 1699 1436 1756 necessitates
1465 1699 1794 1769 singulorum
1813 1739 1829 1764 ,
1857 1684 2151 1752 secundum

2251 483 2396 538 ueris
2441 484 2640 539 utilitas
2682 484 2968 557 exigebat,
3000 490 3307 545 necessitati
3334 500 3643 563 temporum
3665 508 3871 551 succua

2251 573 2452 641 bui:se,
2487 587 2540 631 ct
2569 576 2727 632 saluti
2752 580 3044 636 multorum
3075 582 3465 650 providendum
3501 594 3756 654 putasse;
3802 594 3870 644 et

2253 681 2395 721 nunc
2420 668 2486 723 ab
2522 668 2606 724 his
2634 684 2740 725 non
2771 671 3059 732 recedere.
3117 688 3237 745 qua:
3293 675 3466 731 semel
3518 676 3576 733 in
3628 678 3867 737 concilio

2252 768 2437 813 nostro
2466 760 2533 815 de
2558 762 2832 816 communi
2879 763 3171 820 collatione
3222 766 3564 838 placuerunt,
3604 773 3860 841 quamvis

2253 852 2421 905 multa
2476 852 2766 909 multorum
2817 857 3039 915 vocibus
3069 859 3419 929 ventilentur,
3473 873 3528 919 et
3579 865 3870 925 mendacia

2253 944 2509 1001 adversus
2541 949 2852 1006 sacerdotes
2878 952 2972 1007 Dei
3002 952 3072 1008 de
3096 953 3296 1011 diaboli
3345 971 3441 1012 ore
3496 960 3735 1029 prolata,
3785 961 3865 1017 ad

2254 1039 2607 1108 rumpendam
2656 1042 2939 1099 catholicze
2993 1046 3213 1103 unitatis
3260 1048 3603 1107 concordiam
3656 1052 3866 1125 ubique

2248 1130 2538 1199 jactentur.
2576 1133 2683 1189 Sed
2715 1146 2764 1190 te
2789 1145 3023 1206 oportet,
3055 1150 3113 1194 ut
3163 1140 3364 1197 bonum
3418 1143 3643 1201 fratrem
3692 1158 3867 1219 atque

2256 1225 2562 1281 unanimem
2613 1230 3088 1300 consacerdotem,
3139 1249 3250 1290 non
3277 1236 3407 1308 quid
3451 1238 3670 1310 maligni
3697 1249 3863 1312 atque

2256 1329 2513 1389 apostatae
2555 1323 2738 1378 dicant
2793 1325 2948 1382 facile
2997 1329 3308 1400 suscipere;
3341 1330 3438 1386 sed
3481 1333 3609 1404 quid
3637 1334 3860 1407 collegae

2260 1412 2334 1465 tui
2367 1413 2596 1469 modesti
2622 1424 2678 1470 et
2706 1431 2897 1486 graves
2923 1419 3021 1473 viri
3077 1419 3273 1476 faciant
3322 1421 3389 1476 de
3418 1423 3544 1479 vitae
3589 1432 3647 1480 et
3693 1425 3860 1483 disci-

2256 1508 2416 1577 plina:
2449 1520 2647 1585 nostra:
2675 1513 3043 1583 exploratione
3070 1515 3462 1586 perpenderef.

2330 1603 2462 1659 VIII.
2497 1603 2667 1660 Venio
2707 1607 2816 1676 jam
2863 1624 3027 1676 nunc,
3059 1608 3225 1665 frater
3254 1611 3611 1681 charissime,
3644 1613 3711 1671 ad
3738 1630 3863 1687 per-

2256 1709 2446 1750 sonam
2475 1707 2499 1743 8
2540 1698 2780 1754 Cornelii
2823 1700 3048 1772 collega:
3078 1704 3246 1759 nostri
3279 1720 3292 1758 :
3324 1714 3385 1760 ut
3412 1704 3728 1763 Cornelium
3754 1724 3860 1764 no-

552 1790 695 1863 quod
721 1791 906 1847 libello
943 1791 1268 1857 continetur,
1315 1805 1474 1860 quem
1505 1789 1570 1844 ad
1603 1799 1654 1845 te
1682 1789 1991 1860 pervenisse
2020 1803 2152 1843 con-
2184 1798 2232 1860 B
2261 1789 2464 1844 biscum
2493 1791 2672 1846 verius
2702 1794 2935 1857 noveris,
2979 1809 3085 1849 non
3133 1795 3201 1851 de
3250 1798 3610 1868 malignorum
3655 1808 3710 1856 et
3760 1801 3862 1857 de—

550 1884 678 1950 fido,
712 1885 802 1939 ubi
828 1884 1038 1956 singula
1083 1885 1401 1954 placitorum
1440 1886 1614 1953 capita
1658 1883 1963 1951 conscripta
1999 1890 2148 1937 sunt.

550 1979 628 2033 Ac
648 1977 693 2032 si
730 1976 908 2031 minus
939 1975 1213 2032 sufficiens
1235 1976 1609 2046 episcoporum
1644 1976 1695 2030 in
1739 1974 1921 2030 Africa
1964 1990 2154 2029 nume-

551 2086 645 2128 rus
666 2071 967 2139 videbatur,
996 2072 1157 2127 etiam
1184 2073 1410 2128 Romam
1432 2087 1597 2142 super
1626 2072 1729 2128 hae
1758 2088 1816 2127 re
1837 2073 2153 2143 scripsimus

551 2161 618 2216 ad
648 2160 957 2218 Cornelium
1003 2163 1264 2236 collegam
1304 2175 1588 2220 nostrum:
1622 2166 1711 2235 qui
1766 2174 1819 2220 et
1869 2166 1984 2236 ipse
2031 2181 2151 2220 cum

550 2254 797 2326 plurimis
844 2256 1181 2328 coepiscopis
1231 2257 1415 2314 habito
1484 2259 1750 2325 concilio,
1801 2258 1852 2313 in
1909 2260 2154 2314 eamdem

554 2348 835 2404 nobiscum
866 2350 1188 2413 sententiam
1223 2352 1338 2422 pari
1382 2352 1641 2424 gravitate
1682 2363 1737 2408 et
1787 2353 1987 2410 salubri
2034 2368 2155 2409 mo-

553 2439 832 2498 deratione
858 2444 1151 2501 consensit.

626 2535 739 2592 VII.
797 2536 875 2594 De
930 2553 1039 2608 quo
1088 2539 1182 2594 tibi
1230 2555 1454 2596 necesse
1482 2556 1626 2597 nunc
1666 2540 1764 2595 fuit
1790 2542 2027 2597 scribere
2056 2557 2069 2595 :
2102 2551 2159 2596 ut

553 2631 694 2686 scias
744 2647 830 2688 me
875 2632 1008 2688 nihil
1062 2634 1255 2690 leviter
1302 2636 1507 2706 egisse;
1557 2635 1653 2692 sed
1687 2635 1983 2691 secundum
2013 2635 2155 2707 quod

551 2724 743 2782 litteris
767 2728 902 2783 meis
934 2727 1141 2785 fueram
1169 2738 1293 2785 ante
1318 2730 1666 2800 complexus,
1703 2730 1882 2784 omnia
1911 2729 1978 2783 ad
2008 2745 2156 2784 eom-

553 2834 715 2876 mune
754 2821 968 2876 concilii
1014 2823 1181 2878 nostri
1236 2823 1516 2879 consilium
1557 2823 1849 2889 distulisse,
1874 2831 1929 2878 et
1958 2824 2154 2879 nemini

551 2914 769 2984 quidem
800 2915 1022 2985 elapsis
1046 2916 1191 2985 prius
1221 2918 1648 2973 communicasse
1669 2960 1683 2985 ,
1736 2918 1953 2988 quando
1980 2918 2156 2974 adhuc

553 3017 675 3061 erat
703 3005 846 3060 unde
872 3022 977 3060 non
1003 3016 1204 3062 tantum
1230 3008 1637 3080 indulgentiam,
1670 3009 1766 3066 sed
1802 3020 1856 3065 et
1896 3018 2150 3065 ceronam

556 3095 740 3168 lapsus
773 3096 1076 3169 acciperet:
1105 3107 1289 3169 postea
1322 3111 1499 3157 tamen
1520 3143 1536 3169 ,
1587 3102 1725 3157 sicut
1765 3101 1978 3172 collegii
2026 3116 2156 3156 con-

2258 1882 2586 1937 trahentium
2643 1884 2959 1952 mendacio,
3013 1886 3108 1943 sed
3156 1886 3224 1943 de
3278 1888 3375 1946 Dei
3413 1891 3619 1961 judicio
3684 1889 3713 1929 h
3768 1893 3864 1964 qui

2260 1975 2578 2046 episcopum
2602 1975 2762 2041 fecit;
2793 1990 2846 2034 et
2869 1981 3318 2052 coepiscoporum
3348 1986 3659 2043 testimonio
3679 2028 3694 2055 ,
3725 2003 3866 2059 quo«

2258 2085 2377 2124 rum
2400 2086 2658 2127 numerus
2682 2073 2966 2129 universus
2996 2090 3095 2146 per
3124 2086 3292 2131 totum
3318 2067 3571 2134 mundum
3599 2080 3866 2140 concordi

2259 2164 2608 2220 unanimitate
2641 2168 2934 2222 consensit.
2959 2167 3095 2222 Nam
3125 2169 3269 2241 quod
3311 2169 3615 2227 Cornelium
3647 2174 3871 2229 charis-

2261 2254 2457 2310 simum
2501 2265 2743 2313 nostrum
2775 2258 2885 2313 Deo
2930 2269 2985 2314 et
3032 2259 3247 2316 Christo
3299 2271 3352 2316 et
3396 2263 3651 2319 Ecclesiae
3701 2265 3862 2335 ejus,

2265 2350 2391 2406 item
2428 2352 2902 2408 consacerdotibus
2928 2355 3136 2409 cunctis
3185 2354 3435 2411 laudabili
3477 2357 3869 2427 praedicatione

2264 2445 2624 2510 commendat,
2674 2462 2779 2501 non
2826 2446 2928 2501 iste
2978 2446 3047 2503 ad
3099 2450 3468 2519 episc0patum
3513 2450 3694 2506 subito
3738 2465 3867 2522 per—

2261 2536 2440 2601 venit;
2472 2536 2567 2590 sed
2598 2551 2693 2606 per
2723 2537 2903 2592 omnia
2944 2539 3310 2595 ecclesiastica
3356 2538 3536 2597 ofﬁcia
3560 2551 3863 2612 promotus,

2264 2639 2319 2685 et
2348 2629 2398 2683 iu
2428 2629 2624 2684 divinis
2662 2630 3217 2687 administrationibus
3260 2632 3430 2688 Deum
3470 2649 3615 2705 saepe
3645 2650 3864 2705 prome-

2261 2724 2414 2789 ritus,
2468 2723 2534 2776 ad
2567 2723 2851 2778 sacerdotii
2884 2724 3113 2780 sublime
3163 2724 3434 2796 fastigium
3475 2727 3687 2782 cunctis
3741 2728 3868 2784 reli-

2260 2819 2433 2889 gionis
2461 2817 2715 2889 gradibus
2747 2817 3011 2872 ascendit.
3069 2817 3206 2873 Tum
3254 2819 3452 2874 deinde
3495 2820 3864 2892 episcopatum

2262 2913 2440 2980 ipsum
2473 2925 2573 2965 nec
2603 2909 2894 2980 postulavit
2930 2909 2974 2974 ί,
3009 2924 3110 2965 nec
3154 2910 3356 2976 voluit,
3412 2926 3545 2978 nec,
3581 2920 3641 2966 ut
3686 2912 3871 2970 caeteri

2260 3019 2397 3073 quos
2458 3003 2782 3073 arrogantiae
2836 3011 2893 3057 et
2939 3002 3208 3071 superbia:
3261 3018 3375 3057 suae
3432 3013 3613 3058 tumor
3679 3003 3865 3071 inﬂat,

2261 3099 2505 3153 invasit:
2540 3098 2635 3153 sed
2663 3097 2878 3169 quietus
2928 3097 3060 3151 alias
3117 3109 3173 3153 et
3214 3097 3524 3166 modestus,
3579 3108 3636 3156 et
3681 3099 3874 3172 quales

1790 3210 2080 3270 LECTION
2088 3213 2169 3271 ES
2206 3210 2627 3268 VARIANTES.

620 3302 646 3333 α
670 3302 849 3354 Tutela
871 3307 1089 3355 servavit
1112 3306 1239 3357 Bod.
1265 3307 1315 3356 3.

613 3363 644 3402 δ
663 3365 935 3429 Scripturis
955 3368 1135 3418 divinis
1156 3371 1289 3419 Lam.
1316 3368 1463 3419 Ebor.
1492 3369 1614 3419 Ben.
1651 3368 1777 3421 Bod.
1802 3370 1851 3417 2.
1881 3368 1989 3421 NC.
2017 3370 2061 3418 1.

616 3431 640 3460 ο
668 3427 862 3479 Salubri
883 3432 1077 3482 ratione
1102 3431 1227 3483 Bod.
1255 3432 1303 3481 5.

619 3491 648 3530 (ι
668 3491 784 3557 15cc
801 3494 967 3555 potius
982 3493 1334 3557 desperatione
1354 3493 1630 3557 deﬁcerent
1656 3506 1720 3544 ex
1747 3508 1810 3544 eo
1840 3494 1963 3557 Bod.
1989 3496 2040 3557 3.

619 3558 644 3587 °
668 3553 982 3619 Cluderetur,
1008 3565 1060 3609 et
1075 3553 1247 3608 seculo
1273 3556 1399 3609 Bod.
1425 3558 1472 3607 5.
1496 3555 1818 3608 Clauderetur
1834 3556 1967 3609 Colb.
1995 3556 2162 3608 Addu-

554 3624 758 3670 eeretur
776 3617 923 3671 Corb.

2329 3300 2350 3340 ἲ
2380 3303 2619 3365 Exemplo
2635 3305 2829 3353 ratione
2855 3302 3171 3366 perpendere
3201 3302 3344 3354 Corb.
3363 3304 3711 3356 exhortatione
3738 3305 3873 3358 Colb.

2330 3368 2356 3407 8
2384 3366 2457 3415 Ad
2484 3380 2744 3428 personam
2766 3366 2976 3428 collegae
2998 3367 3153 3416 nostri
3181 3368 3315 3417 Lam.
3344 3366 3470 3418 Bod.
3498 3368 3544 3417 ‘2.

2325 3428 2356 3466 ιι
2381 3430 2482 3479 Sed
2508 3429 2702 3479 Domini
2726 3429 2819 3477 Dei
2842 3428 3026 3489 judicio
3046 3429 3203 3480 Oxon.
3233 3428 3407 3481 Baluz.

2269 3491 2474 3607 NlCNpc
2492 3494 2600 3554 ipse
2625 3491 2890 3555 postulavit
2907 3494 3063 3543 Oxon.
3090 3492 3256 3557 Ipsum
3280 3506 3379 3544 nec
3397 3492 3547 3545 voluit
3563 3494 3696 3545 Lam.
3720 3494 3871 3550 Ebor.

1905 3706 2266 3763 VARIORUM
2319 3705 2553 3762 NOTAE.

627 3826 720 3882 VI.
733 3824 1051 3881 Ptacitorum
1067 3828 1258 3898 capita.
1273 3827 1404 3897 Quae
1422 3827 1792 3882 mandatorum
1812 3828 1988 3897 capita
2004 3835 2162 3882 vocat

555 3896 782 3969 Optatus
818 3898 869 3952 in
903 3899 1037 3954 libro
1074 3896 1249 3969 primo
1284 3896 1547 3955 adversus
1589 3896 2024 3954 Parmeuiauum.
2075 3900 2157 3953 An

555 3968 831 4041 verohzec
855 3968 1097 4041 sitorigo
1132 3986 1399 4027 canonum
1433 3971 1903 4039 pmnitentialium.
1933 3978 1992 4026 ut
2031 3985 2157 4026 cen-

557 4039 979 4114 suitBaronius,
1008 4039 1129 4098 aliis
1159 4043 1536 4099 excutiendum
1570 4043 1838 4114 relinquo.
1866 4043 2069 4098 waz.

641 4111 951 4186 Videbitur,
987 4114 1064 4169 Ita
1133 4116 1330 4171 habent
1385 4117 1567 4186 plures
1612 4111 1827 4170 codices
1872 4114 2057 4184 optimi
2108 4124 2163 4168 et

557 4191 775 4240 veteres
826 4184 1113 4242 editiones.
1179 4186 1310 4253 Quae
1368 4184 1530 4243 lectio
1593 4187 1722 4240 mihi
1783 4186 1994 4240 videtur
2040 4200 2162 4240 esse

557 4255 755 4328 melior
793 4272 953 4327 quam
1000 4256 1341 4326 Manutiana,
1387 4259 1439 4313 in
1471 4274 1575 4328 qua
1617 4259 1876 4327 scriptum
1907 4266 1990 4311 est
2018 4256 2162 4310 vitle-

560 4327 727 4382 batur.
748 4328 945 4384 waz.
1492 4327 1501 4328 “
1882 4356 1886 4361 ο

637 4398 829 4453 Habito
868 4399 1106 4454 concilio.
1148 4402 1305 4455 Anno
1342 4401 1471 4465 251,
1521 4408 1578 4452 ιιι
1624 4398 1699 4453 ait
1744 4396 2067 4453 Pearsonius
2112 4399 2165 4451 in

2263 3841 2295 3881 a
2324 3825 2585 3881 Morellio.
2617 3822 2984 3881 Confirmabat
3015 3823 3153 3878 hanc
3191 3837 3367 3879 meam
3398 3822 3711 3894 opinionem
3743 3840 3874 3880 auc-

2266 3900 2454 3953 toritas
2501 3898 2693 3952 horum
2721 3898 2957 3967 quinque
2988 3906 3244 3967 veterum
3266 3895 3551 3961 librorum,
3600 3897 3653 3950 in
3680 3896 3874 3967 quibus

2265 3972 2525 4038 scriptum
2566 3980 2678 4030 est.
2714 3965 2777 4023 de
2810 3965 2923 4022 vide
2979 3977 3025 4020 et
3057 3965 3347 4038 disciplina:
3401 3976 3590 4021 nosti-te
3646 3965 3874 4037 εαέεηιριο

2265 4044 2464 4096 ratione
2500 4040 2828 4110 perpendere.
2875 4039 3147 4109 Opiuabar
3189 4049 3367 4091 autem
3410 4053 3598 4093 vocem
3632 4040 3873 4108 explora-

2266 4114 2423 4173 tione,
2455 4128 2613 4181 quam
2657 4112 2922 4165 Manutius
2961 4111 3199 4178 protulit,
3231 4119 3401 4164 ortam
3444 4125 3567 4165 esse
3593 4125 3661 4165 ex
3687 4126 3869 4165 emen-

2269 4184 2487 4239 datinne
2512 4183 2791 4253 cujusdam
2822 4185 3021 4237 veteris
3068 4183 3305 4241 librarii;
3365 4182 3452 4250 qui
3505 4196 3631 4235 cum
3690 4182 3878 4236 existi-

2273 4263 2446 4310 maret
2495 4255 2592 4310 has
2632 4269 2793 4309 voces
2839 4269 2943 4308 non
2974 4256 3282 4316 cohmrere,
3316 4253 3562 4322 adeoque
3593 4253 3873 4309 lectionem

2271 4328 2415 4381 illam
2446 4336 2685 4381 veterem
2715 4340 2835 4381 esse
2860 4326 3195 4389 mendosam,
3226 4339 3291 4378 ex
3340 4323 3424 4377 his
3468 4322 3676 4378 duabus
3720 4326 3866 4379 voci-

2271 4399 2370 4454 bus
2415 4398 2574 4453 simul
2617 4396 2819 4466 junctis
2859 4398 3077 4452 fecisset
3122 4395 3507 4465 exploratione,
3557 4411 3873 4464 eXpungeus

559 4450 1298 4541 Annalibus
1499 4450 1767 4541 refertum
1791 4450 1869 4523 ex
1894 4450 2167 4541 “Eusebio
2191 4450 2245 4510 D
2271 4450 2539 4539 priorem,
2860 4450 3147 4541 aliaugAt
3186 4450 3518 4541 ituttc,_cum
3563 4450 3773 4521 vulcani
3815 4450 3866 4521 iu

561 4542 840 4612 sexaginta
896 4542 1181 4612 episcOpns
1244 4542 1312 4597 ad
1375 4546 1476 4596 hoc
1510 4540 1822 4612 Romanum
1881 4540 2167 4595 concilium

563 4611 905 4667 convenisse.
939 4611 1187 4666 Habitum
1231 4622 1409 4667 autem
1449 4611 1614 4667 fuisse
1647 4626 1831 4666 mense
1859 4611 2163 4679 Septembri

563 4681 739 4755 tradit;
773 4682 913 4737 idem
958 4692 1147 4738 auctor
1190 4694 1243 4739 et
1292 4684 1484 4755 Pagius
1531 4691 1652 4753 post
1692 4698 1836 4736 eum.
1868 4683 2068 4738 waz.
2097 4714 2169 4723 -—

561 4751 744 4808 Nostri
769 4767 899 4807 mss.
930 4755 1163 4808 consilio.
1188 4751 1615 4825 Carthagineuse
1638 4755 1924 4810 concilium
1951 4756 2019 4809 de
2048 4754 2166 4824 lap-

564 4837 749 4879 sorum
778 4837 962 4889 causa,
1001 4825 1263 4890 Romano,
1289 4826 1432 4894 quod
1468 4826 1655 4881 eadem
1685 4825 1753 4880 de
1780 4841 1938 4880 causa
1961 4826 2168 4881 Corne-

565 4895 670 4950 lius
695 4894 899 4964 habuit,
924 4898 1162 4953 anterius
1192 4898 1358 4955 fuisse
1387 4899 1475 4953 hic
1495 4898 1694 4953 diserte
1722 4897 1996 4953 docemur.
2028 4897 2171 4964 Quo-

565 4967 710 5023 circa
746 4982 869 5022 cmn
910 4968 1052 5039 apud
1078 4970 1364 5026 Eusebium
1410 4969 1503 5026 lib.
1548 4985 1621 5031 vr,
1662 4985 1712 5025 e.
1739 4970 1833 5034 45,
1885 4969 2172 5024 Cornelius

569 5039 830 5113 Romana:
885 5041 1078 5113 synodi
1138 5050 1286 5113 gesta
1336 5057 1459 5098 cum
1527 5040 1782 5096 Afrorum
1826 5041 2172 5113 aliorumque

566 5112 854 5166 sententiis
886 5111 952 5167 ad
1007 5111 1231 5168 Fabium
1282 5114 1494 5169 misisse
1539 5113 1756 5170 dicitur.
1806 5112 1872 5166 de
1922 5111 2172 5166 Afrorum

569 5185 857 5268 sententiis
900 5184 1092 5268 quibus
1133 5186 1247 5240 Afri
1288 5184 1546 5268 Romanae
1577 5183 1785 5268 synodo
1840 5183 2169 5268 praxiveript.

572 5268 682 5328 non
709 5254 905 5328 quibus
948 5255 1124 5310 eidem
1153 5257 1361 5328 synodo
1416 5254 1853 5325 subseripserint,
1908 5255 2174 5310 Eusebius

571 5323 642 5377 ibi
673 5326 814 5394 loqui
841 5327 1144 5381 censendus
1173 5323 1275 5384 est.
1307 5328 1611 5385 Consum.

642 5394 933 5451 Consensit.
964 5398 1125 5453 Deest
1154 5399 1275 5455 hcic
1300 5401 1524 5468 aliquid,
1565 5408 1689 5469 puta
1720 5400 1822 5453 rite
1864 5398 1928 5453 ad
1958 5399 2174 5469 episco-

570 5476 753 5535 patum
784 5470 1126 5543 perveuisse.
1175 5483 1266 5526 aut
1307 5472 1506 5543 aliquid
1547 5471 1745 5527 simile.
1798 5471 2000 5527 Sensus
2027 5469 2175 5526 enim

572 5551 683 5610 non
696 5550 783 5610 est
799 5540 1045 5610 integer.
1072 5540 1274 5598 BALUZ.

646 5608 763 5686 VII.
790 5608 1180 5686 Egploratione.
1224 5615 1281 5668 In
1311 5615 1546 5686 quinque
1577 5614 1730 5669 libris
1764 5615 1997 5681 antiquis
2037 5622 2091 5669 et
2120 5615 2176 5668 in

572 5681 1297 5755 vetustioribuseditiouibus
1328 5681 1520 5749 legitur
1541 5687 1792 5755 rxernplo,
1808 5701 2033 5755 eamque
2065 5686 2174 5739 lec-

574 5750 776 5824 tionem
811 5767 912 5817 ego
957 5754 1129 5824 prima
1158 5754 1333 5824 fronte
1363 5750 1696 5824 probabamf
1724 5750 1987 5810 Videbam
2030 5758 2178 5811 enim

574 5817 744 5895 Ἧιιη,
763 5817 1167 5887 insuperhabita
1188 5817 1425 5880 editione
1450 5824 1690 5891 Manutii,
1719 5833 1984 5881 retentam
2013 5826 2178 5880 fuisse

700 5908 963 6137 Χ

2271 4537 2498 4611 epistola
2522 4539 2781 4603 1.xvm,in
2802 4540 2987 4595 codice
3005 4538 3264 4603 Fuxensi,
3281 4537 3539 4607 scriptum
3563 4552 3681 4593 esse
3699 4555 3870 4592 exem-

2274 4610 2360 4683 plo
2388 4621 2435 4667 et
2464 4613 2682 4677 ratione,
2721 4621 2780 4665 ut
2819 4612 2929 4683 illic
2961 4611 3326 4671 annotahitur,
3373 4624 3472 4679 pro
3502 4625 3570 4665 eo
3610 4610 3750 4683 quod
3780 4611 3869 4664 alii

2276 4681 2393 4738 libri
2438 4694 2494 4738 et
2522 4684 2787 4738 editiones
2830 4682 3029 4738 habent
3056 4682 3426 4752 exploratione,
3480 4697 3584 4734 non
3635 4681 3872 4737 dubitavi

2273 4756 2399 4825 quin
2429 4754 2544 4810 haec
2590 4756 2748 4809 lectio
2778 4757 2847 4809 sit
2882 4754 3091 4808 melior.
3132 4753 3306 4822 Supra
3342 4754 3538 4822 quippe
3567 4752 3619 4806 in
3647 4753 3871 4824 epistola

2274 4824 2519 4895 Septima,
2550 4827 2745 4897 legitur
2775 4845 2786 4880 :
2821 4825 3116 4881 Persecutio
3144 4827 3240 4880 ista
3290 4824 3601 4880 examinatio
3627 4835 3700 4880 est
3725 4834 3871 4896 atque

2275 4897 2561 4967 exploratio
2592 4899 2826 4966 pectoris.
2862 4898 3063 4952 BxLuz.

2352 4969 2483 5023 Vlll.
2504 4969 2869 5035 Quietusulias.
2892 4971 2963 5023 I‘lx
2983 4978 3105 5023 octo
3124 4983 3254 5023 mss.
3276 4969 3326 5025 in
3345 4968 3520 5025 Oxon.
3536 4966 3665 5024 edit.
3689 4983 3872 5024 recens

2276 5040 2391 5094 sitis
2419 5057 2607 5096 vocem
2634 5043 2764 5095 alius
2784 5057 3116 5105 revocamus,
3138 5041 3442 5095 faventibus
3458 5038 3612 5094 Colb.
3639 5050 3693 5095 et
3711 5037 3872 5095 Corb.

2276 5127 2505 5182 quorum
2540 5114 2590 5167 in
2625 5130 2730 5168 uno
2752 5112 2903 5180 alios,
2944 5112 2996 5166 iu
3030 5113 3197 5167 altero
3228 5113 3344 5166 aliis
3371 5112 3586 5182 legitur.
3627 5111 3874 5166 Pluribus

2277 5199 2538 5255 opusnon
2566 5195 2667 5246 est,
2703 5195 2761 5239 ut
2787 5184 3111 5255 Cyprianum
3164 5189 3214 5237 iu
3262 5185 3325 5238 iis
3357 5183 3630 5250 omnibus,
3675 5184 3727 5237 in
3755 5185 3872 5253 qui-

2279 5256 2379 5310 bus
2418 5255 2658 5311 Cornelii
2708 5256 3022 5310 clcctionem
3056 5254 3433 5322 coinmeudat,
3482 5255 3873 5309 ordinationem

2277 5326 2558 5382 Novatiani
2620 5339 2676 5381 ut
2746 5327 2935 5381 iisdem
2990 5326 3394 5382 COﬂtllliOHlbuS
3441 5325 3752 5381 destitutam
3812 5342 3874 5381 ex

2279 5398 2498 5469 obliquo
2527 5399 2736 5467 pulsare
2767 5414 2828 5454 ac
2869 5398 3164 5468 reprobare
3214 5397 3655 5469 persuadeamus.
3704 5398 3875 5469 Immo

2279 5481 2334 5526 et
2385 5467 2601 5526 nomine
2646 5471 2855 5541 quidam
2895 5467 3000 5525 non
3030 5469 3260 5523 obscure
3312 5468 3647 5539 designatur.
3701 5467 3873 5523 Nova-

2283 5544 2478 5599 tiauus.
2509 5543 2635 5597 lude
2661 5544 2822 5598 etiam
2850 5544 3044 5613 cuique
3091 5541 3427 5607 eXplnratum
3464 5551 3574 5605 est,
3628 5541 3679 5595 id
3722 5541 3872 5613 prio-

2282 5614 2433 5670 ribus
2458 5615 2672 5670 szrculis
2702 5614 2845 5669 circa
2884 5611 3179 5669 electiOnes
3230 5614 3519 5683 praesulum
3560 5627 3663 5667 usu
3713 5611 3876 5666 fuisse

2284 5696 2594 5756 receptum,
2644 5685 2787 5756 quod
2819 5696 3002 5757 postea
3053 5687 3267 5756 scriptis
3314 5684 3521 5754 legibus
3567 5683 3875 5741 mandatum

2284 5767 2384 5811 est.
2419 5756 2724 5811 Consum.

2282 5767 2360 5813 est
2371 5797 2384 5811 .
2419 5767 2724 5814 UOUSTANT.
