4252 6258
574 263 683 317 775

1568 259 2001 324 ROMANORUM
2039 260 2458 322 PONTIFICUM
2497 261 2875 323 EPISTULAE.

3786 267 3895 322 776

576 375 954 449 praedicandus
981 375 1097 432 est?
1130 375 1324 433 Nonne
1359 376 1500 435 inter
1523 378 1792 450 gloriosos
1824 380 2171 438 confessores
2199 383 2253 445 Α
2282 383 2518 453 pertinet
2555 393 2605 437 ct
2635 383 2908 448 timorem,
2942 391 3131 451 passus
3157 386 3244 437 est
3271 377 3534 452 quidquid
3563 378 3672 450 pati
3696 381 3890 452 potuit,

573 480 632 526 ct
678 478 944 541 martyres
972 469 1334 539 deputandus,
1367 472 1460 542 qui
1508 479 1714 526 tantum
1745 473 2005 543 temporis
2034 475 2178 529 sedit

573 575 899 638 exspectans
956 567 1201 636 corporis
1252 564 1335 621 sui
1375 566 1658 622 carniﬁces
1707 575 1757 621 et
1793 568 2005 638 tyranni
2040 568 2181 623 fero-

575 659 771 716 cientis
798 661 1025 726 ultores,
1054 659 1144 728 qui
1167 657 1482 714 Cornelium
1507 659 1768 715 adversus
1792 659 1967 714 edicta
1996 660 2182 715 feralia

578 757 924 811 resistentem
956 763 1011 808 et
1039 754 1213 807 minas
1255 762 1312 807 et
1339 753 1614 808 cruciatus
1666 761 1720 808 et
1747 762 2014 809 tormenta
2053 754 2182 809 ﬁdei

575 849 761 919 vigore
791 847 1118 914 calcantem,
1151 846 1238 902 vel
1287 845 1469 918 gladio
1499 846 1843 911 invaderent,
1877 846 1962 901 vel
2003 846 2180 900 eruci-

579 944 826 1014 ﬁgerent,
851 941 937 996 vel
961 942 1082 1012 igne
1107 948 1405 1005 terrerent,
1439 939 1523 994 vel
1548 939 1790 1010 quolibet
1817 939 2065 994 inaudito
2090 955 2187 1009 ge-

577 1052 707 1093 nere
736 1049 1016 1105 poenarum
1047 1035 1254 1090 viscera
1287 1034 1403 1104 ejus
1443 1041 1498 1088 et
1536 1034 1780 1090 membra
1811 1033 2083 1089 laniarent
2111 1035 2182 1088 at?

579 1128 809 1187 Etiamsi
838 1128 1095 1200 maiestas
1136 1127 1347 1182 Domini
1393 1127 1725 1196 protegentis
1766 1134 1820 1182 et
1847 1126 2061 1182 bonitas
2087 1143 2179 1182 sa-

579 1223 880 1290 cerdotem,
911 1237 1069 1294 quem
1101 1222 1215 1276 ﬁeri
1243 1217 1481 1284 voluitb,
1516 1218 1716 1274 factum
1761 1235 1972 1290 quoque
2004 1230 2188 1290 prote-

581 1320 698 1376 xit:
729 1329 904 1376 tamen
932 1316 1240 1384 Cornelius,
1270 1323 1533 1388 quantum
1561 1314 1627 1370 ad
1671 1314 1790 1385 ejus
1839 1314 2184 1370 devotionem

2285 483 2340 528 et
2394 485 2701 546 tyrannum,
2753 475 2921 529 armis
2971 482 3026 529 et
3065 473 3210 529 bello
3251 470 3603 543 postmodum
3653 473 3888 540 victum,

2286 567 2436 638 prior
2463 568 2768 623 sacerdotio
2798 583 2898 622 suo
2942 555 3089 622 vicii.

2357 661 2428 715 Χ.
2470 660 2622 728 Quod
2651 671 2830 717 autem
2861 661 3110 733 quaedam
3137 660 3207 716 de
3237 660 3332 716 illo
3357 659 3648 716 inhonesta
3677 668 3732 716 et
3772 675 3884 715 ma-

2289 758 2430 828 ligna
2469 756 2761 826 iactantur,
2821 757 2948 812 nolo
2976 755 3229 813 mireris:
3258 771 3380 811 cum
3426 755 3568 810 scias
3611 755 3716 810 hoc
3766 770 3890 812 esse

2288 865 2424 920 Opus
2452 865 2668 921 semper
2689 851 2914 914 diaboli,
2949 860 3006 906 ut
3027 865 3216 906 servos
3241 849 3333 904 Dei
3359 849 3644 905 mendacio
3668 849 3890 914 laceret,

2288 955 2343 1001 et
2368 945 2714 1016 opinionibus
2762 945 2911 1000 falsis
2957 945 3255 1016 gloriosum
3304 957 3505 998 nomen
3552 941 3805 1008 infamet;
3836 951 3898 998 ut

2292 1039 2383 1110 qui
2411 1039 2759 1095 conscientiae
2789 1054 2901 1094 sua:
2933 1039 3053 1094 luce
3076 1038 3405 1104 clarescunt,
3440 1035 3630 1092 alienis
3659 1037 3897 1090 rumori-

2293 1132 2395 1188 bus
2423 1133 2789 1189 sordidentur.
2839 1132 3168 1203 Explorasse
3199 1139 3381 1188 autem
3413 1129 3644 1202 collegas
3671 1138 3898 1185 nostros

2290 1226 2454 1290 scias,
2493 1235 2546 1282 et
2577 1225 2858 1282 verissime
2888 1226 3244 1296 comperisse,
3276 1223 3424 1278 nulla
3466 1223 3616 1277 illum
3647 1236 3667 1260 τ
3697 1222 3894 1287 libelli,

2293 1326 2354 1374 ut
2380 1319 2600 1390 quidam
2628 1320 2899 1390 iactitant,
2924 1319 3043 1375 labe
3061 1318 3388 1374 maculatum
3411 1331 3533 1373 esse
3564 1335 3578 1372 :
3607 1316 3700 1373 sed
3725 1331 3898 1388 neque

1763 1475 2144 1534 LECTIONES
2186 1479 2597 1538 VARIANTES.

645 1604 670 1632 ⁸
706 1600 1002 1652 Lacerarent
1029 1599 1163 1648 Lam.
1191 1598 1319 1649 Bod.
1343 1596 1394 1647 2.
1417 1595 1564 1646 Ebor.
1594 1595 1702 1646 ΝΟ.
1730 1595 1775 1644 1.

641 1663 670 1706 1t
705 1665 814 1715 Pati
837 1663 990 1715 voluit
1014 1665 1193 1713 Benev.

2213 1596 2262 1654 B
2354 1602 2377 1631 ε
2414 1600 2558 1651 Nulla
2577 1602 2676 1664 iam
2700 1602 2835 1652 illum
2873 1603 3009 1654 Lam.
3040 1599 3168 1654 Bod.
3192 1599 3241 1651 2.

1893 1786 2254 1844 VARIORUM
2294 1787 2523 1846 NOT/E.

581 1938 802 1994 densem
832 1934 913 1989 tit.
951 1933 1038 1996 M,
1069 1931 1139 1986 de
1181 1925 1676 1987 Sacramentalibus
1721 1933 1777 1980 et
1801 1939 1918 1994 cap.
1957 1925 2079 1991 125,
2126 1927 2181 1980 in

581 2009 832 2066 omnibus
858 2004 1185 2060 editionibus
1213 2017 1331 2070 qua:
1355 1998 1714 2053 Pamelianam
1747 2007 2178 2070 antecesserunt.

581 2082 758 2138 Aliam
800 2093 952 2137 vero,
995 2091 1112 2144 qttze
1147 2069 1308 2127 habet
1353 2071 1595 2144 tantulum
1636 2069 1982 2144 sacerdotem,
2009 2085 2178 2144 quam

582 2152 856 2209 Pamelius
877 2139 1239 2209 verissimam,
1271 2143 1531 2211 Rigaltins
1554 2157 1681 2193 Voro
1709 2139 2059 2211 proculdubio
2079 2140 2176 2193 ΓειΙο

583 2239 697 2279 sam
745 2237 864 2276 esse
888 2217 1102 2279 asserit,
1133 2219 1183 2269 in
1216 2231 1320 2268 uno
1342 2209 1552 2266 tantum
1580 2213 1765 2266 codice
1812 2209 2180 2277 Afﬁigemensi

582 2295 852 2365 reperisse
866 2306 924 2346 sc
956 2298 1180 2365 testatur
1204 2287 1344 2365 idem
1359 2284 1650 2365 Patnelius,
1682 2285 1940 2365 sicutch
1965 2298 2178 2365 quoque

584 2351 703 2422 eain
733 2381 838 2420 non
868 2362 1040 2432 reperi
1070 2359 1185 2432 nisi
1207 2360 1256 2410 in
1290 2373 1399 2432 uno
1425 2354 1612 2410 codice
1651 2355 1738 2432 qui
1775 2351 2175 2432 fititf'raticisci

585 2437 801 2493 I’itlttei.
836 2435 906 2488 Et
929 2424 1104 2487 iatnen
1137 2430 1528 2483 illustrissimus
1573 2425 1862 2481 cardinalis
1891 2424 2180 2480 Perronius

586 2511 639 2563 in
684 2505 960 2576 republica
992 2502 1258 2576 adversus
1283 2516 1462 2576 regem
1497 2514 1703 2576 magna:
1733 2497 2028 2576 Britannic
2053 2512 2173 2576 pag.

587 2581 676 2644 99,
711 2568 783 2634 ait
811 2578 955 2632 illam
988 2573 1212 2628 inveniri
1246 2572 1298 2644 in
1332 2568 1810 2644 antiquioribuset
1837 2568 2174 2644 emendatio-

584 2638 733 2707 rib'us
762 2646 1177 2717 exemplaribus.
1210 2638 1476 2717 A(_l_qttant
1496 2656 1607 2694 rem
1641 2638 1966 2717 probandam
1995 2639 2176 2717 lau_dat

584 2724 638 2781 in
673 2711 1178 2791 margine'codicem
1213 2713 1651 2791 Afﬂigeinensem
1679 2711 2037 2791 eteditionetn
2067 2711 2169 2791 Pa-

586 2795 756 2860 melii,
787 2781 946 2847 nullis
973 2789 1095 2860 aliis
1121 2781 1466 2860 testimoniis.
1497 2783 1656 2837 Miror
1679 2793 1857 2860 autem
1887 2781 2172 2860 Rigaltium

586 2853 872 2922 retinuisse
898 2863 949 2916 in
974 2859 1209 2915 editione
1234 2873 1328 2912 sua
1351 2856 1632 2910 lectionem
1653 2871 1810 2922 quam
1837 2853 1950 2920 ipse
1969 2853 2042 2906 ait
2061 2869 2176 2922 pro-

586 2936 838 2992 culdubio
884 2933 1071 2987 falsam
1104 2945 1248 2992 esse,
1298 2930 1370 2981 uti
1405 2943 1463 2980 re
1496 2942 1616 2979 vera
1649 2936 1748 2978 est.
1800 2923 2002 2978 Sensus
2031 2926 2172 2978 enim

589 3008 751 3080 huius
770 3005 870 3060 loci
893 3017 968 3058 e5t
995 3001 1467 3080 Decittm,_|tost_etn
1496 2997 1743 3080 videlicet
1770 3008 1930 3050 secta:
1954 3005 2169 3080 nostra),

2288 1932 2540 2001 martyrio
2578 1948 2692 2002 qua:
2729 1941 2846 1987 sunt
2885 1934 2994 1988 sine
3021 1933 3266 2004 sanguine
3293 1937 3431 2004 fuso.
3460 1934 3690 1992 Sanctus
3717 1937 3899 1994 Pauli-

2289 2019 2390 2057 ntts
2422 2015 2669 2072 poemate
2701 2005 2798 2070 ﬂ,
2830 2004 2897 2059 de
2923 2003 3355 2060 sancto’Felic’e:

2441 2097 2704 2163 Qualestern
2728 2105 2902 2149 nactus
2925 2100 3034 2148 sine
3060 2099 3306 2161 sanguine
3330 2105 3510 2163 martyr
3529 2101 3789 2163 honorem.

2440 2161 2560 2210 Nam
2586 2161 2836 2211 confessor
2860 2163 2982 2219 obit,
3005 2173 3173 2225 poenas
3197 2173 3296 2210 non
3335 2161 3504 2224 sponte
3527 2162 3763 2222 lucratus.

2286 2242 2353 2297 Et
2383 2244 2544 2314 paulo
2576 2256 2698 2312 post
2720 2264 2731 2297 :

2441 2334 2724 2396 Martyrium
2750 2336 2861 2384 sine
2885 2333 3023 2384 caede
3049 2333 3232 2396 placet,
3259 2335 3300 2384 si
3324 2340 3547 2396 prompta
3569 2334 3766 2386 ferendi

2438 2397 2678 2460 Mensque
2702 2396 2928 2460 fidesque
2951 2397 3061 2446 Deo
3083 2397 3263 2447 caleat.
3301 2396 3515 2447 Passura
3541 2399 3769 2448 voluntas

2439 2459 2629 2509 Sufficit
2651 2467 2703 2509 et
2725 2459 2914 2510 summa
2940 2467 3019 2510 est
3039 2461 3202 2510 meriti
3228 2462 3431 2510 testatio
3455 2463 3605 2510 vocis.

2279 2565 2540 2635 Sulpitius
2581 2565 2815 2636 Severus
2847 2567 2898 2620 in
2930 2565 3155 2636 epistola
3187 2565 3252 2619 ad
3291 2566 3570 2622 Aurelium
3603 2567 3671 2624 de
3712 2581 3902 2626 sancto

2277 2638 2533 2692 Martino:
2565 2635 2702 2691 Nam
2731 2639 2843 2711 licet
2868 2639 2912 2691 ei
2946 2639 3079 2692 ratio
3106 2637 3372 2711 temporis
3397 2655 3497 2692 non
3523 2641 3741 2709 potuerit
3769 2659 3904 2711 pra:-

2279 2719 2387 2763 tare
2411 2711 2712 2779 martyrium
2728 2752 2741 2769 ,
2772 2710 2938 2779 gloria
2964 2720 3130 2763 tamen
3160 2709 3403 2778 martyris
3423 2726 3526 2764 non
3545 2709 3904 2779 carebitfquia

2281 2789 2391 2834 voto
2417 2767 2567 2849 atque
2591 2767 2857 2834 virtutibus
2887 2792 2932 2834 et
2957 2782 3119 2851 potuit
3148 2796 3254 2852 esse
3277 2767 3471 2852 martyr
3497 2791 3544 2835 et
3571 2767 3757 2837 voluit.
3775 2767 3905 2839 llic?

2284 2868 2557 2924 [Ollynllls
2583 2853 2634 2905 in
2672 2853 2896 2920 epistola
2937 2852 3002 2906 ad
3050 2851 3325 2924 Ruﬁnum,
3367 2851 3487 2919 qua:
3528 2853 3904 2924 incipit:Plus

2279 2921 2444 2976 Deum
2475 2923 2716 2987 tribuere,
2746 2934 3133 2978 commemorat
3177 2921 3456 2993 Egyptios
3497 2921 3814 2994 confessores
3857 2938 3904 2982 et

2279 2995 2538 3048 voluntate
2580 2996 2692 3065 jam
2745 3006 3017 3065 martyres.
3071 2995 3384 3056 Arnulphus
3435 2995 3790 3052 Lexoviensis
3846 3001 3898 3054 in

588 3056 750 3148 iiiiiiiii
771 3056 1063 3132 exve—indere
1084 3056 1350 3140 cupiebat,
1377 3071 1447 3148 ita
1466 3067 1815 3148 exhorruisse
1841 3056 2175 3148 sacerdotem
2204 3056 2248 3117 C
2283 3068 2508 3148 epistoia
2555 3056 2753 3148 scripta
2801 3056 3161 3120 ad'sanetum
3197 3065 3477 3148 _'.l‘lioman.t
3529 3067 3903 3148 archiepisco-

590 3139 683 3206 Ι)ρί
716 3151 766 3202 in
801 3149 932 3202 urbe
961 3146 1129 3199 Roma
1159 3139 1400 3212 principe
1433 3140 1639 3212 imperii
1673 3151 1731 3192 ttt
1778 3139 1944 3191 ntulto
1974 3139 2174 3212 patien-

591 3223 698 3274 tius
723 3230 777 3276 et
807 3217 1138 3272 tolerabilius
1156 3209 1364 3268 audiret
1381 3213 1546 3266 levari
1569 3210 1828 3264 adversus
1844 3224 1902 3263 se
1923 3209 2176 3263 tumulum

591 3292 887 3362 principem
920 3303 1077 3362 quam
1106 3285 1356 3362 constitui
1390 3284 1576 3336 Ruina:
1609 3282 1700 3336 Dei
1729 3280 2086 3362 sacerdotem,
2123 3292 2181 3334 ut

593 3352 693 3420 ista
721 3352 866 3417 recte
887 3352 1119 3425 explicat
1145 3357 1435 3426 Rigaltius;
1483 3370 1586 3426 non
1637 3352 1777 3421 quod
1832 3353 2076 3426 timeret,
2126 3361 2182 3405 ttt

591 3434 810 3506 quidam
828 3423 1193 3493 crediderunt,
1209 3423 1518 3506 episcopum
1536 3425 1857 3505 Romanum,
1882 3423 2176 3505 hominem,

592 3493 848 3577 quantum
877 3503 1135 3577 attinebat
1167 3493 1665 3577 att-rempublicam,
1702 3493 2179 3577 minimepriu'cipi

591 3565 944 3634 metuendum
969 3584 1060 3628 aut
1087 3565 1516 3631 formidolosum,
1546 3566 1639 3621 sed
1661 3567 1783 3636 quia
1798 3575 1913 3619 erat
1936 3565 2184 3636 inimicus

592 3652 769 3704 crucis
793 3648 1012 3708 Cbristi,
1049 3644 1243 3699 ardens
1273 3640 1541 3695 desiderio
1594 3635 1960 3708 opprimenda:
1991 3635 2182 3708 Chris-

592 3721 872 3780 tianitatis,
904 3727 959 3771 lll.
989 3707 1060 3771 ait
1089 3716 1170 3770 vir
1199 3713 1530 3768 clarissimus
1561 3707 1821 3763 Ilen’ricns
1851 3707 2182 3780 Dodvvellus,

591 3791 747 3846 valde
788 3779 1035 3858 cupiebat
1083 3803 1148 3842 ne
1180 3785 1613 3858 Faliiano‘papzn
1667 3779 2188 3858 defuncto_daretnr

593 3851 900 3926 successor,
939 3860 1251 3914 existimans
1297 3853 1886 3926 religioneminoswam
1939 3851 2185 3905 interitu-

593 3949 709 3990 ram
730 3974 744 3996 ,
777 3932 824 3986 si
855 3931 1164 4000 episcopum
1193 3944 1299 3983 non
1331 3926 1574 3992 haberet,
1607 3925 1802 4000 timens
1823 3931 2188 4000 _pr:eterea,ut

594 3994 806 4075 Opinor,
841 3994 908 4057 ne
952 4003 1002 4057 in
1035 3994 1168 4057 urbe
1209 4014 1392 4055 rerum
1427 4011 1684 4075 novarum
1718 3994 1868 4075 avida
1901 4006 2188 4075 augeretur

595 4067 852 4132 numerus
873 4075 1324 4138 Christianorum,
1345 4084 1573 4141 quorum
1605 4067 1802 4121 nimius
1828 4075 1884 4121 ct
1910 4067 2184 4136 copiosus,

595 4159 653 4203 ut
677 4150 751 4219 ait
777 4145 1098 4219 Cyprianus,
1131 4142 1519 4219 eratpopnlus.
1552 4141 1754 4219 B_ALu_z.

665 4208 888 4273 Tantum
928 4208 1185 4287 temporis.
1233 4208 1391 4287 Hanc
1421 4228 1551 4268 sane
1593 4212 1874 4287 lectionem
1919 4209 2093 4287 reperi
2136 4208 2187 4261 in

596 4301 720 4346 octo
751 4290 973 4344 vetustis
1002 4283 1300 4342 codicibus.
1331 4285 1540 4348 Aliam,
1562 4298 1682 4350 quin
1704 4283 1862 4334 habet
1888 4283 2042 4333 tantis
2067 4290 2192 4331 tent-

596 4359 1118 4435 poribus,_c3thibent
1145 4367 1355 4435 vet_cres
1380 4355 1648 4410 editiones
1675 4361 1800 4406 ante
1829 4350 2188 4404 Manntianam

596 4429 651 4489 et
681 4450 772 4489 ses
809 4432 926 4486 libri
957 4439 1185 4485 veteres.
1217 4429 1414 4482 BALUZ.

672 4504 1086 4570 Exspectans....
1117 4493 2080 4570 carniﬁces.Quippe,_Pacia_no_teste
2101 4506 2189 4570 ep.

597 4575 654 4642 5,
680 4561 880 4628 crebras
911 4561 1277 4641 persecutiones
1303 4569 1421 4642 irati
1447 4561 1692 4642 principis
1713 4565 2008 4642 sustinebat.

598 4633 879 4701 calumniae
911 4633 1308 4697 convincuntur
1335 4640 1450 4706 eius
1481 4637 1680 4698 aemuli,
1733 4636 1824 4704 qui
1855 4650 1978 4688 eum
2031 4633 2195 4689 libelli

599 4716 721 4770 labe
763 4716 1184 4770 contaminatum
1211 4708 1544 4764 dictitabant.
1589 4708 1897 4766 Consum.

672 4784 740 4838 Et
771 4787 1019 4840 timerent.
1056 4784 1191 4838 Vide
1229 4779 1582 4851 appendicem
1623 4781 2066 4851 observationum‘
2101 4777 2196 4831 Ri-

600 4855 747 4928 galtii
792 4857 858 4910 ad
888 4848 1389 4928 Cyprianttrn,’ubi
1433 4862 1576 4905 recte
1620 4850 2007 4921 interpretatur
2054 4848 2199 4904 hunc

602 4925 854 4984 timorem
887 4927 1161 4999 Cypriani.
1193 4925 1392 4999 Bagoa.

675 4999 870 5056 Passus
908 4992 1000 5053 est.
1047 4997 1219 5067 Supra
1263 4996 1434 5062 Epist.
1478 5009 1696 5058 xxxv",
1728 5007 1847 5062 pag.
1880 4992 1949 5047 50
1965 5011 1982 5067 νε
2021 4992 2201 5067 Neque

565 5121 569 5126 .
601 5073 738 5130 enim
763 5074 922 5127 virtus
948 5064 1236 5125 eorum-aut
1277 5068 1438 5121 honor
1477 5070 1644 5119 minor
1675 5075 1745 5118 est
1777 5081 1874 5129 quo
1906 5065 2072 5117 minus
2102 5064 2201 5132 ipsi

603 5162 801 5216 quoque
826 5145 956 5199 inter
981 5143 1150 5198 beatos
1178 5151 1423 5216 martyres
1452 5148 1806 5216 oygregentur.
1837 5135 1991 5216 Quod
2020 5137 2071 5188 in
2098 5137 2202 5216 illis

603 5208 727 5281 est;
759 5218 1097 5271 toleraverunt
1145 5208 1384 5284 quicquid
1423 5213 1640 5264 tolerare
1679 5208 2202 5284 paratiuctlprompti

605 5278 833 5359 fuerunt.
869 5289 970 5355 Qui
997 5304 1050 5340 se
1077 5278 1338 5359 tormentis
1365 5293 1424 5359 et_
1443 5282 1708 5359 mortisue
1738 5279 1897 5359 oculis
1933 5278 2021 5359 [ζεῖ
2053 5279 2203 5359 obtu-

607 5350 698 5426 lit,
732 5350 914 5430 passus
939 5368 1011 5412 est
1039 5358 1278 5430 quicquid
1309 5353 1640 5430 _pa_ti_oolt_tit.
1676 5352 1755 5408 Ad
1799 5350 1916 5430 luec
1957 5351 2069 5404 loca
2103 5352 2207 5422 Cy-

605 5424 778 5501 pri-aui
821 5424 1140 5501 respiciebat
1171 5424 1323 5501 haud
1365 5426 1527 5501 dubie
1558 5425 1816 5501 Erasmus
1845 5424 2206 5501 interpretans

605 5494 785 5570 locum
813 5494 932 5555 libri
963 5500 1184 5570 Joseplti
1209 5499 1276 5553 de
1305 5498 1530 5570 imperio
1557 5496 1812 5570 rationis.
1846 5494 1934 5548 ubi
1967 5498 2044 5547 sic
2074 5494 2205 5570 legi-

607 5580 725 5626 tur:
751 5569 820 5623 Et
847 5573 890 5625 si
920 5573 1026 5638 fors
1055 5565 1365 5640 percipiendi
1386 5565 1618 5640 dengegat
1646 5565 1968 5635 facultatem,
2004 5565 2208 5633 pertulit

610 5651 778 5696 tamen
800 5651 980 5696 cuncta
1000 5638 1115 5710 qua:
1133 5641 1288 5695 voluit
1315 5639 1441 5708 pati.
1467 5638 1682 5692 Etenim
1709 5649 1969 5708 martyres
1994 5651 2209 5710 quoque

613 5712 970 5780 censebantur
995 5706 1082 5780 qui
1131 5706 1398 5764 tormenta
1445 5709 1616 5780 passi,
1667 5706 1860 5761 tamen
1889 5706 2056 5780 occisi
2101 5721 2208 5760 non

615 5778 850 5848 fuerant.
893 5777 1310 5836 Couimodiauus
1353 5777 1703 5834 instructione
1744 5781 1845 5832 ls8:
1879 5777 2046 5833 Multa
2089 5787 2208 5833 sunt

2218 4453 2270 4513 D

2285 3154 2410 3208 pum
2455 3139 2934 3210 Cantuariensem,
2982 3153 3103 3210 qua:
3140 3136 3286 3210 edita
3329 3149 3410 3191 est
3452 3138 3502 3191 in
3548 3136 3742 3210 pagina
3773 3141 3904 3206 487,

2287 3211 2413 3262 tomi
2445 3209 2666 3281 secundi
2698 3208 2970 3281 Spicilegii
2999 3208 3344 3281 Dracheriani
3375 3219 3429 3263 et
3461 3209 3604 3265 inter
3626 3208 3903 3281 epistolas

2286 3280 2457 3334 sancti
2486 3280 2708 3334 Thomre
2753 3280 2845 3333 lib.
2878 3296 2925 3336 t.
2962 3279 3130 3348 Epist.
3163 3281 3269 3334 85:
3304 3281 3447 3335 Licet
3489 3282 3624 3334 enim
3672 3279 3902 3337 nondum

2285 3368 2442 3426 usque
2469 3352 2538 3404 ad
2567 3353 2832 3426 sanguinis
2872 3349 3174 3426 effusionem
3215 3369 3372 3426 causa
3413 3355 3727 3426 pervenerit,
3770 3374 3901 3426 sup-

2287 3423 2388 3491 plet
2419 3433 2585 3476 tanten
2612 3422 2809 3476 devotio
2841 3423 3074 3475 meritum
3104 3425 3377 3492 passionis.
3413 3422 3618 3479 ΒΑιυΖ.

2358 3492 2659 3563 Tyrannum
2689 3494 2892 3546 victum.
2929 3492 3150 3548 Ruﬁnus
3180 3494 3232 3548 in
3265 3496 3405 3565 psal.
3444 3511 3533 3549 XL:
3566 3495 3713 3549 Unde
3738 3497 3911 3552 sancti

2289 3574 2536 3635 martyres
2582 3565 2733 3619 etiam
2759 3565 2811 3618 in
2838 3566 2941 3618 suis
2971 3566 3291 3636 passionibus
3322 3570 3529 3620 victores
3556 3567 3909 3624 exstiterunt?

2293 3636 2430 3704 Quia
2455 3637 2548 3690 etsi
2584 3647 2854 3700 potuerunt
2883 3638 3217 3704 corporaliter
3246 3639 3434 3704 occidi,
3452 3654 3706 3703 nunquam
3736 3649 3910 3694 tamen

2289 3709 2762 3780 animoipotuerunt
2803 3709 2996 3780 frangi.
3048 3706 3137 3762 Illi
3182 3725 3298 3763 vero
3326 3712 3414 3780 qui
3457 3710 3745 3764 occiderunt
3786 3712 3909 3765 victi

2289 3789 2424 3832 sunt.
2456 3779 2655 3834 BALUZ.

2365 3849 2701 3924 [{ostntodunt
2730 3850 3209 3924 victumLDecittmi
3221 3851 3608 3924 imperatorem
3631 3894 3643 3917 ,
3678 3853 3767 3924 qui
3801 3871 3905 3909 an-

2294 3935 2363 3976 no
2391 3920 2490 3976 251
2525 3921 2724 3976 interiit
2752 3936 2873 3976 cum
2907 3921 3016 3975 ﬁlio
3044 3923 3096 3975 in
3130 3923 3272 3978 bello
3301 3920 3443 3992 quod
3485 3920 3745 3979 adversus
3777 3926 3906 3980 Per-

2294 4007 2381 4066 sas
2408 3994 2660 4066 gerebat,
2693 4002 2749 4048 ut
2776 3993 2961 4066 scribit
2990 3993 3214 4066 Pagius,
3245 3995 3335 4066 qui
3377 3995 3667 4050 Baronium
3716 3995 3906 4050 redar-

2292 4065 2414 4138 gnit
2445 4064 2766 4138 scribentem
2807 4063 2859 4118 id
2882 4064 3150 4138 _e_venissc
3177 4063 3297 4138 cum
3326 4077 3592 4138 pugnaret
3622 4067 3908 4122 adversum

2295 4135 2502 4190 Gothos
2531 4135 2767 4190 Mmsiam
2799 4143 2852 4189 et
2881 4135 3166 4190 Thraciam
3197 4135 3542 4192 infestantes.
3563 4138 3761 4194 ΒΑιιτῑ.

2367 4205 2437 4262 Χ.
2455 4204 3001 4260 Communicationem.
3019 4207 3154 4263 Tres
3170 4224 3300 4262 mss.
3315 4208 3459 4278 angl.
3475 4211 3905 4265 communionem.

2295 4277 2566 4348 Cypriane
2615 4279 2935 4332 familiarius
2989 4288 3072 4333 est
3128 4277 3608 4334 communicationis
3655 4283 3904 4336 verbum.

2295 4350 2427 4423 Qua:
2453 4349 2519 4404 de
2548 4348 2801 4423 Cornelio
2826 4349 3167 4423 inhonestact
3190 4352 3417 4423 maligna
3453 4351 3642 4421 iactari
3675 4369 3798 4406 mox
3829 4355 3909 4407 di-

2295 4421 2575 4493 cebantur,
2614 4422 2664 4474 in
2688 4421 2784 4474 hac
2809 4419 3007 4493 duplici
3038 4421 3287 4477 videntur
3314 4419 3663 4479 accusatione
3706 4425 3906 4493 posita,

2297 4491 2438 4560 quod
2474 4493 2722 4546 nimirum
2748 4503 2800 4546 et
2830 4492 2996 4547 libelli
3037 4493 3154 4548 labe
3183 4495 3482 4549 maculatus
3509 4504 3671 4557 esset,
3706 4491 3909 4550 etcum

2298 4563 2362 4617 iis
2393 4563 2480 4632 qui
2512 4564 2945 4618 sacrilicaverant
2972 4566 3449 4620 communicasset.
3483 4565 3774 4619 Postremm
3803 4583 3909 4619 an-

2301 4644 2404 4688 tetn
2451 4635 2780 4688 accusationi
2823 4635 2948 4690 hinc
2981 4635 3109 4706 data
3162 4636 3260 4690 fuit
3307 4637 3540 4702 occasio,
3590 4637 3730 4706 quod
3781 4652 3909 4692 cum

2301 4706 2574 4760 nonnullis
2603 4721 2790 4760 eorum
2818 4707 2909 4776 qui
2943 4705 3278 4762 sacriﬁcasse
3317 4705 3636 4763 dicebantur
3662 4723 3911 4763 commu-

2301 4777 2520 4851 nicaret.
2554 4776 2659 4832 Sed
2692 4781 2759 4830 ab
2789 4777 2891 4832 hoc
2927 4793 3051 4851 eum
3088 4779 3314 4834 crimine
3358 4789 3548 4849 purgat
3585 4778 3906 4851 Cyprianus,

2301 4848 2428 4903 dum
2460 4863 2582 4902 eum
2628 4864 2735 4903 non
2783 4849 3185 4904 communicare
3229 4848 3486 4916 ostendit,
3536 4848 3645 4905 nisi
3671 4848 3800 4908 cum
3843 4867 3912 4907 eo

2303 4920 2390 4986 qui
2438 4919 2616 4973 audita
2661 4936 2821 4974 causa
2852 4922 3110 4976 innocens
3140 4920 3328 4976 fuisset
3370 4925 3756 4989 comprobatus
3776 4965 3791 4986 ,
3821 4932 3914 4978 aut

2304 4991 2560 5046 Ecclesire
2577 4991 2782 5059 iudicio
2806 4991 2872 5046 ad
2899 4993 3334 5048 communionem
3355 4993 3626 5047 admissus
3643 5003 3809 5049 esset.
3831 4993 3910 5048 Ita

2304 5072 2359 5117 et
2388 5061 2645 5132 quidquid
2694 5078 2792 5132 pro
2819 5063 2941 5118 ﬁdei
2968 5065 3311 5119 confessione
3355 5079 3546 5134 passus
3583 5074 3686 5129 est,
3719 5080 3838 5118 eum
3881 5080 3910 5119 a

2308 5135 2470 5202 priori
2512 5134 2736 5188 crimine
2779 5135 3015 5190 alienum
3046 5136 3326 5191 evidenter
3352 5137 3708 5190 demonstrat.
3743 5137 3912 5191 Cous-

2306 5222 2462 5260 TANT.
2493 5236 2564 5244 —
2598 5207 2853 5274 Quamvis
2893 5211 3056 5260 sciam
3113 5207 3397 5261 lectionem
3447 5223 3589 5261 nunc
3641 5218 3911 5275 receptam

2307 5276 2511 5332 habere
2548 5277 3054 5331 communicationem
3083 5292 3312 5348 eamque
3352 5278 3635 5334 lectionem
3667 5279 3915 5334 csse'bo-

2310 5365 2430 5403 nam
2453 5391 2467 5414 ,
2501 5348 2747 5420 illamque
2775 5349 3066 5419 repererim
3114 5350 3164 5403 in
3209 5365 3302 5403 sex
3331 5350 3608 5404 codicibus
3652 5351 3912 5420 antiquis,

2309 5419 2518 5490 pratuli
2549 5428 2728 5474 tamen
2760 5435 2878 5473 eam
2907 5436 3064 5490 quam
3096 5436 3285 5476 omnes
3313 5420 3580 5476 editiones
3611 5419 3915 5475 illaontiana

2309 5493 2640 5563 antiquiores
2669 5501 2725 5547 et
2749 5490 3030 5546 duodecim
3061 5505 3240 5547 vetera
3273 5493 3600 5560 exemplaria
3632 5494 3915 5548 exhibent.

3409 5564 3698 5619 BALUZIUS.

2349 5635 2749 5704 X.—-Qua:dant
2764 5635 2826 5690 de
2838 5635 2926 5691 illo
2943 5635 3230 5690 inhonesta.
3248 5635 3335 5690 Sic
3349 5638 3507 5707 vulgo
3522 5639 3659 5691 solet
3678 5655 3690 5691 :
3707 5650 3922 5703 semper

2311 5707 2363 5759 in
2386 5707 2652 5764 discordia
2672 5724 2774 5762 una
2799 5724 2922 5778 pars
2943 5707 3170 5777 imputat
3189 5707 3474 5764 inhonesta
3499 5707 3634 5776 parti
3652 5707 3920 5770 adversm.

2314 5788 2372 5832 ul.
2391 5781 2706 5850 patetetiam
2731 5796 2796 5836 ex
2824 5780 3066 5851 epistolis
3085 5794 3246 5835 XLVIII
3275 5790 3323 5836 ct
3345 5795 3466 5835 sua
3487 5778 3927 5852 sanctiCypriaui
