4252 6258
370 312 481 369 777

1275 318 1616 382 EPISTOLA
1656 322 1723 380 Χ.
1758 324 1820 383 S.
1860 324 2188 386 CYPRIANI
2226 328 2320 386 AD
2358 329 2836 392 ANTONIANUM.

3576 349 3678 408 778

366 445 492 486 cum
529 429 826 528 episcopis,
858 433 948 503 qui
974 435 1441 510 sacriﬁcaverunt,
1473 452 1500 481 λ
1529 445 1974 502 communicatio-
2003 448 2055 509 Α
2087 448 2297 505 Domini
2338 466 2447 507 non
2477 463 2582 508 tam
2629 453 2975 524 Tropbimus,
3006 472 3167 528 quam
3198 462 3464 521 maximus
3496 464 3526 507 ι)
3569 470 3679 527 fra-

368 541 496 581 nem
527 525 846 597 sacrilegam
883 528 1199 598 miscuisse;
1237 534 1331 590 sed
1359 550 1452 592 eos
1477 536 1714 605 demum,
1741 553 1970 609 quorum

370 633 537 675 causa
566 618 743 674 audita
772 627 828 674 et
871 621 1177 680 innocentia
1226 628 1575 699 comprobata
1619 631 1710 698 sit,
1738 630 1968 702 conjun-

372 713 519 769 xisse
549 712 852 769 nobiscum.

444 806 534 861 XI.
558 804 703 893 Nam
717 808 857 863 etde
880 806 1197 879 Trophimo,
1227 811 1294 868 dc
1324 828 1431 884 quo
1451 813 1544 869 tibi
1577 815 1739 871 scribi
1760 814 1970 872 deside.

370 900 522 967 rasti,
550 915 655 956 non
690 902 759 955 ita
794 917 882 957 res
908 911 992 957 est
1022 912 1081 959 ut
1105 903 1172 960 ad
1200 915 1251 961 te
1281 906 1499 977 pertulit
1526 924 1715 965 rumor
1736 919 1791 965 et
1816 926 1969 966 men-

370 992 580 1048 dacium
614 994 993 1066 malignorum.
1021 995 1181 1063 Nam,
1207 1000 1345 1055 sicut
1393 1012 1768 1058 antecessores
1801 1004 1973 1059 nostri

370 1102 513 1157 saepe
549 1086 829 1156 fecerunt,
857 1089 1175 1160 colligendis
1204 1091 1456 1148 fratribus
1485 1095 1682 1151 nostris
1722 1095 1975 1151 charissi-

367 1197 491 1238 ntus
539 1180 706 1237 frater
757 1191 944 1238 noster
984 1181 1272 1240 Cornelius
1315 1188 1625 1243 necessitati
1668 1188 1971 1244 succubuit.

372 1274 441 1328 Et
468 1274 719 1344 quoniam
744 1289 865 1329 cum
897 1273 1216 1347 Trophimo,
1241 1292 1364 1347 pars
1396 1279 1627 1334 maxima
1657 1280 1827 1350 plebis
1844 1280 1972 1336 abs-

369 1376 628 1434 cesserat,
657 1366 919 1424 redeunte
950 1385 1092 1425 nunc
1137 1369 1205 1426 ad
1235 1371 1527 1427 Ecclesiam
1561 1371 1857 1442 Tropbimo
1879 1415 1893 1439 ,
1918 1381 1974 1428 ct

367 1459 732 1517 satisfaciente
786 1471 841 1517 et
901 1462 1218 1532 poenitentia
1271 1463 1667 1536 deprecationis
1724 1480 1967 1521 errorem

369 1554 652 1627 pristinum
682 1555 996 1623 confitente,
1029 1564 1085 1611 et
1111 1556 1500 1613 fraternitatem
1528 1599 1542 1623 ,
1583 1574 1742 1629 quam
1795 1574 1968 1630 nuper

368 1652 728 1719 abstraxerat,
752 1666 875 1707 cum
907 1650 1063 1722 plena
1092 1650 1391 1708 humilitate
1412 1661 1468 1710 et
1492 1652 1861 1709 satisfactione
1880 1668 1968 1708 re-

367 1752 617 1812 vocante,
664 1742 865 1800 auditte
903 1753 1031 1799 sunt
1072 1742 1192 1815 ejus
1219 1759 1444 1815 preces;
1490 1745 1623 1801 etin
1662 1745 1961 1802 Ecclesiam

2075 1773 2188 1821 tare
2228 1764 2489 1822 debemus
2514 1779 2572 1822 ut
2595 1767 2905 1838 placeamus
2926 1771 3051 1839 illis,

2080 551 2219 597 trmn
2255 560 2531 614 numerus,
2576 547 2664 617 qui
2694 563 2815 603 cum
2847 548 3142 619 TrOphimo
3169 552 3372 624 fuerat,
3403 559 3674 621 admissus

2073 645 2157 692 est
2184 654 2197 690 ε
2228 637 2318 708 qui
2349 653 2539 694 omnes
2570 642 2869 711 regressuri
2900 642 2966 697 ad
2998 644 3295 704 Ecclesiam
3327 667 3435 707 non
3463 667 3670 726 essent,

2074 726 2178 783 nisi
2209 744 2330 784 cum
2362 730 2657 803 Tr0phimo
2677 734 2968 791 comitante
2985 738 3278 797 venissent.
3305 743 3561 804 'l‘ractattt
3586 764 3675 805 er-

2073 838 2141 893 go
2186 823 2297 877 illic
2340 839 2462 879 cum
2491 825 2715 897 collegis
2746 828 2991 896 plurimis
3021 832 3227 902 habito,
3261 850 3545 910 susceptus
3591 854 3676 901 est

2075 920 2425 993 Tropliimus,
2455 941 2554 996 pro
2579 942 2685 996 quo
2715 927 3087 986 satisfaciebat
3116 932 3341 992 fratrum
3374 940 3577 998 reditus
3617 955 3676 1002 et

2077 1016 2321 1071 restituta
2374 1018 2668 1075 multorum
2704 1021 2870 1077 salus.
2913 1023 3003 1079 Sic
3052 1033 3233 1083 tamen
3285 1031 3551 1090 admissus
3592 1047 3678 1095 est

2077 1106 2426 1179 Trophimus,
2463 1121 2520 1167 ut
2572 1112 2743 1169 laicus
2781 1119 3167 1185 communicet,
3218 1138 3350 1190 non,
3379 1128 3673 1187 secundum

2076 1201 2221 1273 quod
2249 1204 2315 1257 ad
2361 1213 2411 1259 te
2455 1204 2815 1276 malignorum
2869 1208 3064 1267 littera:
3106 1215 3464 1285 pertulerunt,
3521 1224 3677 1291 quasi

2077 1292 2253 1348 locum
2295 1294 2595 1350 sacerdotis
2629 1309 2873 1369 usurpet.
3296 1298 3304 1303 ’

2152 1386 2264 1443 XII.
2292 1389 2399 1445 Sed
2436 1403 2488 1446 et
2519 1393 2661 1462 quod
2692 1395 2888 1463 passim
2918 1401 3318 1457 communicare
3348 1406 3669 1465 sacrificatis

2072 1476 2384 1537 Cornelium
2423 1494 2443 1521 ο
2481 1483 2576 1539 tibi
2605 1487 2907 1542 nuntiatum
2936 1499 3049 1556 est,
3085 1491 3188 1548 hoc
3233 1493 3395 1551 etiam
3427 1497 3493 1552 de
3543 1514 3676 1567 apo-

2070 1585 2328 1633 statarum
2359 1578 2497 1634 lictis
2528 1581 2838 1637 rumoribus
2871 1586 3132 1641 nascitur.
3166 1586 3349 1659 Neque
3376 1593 3521 1646 enim
3558 1609 3678 1663 pos-

2070 1682 2195 1726 sunt
2217 1671 2436 1727 laudare
2457 1688 2554 1729 nos
2583 1674 2674 1745 qui
2703 1676 2963 1732 recedunt
2987 1675 3061 1733 da
3090 1679 3245 1735 nobis
3270 1700 3283 1736 :
3312 1694 3405 1737 aut
3442 1699 3674 1755 exspec-

3082 1774 3173 1843 qui
3201 1774 3359 1832 nobis
3383 1776 3675 1849 displicen-

1611 1882 1995 1941 LECTIONES
2032 1881 2450 1938 VABIANTES.

439 2007 465 2036 α
501 2005 902 2057 Communionem
928 2002 1219 2066 sacrilegam
1243 2003 1378 2066 Lam.
1408 2000 1554 2053 Ebor.
1581 2002 1691 2053 NC.
1719 2003 1764 2051 1.

437 2067 467 2105 b
503 2068 602 2117 Sed
628 2076 678 2130 et
701 2080 843 2130 quam
866 2063 1130 2116 maximus'
1148 2063 1346 2130 Βοάηὸ.

435 2134 458 2163 ο
496 2127 751 2183 Cornelius
774 2129 858 2179 ubi
882 2130 1134 2180 nuntiatus
1160 2134 1236 2179 est
1262 2128 1392 2180 Lam.
1424 2127 1763 2180 Bod.5.Ebor.
1790 2129 1899 2180 Nc.
1920 2131 1965 2179 1.

2095 1999 2287 2113 “iisu-
2312 2062 2446 2114 Lam.
2474 2062 2616 2115 Ebor.
2650 2065 2757 2117 NC.
2780 2068 2827 2117 1.
2849 2068 2974 2121 Bod.
2998 2069 3048 2121 2.
3074 2070 3115 2121 Α
3137 2074 3280 2126 nobis
3294 2076 3427 2129 deest
3443 2079 3493 2131 in
3517 2084 3675 2137 Oxon.

1698 2234 2061 2294 VARIORUM
2096 2237 2327 2296 ΝΟΤΑΞ.

364 2334 620 2391 adversus
647 2334 908 2389 Novatum
932 2341 987 2389 et
1008 2332 1357 2387 Novatiannm
1382 2340 1437 2386 et
1456 2347 1519 2385 ex
1546 2330 1693 2385 calce
1720 2331 1960 2401 epistolae

365 2405 689 2486 firmiliani,
721 2406 773 2459 in
802 2421 905 2475 qua
933 2414 1240 2486 adnotatum
1275 2403 1710 2486 estpyprianum
1754 2419 1782 2454 a
1827 2417 1960 2486 papa

365 2477 641 2548 Stephano
665 2473 911 2532 vocatum
942 2476 1102 2531 fuisse
1131 2473 1594 2548 pseudochristtnn
1636 2481 1691 2528 et
1731 2473 1963 2543 pseudo-

365 2544 666 2619 apostolmn
718 2559 774 2603 et
819 2548 1065 2619 dolosum
1116 2544 1442 2619 Opet'arittm.
1480 2544 1787 2619 innumera
1838 2554 1964 2619 sunt

365 2616 613 2691 esempla
653 2618 956 2691 istiusmodi
994 2619 1046 2671 in
1091 2617 1441 2691 scriptoribus
1477 2616 1840 2691 historiarum.
1875 2616 1964 2670 Sic

364 2692 418 2747 in
445 2686 614 2747 libello
659 2690 877 2745 Precum
909 2688 1195 2742 Marcellini
1233 2698 1277 2741 et
1306 2686 1541 2741 Faustini
1579 2686 1840 2742 adversus
1872 2703 1958 2754 pa~

364 2778 488 2835 pani
519 2766 804 2835 Damasum
830 2771 884 2816 et
909 2760 961 2815 in
992 2760 1216 2835 epistola
1246 2758 1840 2835 conciliiAquileiensis
1869 2759 1962 2813 ad-

365 2828 557 2889 versus
596 2832 903 2890 Ursicinum
926 2874 939 2895 ,
971 2828 1224 2885 annulum
1267 2830 1500 2884 Damasi.
1534 2828 1684 2895 Apud
1711 2828 1961 2898 Optatum

362 2905 594 2977 legimus
618 2920 807 2977 causas
832 2904 1087 2977 conﬁctas
1109 2917 1230 2977 esse
1254 2910 1441 2977 contra
1462 2900 1805 2977 Czecilianum
1834 2901 1965 2977 rpi—

367 2972 588 3047 scopum
611 2975 1158 3047 Carthaginiensemnt
1179 2972 1361 3047 vitiosa
1386 2972 1505 3047 ejus
1522 2972 1797 3047 ordinatio
1814 2972 1963 3047 dice-

362 3043 537 3105 retur.
576 3046 805 3103 Necesse
820 3043 939 3101 non
970 3056 1054 3101 est
1090 3045 1168 3099 ire
1212 3059 1307 3113 per
1348 3043 1597 3098 historias
1624 3046 1959 3112 sequentium

369 3131 693 3191 temporum.
729 3119 1068 3191 Videtamen
1099 3115 1504 3191 Notas‘nostras
1531 3115 1595 3191 all
1629 3115 1765 3170 vitas
1796 3131 1959 3186 papa—

366 3185 971 3248 runiAveniouensium
992 3229 1010 3253 ,
1042 3203 1162 3256 pag.
1194 3186 1330 3250 702,
1358 3185 1518 3242 ηδε).
1550 3186 1747 3242 ΒΑιυῑ.

437 3261 874 3317 Communionem.
908 3260 1161 3329 Quamvis
1199 3258 1364 3313 sciant
1395 3258 1675 3313 lectionem
1708 3273 1850 3313 nunc
1876 3274 1964 3313 re-

363 3345 573 3403 ceptam
618 3333 819 3389 habere
857 3330 1393 3403 communicationem,
1424 3344 1650 3398 eamque
1677 3330 1961 3403 lectionem

364 3400 484 3463 esse
511 3407 703 3462 bonam
723 3448 737 3471 ,
767 3404 1021 3472 illamque
1047 3401 1337 3471 repererim
1367 3401 1420 3455 in
1450 3416 1543 3455 ses
1570 3400 1842 3456 codicibus
1868 3418 1965 3457 att-

365 3478 549 3549 tiquis,
579 3477 786 3547 prattuli
813 3485 995 3531 tamen
1016 3490 1134 3549 eam
1155 3488 1316 3549 quam
1343 3487 1533 3528 omnes
1558 3472 1961 3549 editionesMa-

360 3544 939 3617 nutiana'antiqniores
981 3556 1037 3603 et
1078 3544 1363 3600 duodecim
1405 3553 1588 3600 vetera
1628 3544 1962 3614 exemplaria

364 3620 644 3677 exhibent.
681 3620 876 3675 Bswz.

434 3692 530 3747 XI.
566 3690 642 3745 De
661 3691 965 3760 Trophimo.
1007 3688 1153 3745 Inter
1188 3689 1432 3752 exempla
1467 3687 1659 3760 quibus
1682 3686 1959 3741 Novatiani

363 3763 628 3820 satellites
655 3762 957 3816 Cornelium
985 3776 1108 3815 cum
1138 3762 1203 3816 iis
1224 3803 1239 3825 ,
1268 3760 1358 3830 qui
1383 3759 1846 3821 sacrificztverant.
1872 3773 1960 3813 sa-

362 3834 623 3903 crilegam
651 3831 1189 3887 communicationem
1240 3831 1516 3886 unsouisse
1545 3830 1955 3899 persuaderent,

359 3906 496 3961 illud
522 3903 866 3974 proferebant
893 3903 1189 3970 Tmphimi.
1231 3903 1384 3958 Unde
1425 3910 1686 3974 sequitur,
1720 3912 1778 3955 ut
1815 3910 1960 3974 stare

360 3993 471 4035 non
506 3971 674 4047 possit
703 3974 899 4030 Valesii
929 3986 1038 4029 not.
1067 3974 1119 4030 in
1154 3975 1347 4030 Euseb.
1374 4015 1389 4039 ,
1426 3988 1544 4042 pag.
1574 3972 1677 4047 155
1697 4011 1711 4033 ,
1739 3971 1922 4047 opinio
1941 4012 1955 4037 ,

361 4064 467 4120 qua
482 4045 901 4120 enm_Novat_iani
925 4046 1311 4120 ordinatorem,
1343 4048 1432 4116 qui
1456 4086 1470 4109 ,
1505 4045 1815 4120 ρῳιιὶςεηιὶει
1842 4061 1958 4120 litt):

362 4114 474 4186 tus,
494 4120 561 4176 ad
590 4117 897 4175 Cornelium
923 4118 1106 4181 rediit,
1138 4129 1191 4174 et
1223 4133 1343 4174 cum
1361 4114 1555 4185 populi
1584 4114 1854 4169 voluntate
1892 4114 1957 4168 ad

363 4191 552 4247 laicam
566 4190 1002 4247 communionem
1020 4190 1286 4245 admissus
1309 4198 1412 4254 est,
1445 4190 1586 4242 hunc
1607 4186 1957 4257 Trophimum

359 4263 526 4320 fuisse
558 4274 724 4333 putat.
765 4259 1072 4318 Consum.

432 4329 776 4391 Cltarissimus
816 4338 975 4405 frater
1013 4342 1203 4405 noster.
1234 4330 1512 4405 Etlitiones
1544 4329 1803 4405 vulgatae,
1837 4345 1958 4398 qute

360 4418 691 4478 acceperunt
715 4421 782 4461 ex
812 4402 1084 4460 Erasmica
1106 4446 1117 4468 ,
1143 4402 1656 4478 addnnt‘Cornetius.
1700 4402 1955 4478 sedeam

358 4473 596 4534 Cornelii
641 4492 836 4532 nomen
881 4492 986 4532 non
1019 4478 1322 4531 invenerim
1356 4475 1408 4528 in
1439 4473 1676 4541 antiquis
1703 4473 1953 4527 editioni-

2068 2334 2451 2420 prianinlgpist.’
2479 2350 2583 2417 ut,
2624 2335 2739 2391 sive
2780 2336 2831 2391 in
2876 2354 3064 2420 lxv-tt,
3207 2344 3543 2420 Stephanum
3581 2366 3675 2420 pa-

2066 2419 2211 2477 pum.
2242 2405 2325 2459 (1f.
2365 2406 2638 2461 Memoires
2696 2425 2827 2475 pour
2855 2411 3015 2463 servir
3042 2412 3073 2464 ὰ
3104 2413 3262 2468 l‘Inst.
3295 2405 3357 2469 de
3379 2405 3670 2477 l‘introd'uc.

2066 2479 2135 2557 tiu
2165 2475 2353 2557 Christ.
2387 2478 2521 2557 dans
2546 2478 2618 2557 les
2643 2476 2854 2557 Cautes,
2885 2495 2982 2549 par
3009 2481 3090 2557 ML
3106 2482 3157 2557 le
3184 2501 3422 2557 marquas
3448 2490 3517 2547 de
3544 2475 3677 2549 For;

2068 2548 2139 2634 tia
2180 2547 2450 2611 d‘Urltan;
2488 2549 2674 2634 Paris,
2708 2547 3208 2634 183§,_pag.-38l_gt
3236 2547 3671 2634 EGB—Gregor.

2066 2618 2272 2706 Tyron;
2304 2636 2425 2706 amt.
2461 2620 2789 2706 attingam;
2816 2618 3006 2706 Paris:
3040 2625 3209 2693 1857,
3256 2618 3388 2706 lolii:
3435 2648 3503 2697 tv,

2068 2690 2172 2767 5:57
2194 2706 2213 2767 ;Δ
2237 2691 2462 2767 Annales
2491 2692 2560 2767 du
2595 2691 2846 2767 Ilat'uaut,
2878 2703 3009 2747 tom.
3033 2712 3101 2750 vn
3121 2739 3135 2762 ,
3168 2690 3288 2767 pag.
3311 2700 3415 2763 97;
3448 2690 3675 2761 Αὶυῖιιῖὲε

2067 2760 2130 2813 de
2152 2762 2480 2839 philosophia
2508 2763 2952 2839 clzt'étt'enne_t0ttt.
3000 2760 3130 2839 xvtt,
3315 2760 3497 2828 7.1'I9.
3534 2760 3668 2833 Enn.

2140 2831 2450 2887 Necessitati
2478 2835 2759 2888 succubuit.
2794 2833 2851 2889 Itt
2888 2852 3017 2890 mss.
3046 2831 3190 2893 Cori)
3232 2831 3289 2894 ἒι
3316 2840 3472 2896 Colit.
3517 2855 3573 2899 ut
3618 2831 3673 2901 in

2067 2903 2259 2983 priscis
2279 2904 2409 2983 edit.
2433 2907 2748 2983 necessitate.
2773 2906 2890 2960 Jam
2915 2907 3234 2983 Cyprianus,
3261 2928 3419 2981 supra
3448 2931 3500 2968 n.
3528 2918 3582 2983 ti,
3614 2933 3674 2973 se

2065 2976 2181 3043 ipse
2211 2977 2809 3056 necessitati_teu_tporunt
2839 2976 3162 3056 succubuisse
3191 2976 3344 3056 dixit.
3377 2976 3672 3056 Utrohique

2065 3057 2245 3120 autem
2272 3048 2556 3120 succubuit,
2600 3050 2651 3103 id
2675 3061 2759 3104 est
2797 3050 2941 3120 quod
2968 3052 3375 3119 obsecundavit,
3426 3048 3670 3116 nonnihil

2069 3119 2187 3200 scil.
2223 3134 2250 3169 a
2277 3119 2458 3200 rigore
2484 3120 2787 3200 disciplina:
2812 3123 3158 3200 remittendo,
3187 3134 3345 3200 prout
3370 3128 3675 3200 colligenda:

2070 3190 2408 3263 fraternitatis
2438 3190 2635 3263 utilitas
2666 3191 2921 3263 exigebat,
2966 3203 3024 3248 ut
3053 3194 3105 3248 in
3136 3190 3352 3252 laudato
3377 3190 3603 3259 nutavere
3633 3203 3667 3257 6

2067 3260 2393 3316 declaratur.
2447 3260 2753 3318 Consum.

2140 3332 2425 3386 Coutitante
2505 3335 2781 3390 venissent.
2858 3334 3094 3391 Verbum
3177 3341 3426 3396 venissent
3487 3359 3516 3397 a
3564 3361 3666 3401 ms.

2065 3401 2233 3475 Corb.
2262 3405 2434 3465 abest.
2468 3405 2674 3475 integra
2714 3408 3001 3462 sententia.
3049 3407 3192 3463 Nihil
3236 3411 3336 3468 hac
3382 3416 3666 3473 occasione

2066 3475 2174 3545 egit
2207 3474 2509 3539 Cornelius,
2554 3479 2652 3531 nisi
2682 3479 2826 3548 quod
2859 3490 2912 3532 et
2939 3489 3097 3534 antea
3125 3481 3179 3535 in
3216 3483 3458 3540 Ecclesm
3486 3503 3665 3544 actum

2065 3557 2161 3601 aut
2210 3558 2357 3601 certe
2392 3549 2672 3614 probatum
2715 3560 2814 3603 est.
2851 3550 2982 3603 Nam
3026 3550 3358 3608 'l‘ertulliano
3395 3567 3530 3613 teste
3566 3560 3661 3614 lib.

2065 3617 2133 3696 de
2155 3617 2490 3696 Ριηυθιῃνίνι⁸2
2513 3634 2563 3674 c.
2591 3619 2681 3681 50.
2707 3620 2981 3696 Marciani,
3005 3638 3099 3677 seu
3123 3625 3350 3680 Cerdoni
3399 3631 3635 3696 poenitet]
3656 3661 3664 3677 ι

2067 3689 2192 3743 tiam
2216 3691 2491 3744 confitenti
2521 3706 2623 3759 pax
2649 3707 2709 3745 ea
2733 3692 3035 3746 conditione
3067 3697 3327 3761 promissa
3359 3689 3458 3762 est,
3493 3703 3539 3753 si
3565 3718 3663 3756 rte-

2065 3768 2220 3825 teros,
2268 3778 2395 3826 quos
2440 3762 2715 3831 perditioni
2760 3764 3032 3824 erudisset.
3068 3765 3313 3821 Ecclesia:
3354 3773 3661 3827 restitueret.

2065 3831 2377 3912 Cujusmotli
2428 3832 2776 3912 remissionis
2818 3835 3162 3912 Augustinus
3196 3839 3353 3905 epist.
3399 3842 3525 3897 olim
3571 3844 3665 3912 50,

2063 3918 2208 3958 nunc
2247 3903 2372 3966 185,
2414 3919 2461 3957 c.
2506 3904 2588 3967 10,
2625 3919 2678 3957 ιι.
2706 3904 2799 3966 45,
2848 3906 2985 3959 hanc
3018 3907 3190 3961 reddit
3222 3903 3481 3966 rationem
3516 3933 3527 3967 ε
3563 3903 3661 3968 Coi

2063 3986 2195 4050 gunt-
2231 3973 2667 4050 multasjnvenire
2695 3974 2971 4050 medicinas
2987 3978 3271 4050 ⁸ξηιιιιοηιηι
3312 3986 3660 4050 experimenta

2064 4042 2373 4123 morborum.
2400 4042 2600 4123 .Verum
2625 4045 2680 4123 in.
2722 4044 3015 4114 Itujusmodi
3038 4050 3211 4123 causis
3229 4091 3244 4114 ,
3289 4042 3389 4123 ubi.
3418 4070 3506 4119 per
3530 4073 3661 4123 gra-

2062 4131 2144 4171 ves
2194 4115 2566 4187 dissensionum
2607 4116 2857 4187 scissuras
2886 4134 2987 4170 non
3026 4120 3179 4187 hujus
3207 4131 3294 4172 aut
3323 4115 3461 4175 illius
3488 4115 3659 4180 homi-

2062 4190 2141 4243 nis
2167 4196 2240 4260 est
2271 4186 2571 4260 periculum,
2591 4186 2694 4260 sed
2716 4188 3020 4255 populorum
3045 4186 3237 4260 strages
3262 4191 3456 4259 iacent,
3487 4197 3658 4251 detra-

2062 4259 2285 4314 hendum
2326 4269 2397 4312 est
2439 4258 2636 4328 aliquid
2665 4259 2940 4324 severitati,
2986 4258 3348 4331 ntmujoribus
3388 4267 3537 4321 malis
3575 4287 3659 4323 sa-

2063 4332 2248 4385 nandis
2268 4331 2454 4384 caritas
2475 4331 2670 4383 sincera
2700 4331 2980 4402 subveniat.
3008 4330 3153 4386 Nam
3173 4334 3254 4402 pia
3281 4346 3451 4389 mater
3472 4338 3655 4396 Eccle-

2061 4404 2162 4468 sia,
2198 4403 2424 4455 filiorum
2455 4417 2674 4474 suorum
2697 4401 2923 4457 salutem
2950 4401 3363 4474 unicecnpiens.
3386 4407 3507 4463 ideo
3530 4418 3651 4465 tan-

2062 4484 2173 4530 tum
2202 4474 2489 4528 severitate
2520 4472 2684 4526 utitur
2709 4488 2833 4543 erga
2882 4472 3203 4536 nonnullos.
3226 4494 3291 4531 ne
3322 4479 3490 4534 venir
3524 4481 3652 4537 faci-

355 4548 491 4616 bus,
524 4549 663 4604 desit
693 4560 874 4603 autem
908 4550 1069 4604 etiam
1104 4548 1156 4602 in
1188 4546 1458 4601 sexdecim
1490 4543 1766 4599 codicibus
1804 4545 1945 4619 anti-
1976 4550 2027 4609 D
2057 4546 2210 4619 litate
2236 4546 2422 4614 perdat
2457 4545 2671 4619 multus.
2707 4543 2995 4619 Ubiigitttr
3025 4548 3351 4617 indulgentia
3387 4552 3649 4619 plurimo-

360 4623 512 4690 quis.
545 4620 849 4676 existimavi
878 4620 1256 4675 auctoritatem
1287 4626 1365 4671 tot
1395 4627 1638 4671 veterum
1670 4617 1947 4690 exempla:

359 4685 500 4747 rium
544 4693 839 4761 praevalere
878 4690 1079 4746 debere
1118 4691 1375 4744 adversus
1414 4702 1677 4761 errorem.
1708 4685 1948 4742 Cornelii

360 4759 560 4834 quippe
599 4778 790 4834 nomen
831 4779 938 4817 non
982 4763 1160 4834 inveni
1191 4763 1243 4815 in
1277 4761 1386 4814 ullo
1418 4761 1587 4834 veteri
1621 4759 1757 4813 libro
1787 4774 1946 4828 quam

359 4832 415 4890 in
450 4834 712 4905 Eligiano.
756 4833 936 4903 ltaqtie
978 4832 1141 4905 illud,
1173 4847 1293 4887 cum
1326 4846 1429 4886 non
1462 4832 1701 4905 dubitem
1731 4845 1851 4885 esse
1880 4846 1948 4886 ex

357 4901 717 4976 glossemate,
761 4901 973 4960 sustuli.
1027 4904 1214 4976 Fuisse
1260 4913 1441 4957 autem
1485 4901 1836 4976 Trophinmm
1880 4917 1946 4956 ex

358 4973 509 5032 clero
537 4977 779 5031 Humano
806 4977 971 5046 liquet
997 4991 1059 5029 es
1092 4975 1242 5029 initio
1270 4974 1713 5046 istiusepistolze.
1738 4973 1810 5046 Et:
1841 4988 1948 5043 quo

360 5049 668 5103 necessario
698 5043 1044 5118 consequitur
1072 5051 1170 5102 ista
1200 5045 1477 5101 referenda
1506 5060 1627 5101 esse
1654 5045 1719 5098 ad
1750 5043 1950 5118 Corne-

358 5120 486 5175 limn
510 5162 524 5184 ,
556 5120 803 5189 quamvis
846 5116 1041 5189 nomen
1073 5120 1193 5187 ejus
1222 5118 1709 5189 nonettprimatur.
1745 5116 1944 5171 BALUZ.

355 5221 429 5232 —
454 5188 734 5246 Erravisse
762 5191 920 5245 simul
952 5188 1221 5245 Valesium
1254 5199 1307 5243 et
1335 5188 1609 5243 Baluzium
1628 5230 1643 5253 ,
1676 5202 1799 5241 cum
1829 5199 1949 5242 tan-

359 5272 532 5317 torum
592 5263 824 5317 virorum
877 5277 1028 5331 pace,
1054 5261 1379 5325 dixerimus,
1434 5260 1560 5314 dum
1609 5260 1659 5313 in
1709 5259 1952 5314 diversas

356 5334 618 5389 abeuntes
645 5334 791 5393 vias.
830 5334 883 5387 in
927 5347 993 5388 eo
1015 5336 1371 5388 convenerint
1418 5341 1474 5384 ut
1523 5331 1669 5385 clero
1709 5332 1952 5384 Romano

356 5404 709 5474 Tropltimum
740 5405 1147 5476 adscripseriut.
1180 5403 1410 5459 Attentis
1440 5403 1584 5476 enim
1610 5402 1669 5476 S.
1697 5399 1953 5476 Cypriani

356 5472 598 5545 epistolis
643 5490 753 5530 tum
801 5476 867 5530 ad
912 5472 1310 5535 Antoniauum,
1355 5484 1465 5528 tum
1509 5472 1574 5526 ad
1619 5472 1951 5545 Stephanum

354 5543 550 5618 papam
595 5546 807 5618 (Epist.
841 5563 1021 5614 van,
1054 5550 1136 5602 ed.
1165 5545 1404 5612 Batus),
1436 5545 1679 5618 asseruit
1696 5559 1759 5618 ac
1788 5543 1953 5618 probe

354 5612 542 5673 docuit
579 5612 632 5672 in
673 5612 876 5674 recenti
909 5612 1288 5675 dissertatiOue
1318 5616 1559 5671 eruditus
1594 5613 1809 5682 quidam
1853 5612 1952 5666 bo-

356 5688 619 5754 diernns,
649 5689 787 5743 haud
832 5691 1003 5745 ultimi
1046 5688 1288 5747 subsellii
1330 5687 1429 5752 vir,
1460 5685 1726 5753 duplicem
1757 5684 1953 5738 disdn-

354 5761 628 5833 guendum
650 5775 770 5814 esse
792 5760 1143 5833 '[ropltimutti
1165 5761 1561 5818 Arelatensem.
1613 5771 1776 5833 unum
1806 5756 1953 5823 Apo-

352 5828 534 5906 Stolis,
560 5834 786 5906 alterum
815 5832 871 5889 S.
903 5828 1173 5906 Cypriano
1199 5844 1462 5906 coaevum,
1496 5828 1957 5906 posteritiretttqite

354 5903 609 5967 eumdem
649 5903 824 5974 ipsum
862 5898 1000 5962 ess'c'
1025 5905 1092 5961 de
1130 5920 1238 5979 quo
1266 5902 1440 5976 agitur
1472 5898 1586 5959 sive
1628 5900 1679 5956 in
1722 5899 1819 5955 hac
1845 5898 1954 5972 Cy-

617 5997 897 6062 Pnaon.
946 5997 1055 6059 ΙΙΙ.

2054 4634 2171 4673 rum
2202 4617 2407 4670 lucrum
2444 4615 2545 4670 sibi
2573 4615 2755 4670 olferri
2788 4615 2948 4683 videt,
3000 4619 3099 4673 hac
3127 4615 3222 4673 eos
3248 4615 3454 4676 ratione
3491 4624 3555 4676 ad
3589 4640 3650 4680 se

2049 4690 2271 4762 allicere
2316 4704 2533 4756 prorsus
2564 4703 2675 4762 non
2698 4687 2925 4762 dubitat.
2967 4690 3229 4762 Quocirca
3258 4691 3322 4745 iis
3352 4693 3444 4762 qui
3470 4696 3648 4752 multi-

2052 4761 2287 4816 tudinem
2316 4774 2497 4814 secum
2538 4759 2602 4812 ad
2640 4759 2930 4813 Ecclesium
2964 4760 3264 4827 reducunt,
3293 4759 3453 4819 etiam
3480 4766 3647 4823 hono-

2050 4847 2138 4887 res
2161 4846 2287 4886 snos
2324 4829 2621 4886 servandos
2652 4829 2912 4899 judicavit
2958 4830 3204 4886 Africana
3249 4832 3509 4891 Ecclesia.
3547 4838 3648 4895 Uhi

2050 4904 2193 4958 enim
2216 4901 2338 4957 cod.
2363 4917 2483 4957 can.
2511 4902 2656 4956 Eccl.
2684 4902 2822 4965 Afr.,
2844 4917 2892 4955 c.
2918 4900 3006 4967 68,
3037 4905 3239 4965 statuit,
3269 4914 3319 4956 ttt
3345 4908 3568 4962 ordinati
3596 4912 3650 4963 in

2051 4986 2195 5047 parte
2225 4973 2445 5038 Donati,
2475 4974 2519 5047 si
2546 4974 2613 5026 ad
2643 4971 2955 5047 Catholicam
2985 4974 3196 5047 correcti
3231 4979 3450 5031 transire
3477 4981 3650 5033 volue-

2052 5044 2175 5118 rint.
2221 5062 2324 5118 non
2352 5044 2699 5118 suscipiantur
2728 5044 2778 5095 in
2810 5045 3236 5118 honoribussuis,
3269 5049 3448 5100 statim
3495 5050 3645 5118 adje-

2052 5117 2155 5178 cit.
2184 5117 2272 5169 sed
2297 5117 2517 5184 exceptis
2543 5116 2622 5168 his
2650 5131 2740 5182 per
2764 5131 2891 5184 quos
2916 5115 3182 5169 catholica:
3210 5118 3392 5171 unitati
3415 5115 3647 5176 consuli-

2053 5198 2154 5247 tur.
2186 5187 2286 5241 hoc
2315 5196 2396 5240 est
2423 5202 2511 5255 per
2540 5202 2663 5252 quos
2707 5186 2784 5239 vel
2811 5187 2947 5239 omni
2978 5187 3127 5239 modo
3155 5189 3351 5257 perlici,
3379 5192 3458 5243 vel
3495 5193 3648 5253 adiu-

2052 5259 2162 5312 vari
2207 5259 2491 5382 mamIestis
2514 5262 2857 5326 fraternarum
2885 5258 3173 5312 animarum
3212 5259 3367 5315 lucris
3395 5264 3648 5318 catholica

2054 5331 2223 5382 unitas
2265 5331 2316 5380 in
2364 5327 2489 5382 ocis.
2521 5329 2574 5381 iu
2616 5331 2795 5382 auibus
2821 5327 3030 5382 daaunt.
3061 5330 3166 5382 visa
3204 5334 3372 5382 fuerit.
3408 5334 3529 5382 llaec
3553 5338 3648 5382 mi.

2054 5331 2223 5383 unitas
2247 5331 2316 5404 Ain
2343 5327 2489 5404 locis,
2521 5329 2574 5381 iu
2616 5331 2795 5404 quibus
2821 5327 3030 5397 degunt,
3061 5330 3166 5404 visa
3202 5334 3372 5400 fuerit.
3408 5334 3529 5389 llaec
3553 5338 3653 5404 "Igi-

2057 5412 2143 5455 tur
2170 5400 2379 5453 unitatis
2405 5400 2773 5469 compeusatio,
2801 5408 2857 5453 ut
2881 5416 3004 5452 cum
3044 5400 3234 5456 eadem
3263 5404 3486 5458 ecclesia
3514 5400 3641 5461 ibid.

2055 5472 2263 5541 loquar.
2292 5485 2395 5523 una
2422 5467 2675 5525 Cornelio
2698 5486 2857 5543 causa
2878 5470 2994 5540 fuit,
3025 5486 3123 5543 cur
3144 5472 3438 5543 Trophimo
3463 5492 3646 5543 ῃηουηι

2055 5551 2110 5597 et
2131 5543 2561 5597 communiOuem
2581 5542 2878 5598 concedere
2898 5559 3002 5595 non
3025 5542 3284 5598 tltll'crret.
3308 5544 3382 5599 lta
3407 5562 3544 5601 unus
3563 5549 3648 5602 di-

2056 5615 2230 5685 versis
2260 5615 2310 5666 in
2338 5613 2551 5685 smeulis
2579 5614 2818 5669 cernitur
2847 5614 3103 5669 Ecclesiae
3131 5613 3381 5684 Spiritus,
3405 5621 3650 5685 quamvis

2055 5684 2176 5740 aliis
2222 5695 2382 5755 atque
2411 5684 2527 5738 aliis
2568 5699 2664 5754 pro
2701 5694 3004 5755 tempormn
3047 5685 3355 5742 diversitate
3394 5684 3650 5744 remediis

2057 5766 2258 5812 utatur.
2303 5754 2528 5824 Semper
2551 5754 2827 5828 cujusque
2851 5756 3078 5812 membri
3106 5758 3319 5812 sanitati
3347 5758 3424 5814 sic
3457 5777 3651 5815 consu-

2059 5828 2175 5894 luit,
2219 5836 2275 5882 ut
2307 5828 2468 5883 totius
2493 5828 2735 5898 corporis
2763 5828 2844 5883 sui
2880 5828 3092 5897 unitati,
3119 5845 3185 5885 ex
3204 5846 3306 5899 qua
3333 5832 3478 5887 salus
3508 5833 3649 5889 illius

2061 5899 2274 5973 pendet,
2309 5900 2658 5973 prospiceret.
2700 5899 3007 5958 Consum.
