4252 6258
355 263 454 333 781

1217 265 1563 333 EPISTOLA
1601 269 1672 331 Χ.
1713 273 1772 332 S.
1815 264 2142 340 CYPRIANI
2181 273 2274 332 AD
2316 269 2791 335 ANTONIANUM.

3574 281 3680 338 782

359 386 615 462 protexit,
634 385 725 444 ille
745 385 1142 459 quiinquilinos
1162 398 1189 428 ιι
1208 389 1290 445 vel
1306 388 1509 445 amicos
1533 404 1660 445 suos
1681 389 1746 445 ad
1767 389 1971 446 facinus
1996 393 2049 453 Α
2076 405 2317 457 curasse,
2346 401 2399 447 et
2422 399 2639 462 propter
2657 405 2816 446 unam
2841 389 3077 446 sauciam
3104 389 3549 464 multasintegras
3567 412 3683 466 per-

359 483 642 554 compulit,
676 493 731 537 et
771 484 861 554 qui
908 484 1179 550 inquilinis
1220 495 1275 542 ct
1316 485 1520 540 colonis
1562 486 1819 555 pepercit,
1864 484 1971 540 fra-

361 589 472 635 tres
492 577 522 616 ιι
551 578 709 634 etiam
754 578 1043 650 plurimos,
1073 579 1164 649 qui
1194 590 1439 635 extorres
1485 589 1540 635 et
1582 579 1794 652 profugi
1825 595 1971 635 rece-

362 670 579 735 debant,
609 671 663 724 in
692 683 790 724 sua
816 678 956 724 tecta
984 679 1039 722 et
1066 667 1300 739 hostiitia
1332 670 1536 739 recepit
1584 681 1630 737 ε’,
1678 670 1972 726 ostendens

361 774 417 821 et
445 764 682 820 oﬂerens
709 764 940 818 Domino
989 763 1187 817 multas
1234 762 1444 818 animas
1474 765 1716 820 viventes
1740 761 1765 800 ἀ
1793 775 1846 821 et
1894 765 1974 819 in-

360 859 604 914 columes
635 873 755 928 qua:
782 872 884 928 pro
911 871 1018 912 una
1046 856 1228 910 saucia
1260 855 1633 926 deprecentur.

432 949 573 1007 XIV.
597 950 731 1004 Cum
757 950 1046 1020 ergointer
1076 949 1222 1019 ipsos
1252 946 1344 1018 qui
1371 950 1807 1006 sacriﬁcaverunt
1836 950 1976 1004 mul-

363 1046 503 1102 tasit
523 1044 833 1109 diversitas,
861 1058 980 1114 qum
1003 1042 1348 1098 inclementia
1376 1055 1458 1098 est
1495 1054 1547 1098 et
1583 1059 1742 1114 quam
1783 1045 1977 1098 acerba

368 1138 563 1194 duritia
590 1136 913 1193 Iibellaticos
931 1151 1052 1190 cum
1074 1135 1139 1190 iis
1161 1136 1250 1206 qui
1276 1135 1710 1194 sacrifieaverunt
1729 1136 1975 1206 iungere,

367 1230 586 1302 quando
607 1229 659 1283 «is
685 1230 769 1285 cui
801 1229 1015 1283 libellus
1042 1240 1296 1298 accoptus
1331 1239 1414 1284 est
1455 1228 1599 1284 dicat
1634 1246 1646 1282 :
1682 1228 1796 1300 Ego
1836 1229 1981 1297 prius

365 1325 962 1396 legeratn,etepiscopo
983 1332 1266 1387 tractante,
1290 1338 1651 1394 cognoveram
1681 1339 1785 1377 non
1815 1323 1982 1377 sacri-

370 1421 641 1475 ﬁcandum
670 1419 853 1486 idolis,
884 1433 984 1474 nec
1023 1417 1346 1472 simulacltra
1386 1432 1601 1478 servum
1634 1417 1728 1471 Dei
1755 1415 1984 1473 adorare

368 1514 602 1580 debere;
635 1521 689 1568 et
717 1511 943 1577 idcirco,
972 1526 1041 1566 ne
1071 1513 1172 1566 ltoc
1198 1509 1430 1566 facerem
1453 1509 1595 1582 quod
1628 1525 1734 1566 non
1767 1509 1981 1578 licebat,

370 1623 492 1664 cum
524 1607 740 1663 occasio
784 1606 950 1662 libelli
990 1605 1179 1660 fuisset
1221 1604 1418 1670 oblata,
1457 1620 1615 1674 quem
1668 1618 1768 1658 nec
1811 1604 1984 1673 ipsum

371 1701 678 1770 acciperem
699 1699 802 1754 nisi
824 1707 1038 1754 ostensa
1063 1697 1250 1754 fuisset
1270 1696 1502 1762 occasio,
1527 1697 1591 1751 ad
1616 1697 1985 1768 magistratum

2077 485 2295 552 didisse,
2327 495 2380 541 et
2402 502 2520 541 cum
2552 485 2830 552 Dominus,
2848 485 3048 540 relictis
3069 487 3358 556 nonaginta
3376 502 3566 542 novem
3591 505 3683 545 sa-

2077 581 2181 644 nis,
2215 597 2371 635 unam
2401 591 2669 637 errantem
2701 591 2756 636 et
2788 581 2980 635 lassmn
3011 581 3304 651 qumsierit,
3334 593 3385 636 et
3411 583 3685 639 inVentam

2078 672 2318 728 humeris
2349 674 2459 728 suis
2507 674 2622 742 ipse
2647 673 3111 746 portarerit(Luc.
3146 689 3250 739 xv;
3285 674 3477 728 Matth.
3501 677 3680 747 xuii),

2079 782 2179 821 nos
2219 783 2323 822 non
2355 776 2558 822 tantum
2609 785 2714 822 non
2764 784 3071 837 quarramus
3108 771 3287 837 lapsos
3315 779 3364 835 8,
3397 771 3489 825 sed
3516 779 3570 826 et
3595 786 3689 826 ve—

2079 860 2293 916 nientes
2335 877 2640 928 arceamus,
2678 871 2734 916 et
2773 877 2896 916 cum
2945 863 3424 932 psemlOprOpltette
3469 879 3689 934 gregem

2081 951 2282 1008 Christi
2321 970 2466 1010 nunc
2491 963 2704 1011 vastare
2739 965 2793 1008 et
2821 957 3060 1010 lacerare
3091 973 3196 1010 non
3237 956 3502 1023 desinant,
3535 973 3693 1011 oet-a-

2083 1047 2287 1103 sionem
2317 1049 2540 1104 canibus
2571 1059 2624 1102 et
2677 1049 2820 1119 lupis
2873 1049 3063 1104 demus
3086 1049 3113 1082 ιι
3141 1059 3197 1101 ιιι
3224 1063 3359 1118 quos
3393 1047 3693 1118 persecutio

2085 1138 2282 1194 infesta
2315 1156 2420 1194 non
2456 1139 2708 1210 perdidit,
2742 1155 2837 1195 eos
2865 1155 2964 1195 nos
2999 1140 3191 1194 duritia
3239 1151 3417 1194 nostra
3451 1151 3504 1194 et
3541 1140 3696 1195 inltu-

2086 1232 2342 1288 manitate
2390 1233 2695 1302 perdamus.
2743 1233 2812 1288 Et
2855 1233 2943 1288 ubi
2985 1233 3110 1298 erit,
3156 1233 3320 1288 frater
3355 1233 3693 1300 cltarissimc,

2087 1328 2228 1398 quod
2258 1328 2549 1396 Apostolus
2574 1327 2703 1382 dicit
2734 1346 2745 1382 :
2779 1327 3029 1383 Omnibus
3050 1345 3140 1398 per
3165 1328 3337 1381 onmia
3368 1328 3563 1397 placeo,
3595 1343 3701 1381 non

2088 1437 2320 1492 quterens
2342 1421 2479 1493 quod
2509 1421 2632 1475 mihi
2656 1421 2780 1475 utile
2804 1432 2897 1489 est,
2925 1423 3014 1477 sed
3039 1422 3174 1492 quod
3196 1422 3389 1486 multis,
3423 1431 3477 1475 ut
3501 1421 3701 1475 salven-

2089 1524 2190 1569 tur.
2221 1514 2518 1568 Imitatores
2553 1515 2650 1568 mei
2683 1524 2856 1580 estote,
2885 1517 3013 1569 sicut
3051 1526 3097 1569 et
3134 1532 3228 1586 ego
3267 1512 3460 1568 Christi
3499 1514 3542 1586 (l
3576 1511 3699 1568 Cor.

2091 1623 2142 1672 ιι,
2175 1607 2264 1674 35,
2309 1623 2385 1670 XI,
2417 1604 2493 1676 1).
2537 1606 2603 1661 Et
2641 1607 2834 1662 iterum
2868 1625 2881 1661 :
2923 1606 3111 1661 Factus
3141 1624 3254 1661 sum
3283 1609 3520 1672 inﬁrmus
3555 1607 3707 1674 ἰηιῑιοο

2096 1701 2212 1765 mis,
2247 1708 2303 1752 ut
2349 1701 2582 1768 in/irmos
2614 1699 2844 1754 lucrarer
2873 1701 2916 1769 (I
2947 1700 3067 1756 Cor.
3104 1717 3178 1764 ιιι,
3214 1700 3328 1771 22).
3364 1699 3431 1755 Et
3459 1702 3650 1755 iterum
3686 1721 3702 1756 :

373 1793 461 1848 vel
491 1792 638 1857 veni,
673 1791 759 1845 vel
799 1790 905 1845 alio
955 1801 1117 1845 eunte
1163 1789 1454 1854 mandavi,
1497 1788 1858 1844 Christianum
1901 1804 1989 1844 me
2019 1802 2066 1866 Β
2099 1793 2162 1850 Si
2213 1795 2407 1864 patitur
2449 1795 2727 1850 uretttbrum
2769 1813 2925 1850 unum
2954 1837 2969 1862 ,
3015 1796 3394 1868 compatiuntur
3439 1804 3486 1848 et
3524 1804 3708 1849 uetera

373 1899 521 1950 esse,
555 1882 858 1937 sacrificare
907 1880 1038 1936 mihi
1077 1896 1181 1936 non
1227 1880 1390 1936 licere
1424 1890 1470 1945 θ,
1509 1879 1575 1938 ad
1627 1897 1749 1936 aras
1793 1881 1993 1939 diaboli

377 1995 470 2036 me
497 1981 684 2036 venire
724 1994 828 2032 non
858 1993 1039 2048 posse,
1074 1977 1202 2032 dare
1237 1991 1323 2032 me
1361 1975 1430 2030 ob
1461 1975 1564 2030 hoc
1594 1976 1892 2044 prmmium,
1925 1990 1995 2032 ne

384 2073 530 2145 quod
582 2088 687 2128 non
736 2072 858 2126 licet
897 2063 1108 2126 faciam.
1159 2069 1314 2125 Nunc
1357 2079 1534 2123 tamen
1570 2069 1732 2124 etiam
1774 2069 1874 2122 iste
1903 2069 1995 2139 qui

385 2166 571 2222 libello
599 2165 894 2220 maculatus
923 2170 1026 2229 est,
1059 2171 1242 2234 postea
1269 2177 1428 2232 quam
1470 2160 1623 2216 nobis
1653 2160 1993 2215 admonenti-

381 2261 481 2316 bus
521 2259 705 2314 didicit
738 2273 837 2313 nec
879 2257 981 2312 hoc
1025 2272 1083 2312 se
1125 2256 1300 2311 facere
1342 2255 1613 2321 debuisse,
1658 2254 1758 2310 etsi
1804 2269 1996 2308 manus

384 2372 519 2428 pura
544 2357 634 2418 sit,
665 2362 720 2408 et
752 2369 815 2408 os
852 2352 970 2422 ejus
1001 2351 1182 2406 feralis
1212 2350 1314 2408 cibi
1345 2350 1587 2420 contagia
1624 2349 1763 2403 nulla
1794 2348 1998 2417 polluc-

385 2449 516 2512 rint,
547 2447 930 2502 conscientiam
963 2456 1139 2498 tamen
1171 2444 1287 2513 ejus
1316 2458 1437 2497 esse
1465 2443 1740 2511 pollutam,
1778 2440 1870 2494 flet
1908 2456 2002 2496 au-

386 2539 513 2595 ditis
541 2539 698 2595 nobis
725 2546 779 2594 et
812 2537 1155 2602 lamentatur,
1179 2545 1232 2590 et
1259 2534 1400 2606 quod
1432 2532 1719 2602 deliquerit
1749 2548 1890 2589 nunc
1910 2532 2004 2588 ad-

386 2643 660 2699 monetur,
694 2639 749 2686 et
778 2647 883 2685 non
917 2640 1026 2684 tam
1056 2628 1284 2684 crimine
1308 2643 1468 2695 quam
1498 2642 1684 2681 errore
1723 2626 2001 2694 deceptus,

385 2728 526 2800 quod
541 2727 652 2798 jam
671 2726 738 2782 de
753 2738 950 2781 cmtero
967 2725 1256 2782 instructus
1274 2732 1324 2777 et
1340 2737 1401 2793 pa
1411 2730 1556 2776 ratus
1566 2722 1630 2776 sit
1651 2730 2001 2777 contestatur.

471 2818 590 2875 XV.
623 2819 864 2889 Quorum
888 2817 932 2873 si
965 2816 1330 2888 pmnitentiam
1357 2829 1670 2885 respuamns
1697 2814 2006 2870 habentium

392 2913 628 2984 aliquam
673 2912 920 2967 liduciam
955 2910 1250 2966 tolerabilis
1279 2907 1642 2974 conscientite,
1675 2909 1855 2964 statim
1883 2924 2005 2966 cum

394 3021 584 3071 uxore,
621 3022 741 3060 cum
770 3004 972 3071 liberis,
1006 3019 1142 3076 quos
1173 3003 1470 3064 incolumes
1496 3012 1923 3069 reservaverant,
1954 3001 2006 3056 in

394 3097 646 3154 haresim
669 3099 749 3154 vel
782 3079 1025 3153 schisma
1060 3095 1106 3162 ί,
1145 3095 1356 3150 diabolo
1385 3095 1663 3161 invitante,
1694 3094 2005 3164 rapiuntur;

2105 1886 2365 1951 membra;
2393 1896 2439 1940 et
2478 1886 2522 1941 si
2561 1887 2761 1942 ltetatur
2791 1904 2948 1941 unum
2979 1889 3277 1955 membrum,
3309 1887 3631 1941 colltetantur
3659 1894 3710 1941 et

2105 1987 2285 2034 cwtera
2313 1979 2537 2033 membra
2569 1977 2732 2048 (Ibid.
2765 1996 2860 2046 xu,
2891 1977 3004 2052 26).

2180 2069 2320 2126 XVI.
2373 2071 2485 2125 Alia
2529 2081 2611 2126 est
2651 2071 3094 2143 philosophorum
3135 2082 3189 2128 et
3214 2071 3517 2129 Stoicorum
3549 2072 3709 2140 ratio,

2109 2163 2273 2219 frater
2293 2163 2631 2232 charissime,
2653 2167 2743 2236 qui
2763 2166 2947 2222 dicunt
2975 2168 3152 2222 omnia
3179 2178 3391 2238 peccata
3417 2168 3561 2238 paria
3592 2182 3715 2224 esse

2108 2266 2162 2312 et
2201 2258 2372 2312 virum
2417 2273 2634 2330 gravem
2692 2274 2797 2313 non
2850 2259 3005 2315 facile
3052 2259 3194 2316 ﬂecti
3249 2272 3517 2331 oportere.
3571 2262 3716 2318 Inter

2104 2349 2438 2406 Christianos
2485 2362 2666 2408 autem
2711 2361 2767 2407 et
2812 2352 3164 2422 philosophos
3203 2354 3486 2424 plurimum
3529 2355 3745 2412 distat..

2107 2442 2175 2497 Et
2204 2458 2325 2496 cum
2365 2444 2658 2513 Apostolus
2684 2444 2848 2510 dicat,
2889 2444 3064 2500 Videte
3089 2463 3152 2500 ne
3179 2449 3292 2518 quis
3330 2465 3417 2502 vos
3455 2450 3717 2519 deprtetle-

2106 2541 2190 2587 tur
2229 2550 2316 2604 per
2359 2535 2742 2606 philosophiam
2781 2545 2826 2589 et
2866 2537 3069 2591 inanem
3106 2538 3370 2609 fallaciam
3402 2541 3624 2614 (Coloss.
3655 2557 3716 2609 ιι,

2104 2627 2157 2696 8,
2185 2629 2398 2683 vitanda
2431 2639 2556 2683 sunt
2604 2645 2633 2684 a
2664 2630 2816 2686 nobis
2864 2647 2983 2699 qua:
3011 2647 3116 2686 non
3147 2630 3162 2667 ί
3191 2632 3258 2687 de
3289 2633 3381 2688 Dei
3432 2635 3719 2690 clementia

2113 2719 2353 2782 veniunt,
2403 2720 2498 2776 sed
2537 2720 2605 2775 dc
2639 2720 2990 2792 philosophiae
3023 2722 3261 2779 durioris
3301 2725 3721 2794 prmsnmptione

2113 2813 2468 2870 descendunt.
2515 2814 2590 2868 De
2639 2813 2824 2886 Moyse
2847 2825 3026 2871 autem
3062 2817 3290 2887 legimus
3341 2818 3393 2872 in
3432 2817 3721 2887 Scriptnris

2112 2907 2314 2962 dictum
2340 2926 2353 2962 :
2378 2907 2439 2960 Et
2454 2907 2549 2976 fuit
2570 2907 2774 2978 Moyses
2791 2908 2941 2961 Itamo
2960 2909 3085 2963 lenis
3108 2908 3289 2963 nimisi
3313 2908 3501 2978 (Nunt.
3525 2926 3621 2977 xu,
3639 2909 3717 2981 ὃ).

2113 3001 2180 3056 ΕΙ.
2211 3001 2466 3057 Dominus
2499 3001 2551 3057 in
2576 3001 2870 3072 Evangelio
2909 3017 3008 3056 suo
3039 3004 3167 3060 dicit
3198 3023 3211 3058 :
3239 3003 3414 3059 Estote
3436 3005 3724 3059 misericor-

2101 3096 2199 3150 des
2251 3093 2300 3159 ¹ί,
2343 3096 2474 3148 sicut
2541 3106 2587 3149 et
2637 3093 2797 3150 Pater
2869 3106 3030 3152 vester
3094 3099 3329 3152 misertus
3391 3108 3463 3153 est
3505 3096 3523 3136 ¹
3571 3097 3726 3152 vestri

395 3203 452 3252 et
470 3195 805 3251 adscribetur
835 3192 990 3249 nobis
1025 3193 1078 3247 in
1105 3191 1194 3248 die
1218 3190 1404 3262 judicii
1441 3205 1543 3247 nec
1575 3205 1729 3247 ovem
1768 3188 2004 3244 sauciam
2033 3175 2078 3241 C
2116 3186 2267 3260 (Luc.
2296 3203 2372 3253 vt,
2405 3187 2520 3260 56).
2551 3188 2618 3244 Et
2642 3187 2835 3244 iterum
2863 3206 2876 3243 :
2906 3188 3031 3244 Non
3056 3198 3132 3247 est
3159 3207 3288 3262 Opus
3313 3197 3453 3246 sanis
3477 3191 3724 3258 medicus,

1647 3300 2044 3365 LECTIONES
2082 3299 2174 3356 VA
2187 3299 2501 3356 liIANTES.

465 3426 493 3490 ἒ
527 3425 618 3490 Ille
641 3426 728 3490 qui
754 3424 954 3490 intirnos
978 3420 1181 3490 Bod._l.
1276 3482 1303 3490 _
1377 3481 1403 3490 Α

464 3487 491 3525 δ
527 3482 747 3547 Fratr'es,
775 3488 862 3537 sed
890 3488 1037 3536 etiam
1074 3483 1244 3548 plures
1265 3482 1546 3548 Gratianop.

466 3554 489 3583 ο
527 3546 816 3613 Ηοδμὶιιιιιιδ
839 3550 979 3611 cepit
1005 3546 1137 3613 poti.
1162 3546 1212 3595 3.

470 3613 498 3654 ἀ
533 3609 685 3665 Multa
708 3609 964 3662 solventes
989 3609 1135 3662 Corb.

474 3679 500 3708 θ
535 3676 650 3724 Mihi
675 3675 874 3724 omnino
898 3687 993 3722 non
1027 3677 1137 3723 ναι.

479 3736 500 3775 ί
538 3738 594 3786 1n
615 3737 835 3786 heresin
857 3741 912 3784 ut
936 3738 984 3783 in
1007 3735 1219 3785 schisma
1243 3736 1357 3785 ΜΗ.

480 3802 505 3842 8
538 3799 715 3849 Lassos
732 3799 868 3849 Lam.
892 3797 1018 3848 Bod.
1045 3799 1093 3849 2.
1136 3797 1281 3848 Ebor.
1307 3799 1355 3848 Ν
1364 3797 1416 3848 C.
1445 3799 1490 3847 1.
1524 3800 1642 3848 Ver.

2185 3413 2217 3480 ξι
2250 3415 2402 3480 Lupis
2423 3417 2651 3480 dabimus
2679 3415 2807 3480 Bod.
2831 3419 2881 3466 5.

2127 3477 2341 3593 Οὲοῦςίέ
2361 3483 2494 3532 Lam.
2523 3478 2648 3532 Bod.
2676 3483 2726 3531 5.
2750 3479 2897 3531 Ebor.
2925 3477 3034 3531 Litt.
3061 3482 3170 3534 NG.
3194 3483 3240 3532 1.
3268 3481 3473 3535 Vitanda
3496 3497 3608 3548 qua!
3629 3498 3728 3536 non

2193 3604 2207 3655 i
2250 3604 2555 3656 Lenissimus
2581 3607 2716 3656 Lam.
2742 3606 2887 3658 Elror.
2917 3607 3024 3658 Bod
3063 3609 3107 3657 2.
3138 3611 3186 3660 Ν
3193 3611 3245 3660 C.
3271 3610 3316 3659 1.

2128 3668 2216 3782 νζ
2247 3668 2419 3720 Estote
2461 3683 2582 3732 ergo
2623 3671 2970 3722 misericordes
2992 3672 3118 3722 Bod.
3144 3676 3192 3724 5.
3218 3672 3472 3732 Quomodo
3496 3682 3547 3725 et
3569 3674 3721 3725 Pater

2201 3745 2247 3781 r.

2201 3745 2247 3781 Γ.

2193 3793 2213 3833 1
2246 3794 2536 3858 Misericors
2561 3801 2639 3845 est
2662 3793 2789 3846 Batl.
2811 3797 2861 3845 5.

1767 3903 2131 3962 VARIORUM
2171 3902 2398 3959 NOTAE.

489 4022 686 4079 Multas
722 4023 960 4078 viventes.
990 4022 1062 4078 Ita
1105 4021 1228 4076 libri
1264 4021 1452 4080 decem
1494 4029 1728 4077 veteres.
1768 4020 1870 4077 Alii
1908 4018 2017 4074 duo

414 4105 471 4154 et
497 4096 764 4152 editiones
794 4097 1124 4166 antiquiores
1156 4093 1356 4150 habent
1379 4095 1624 4166 salvatus.
1661 4089 1843 4147 Codex
1875 4089 2017 4146 Cor-

416 4166 669 4230 beiensis,
696 4165 964 4230 solventes,
996 4167 1277 4220 nutnifesto
1300 4181 1504 4220 errore.
1535 4165 1730 4219 Bth.

489 4238 628 4295 XIV.
649 4239 989 4311 -Ερὶεοορο
1017 4248 1284 4292 tractante.
1311 4238 1534 4311 Optatos
1562 4239 1744 4311 li_b._v:
1773 4235 1947 4290 Restat
1970 4242 2022 4288 ut

419 4312 586 4365 dicitis
610 4328 723 4368 eum
749 4308 863 4368 cum
894 4308 1085 4382 populo
1115 4309 1533 4364 communicasse.
1571 4308 1631 4361 Et
1659 4309 1884 4382 locutum
1912 4322 2024 4382 cum

421 4399 526 4438 esse
555 4382 749 4451 aliquid
777 4385 832 4434 in
863 4380 1056 4452 populo
1084 4392 1280 4436 constat
1301 4424 1314 4443 .
1347 4383 1436 4436 sed
1468 4380 1766 4435 insinuantli
1806 4380 2024 4449 alicujus

2119 4017 2334 4088 gislrozi
2374 4013 2509 4067 Nunt
2549 4014 2688 4083 quod
2728 4015 2853 4088 dicit
2877 4015 3044 4088 paria
3084 4031 3190 4076 esse
3229 4025 3437 4086 peccata
3466 4033 3528 4073 ea:
3557 4021 3736 4076 eadem

2121 4086 2441 4142 immunitate
2481 4095 2552 4138 est
2582 4103 2682 4154 qua
2714 4086 3116 4140 misericordiam
3152 4089 3287 4142 velut
3317 4088 3546 4142 morbum
3590 4092 3734 4145 inse-

2122 4170 2308 4214 ctatur.
2339 4156 2662 4212 Plutarchus
2697 4159 2745 4210 itt
2773 4158 2911 4211 libro
2940 4159 3002 4211 de
3033 4157 3322 4214 Stoicorum
3355 4158 3732 4232 Repugnantiis

2125 4232 2314 4286 scribit
2363 4244 2537 4304 neque
2586 4239 2860 4298 peccatum
2914 4240 3138 4304 peceato
3185 4234 3358 4295 majus
3399 4248 3521 4287 esse
3562 4251 3738 4304 neque

2126 4305 2381 4356 virtutem
2413 4302 2594 4355 virtuti
2631 4312 2912 4375 put-stare.
2943 4302 3253 4372 Cassianus,
3276 4304 3368 4357 lib.
3402 4319 3454 4367 v,
3493 4320 3611 4375 cap.
3647 4302 3735 4361 ii:

2129 4376 2444 4429 Cunctarum
2489 4390 2708 4443 namque
2749 4373 2989 4427 virtutum
3028 4385 3074 4427 et
3123 4392 3225 4427 una
3267 4388 3452 4430 natura
3483 4373 3588 4438 est,
3623 4377 3740 4431 licet

422 4446 705 4533 fin-Pani“,
742 4470 842 4508 non
863 4446 1038 4507 Mne"
1063 4455 1351 4517 "amandi.
1381 4454 1520 4533 mind
1547 4446 2020 4532 “ratiscoporum.
2051 4470 2104 4530 D
2131 4449 2183 4533 in
2217 4446 2607 4533 multasmdivi‘t‘li
2647 4448 2839 4530 species
2879 4457 2945 4532 et.
2967 4446 3211 4533 vocabula
3248 4448 3509 4533 rideatur;
3531 4447 3741 4533 Seneca

423 4525 560 4580 Vide
603 4535 757 4579 notas
801 4535 1012 4581 nostras
1058 4526 1127 4580 ad
1175 4523 1854 4596 Luputn’Ferrariensem,
1903 4537 2023 4592 pag.

423 4598 552 4653 479.
586 4596 790 4650 BALUZ.

499 4600 552 4651 9.
586 4600 790 4650 BALUZ.

500 4669 700 4720 Auditis
740 4669 906 4722 nobis.
949 4667 1268 4722 Emendatio
1305 4683 1465 4738 supra
1510 4667 1707 4721 lineam
1753 4666 1803 4738 in
1844 4663 2033 4738 codice

428 4738 879 4804 Monasteriensi,
938 4739 1128 4792 auditis
1186 4735 1386 4794 nostris
1431 4737 1896 4793 lamentationibus.
1954 4735 2033 4790 Ex

427 4811 768 4882 glossemate
793 4813 1070 4882 nimirum.
1119 4812 1316 4867 BALUZ.

506 4878 625 4937 XV.
651 4909 722 4921 —
748 4881 985 4937 Lassam.
1036 4881 1259 4938 Veteres
1297 4883 1564 4936 editiones
1602 4890 1657 4934 et
1695 4880 1874 4948 plures
1915 4878 2038 4934 libri

429 4963 643 5025 veteres
685 4953 884 5010 habent
922 4955 1141 5025 lapsam.
1177 4957 1308 5022 Quae
1336 4956 1498 5009 lectio
1526 4953 1834 5007 conﬁrmari
1867 4958 2042 5025 potest

431 5042 498 5082 ex
527 5024 820 5095 Evangelia
851 5024 1146 5083 secundum
1185 5027 1490 5081 Mattltaeutn
1526 5027 1593 5080 ad
1634 5027 1774 5093 quod
1819 5024 2043 5095 respicit

433 5097 522 5152 hic
552 5094 733 5167 locus,
763 5114 829 5158 ex
859 5114 964 5169 quo
994 5109 1201 5154 constat
1227 5114 1382 5154 orem
1412 5099 1557 5150 illam
1587 5112 1691 5151 nun
1723 5096 1887 5169 fuisse
1916 5094 2044 5169 siut-

437 5169 648 5240 βυθίων
673 5167 904 5236 Ιιιενςὶιιιι,
933 5172 1025 5226 Sed
1057 5171 1278 5240 lapsam.
1309 5170 1417 5239 Ego
1441 5182 1616 5222 tamen
1648 5167 1874 5236 praefero
1906 5167 2049 5233 prio-

435 5257 550 5297 rem
583 5241 894 5297 lectionem.
927 5242 1057 5297 Nam
1089 5242 1205 5295 tWis
1237 5243 1326 5296 illa
1359 5255 1503 5297 recte
1533 5241 1728 5296 dicitur
1760 5241 1895 5291 lassa
1928 5252 2049 5305 quae

441 5315 672 5367 multum
713 5315 945 5370 errando
986 5315 1352 5378 laboraverat,
1391 5324 1448 5368 ut
1494 5312 1672 5367 verbis
1709 5319 1828 5363 utar
1867 5309 2052 5360 Hiero-

438 5384 584 5456 nymi
620 5385 676 5457 in
718 5386 948 5453 epistula
989 5385 1054 5439 de
1083 5383 1224 5440 Filio
1257 5387 1471 5457 prodigo
1513 5385 1578 5438 ad
1615 5384 1810 5451 Papam
1858 5379 2053 5434 Dama-

441 5453 584 5511 sum.
617 5453 816 5513 Bth.

517 5525 656 5592 Χνι-
685 5558 755 5602 -ς-
782 5527 1010 5602 Peccata
1037 5529 1200 5602 paria.
1242 5529 1599 5602 Hieronymus
1633 5524 1693 5602 _in
1717 5520 1962 5602 epistola
1990 5518 2056 5573 ad

449 5599 855 5662 Patiunachium
883 5602 945 5655 de
978 5595 1299 5659 Dor-mitione
1330 5595 1600 5663 Paulinae,
1633 5597 1683 5650 itt
1717 5595 1854 5648 libro
1888 5595 2059 5663 primo

447 5667 692 5744 adversus
715 5669 1017 5744 Pelagium,
1048 5685 1102 5728 et
1131 5673 1223 5726 lib.
1249 5687 1287 5725 ιι
1327 5670 1568 5724 adversus
1589 5662 1959 5744 ’J_ovin_ianum,
1981 5662 2063 5744 ait

452 5739 670 5816 Stoicos
704 5735 1056 5816 conténdisse.
1102 5755 1321 5816 peccata
1363 5757 1491 5816 esse
1537 5735 2063 5816 paria._L'-tclanlius

453 5828 576 5884 cap.
605 5811 676 5870 58
700 5813 1000 5888 Epitomes,
1023 5811 1253 5883 loquens
1272 5815 1342 5872 de
1360 5813 1599 5880 Zenone,
1627 5811 1932 5869 Stoicorum
1953 5823 2064 5864 ma-

2133 4520 2302 4588 Episl.
2355 4518 2486 4571 12οτ
2539 4516 2673 4571 Sunt
2717 4521 2852 4570 enim
2897 4519 3166 4572 virtutibus
3211 4520 3331 4572 vitia
3374 4522 3617 4586 confinia.
3671 4521 3741 4574 Et

2136 4589 2792 4661 Hieronymusadversus
2822 4589 3228 4661 Luciferianos;
3264 4589 3440 4643 Vicina
3473 4603 3588 4644 sunt
3618 4593 3740 4645 vitia

2135 4660 2426 4719 virtutibus.
2469 4660 2558 4714 hic
2597 4662 2758 4715 etiam
2800 4661 3159 4728 Quintilianus
3201 4660 3293 4733 lib.
3324 4677 3411 4733 tu,
3446 4679 3562 4733 cap.
3602 4664 3654 4731 7,
3688 4673 3745 4719 el;

2137 4734 2230 4787 lib.
2277 4749 2369 4787 vm
2396 4775 2409 4796 ,
2454 4747 2572 4801 cap.
2620 4734 2671 4787 5.
2707 4733 2933 4792 Cicero.
2978 4733 3070 4786 lib.
3104 4747 3157 4785 ιιι
3188 4731 3538 4786 ΟΓΙίιιίυιυιιιὶ
3583 4738 3623 4788 Α
3665 4752 3744 4789 me

2139 4809 2252 4875 ipso
2306 4805 2629 4858 dissertatum
2685 4815 2788 4869 est,
2831 4805 2917 4874 qui
2959 4820 3116 4875 unam
3165 4803 3310 4856 habet
3348 4822 3520 4859 omnes
3559 4809 3746 4860 habere

2141 4874 2368 4932 virtutes.
2404 4876 2532 4929 Vide
2558 4876 2716 4928 etiam
2750 4875 3047 4937 Paradoxa,
3073 4874 3160 4927 tibi
3189 4875 3356 4927 fusius
3385 4878 3480 4929 ista
3513 4887 3746 4930 tractan-

2145 4959 2251 5003 tur.
2273 4948 2337 5001 Et
2365 4957 2541 5000 tamen
2565 4947 2702 4998 idem
2738 4948 2788 4999 iit
2822 4946 2959 4999 libro
2992 4946 3165 5016 primo
3193 4947 3256 4998 tle
3284 4945 3501 5000 Oratore
3530 4947 3748 5017 scripsit

2146 5024 2416 5090 spinosam
2457 5029 2507 5072 et
2537 5017 2732 5072 exilem
2768 5018 3065 5070 orationem
3090 5032 3274 5090 eorum
3303 5033 3422 5072 esse
3446 5018 3534 5087 qui
3563 5020 3752 5073 (licunt.

2148 5088 2237 5159 qui
2281 5091 2528 5144 virtutem
2576 5090 2766 5141 haheat
2795 5104 2914 5141 eum
2946 5104 3134 5141 omnes
3167 5088 3383 5142 haltere.
3415 5092 3750 5145 Sententiam

2152 5164 2296 5217 illam
2341 5163 2551 5214 videtur
2593 5177 2696 5213 non
2738 5159 3068 5230 approbasse
3107 5159 3335 5213 Seneca.
3379 5160 3469 5214 Ait
3510 5164 3650 5214 enim
3696 5163 3751 5215 in

2155 5234 2392 5302 Epistula
2423 5233 2524 5286 66:
2560 5232 2828 5296 Quanwtlo
2861 5243 3069 5304 possunt
3089 5233 3248 5304 paria
3278 5231 3407 5304 bona
3438 5233 3580 5286 esse?
3611 5233 3750 5304 largo

2153 5306 2362 5359 virtutes
2391 5305 2523 5356 inter
2561 5319 2614 5356 se
2651 5319 2798 5370 pares
2831 5311 2967 5354 sunt.
3005 5301 3134 5355 Vide
3179 5304 3245 5355 ibi
3288 5301 3573 5356 Muretum.
3623 5301 3755 5358 Vtile

2157 5377 2316 5431 etiam
2358 5375 2530 5429 sancti
2572 5375 2851 5443 Augustini
2909 5375 3310 5441 responsionem
3360 5375 3425 5429 ad
3472 5376 3757 5444 epistolam

2159 5447 2391 5501 Nectarii
2443 5447 2511 5500 de
2556 5450 2771 5513 negotio
2805 5445 3130 5499 (Zalantensi.
3169 5445 3364 5500 Bawz.

2233 5517 2385 5572 Lenis
2412 5519 2583 5590 nimis
2606 5515 2664 5570 In
2689 5532 2778 5570 sex
2813 5517 2966 5571 libris
2994 5518 3193 5571 noStris
3220 5519 3455 5588 antiquis
3479 5529 3531 5572 et
3555 5519 3606 5572 in
3635 5534 3762 5590 qna-

2164 5599 2286 5645 tuor
2311 5589 2617 5660 Anglic-anis
2641 5591 2900 5657 scriptum
2925 5599 3008 5642 est
3030 5589 3334 5642 lenissimus.
3363 5591 3516 5656 Quod
3544 5589 3764 5660 propius

2164 5662 2369 5736 accedit
2396 5659 2466 5736 ad
2487 5659 2776 5736 editionem
2802 5660 3068 5731 vulgatam
3095 5660 3220 5718 libri
3246 5660 3612 5730 Numerorum,
3639 5659 3759 5736 qua:

2167 5734 2327 5791 habet
2358 5733 2677 5787 mitissimus.
2709 5731 2905 5787 BALUZ.

2245 5804 2486 5860 Miserius
2519 5814 2612 5860 est.
2657 5803 2732 5859 Ita
2773 5804 2976 5875 primus
3025 5805 3241 5876 scripsit
3289 5805 3558 5864 Erasmus.
3616 5805 3769 5869 Hauc
