4250 6224
13 37 54 1178 t

25 1713 48 2210 ξ

552 419 656 475 785

1554 407 1986 470 ROMANORUM
2025 407 2441 492 PON'I'IFICUM
2485 407 2865 468 EPISTOLIE.

3765 411 3867 468 78i

546 537 637 593 sed
683 535 814 589 male
857 533 1152 588 habentibus
1198 532 1413 606 (Matth.
1467 549 1542 599 ix,
1595 533 1708 604 12).
1755 533 1923 602 Quam
1978 543 2156 606 potest
2185 540 2236 600 Α
2265 549 2381 588 rum
2438 547 2657 588 suorum
2715 531 3039 587 sententiam
3085 529 3345 584 Dominus
3393 527 3695 594 emendet;
3742 528 3872 586 dum

550 643 811 685 exercere
833 627 1151 682 medicinam
1174 627 1262 696 qui
1290 626 1420 680 dicit
1449 646 1461 680 :
1494 627 1604 697 Ego
1631 628 1776 681 solos
1804 643 1965 682 sanos
2002 642 2155 694 cura,

546 725 740 795 quibus
789 720 1026 777 medicus
1075 719 1412 775 necessarius
1475 734 1579 773 non
1635 728 1737 774 est.
1803 717 1970 789 Opem
2039 733 2163 774 nos-

549 828 690 872 tram
722 825 770 881 8,
803 813 1068 869 medelam
1111 824 1347 867 nostram
1404 813 1696 868 vulneratis
1764 812 2024 869 exhibere
2065 813 2159 869 de-

543 910 760 966 bemus.
793 907 901 962 Nec
925 917 1174 976 putemus
1205 915 1448 961 mortuos
1479 921 1621 970 esse,
1647 905 1740 960 sed
1766 907 1936 976 magis
1963 907 2157 962 semia-

545 1001 720 1056 nimes
761 1001 942 1070 jacere
985 1013 1080 1055 eos
1121 1014 1256 1068 quos
1296 998 1670 1068 persecutione
1701 997 1909 1053 funesta
1951 1000 2156 1054 saucia-

551 1105 638 1149 tos
667 1093 693 1131 ι)
727 1093 970 1148 videmus
996 1109 1008 1145 :
1034 1092 1124 1162 qui
1154 1093 1197 1146 si
1231 1092 1285 1145 in
1333 1100 1501 1145 totum
1550 1091 1746 1154 mortui
1777 1100 1980 1158 essent,
2009 1107 2157 1147 num-

550 1204 712 1260 quam
770 1187 838 1244 de
904 1186 1108 1242 eisdem
1147 1197 1168 1224 ο
1216 1185 1557 1256 postmodum
1626 1195 1680 1241 et
1722 1185 2060 1242 confessorcs
2105 1195 2158 1242 et

541 1289 812 1351 martyres
844 1279 1054 1334 ﬁerent.

617 1373 782 1430 XVII.
818 1373 924 1429 Sed
948 1373 1200 1443 quoniam
1235 1373 1387 1428 estin
1421 1372 1526 1428 illis
1547 1373 1689 1443 quod
1721 1372 2039 1444 paenitentia
2063 1387 2153 1428 se-

534 1477 738 1538 quente
787 1463 815 1501 ‘1
871 1465 1172 1520 revalescat
1221 1465 1288 1518 ad
1348 1464 1530 1532 ﬁdem,
1562 1474 1615 1520 et
1644 1465 1712 1520 ad
1769 1466 2026 1520 virtutem
2086 1466 2153 1521 de

533 1557 854 1628 paenitentia
913 1558 1078 1611 robur
1128 1565 1152 1592 ο
1205 1565 1479 1623 armatur,
1561 1556 1703 1626 quod
1779 1557 1978 1611 armari
2045 1572 2151 1611 non

539 1651 762 1722 poterit,
805 1650 849 1703 si
900 1649 1019 1719 quis
1065 1649 1443 1718 desperatione
1473 1650 1709 1715 deﬁciat,
1743 1649 1788 1702 si
1812 1650 1878 1704 ab
1909 1649 2148 1704 Ecclesia

539 1746 675 1798 dure
723 1750 776 1796 et
823 1742 1117 1796 crudeliter
1166 1750 1477 1810 segregatus
1523 1741 1590 1795 ad
1642 1742 1873 1813 gentiles
1927 1757 1987 1798 se
2037 1743 2154 1797 vias

541 1846 597 1892 et
652 1835 930 1890 smcularia
985 1850 1148 1905 Opera
1197 1842 1494 1899 convertat,
1540 1835 1625 1889 vel
1655 1834 1722 1889 ad
1769 1836 2051 1889 haereticos
2099 1843 2156 1889 et

2271 634 2446 679 tamen
2492 639 2590 678 nos
2640 624 2970 688 meminisse,
3003 620 3172 677 frater
3199 620 3535 688 charissime,
3577 620 3872 676 debeamus

2269 717 2527 788 scriptum
2580 733 2723 784 esse,
2768 715 2957 771 Frater
2992 719 3200 788 fratrem
3246 716 3495 785 adjuvans
3542 714 3871 784 excitabitur,

2267 811 2449 884 (Prov.
2471 828 2598 867 xvrn
2626 810 2716 884 19)
2741 810 3125 882 etApostolnm
3147 825 3360 882 quoque
3385 809 3588 865 dixisse
3619 826 3632 862 :
3667 809 3735 862 In
3752 825 3873 864 con-

2266 907 2595 977 templatione
2621 906 2859 960 [tabentes
2891 907 3256 976 unusquisque,
3292 921 3355 958 ne
3380 914 3428 958 et
3469 921 3556 960 vos
3585 906 3866 970 tentemt'ni,

2263 999 2564 1054 alterutrum
2604 1015 2759 1052 onera
2813 995 2838 1034 ¹ί
2890 999 3165 1063 sustinete,
3211 1007 3259 1050 et
3311 998 3384 1050 sic
3428 997 3770 1069 adimplebitis
3799 998 3872 1052 le-

2261 1109 2374 1163 gem
2419 1093 2609 1147 Cliristi
2651 1090 2797 1163 (Gal.
2841 1107 2915 1156 v1,
2949 1093 3001 1157 1,
3052 1090 3130 1162 2),
3193 1091 3322 1145 item
3361 1090 3505 1161 quod
3549 1092 3813 1163 superbos
3849 1089 3863 1130 ι

2263 1185 2597 1256 redarguens
2627 1195 2681 1240 et
2707 1185 3074 1256 arrogantiam
3124 1182 3401 1254 frangens,
3434 1184 3487 1239 in
3516 1185 3738 1254 epistola
3767 1200 3864 1240 sua

2261 1288 2459 1349 ponat;
2511 1278 2579 1332 Et
2613 1279 2702 1350 qui
2727 1296 2780 1332 se
2813 1288 2958 1349 putat
3011 1289 3167 1344 stare,
3199 1279 3366 1332 videat
3394 1295 3456 1332 ne
3484 1278 3630 1332 cadat
3658 1277 3712 1351 (I
3741 1277 3864 1333 Cor.

2261 1389 2316 1440 κ,
2352 1372 2442 1445 19..)
2469 1391 2483 1440 ;
2513 1381 2567 1428 et
2613 1374 2723 1427 alio
2751 1376 2802 1428 in
2828 1373 2948 1429 loco
2991 1356 3135 1428 dicat
3168 1391 3180 1425 :
3230 1372 3311 1426 Tu
3339 1373 3454 1442 quis
3475 1389 3526 1427 es
3551 1373 3636 1444 qui
3658 1373 3863 1442 iudicas

2259 1465 2485 1520 alienum
2533 1465 2782 1520 servum?
2837 1464 3060 1519 Domino
3089 1482 3180 1520 suo
3207 1473 3304 1518 stat
3353 1475 3442 1518 aut
3483 1465 3638 1519 cadit.
3696 1463 3865 1519 Stabit

2256 1569 2444 1613 autem.
2465 1557 2658 1613 Potens
2671 1568 2742 1613 est
2770 1558 2902 1612 enim
2929 1556 3070 1613 Deus
3094 1566 3370 1612 statuerem
3399 1573 3515 1611 eum
3546 1557 3722 1630 (Rom.
3756 1573 3865 1626 xw,

2259 1651 2341 1720 4).
2375 1649 2613 1706 Joannes
2641 1665 2856 1720 quoque
2884 1649 3069 1705 Jesum
3100 1648 3374 1704 Christum
3418 1647 3707 1703 Dominum
3741 1663 3863 1702 nos-

2260 1751 2401 1798 trum
2453 1744 2774 1798 advocatum
2825 1751 2881 1798 ct
2908 1741 3315 1812 deprecatorem
3347 1757 3442 1812 pro
3476 1742 3710 1812 peccatis
3738 1757 3863 1796 nos-

2262 1834 2357 1889 tris
2388 1835 2577 1904 probat
2605 1835 2790 1890 dicens
2819 1853 2833 1889 :
2885 1833 3070 1888 Filioli
3113 1835 3230 1900 mei,
3288 1834 3388 1888 ista
3443 1834 3608 1888 scribo
3635 1833 3774 1888 vobis
3804 1852 3866 1890 ne

539 1927 920 1984 schismaticos
963 1927 1199 1996 rejectus
1269 1927 1337 1981 ab
1400 1925 1642 1980 Ecclesia
1700 1933 1983 1989 transeat;
2040 1927 2150 1994 ubi,
2183 1939 2232 2000 Β
2259 1926 2613 1997 delinquatis;
2645 1936 2693 1980 et
2722 1928 2766 1980 si
2792 1927 2902 1996 quis
2944 1926 3234 1996 deliquerit,
3287 1926 3592 1980 advocatum
3619 1928 3862 1982 habemus

537 2023 638 2077 etsi
663 2023 873 2076 occisus
903 2030 1122 2090 propter
1145 2034 1341 2074 nomen
1381 2017 1397 2055 ῖ
1435 2017 1784 2088 posunodum
1817 2018 1976 2073 fuerit
2000 2028 2151 2073 extra

540 2113 840 2169 Ecclesium
870 2114 1192 2168 constitutus
1222 2122 1277 2167 et
1307 2112 1373 2168 ab
1401 2114 1606 2168 unitate
1635 2121 1798 2182 atque
1825 2132 1852 2166 a
1881 2112 2150 2168 charitate

539 2207 769 2272 divisus,
797 2207 1048 2262 coronari
1098 2207 1148 2260 in
1183 2215 1358 2260 morte
1395 2221 1500 2259 non
1536 2205 1750 2275 poterit.
1784 2205 1855 2260 Et
1883 2205 2004 2260 ideo
2035 2207 2148 2274 pla-

538 2300 671 2365 cuit,
727 2299 892 2354 frater
935 2298 1274 2364 charissime,
1327 2298 1648 2352 examinatis
1700 2299 1880 2352 causis
1909 2298 2148 2367 singulo-

529 2378 696 2460 rum,
754 2392 1078 2448 libellaticos
1140 2393 1354 2446 interim
1409 2391 1658 2457 admitti,
1716 2393 2037 2448 sacrilicatis
2093 2394 2146 2448 in

538 2489 687 2544 exitu
743 2487 1016 2543 subveniri
1068 2505 1081 2539 :
1139 2487 1262 2557 quia
1313 2485 1724 2557 Exomologesis
1751 2486 1892 2556 apud
1945 2486 2146 2541 inferos

537 2597 647 2637 non
679 2591 782 2647 est,
837 2596 936 2636 nec
963 2579 1030 2634 ad
1059 2580 1431 2650 paenitentiam
1484 2581 1604 2651 quis
1644 2577 1674 2635 a
1703 2581 1861 2636 nobis
1890 2581 2145 2653 compelli

528 2682 733 2745 potest,
784 2673 827 2727 si
874 2672 1080 2728 fructus
1130 2673 1462 2743 ptenitentize
1515 2673 1884 2729 subtrahatur.
1916 2673 1973 2730 Si
2001 2690 2142 2744 prae-

531 2767 665 2821 lium
698 2769 724 2806 ε
754 2765 900 2834 prius
927 2766 1156 2830 venerit,
1191 2766 1575 2820 corroboratus
1629 2781 1658 2819 a
1715 2765 1874 2820 nobis
1904 2766 2146 2820 invenie-

533 2869 622 2914 tur
673 2866 916 2912 armatus
948 2855 976 2894 ¹ι
1022 2856 1089 2911 ad
1141 2857 1406 2927 prmlium.
1443 2857 1500 2912 Si
1550 2872 1679 2912 vero
1737 2867 1863 2913 ante
1899 2858 2143 2928 praelium

534 2949 824 3004 inlirmitas
882 2948 1084 3002 urserit
1121 2947 1164 3014 ί,
1207 2963 1330 3002 cum
1360 2948 1557 3003 solatio
1581 2948 1728 3019 pacis
1757 2957 1807 3004 et
1843 2950 2146 3005 communi-

537 3041 768 3097 cationis
809 3038 1068 3095 abscedit.

610 3136 802 3192 XVIII.
831 3135 1017 3205 Neque
1043 3136 1187 3191 enim
1215 3135 1631 3206 prmjudicamus
1661 3135 1889 3192 Domino
1919 3137 2132 3207 judica-

535 3240 663 3286 turo
715 3243 822 3299 quo
872 3229 1052 3282 minus
1100 3229 1147 3283 si
1200 3229 1570 3299 paenitentiam
1604 3229 1813 3299 plenam
1860 3240 1914 3285 et
1939 3230 2139 3299 justam

2245 3224 2313 3280 ad
2378 3230 2928 3287 communicationem
2945 3229 3197 3324 ftemere
3251 3235 3540 3292 laxandam
3588 3247 3633 3291 ³.

2255 2021 2396 2090 apud
2440 2017 2651 2074 Patrem
2701 2018 2885 2074 Jesum
2907 2019 3166 2074 Christum
3214 2019 3630 2092 suffragatorem,
3677 2035 3720 2077 et
3755 2024 3864 2092 ipse

2253 2123 2324 2170 est
2338 2114 2630 2181 deprecatio
2645 2123 2671 2149 ιι
2689 2133 2782 2185 pro
2808 2116 3007 2170 delictis
3033 2116 3218 2171 nostris
3243 2115 3299 2186 (Ι
3324 2116 3484 2170 Joan.
3510 2133 3566 2182 II,
3605 2118 3655 2182 1,
3683 2116 3765 2189 2).
3794 2117 3864 2171 Et
3925 2149 3934 2157 -

2251 2207 2450 2262 Paulus
2494 2225 2709 2279 quoque
2737 2210 3030 2278 Apostolus
3070 2211 3121 2263 in
3147 2209 3386 2280 Epistola
3413 2225 3505 2264 sua
3539 2210 3711 2280 posuit
3742 2227 3756 2264 :
3793 2210 3860 2264 Si

2251 2317 2367 2355 cum
2405 2301 2573 2354 adhuc
2611 2312 2896 2372 peccatores
2924 2319 3161 2370 essemus,
3190 2300 3424 2357 Christus
3446 2319 3536 2374 pro
3562 2302 3702 2357 nobis
3724 2318 3856 2356 mor-

2255 2404 2374 2448 tuus
2403 2403 2496 2460 est,
2521 2395 2678 2450 multo
2707 2397 2871 2467 magis
2900 2413 3032 2450 nunc
3053 2396 3330 2464 justiﬁcati
3356 2397 3408 2450 in
3443 2396 3686 2466 sanguine
3711 2397 3858 2451 illius

2253 2485 2584 2540 liberabimur
2607 2494 2632 2522 ο
2658 2503 2746 2556 per
2768 2487 2915 2541 illum
2942 2487 3005 2540 ab
3041 2487 3121 2542 ira
3157 2485 3335 2560 (Rom.
3368 2503 3419 2552 v,
3448 2487 3501 2552 8,
3524 2485 3602 2557 9).

2323 2577 2467 2633 XIX.
2522 2579 2687 2650 Cujus
2746 2581 2998 2650 pietatem
3043 2590 3099 2635 et
3148 2581 3492 2637 clementiam
3530 2581 3857 2652 cogitantes,

2253 2686 2361 2725 non
2409 2672 2589 2727 acerbi
2644 2672 2780 2728 adeo
2830 2688 2929 2728 nec
2975 2672 3129 2740 duri,
3172 2690 3271 2729 nec
3312 2673 3366 2728 in
3400 2673 3646 2730 fovendis
3676 2674 3860 2730 fratri-

2248 2761 2352 2818 bus
2409 2773 2435 2811 ιι
2493 2763 2792 2840 inhumani
2822 2780 2943 2820 esse
2991 2766 3290 2834 debemus,
3329 2761 3432 2823 sed
3486 2767 3676 2824 dolere
3737 2785 3862 2824 cum

2251 2855 2559 2911 dolentibus
2613 2868 2668 2913 et
2712 2856 2844 2915 ﬂere
2900 2875 3021 2916 cum
3071 2860 3435 2926 ﬂentibus,et
3463 2879 3558 2918 eos
3603 2873 3864 2934 quantum

2251 2962 2542 3019 possumus
2562 2950 2764 3007 auxilio
2782 2959 2836 3007 et
2857 2953 3051 3008 solatio
3076 2963 3276 3009 nostra:
3297 2953 3605 3011 dileCtionis
3626 2957 3861 3028 erigere,

2248 3055 2350 3096 nec
2389 3042 2526 3105 adeo
2567 3042 2805 3099 immites
2867 3054 2923 3100 et
2969 3047 3270 3117 pertinaces
3309 3057 3338 3097 (ι
3378 3049 3444 3102 ad
3476 3063 3664 3104 eorum
3693 3050 3868 3120 νωιιί-

2247 3135 2466 3189 tentiam
2517 3137 2912 3195 retundendam
2954 3150 3001 3207 τ,
3038 3156 3143 3196 nec
3164 3141 3360 3198 iterum
3409 3141 3571 3199 soluti
3598 3155 3654 3199 et
3681 3145 3866 3201 faciles

3707 3237 3864 3294 Jacet

535 3323 840 3397 peccatoris
873 3323 1157 3389 invenerit,
1191 3331 1316 3376 tunc
1343 3330 1517 3376 ratum
1545 3322 1706 3376 faciat
1735 3322 1878 3393 quod
1919 3338 1948 3376 a
1983 3323 2139 3378 nobis
2177 3336 2222 3398 ρ
2255 3333 2385 3374 ecce
2409 3322 2827 3380 saucius’frater
2857 3326 2924 3380 ab
2945 3322 3267 3383 adversario
3295 3329 3350 3382 in
3380 3330 3498 3385 acie
3525 3331 3860 3386 vulneratus.

536 3417 704 3472 fuerit
766 3415 851 3470 hic
880 3421 1139 3468 statutum
1198 3413 1242 3464 i.
1300 3412 1356 3468 Si
1390 3428 1520 3468 vero
1547 3427 1646 3467 nos
1668 3413 1864 3484 aliquis
1889 3415 2158 3482 pteniten-

540 3509 634 3564 tia:
679 3507 1024 3563 simulatione
1071 3505 1354 3573 deluserit,
1390 3506 1552 3569 Deus,
1598 3506 1686 3574 qui
1718 3522 1824 3560 non
1857 3507 2156 3575 deridetur,

540 3600 704 3673 (Cal.
747 3598 834 3670 vt)
861 3610 915 3654 ct
962 3598 1050 3667 qui
1103 3611 1198 3651 cor
1237 3595 1472 3650 hominis
1523 3595 1761 3651 intuetur
1799 3595 1843 3666 (I
1869 3597 1995 3666 Reg.
2023 3598 2157 3668 xw),

545 3694 617 3754 de
657 3692 742 3747 his
773 3706 893 3762 quae
923 3703 1022 3745 nos
1045 3689 1224 3744 minus
1256 3686 1624 3757 perspeximus
1646 3687 1852 3757 judicet
1877 3699 1932 3743 et
1961 3703 2148 3744 servo-

2258 3409 2388 3466 Inde
2437 3413 2683 3471 diabolus
2735 3426 2961 3475 conatur
3007 3420 3257 3476 occidere
3307 3438 3468 3492 quem
3531 3423 3856 3494 vulneravit,

2259 3501 2384 3558 hinc
2405 3503 2654 3564 Christus
2684 3510 2928 3566 hortatur
2955 3529 3023 3568 ne
3067 3515 3120 3566 in
3147 3522 3318 3568 totum
3353 3524 3539 3590 peer
3584 3531 3742 3586 quem
3775 3531 3862 3571 re~

2260 3596 2428 3653 demit
2459 3601 2503 3652 ι.
2536 3601 2631 3656 Cui
2672 3602 2740 3658 de
2781 3590 2992 3661 duobus
3041 3607 3362 3676 assistimus,
3399 3589 3464 3662 in
3514 3607 3664 3676 cujus
3715 3623 3854 3678 par-

2262 3690 2403 3747 tibus
2460 3702 2488 3729 ιι
2532 3698 2780 3753 stamus?
2851 3697 3112 3756 Utrumne
3161 3699 3379 3757 diabolo
3423 3711 3450 3738 ν
3499 3699 3736 3756 favemus
3799 3710 3861 3757 ut

1767 3824 2156 3882 LECTIONES
2203 3824 2287 3881 VA
2298 3827 2617 3890 RIANTISS.

605 3947 632 4008 ἒ
668 3946 824 4008 Opem
849 3948 1064 4008 nostram
1088 3945 1143 4008 et
1165 3936 1413 4008 medelam
1439 3935 1710 4008 vulneratis
1732 3937 1855 3988 Bod.
1887 3939 1932 3986 l.

605 4007 637 4045 ῒθ
670 4000 872 4057 Saucius
913 4005 1047 4053 Lam.
1079 4000 1207 4050 Bod.
1234 4000 1282 4049 '2.
1310 4001 1456 4050 Ebor.
1483 4001 1590 4051 ΝΟ.
1621 4001 1668 4050 1.

609 4075 634 4101 (³
673 4071 932 4131 Nunquam
959 4066 1111 4114 iidem
1137 4062 1264 4112 Bod.
1290 4064 1337 4111 5.

609 4133 638 4172 ιι
673 4131 972 4174 Pmnuemia
991 4128 1286 4174 frequenter
1309 4126 1445 4174 Lam.
1473 4124 1619 4174 Ebor.
1649 4123 1754 4174 Litt.
1777 4126 1884 4174 ΝΟ.
1909 4126 1954 4174 1.
1982 4125 2105 4174 Βοά.
2129 4126 2160 4174 2

607 4133 638 4172 (ι
673 4125 972 4182 Pmnitentia
991 4128 1286 4190 frequenter
1309 4126 1445 4174 Lam.
1473 4125 1619 4174 Ebor.
1649 4125 1754 4174 Litt.
1777 4126 1884 4177 ΝΟ.
1909 4126 1954 4175 1.
1982 4125 2105 4176 Βοά.
2129 4126 2159 4174 2

611 4203 637 4228 υ
674 4196 752 4245 De
792 4192 1097 4255 paenitentia?
1133 4189 1309 4256 robore
1344 4189 1493 4238 Ebur.
1520 4189 1566 4237 Ν
1575 4189 1628 4236 C.
1661 4189 1705 4238 1.
1743 4187 1866 4238 Bod.
1906 4189 1952 4238 2.
1989 4190 2156 4239 Paeni-

544 4261 724 4318 tentim
749 4254 896 4305 robur
919 4259 1133 4302 armatur
1167 4254 1325 4300 Vutic.

616 4320 636 4360 ἲ
677 4320 867 4369 Nomen
892 4315 1068 4366 Christi
1094 4315 1220 4362 Bod.
1245 4312 1293 4361 εξ.

703 4320 867 4368 iomeu
892 4320 1068 4366 Christi
1094 4320 1220 4362 Bod.
1245 4320 1293 4361 ‘2.

611 4388 638 4426 ε
674 4383 724 4432 Si
750 4394 872 4440 ergo
897 4376 1115 4439 praelium
1141 4378 1274 4425 Ltmt.
1301 4374 1443 4424 Ebur.
1471 4374 1578 4423 ΝΟ.
1605 4377 1646 4422 1.

611 4447 644 4485 h
680 4443 968 4508 Invenietur
995 4447 1048 4487 et
1075 4446 1294 4508 artnatus
1317 4439 1449 4508 Laut.
1484 4437 1626 4508 libora.
1661 4437 1973 4508 Lin._N_C.A'I_.

614 4523 634 4549 ι
676 4505 934 4557 Inlirmitas
961 4501 1159 4550 venerit
1191 4501 1324 4547 Lam.
1357 4499 1504 4548 Ebor.
1531 4503 1575 4549 Ν
1587 4500 1639 4548 C.
1669 4502 1714 4550 1.
1744 4501 1867 4552 Bod.
1893 4501 1940 4550 2.

617 4573 631 4622 i
680 4568 855 4618 Fuerit
875 4571 1107 4613 statutum
1136 4563 1271 4610 Lam.
1301 4560 1446 4612 Ebor.
1473 4563 1582 4612 NC.
1613 4563 1654 4610 1.

609 4636 640 4674 ιι
675 4631 842 4681 ()nera
864 4635 1029 4676 vestra
1054 4626 1187 4674 Lam.
1214 4622 1357 4673 Ebor.
1388 4623 1499 4675 ΝΟ.
1531 4624 1577 4672 1.

611 4698 639 4738 1
679 4694 803 4744 Item
828 4690 1070 4753 superbos
1096 4688 1230 4737 Lam
1261 4686 1405 4736 l’onit
1430 4687 1564 4735 Lam.

2187 4672 2234 4733 D

2322 3941 2361 4013 Τ
2393 3943 2628 4013 _Stabilire
2653 3949 2786 4013 Lam.
2812 3950 2916 4001 Litt.
2945 3951 3088 4003 Ebor.
3117 3953 3244 4005 Bod.
3274 3956 3318 4013 1,
3343 3955 3391 4010 2,
3418 3957 3468 4006 5.
3499 3957 3609 4008 NG.
3640 3959 3686 4008 1.

2261 4005 2606 4121 ca[ﬁnitisaemest
2629 4012 2919 4075 sull‘ragator
2943 4022 2995 4064 et
3017 4005 3318 4080 deprecator
3328 4005 3458 4070 Bod.
3479 4005 3533 4071 ἐξ.
3555 4005 3866 4084 Ϊρεὲνᾱερτε-

2329 4132 2353 4157 ⁰
2387 4132 2752 4186 Eliberabimur
2784 4141 2901 4190 Ver.
2926 4143 3060 4190 Mart.

2327 4196 2372 4262 P_
2389 4199 2474 4262 Sic
2498 4199 2622 4248 Bod.
2651 4200 2692 4262 I,
2718 4199 2764 4249 ἓ.
2789 4201 3087 4253 Sacerdotes
3108 4205 3264 4255 Oxon.
3288 4206 3422 4256 Lam.
3446 4208 3592 4260 Ebor.
3619 4208 3726 4261 Litt.
3753 4211 3863 4262 NC.

2262 4257 2306 4305 1.
2335 4257 2397 4308 Et
2418 4261 2528 4308 duri
2555 4260 2680 4310 Bod.
2706 4266 2756 4313 5.

2328 4323 2355 4362 (ι
2392 4322 2677 4392 I‘ertinaces
2701 4335 2850 4389 atque
2873 4335 3187 4378 contumaces
3208 4330 3327 4381 Cod.
3357 4332 3641 4401 Gratiarwp.

2332 4386 2353 4413 ι·
2397 4387 2477 4413 ρ...
2510 4387 2608 4413 υηΑ
2650 4387 2666 4413 Α
2723 4388 2754 4413 ο
2809 4391 2914 4413 In...
2968 4390 3087 4413 ηιμ...
3141 4395 3226 4413 ιιη
3274 4393 3563 4413 n-0,-..a-..

2391 4387 2477 4460 §ic
2501 4387 2626 4460 Bod.
2650 4387 2697 4446 l,
2723 4387 2781 4436 2:
2803 4391 2932 4460 Lam.
2959 4390 3244 4460 [ὥρη-ΜΗ.
3272 4387 3648 4460 aestimandam
3674 4399 3811 4460 Imp.

2333 4451 2355 4514 ξ’
2390 4447 2676 4514 Laxaudum
2702 4463 2816 4501 esse
2841 4454 3085 4502 debemus
3107 4455 3240 4504 Laut.
3269 4458 3412 4507 Ebor.
3442 4458 3565 4511 Bod.
3591 4461 3638 4510 2.

2333 4508 2350 4543 ί
2388 4509 2580 4573 Pereat
2602 4514 2730 4573 quod
2759 4515 2883 4563 Bod.
2909 4515 2956 4563 5.

2329 4575 2358 4641 ιζ
2392 4571 2539 4641 Cujus
2557 4571 2706 4641 parte
2728 4575 2853 4626 Bod.
2882 4578 2928 4626 1.
2957 4580 3117 4641 Neap.

2331 4639 2359 4667 ν
2392 4635 2602 4686 Diabolo
2617 4636 2821 4689 facimus
2843 4641 2977 4689 Lam.

1908 4771 2264 4834 VARIORUM
2299 4771 2524 4829 NOTzE.

546 4907 730 4956 autem
757 4893 1038 4948 lectionem
1061 4889 1264 4959 depreh
1306 4886 1394 4943 udi
1419 4890 1470 4941 in
1497 4901 1687 4959 novem
1713 4903 1740 4942 c
1757 4887 2000 4944 odicibus
2021 4891 2166 4946 anti-

550 4966 795 5042 quissln
830 4958 1150 5042 trilnismliis
1180 4971 1235 5014 et
1259 4961 1314 5042 _in
1352 4961 1591 5042 antiquis
1614 4958 1947 5042 reditionibus
1978 4963 2170 5042 legitur

550 5031 840 5097 misericors
870 5046 961 5090 est.
989 5033 1118 5101 Qua:
1148 5043 1230 5086 est
1259 5031 1418 5084 lectio
1447 5031 1675 5099 vulgatze
1699 5031 1952 5088 editionis
1982 5031 2160 5090 Evan-

550 5114 677 5186 gelii
707 5109 1004 5165 secundum
1030 5106 1250 5159 Lucam.
1279 5102 1477 5156 Bawz.

623 5201 787 5258 XVII.
818 5229 888 5240 —
919 5197 1048 5252 Cum
1079 5195 1281 5248 solatio.
1332 5193 1404 5248 Ita
1439 5207 1646 5262 septem
1690 5195 1810 5250 libri
1855 5206 2068 5254 veteres
2106 5209 2158 5255 et

550 5277 716 5334 editio
748 5270 1077 5326 ltlanutiaua.
1096 5266 1332 5341 ‘Vetercs
1357 5270 1536 5341 itaque
1559 5267 1902 5341 editjouesct
1922 5271 2010 5323 alii
2035 5287 2160 5341 sep-

551 5362 661 5405 tem
699 5345 816 5398 libri
851 5353 1062 5395 veteres
1095 5337 1297 5392 habent
1327 5339 1628 5391 consolatio.
1661 5337 1889 5407 Negalio
1920 5341 2075 5397 de,“
2102 5337 2157 5398 in

551 5427 781 5492 quatuor
810 5410 1067 5492 antiquis.
1102 5409 1156 5463 In
1191 5424 1296 5462 uno
1338 5424 1460 5491 tneo
1500 5412 1923 5492 δεξιοὶρμυιηηθδι-ζ
1952 5413 2003 5464 in
2033 5431 2158 5467 cou-

548 5480 804 5548 sblulione
835 5480 973 5555 pacis
1013 5491 1056 5535 et
1097 5480 1572 5534 communicationis
1603 5482 1846 5534 abscedit.
1883 5481 2084 5539 BALUZ.

616 5577 805 5635 XVIII.
833 5607 902 5615 —-
931 5574 1209 5628 Sustinele.
1235 5571 1419 5627 Codex
1440 5572 1794 5632 Sorbonicus,
1820 5577 2147 5631 sustinentes.

544 5650 846 5708 Fuxensis.
895 5656 1120 5716 portate.
1146 5643 1213 5697 Et
1243 5644 1363 5700 hate
1395 5657 1476 5697 est
1507 5645 1670 5699 lectio
1705 5646 1935 5715 vulgatae
1964 5649 2159 5704 editio-

539 5727 626 5779 ni..-
657 5714 901 5791 epistolte
925 5718 992 5770 ad
1021 5714 1256 5772 Galatas.
1291 5719 1499 5776 Bawz.

613 5813 1043 5891 Su/i‘raqatorem.
1089 5806 1278 5891 Lectio
1316 5809 1570 5891 vulgata,
1599 5823 1761 5891 quam
1800 5816 2044 5891 plerique
2072 5830 2164 5871 co—

533 5874 922 5951 djccs'antiqui
955 5874 1294 5968 praeferunt"
1357 5874 1508 5938 habet
1541 5874 1762 5955 jubtum.
1927 5874 2166 5959 q'uiuque

2275 4899 2455 4974 tamen
2487 4905 2640 4974 atque
2665 4893 2900 4974 antiquis
2929 4895 3184 4974 scriptum
3208 4907 3289 4974 est
3314 4899 3726 4973 su/fragatorem.
3751 4904 3869 4974 Quo

2273 4963 2434 5036 etiam
2475 4963 2636 5017 modo
2682 4965 2782 5036 legi
2830 4966 2880 5018 in
2919 4963 3287 5036 Afﬂigemeusi
3321 4963 3546 5028 testatur
3573 4963 3866 5030 Pantelrus.

2272 5035 2388 5104 Ego
2430 5050 2573 5111 vero
2602 5046 2728 5104 puto
2775 5035 2911 5111 hanc
2941 5035 3226 5094 lectiuncm
3257 5057 3376 5097 esse
3403 5045 3681 5099 meliorem
3705 5089 3720 5111 ,
3755 5056 3868 5102 tum

2265 5121 2390 5186 qtn_a
2420 5104 2575 5175 Angli
2605 5116 2869 5186 testantur
2896 5110 2947 5162 in
2975 5112 3160 5166 codice
3190 5112 3481 5170 Bodleiano
3509 5116 3609 5185 legi
3645 5104 3770 5186 Ipse
3793 5128 3876 5172 est

2265 5177 2578 5252 stt/fragatur
2606 5189 2652 5230 et
2680 5182 2999 5247 deprecator,
3036 5194 3144 5235 tum
3179 5185 3300 5252 quia
3330 5200 3392 5239 ea
3423 5177 3628 5242 recedit
3652 5177 3721 5242 ab
3747 5191 3875 5243 edi-

2269 5249 2416 5302 tione
2465 5249 2674 5318 vnlgata
2727 5251 2973 5318 epistolae
3018 5249 3263 5327 Joannis.
3310 5256 3636 5327 Cyprianum
3684 5272 3874 5315 autem

2265 5328 2487 5397 constet
2517 5337 2671 5397 usum
2715 5338 2820 5397 non
2861 5323 3260 5397 esseeditione
3301 5323 3406 5397 qua
3447 5343 3545 5384 nos
3576 5329 3736 5384 hodie
3767 5332 3878 5385 uti-

2267 5407 2406 5469 mur:
2440 5389 2559 5469 Mox
2589 5395 2731 5446 enim
2765 5394 2877 5469 ipse
2907 5394 3096 5469 scribit
3123 5389 3351 5465 delictis,
3387 5409 3442 5452 ut
3470 5400 3641 5464 solet,
3674 5417 3774 5469 pro
3801 5417 3878 5458 eo

2266 5461 2408 5533 quod
2439 5464 2489 5542 in
2531 5473 2713 5542 nostra
2756 5461 2968 5542 vulgata
3006 5467 3202 5542 legitur
3244 5461 3482 5542 peccatis.
3526 5461 3878 5542 Quamquam

2266 5533 2485 5612 peccatis
2527 5534 2633 5612 vidi
2665 5533 2923 5612 scriptum
2957 5537 3008 5590 in
3039 5533 3253 5593 duobus
3277 5541 3514 5610 antiquis
3537 5533 3884 5612 Exemplari-

2265 5606 2387 5666 bus,
2415 5619 2508 5682 per
2533 5605 2842 5682 audaciam,
2872 5617 2927 5661 ιιι
2959 5622 3115 5682 puto1
3135 5626 3320 5664 eorum
3348 5605 3434 5682 qui
3463 5605 3723 5681 putabant
3748 5615 3886 5673 loca

2264 5691 2435 5730 sacra:
2454 5676 2750 5752 Scriptura:
2775 5679 3001 5748 allegata
3021 5695 3050 5733 a
3075 5679 3342 5752 Cypriano
3364 5676 3563 5738 debere
3587 5685 3885 5744 emendari

2266 5748 2562 5802 secundum
2603 5748 2894 5822 editionem
2929 5748 3168 5805 nostrain
3198 5754 3484 5822 vulgatam.
3519 5755 3691 5810 Porro
3721 5757 3887 5812 arbi-

2269 5828 2384 5898 tror
2429 5835 2548 5873 eum
2592 5821 2682 5898 qui
2727 5822 2943 5891 scripsit
2986 5823 3230 5898 codicem
3278 5821 3624 5898 Bodleianum
3667 5827 3889 5898 legisse

2269 5886 2583 5960 suffragator
2606 5886 2658 5948 in
2684 5907 2784 5950 suo
2809 5886 3102 5966 exemplari
3130 5904 3187 5953 et
3211 5895 3353 5953 istud
3379 5898 3652 5968 explicare
3680 5886 3889 5958 vulca—
