4252 6258
403 315 511 376 785

1359 321 1698 381 EPISTOLA
1737 325 1805 382 X.
1850 326 1908 384 S.
1947 325 2268 385 CYPRIANI
2298 327 2772 389 ANTONIANUM.

3626 338 3731 396 786

394 437 649 510 perimat,
693 445 749 493 et
791 436 1166 495 semianimem
1197 439 1414 496 fratrem
1447 441 1751 512 jacentem,
1786 445 1930 499 sicut
1955 444 2008 500 in
2038 446 2087 507 Α
2116 445 2222 508 cit,
2275 451 2366 499 aut
2411 446 2756 500 continentiae
2812 445 3148 517 propositum
3208 461 3231 485 ο
3287 450 3583 521 gloriosum
3639 468 3739 524 per

393 530 692 602 Evangelia
719 530 976 586 sacerdos
1007 541 1030 567 τι
1065 541 1118 587 et
1146 531 1352 599 levites,
1407 535 1748 610 praeterimus
1774 537 1797 589 ?
1857 536 2013 605 (Luc.

393 625 481 699 χ.)
515 627 594 680 An
621 640 750 680 vero
777 633 836 679 ut
863 625 1178 681 sacerdotes
1203 626 1294 680 Dei
1318 637 1374 681 et
1397 625 1620 694 Christi,
1654 628 1794 698 quod
1821 629 2009 685 Chris-

396 727 484 774 tus
502 730 556 772 et
583 719 784 785 docuit,
830 726 885 774 et
929 718 1054 773 fecit
1088 719 1383 786 imitantes,
1428 721 1765 776 vulneratum
1816 723 1883 778 de
1913 724 2010 779 ad-

394 815 618 868 versarii
649 812 897 869 faucibus
941 813 1200 885 rapimus,
1247 823 1303 870 ut
1332 827 1574 871 curatum
1626 815 1652 854 δ
1701 817 1812 873 Deo
1841 818 2008 889 judici

394 920 740 961 reservemus
771 917 818 958 θ.

465 997 586 1054 XX.
605 999 712 1054 Nec
739 1010 916 1069 putes,
948 998 1117 1054 frater
1131 1000 1462 1068 charissima,
1491 1000 1614 1056 hinc
1629 1012 1720 1057 aut
1744 1004 2000 1059 virtutem

391 1093 618 1148 fratrum
650 1093 817 1146 minui
845 1101 937 1147 aut
980 1095 1234 1166 martyria
1269 1095 1503 1151 deﬁcere
1535 1097 1678 1167 quod
1713 1097 1876 1168 lapsis
1920 1100 1997 1154 la-

395 1196 516 1242 xata
545 1187 612 1241 sit
643 1187 978 1256 poenitentia,
1012 1197 1062 1242 et
1114 1188 1256 1257 quod
1292 1171 1676 1262 paenitentibus
1697 1209 1822 1261 spes
1855 1195 2000 1263 pacis

395 1279 596 1364 oblata.
657 1278 831 1334 Manet
880 1295 1008 1334 vere
1051 1263 1553 1338 ﬁdentiunrroliur
1599 1284 1892 1350 immobile,
1945 1295 2001 1341 et

393 1375 534 1446 apud
580 1369 828 1434 timentes
876 1389 940 1428 ac
998 1374 1285 1447 diligentes
1339 1378 1504 1434 corde
1563 1389 1674 1434 toto
1747 1377 1776 1416 ἀ
1836 1381 2004 1436 Deum

391 1467 598 1522 stabilis
631 1478 684 1523 et
715 1468 871 1523 fortis
900 1481 1216 1539 perseverat
1259 1471 1556 1542 integritas.
1600 1473 1731 1528 Nam
1783 1484 1836 1530 et
1863 1491 2002 1532 mte-

391 1559 563 1615 chisa
615 1561 771 1616 nobis
820 1563 1150 1632 paenitentiae
1202 1573 1414 1634 tempus
1443 1567 1755 1622 conceditur
1784 1577 1838 1623 et
1887 1585 1989 1639 pax

2125 537 2298 591 aliena
2332 549 2548 608 peccata
2573 538 2890 608 languescit.
2916 540 3100 595 Floret
3129 541 3367 597 Ecclesia
3401 555 3479 599 tot
3506 546 3731 616 virgini-

2114 629 2214 685 bus
2244 640 2524 697 coronata,
2557 641 2612 685 et
2636 633 2854 688 castitas
2880 648 2941 687 ac
2974 634 3224 703 pudicitia
3249 644 3496 691 tenorem
3536 639 3732 708 gloriae

2115 740 2226 780 suae
2285 734 2484 790 servat,
2529 740 2627 780 nec
2677 726 2800 796 quia
2848 726 3095 781 adultero
3125 729 3435 797 pcenitentia
3479 738 3535 784 et
3561 730 3721 785 venia

2113 817 2343 883 laxatur,
2374 819 2718 873 continentia:
2741 819 2889 889 vigor
2917 819 3194 890 frangitur.
3224 822 3378 876 Aliud
3409 832 3492 878 est
3519 823 3586 877 ad
3619 839 3717 879 ve-

2110 913 2254 968 niam
2300 924 2464 979 stare,
2518 913 2664 968 aliud
2719 915 2784 968 ad
2813 915 3040 985 gloriam
3076 919 3379 987 pervenire,
3410 919 3555 973 aliud
3589 919 3724 973 mis-

2107 1021 2224 1061 sum
2254 1008 2306 1061 in
2332 1023 2603 1063 carcerem
2636 1025 2738 1062 non
2782 1011 2930 1064 exire
2973 1011 3097 1066 inde
3129 1011 3303 1066 donec
3328 1013 3502 1068 solvat
3533 1014 3714 1068 novis-

2104 1101 2297 1155 simum
2345 1101 2696 1170 quadrantem
2737 1101 2913 1173 (.lltttt.
2948 1105 3035 1174 v),
3077 1104 3219 1158 aliud
3272 1107 3449 1160 statim
3494 1105 3616 1161 ﬁdei
3648 1117 3706 1162 et

2108 1194 2318 1249 virtutis
2367 1195 2612 1264 accipere
2661 1196 2966 1250 mercedem
3025 1196 3082 1268 (Ι
3115 1195 3232 1251 Cor.
3266 1206 3384 1268 ιιι),
3433 1199 3576 1253 aliud
3614 1214 3709 1268 pro

2104 1289 2338 1359 peccatis
2389 1289 2550 1360 longo
2595 1288 2786 1344 dolore
2813 1291 3112 1344 cruciatum
3149 1290 3166 1328 ί
3199 1291 3480 1346 emundari
3497 1303 3552 1347 et
3580 1308 3710 1362 pur-

2104 1383 2219 1454 gari
2247 1381 2334 1437 diu
2361 1383 2484 1452 igne
2527 1393 2576 1448 ε,
2633 1382 2774 1437 aliud
2821 1394 3038 1455 peccata
3069 1386 3247 1439 omnia
3303 1387 3554 1455 passione
3583 1401 3715 1456 pur-

2108 1491 2290 1547 gasse,
2344 1476 2491 1532 aliud
2547 1475 2779 1546 denique
2831 1477 3067 1546 pendere
3113 1479 3163 1531 iu
3224 1477 3366 1532 diem
3418 1477 3597 1547 jndicii
3653 1476 3722 1532 ad

2108 1570 2431 1625 sententiam
2485 1569 2716 1635 Domini,
2762 1570 2904 1625 aliud
2959 1571 3136 1627 statim
3197 1587 3226 1626 a
3282 1571 3511 1627 Domino
3563 1585 3727 1627 coro-

391 1655 566 1711 datur.
595 1655 713 1712 Non
745 1664 924 1712 tamen
956 1657 1156 1712 idcirco
1188 1658 1462 1746 virginitas
1504 1660 1555 1714 in
1589 1660 1828 1715 Ecclesia
1858 1661 1994 1717 dell-
2025 1649 2074 1708 Β
2104 1663 2238 1719 nari.
2353 1705 2376 1718 _.

1636 1775 2023 1836 LECTIONES
2060 1775 2475 1833 VARIANTES.

454 1895 482 1923 ³³
520 1892 604 1943 Sic
628 1893 761 1943 Lam.
789 1891 934 1943 Ebor.
963 1891 1074 1945 ΝΟ.
1104 1893 1149 1943 1.
1179 1891 1305 1942 Bod.
1339 1891 1385 1951 1,
1413 1895 1460 1940 2.

458 1956 486 1991 ιι
519 1956 661 2005 Nunc
683 1965 903 2009 curatum
930 1957 1056 2006 Bod.
1085 1956 1131 2006 1.
1159 1958 1206 2006 5.

459 2021 482 2049 ε
520 2017 852 2068 Reservamus
886 2018 1012 2069 Bod.
1045 2019 1090 2068 1.

459 2080 486 2121 «ι
521 2080 677 2132 Corde
701 2069 877 2131 sol'd’i'n
903 2081 1066 2132 Deum
1093 2079 1216 2132 Bod.
1244 2082 1288 2130 1.

2181 1895 2204 1956 ῗ
2241 1891 2571 1956 Continentia,
2600 1905 2656 1942 ac
2679 1895 2981 1956 pr0positum
3004 1897 3112 1946 Mtt.

2179 1952 2200 1989 τ
2240 1954 2434 2003 Βοιοιίς
2457 1952 2692 2004 ειυςιειιιι
2709 1952 2842 2005 Lain.

2179 2018 2205 2056 3
2241 2017 2445 2080 Purgari
2470 2018 2636 2068 divine
2665 2017 2786 2068 Bod.
2816 2017 2862 2078 ‘2,
2883 2021 2929 2069 5.
2965 2021 3094 2069 Lam.
3121 2019 3260 2072 Ebor.

1692 2213 2081 2309 ‘VARIORUM
2121 2217 2350 2276 NOTAE.

393 2337 502 2383 tem
546 2327 817 2383 addidisse
844 2337 889 2382 et
919 2326 1236 2397 deprecator.
1270 2325 1483 2382 Certum
1515 2329 1660 2384 enim
1693 2337 1776 2384 est
1815 2344 1982 2383 unum

395 2400 587 2453 horum
619 2398 1004 2454 vocabulorum
1036 2397 1306 2453 sufﬁcere.
1343 2399 1539 2454 BALUZ.

474 2469 591 2524 KX.
624 2501 697 2511 ---
729 2469 866 2523 Nam
893 2482 942 2526 et
970 2470 1194 2523 moechis.
1226 2470 1281 2523 ιιι
1311 2469 1520 2524 duobus
1549 2472 1780 2539 antiquis
1811 2485 1998 2526 exem—

397 2542 637 2614 plaribus
666 2541 882 2614 additur
902 2542 955 2595 id
985 2552 1074 2614 εει
1083 2541 1348 2614 adulteris.
1375 2543 1480 2597 Sed
1511 2543 1650 2597 istud
1679 2551 1762 2597 est.
1787 2543 1998 2613 glosse-

397 2611 504 2669 ma.
542 2614 827 2668 Decretum
858 2613 1015 2682 Papae
1041 2611 1330 2684 Zephyrini
1359 2614 1499 2683 apud
1523 2611 1913 2669 'fertulliauum
1945 2614 1997 2669 in

399 2685 539 2740 libro
569 2685 638 2740 dc
660 2685 954 2741 Pudicitia:
991 2684 1099 2755 Ego
1128 2693 1172 2756 et
1200 2685 1432 2756 mazchite
1453 2696 1497 2738 et
1525 2687 1879 2756 fornicationis
1907 2685 2000 2739 de-

399 2758 520 2810 licta
566 2757 863 2826 paenitentia
905 2758 1092 2826 [unctis
1135 2755 1353 2809 dimitto.
1396 2755 1496 2813 Ubi
1525 2755 1699 2812 Obiter
1738 2757 2008 2811 admoneo

399 2829 693 2883 Baroninm
749 2838 802 2882 et
848 2827 1136 2890 Rigaltium
1186 2828 1324 2881 male
1379 2829 1722 2882 existimaSse
1770 2828 2004 2882 edictum

405 2899 703 2971 Zephyrini
736 2900 805 2971 itii
837 2907 1171 2971 conceptum
1193 2897 1390 2953 fuisse:
1427 2899 1712 2968 Epierpus
1743 2900 2007 2971 episcopo-

353 3007 370 3025 .
394 2988 508 3024 runt
541 2969 710 3026 edicit.
749 2969 859 3041 Ego
905 2980 950 3024 et
993 2969 1252 3033 ntwchitc,
1289 2982 1394 3042 etc.
1426 2971 1675 3042 Episcopi
1705 2973 1869 3042 enim,
1893 2970 1998 3024 l{o~

399 3045 540 3097 mani
585 3058 873 3110 numquam
905 3043 984 3096 usi
1023 3051 1148 3096 sunt
1195 3041 1486 3096 ambitioso
1523 3041 1700 3097 illo’ct
1730 3041 1997 3096 invidioso

397 3114 652 3184 loquendi
697 3114 892 3175 modo,
940 3113 1241 3184 przesertim
1285 3115 1334 3166 in
1380 3115 1469 3167 illa
1512 3115 1850 3182 antiquitate.
1897 3113 2006 3168 Sua

400 3183 603 3241 tantum
643 3186 865 3240 nomina
908 3183 1269 3255 praeferebant
1292 3227 1304 3246 ,
1339 3196 1396 3239 ιιι
1426 3185 1608 3240 videre
1650 3194 1732 3239 cst
1761 3187 1920 3239 etiam
1954 3185 2005 3238 in

397 3259 640 3330 epistolis
668 3273 820 3327 papa:
847 3257 1082 3330 Cornelii
1116 3255 1182 3309 ad
1214 3257 1565 3330 Cyprianum.
1591 3257 1790 3330 BALUZ.

469 3329 623 3384 Aliud
648 3326 855 3384 missum
875 3329 927 3382 in
952 3344 1206 3382 carcerem
1224 3326 1324 3381 non
1355 3328 1492 3382 exire
1509 3329 1649 3393 inde,
1671 3339 1777 3382 etc.
1806 3326 2006 3381 Eadem

398 3411 523 3455 sunt
551 3401 823 3474 Cypriano
851 3400 965 3474 :ad
994 3401 1195 3474 veniunt
1227 3411 1364 3453 stare
1385 3443 1399 3463 ,
1434 3399 1645 3474 tnissnm
1676 3401 1730 3452 in
1757 3414 2010 3474 carcerem

397 3489 498 3527 non
530 3471 667 3528 exire
693 3472 816 3527 inde
855 3473 1016 3526 donec
1055 3471 1219 3525 solvat
1260 3472 1593 3525 novissimum
1634 3472 2006 3540 quadrantem,

397 3554 443 3597 et
488 3562 580 3613 pro
627 3545 847 3614 peccatis
893 3545 1046 3614 longo
1095 3542 1271 3596 dolore
1320 3543 1604 3595 cruciatum
1633 3543 1932 3614 emundari,
1962 3550 2010 3595 et

401 3612 730 3686 purgat-idin
758 3618 893 3686 igne.
933 3613 1132 3686 Eadem
1156 3614 1317 3668 etiam
1344 3629 1371 3665 e
1397 3615 1672 3667 contrario
1695 3612 1758 3665 ad
1782 3614 2007 3686 gloriam

397 3684 705 3756 pervenire,
734 3684 916 3741 statim
949 3685 1068 3739 tidei
1098 3695 1151 3738 et
1178 3685 1391 3738 virtutis
1420 3687 1667 3751 accipere
1697 3684 2002 3756 mercedem

399 3755 455 3812 et
485 3768 701 3825 peccata
731 3757 912 3811 omnia
944 3759 1195 3826 passione
1227 3771 1506 3824 purgasse.
1543 3755 1644 3809 Per
1671 3770 1788 3823 quae
1817 3755 2007 3826 distin-

399 3831 513 3898 guit
558 3829 698 3883 haud
740 3829 904 3882 dubie
945 3825 1142 3881 statum
1191 3828 1462 3895 lapsorum
1511 3834 1630 3894 post
1666 3826 1804 3878 hanc
1838 3825 2002 3898 vitam

399 3896 490 3969 qui
524 3900 760 3953 nondum
791 3900 1160 3968 pmnitentiam
1191 3900 1623 3969 compleverant,
1651 3913 1678 3949 a
1708 3905 1848 3969 statu
1870 3896 2009 3969 Mar-

400 3966 602 4043 lyram.
650 3966 826 4043 Atque
860 3970 995 4025 adeo
1033 3971 1174 4043 mire
1213 3969 1335 4022 facit
1379 3968 1656 4043 ltic_locus
1697 3966 1760 4043 ad
1806 3967 2006 4043 conlir-_

402 4038 654 4098 litandam
703 4038 962 4097 Ecclesia:
996 4040 1341 4096 traditionem
1374 4040 1442 4093 de
1472 4038 1827 4107 Purgatorio,
1866 4038 2009 4106 quod

398 4115 560 4169 etiam
590 4126 716 4170 ante
743 4129 827 4167 me
853 4112 1235 4167 animadvertit
1267 4110 1628 4165 rcverendiss.
1659 4108 2010 4177 gnidixicnsis

397 4167 978 4254 episcopusvblartinus
1009 4184 1259 4254 Peresius
1284 4167 1910 4254 Ayala.rAlluditantem
1941 4167 2007 4254 ad

399 4249 723 4326 scripturas,
754 4255 940 4309 Matth.
967 4272 1021 4320 ν,
1048 4265 1101 4308 et
1127 4253 1148 4307 l
1175 4252 1299 4308 Cor.
1327 4249 1403 4307 ιίι.
1423 4253 1588 4326 illam
1621 4251 1812 4306 eodem
1833 4249 2011 4326 _mod_o

399 4322 823 4397 interpretantur
867 4328 930 4381 υ.
960 4327 1272 4397 llieronym.
1318 4326 1369 4377 in
1414 4324 1600 4397 Matth.
1642 4322 1913 4397 et_A_mb_r.
1956 4323 2009 4397 in

400 4393 625 4462 Lucani,
660 4416 708 4454 ο.
752 4401 840 4453 1‘2.
874 4398 1022 4452 lianc.
1053 4393 1184 4451 vero
1215 4397 1475 4465 Origenes
1505 4396 1650 4449 hom.
1681 4395 1712 4448 ϐ
1751 4395 1802 4448 in
1838 4393 2006 4448 Exod.

400 4481 453 4525 et
503 4472 536 4526 8
575 4473 624 4524 in
654 4471 817 4524 Levit.
863 4470 1048 4523 Ambr.
1096 4468 1370 4522 Theudor.
1414 4477 1468 4520 et
1508 4466 1736 4522 OEcum.
1771 4467 1822 4519 iu
1855 4465 2006 4519 Com~

2103 2334 2314 2388 ratione
2355 2332 2550 2387 animm
2597 2341 2719 2401 post
2761 2341 3022 2402 mortem,
3065 2342 3119 2388 et
3145 2334 3456 2390 Gennadius
3491 2337 3712 2392 schola-

2101 2406 2213 2458 rius
2255 2405 2346 2458 lib.
2391 2403 2458 2458 de
2503 2403 2817 2472 Purgatorio
2857 2413 3045 2458 contra
3087 2404 3344 2461 Cra-cos:
3382 2408 3469 2461 ubi
3514 2409 3717 2464 multas

2104 2487 2350 2529 veterum
2381 2474 2692 2529 Grtecorum
2725 2475 3020 2546 sententias
3049 2475 3262 2546 allegat.
3301 2477 3518 2533 Panec.

2178 2546 2413 2619 Pendere
2453 2547 2517 2619 in_
2549 2547 2701 2598 diem.
2748 2546 2822 2619 ita
2869 2544 3049 2619 iuveni
3093 2544 3353 2613 scriptum
3397 2551 3450 2603 in
3482 2551 3724 2619 quinque

2104 2617 2382 2672 codicibus
2410 2616 2646 2685 antiquis
2676 2624 2729 2669 et
2760 2617 2813 2670 in
2860 2617 3096 2670 editione
3141 2619 3382 2674 Manutii.
3429 2616 3516 2677 Sic
3559 2616 3726 2677 etiam

2109 2703 2167 2744 se
2217 2689 2475 2756 scriptmn
2532 2687 2734 2761 vidisse
2787 2688 2839 2761 in
2894 2687 3082 2743 codice
3112 2690 3480 2761 _Gcrtnauensi
3525 2693 3732 2761 optime

2113 2767 2255 2812 nota:
2307 2769 2532 2812 testatur
2573 2759 2654 2812 vir
2698 2760 2936 2828 optimus
2987 2768 3040 2811 et
3093 2759 3437 2814 doctissimus
3491 2759 3729 2818 Domnus

2112 2831 2305 2904 Petrus
2346 2831 2621 2904 Constant
2651 2832 2702 2883 in
2750 2830 3069 2904 praefinitum
3110 2847 3203 2884 sua
3249 2833 3314 2886 ad
3357 2848 3521 2904 opera
3554 2837 3730 2889 sancti

2111 2901 2328 2965 Hilarii,
2365 2900 2393 2972 §
2420 2900 2549 2955 2‘29.
2596 2900 2866 2956 Pamelius
2895 2902 2946 2954 in
2976 2904 3324 2957 annotatione
3351 2900 3443 2956 sua
3477 2907 3540 2957 ad
3577 2905 3723 2959 hunc

2112 2973 2289 3028 locum
2322 2973 2600 3027 existimat
2643 2972 2762 3025 heic
2795 2987 2889 3040 per
2919 2972 3060 3025 diem
3100 2973 3288 3041 judicii
3324 2976 3547 3043 intelligi
3579 2977 3726 3031 diem

2113 3045 2459 3116 particularis
2499 3043 2689 3116 judicii
2736 3043 3183 3114 nniuscnjtnque.
3231 3047 3424 3100 Contra
3469 3047 3729 3102 Nicolaus

2115 3114 2292 3171 Faber
2319 3117 2369 3169 in
2400 3130 2497 3167 suo
2525 3114 2796 3185 Cypriane
2825 3116 3121 3183 impresso,
3149 3118 3239 3186 qui
3271 3133 3411 3170 nunc
3440 3135 3590 3172 mens
3617 3129 3724 3182 est,

2112 3196 2268 3259 putat
2293 3186 2518 3254 intelligi
2545 3187 2748 3240 debere
2775 3186 2844 3239 de
2871 3194 3116 3240 extremo
3141 3189 3345 3255 judicio
3373 3205 3435 3243 ex
3467 3191 3727 3258 opinione

2115 3274 2176 3313 ea
2224 3275 2344 3325 qua:
2388 3259 2484 3311 fuit
2530 3263 2820 3310 multorum
2865 3270 2919 3312 et
2964 3273 3285 3326 magnorum
3330 3260 3567 3314 \irorum
3616 3272 3726 3315 tam

2115 3329 2429 3384 Graecorum
2481 3343 2642 3396 quam
2687 3329 2998 3401 Latinorum
3048 3331 3097 3382 in
3133 3331 3370 3384 Ecclesia
3417 3333 3726 3401 primitiva,

2113 3403 2203 3470 qui
2249 3402 2392 3455 solos
2435 3410 2706 3471 martyres
2747 3399 2915 3470 gloria
2959 3400 3138 3454 divina
3184 3401 3382 3470 perfrui
3422 3399 3551 3458 ante
3593 3403 3726 3457 illud

2114 3483 2417 3526 extremum
2462 3472 2756 3539 judicium,
2801 3481 3030 3526 eirteros
3073 3488 3203 3526 vero
3249 3474 3299 3527 in
3346 3473 3476 3528 illttd
3517 3473 3727 3528 differri

2112 3546 2428 3606 voluerunt,
2475 3553 2528 3596 et
2573 3543 2711 3596 hanc
2750 3543 2912 3596 etiam
2955 3542 3122 3598 fuisse
3149 3544 3463 3599 Tertulliani
3507 3556 3728 3599 senten-

2115 3616 2280 3686 tiam.
2307 3616 2476 3686 Quem
2513 3613 2714 3686 Nicolai
2747 3613 2906 3686 Faltri
2936 3614 3112 3668 locum
3141 3615 3428 3685 descripsit
3461 3616 3722 3686 Rigaltitts

2114 3687 2166 3758 in
2219 3685 2481 3740 addendis
2527 3685 2592 3738 ad
2635 3685 3222 3758 observationessnas
3276 3688 3326 3758 in
3370 3685 3722 3758 Cyprianum.

2113 3757 2246 3811 Nota
2299 3767 2380 3810 est
2431 3757 2799 3829 controversia
2843 3771 2963 3829 quae
3006 3755 3105 3810 fuit
3146 3774 3262 3829 ιι·ιό
3303 3755 3525 3812 ιῐοειιίιιὶε
3572 3775 3724 3829 papa:

2115 3844 2234 3882 χχιι
2255 3871 2270 3894 ,
2302 3830 2444 3881 circa
2478 3828 2741 3880 visionem
2777 3826 3102 3881 beatilicam.
3136 3827 3248 3894 Qua
3282 3830 3350 3882 de
3381 3845 3440 3884 re
3471 3826 3594 3883 vide
3626 3826 3723 3885 an-

2114 3902 2422 3971 nutationes
2456 3896 2762 3971 Erasmiin
2785 3907 2944 3971 caput
2975 3900 3264 3971 septimum
3311 3900 3570 3965 Epistulae
3601 3904 3722 3971 pri-

2116 3986 2216 4024 ma:
2258 3969 2408 4023 Pauli
2451 3969 2517 4020 ad
2557 3967 2870 4020 Corinthios
2910 3975 2965 4020 ct
3005 3967 3171 4021 Notas
3228 3980 3440 4025 nostras
3479 3974 3544 4024 ad
3586 3967 3724 4026 vitas

2115 4056 2373 4112 paparum
2406 4038 3045 4112 Avenionensinm,_pag.
3072 4038 3285 4112 788,_et
3314 4040 3415 4095 798
3437 4084 3450 4105 ,
3484 4042 3725 4112 itemque

2154 4107 2487 4166 raefationem
2524 4124 2765 4163 noSIram
2799 4108 2863 4162 ad
2898 4107 3176 4161 historiam
3212 4110 3580 4167 'l'uteleusem.
3618 4107 3725 4168 Alii

2136 4197 2261 4236 tunc
2286 4181 2540 4251 Cypriani
2577 4181 2755 4233 locum
2790 4179 3115 4251 intelligunt
3130 4179 3198 4234 de
3232 4182 3352 4249 igne
3386 4185 3724 4251 purgatorio.

2115 4253 2243 4308 lllos
2276 4250 2404 4306 vero
2441 4252 2794 4305 vehementer
2825 4253 3060 4321 exagitat
3089 4250 3325 4306 Joannes
3360 4250 3591 4308 Dallteus
3624 4255 3722 4309 lib.

2113 4342 2189 4388 tv,
2221 4324 2290 4379 de
2324 4325 2497 4394 pmnis
2545 4333 2600 4377 et
2645 4321 3107 4394 satisfactiouilms
3157 4321 3414 4394 humanis
3463 4340 3584 4394 cap.
3630 4326 3722 4381 10.

2118 4393 2405 4451 Βιιιλικζ-
2419 4396 2682 4465 Rigaltius
2706 4395 2812 4447 ait:
2838 4393 2918 4446 Ad
2946 4403 3117 4447 notam
3144 4393 3395 4460 Pmnelii,
3429 4395 3511 4450 ubi
3536 4393 3727 4450 dicitur

2115 4470 2282 4522 larunt
2298 4485 2403 4522 esse
2415 4464 2803 4537 intelligendum
2818 4464 2880 4518 de
2893 4465 2974 4519 die
2988 4466 3318 4537 particularis
3331 4467 3522 4535 judicii
3544 4469 3725 4522 unius-

401 4553 555 4596 ntent.
583 4546 804 4612 August.
833 4540 1060 4610 Enchyr.
1092 4555 1139 4612 cr.
1174 4539 1262 4612 69,
1297 4542 1346 4592 in
1375 4539 1572 4612 P_s_alm.
1607 4553 1774 4592 xxxvr
1796 4579 1808 4600 ,
1838 4545 1893 4612 et
1920 4552 2009 4612 χχι
2036 4539 2088 4598 D
2115 4543 2359 4610 cujusque
2379 4583 2392 4604 ,
2430 4539 2550 4593 Nic.
2589 4536 2769 4612 Faber
2807 4547 2946 4590 notat
2965 4536 3176 4612 :_Immo
3200 4540 3370 4610 potius
3401 4543 3460 4592 de
3493 4550 3722 4594 extremo

402 4615 464 4666 dc
493 4609 706 4667 Ciritnt'e
746 4612 842 4665 ι)ρὶ
882 4627 928 4665 c.
973 4609 1064 4666 “26.
1115 4611 1371 4665 Paulinus
1411 4609 1648 4664 Nolanus
1691 4611 2005 4678 paraphrasi

403 4684 605 4738 Psalm.
638 4703 649 4738 ι
674 4727 686 4746 ,
717 4696 765 4739 et
805 4683 1046 4746 Epistula
1079 4683 1144 4736 ad
1172 4683 1456 4745 Severum,
1476 4696 1537 4734 ac
1566 4680 1882 4750 Gregorius,
1912 4680 2004 4734 lib.

406 4755 550 4810 Dial.
573 4771 640 4816 tv.
673 4771 722 4810 c.
746 4757 794 4809 7.
829 4754 898 4810 Ut
924 4764 1104 4809 autem
1129 4757 1194 4809 de
1218 4753 1436 4807 nomine
1463 4769 1567 4805 non
1595 4752 2006 4817 contendamus,

406 4826 657 4895 suffragia
693 4827 1066 4881 defunctorum
1100 4841 1221 4894 quac
1256 4826 1306 4878 in
1340 4823 1620 4879 sacriﬁciis
1663 4833 1717 4878 et
1759 4824 2010 4893 precibus

406 4898 792 4953 ecclesiasticis
820 4898 952 4951 ﬁunt
973 4938 987 4957 ,
1013 4897 1123 4965 jam
1156 4897 1278 4950 inde
1307 4895 1373 4948 ab
1401 4905 1560 4950 wtate
1591 4895 2007 4962 Apostolorum,

402 4970 649 5025 indicant
689 4985 810 5024 esse
853 4971 1029 5024 locum
1073 4968 1413 5037 quempiam,
1461 4968 1513 5020 in
1557 4982 1661 5036 quo
1695 4967 2005 5037 puniantur.

406 5041 620 5111 Alioqui
650 5043 792 5096 enim
824 5041 1018 5094 frustra
1041 5039 1216 5094 oratio
1243 5043 1391 5093 lieret
1412 5079 1424 5097 .
1455 5047 1511 5091 ut
1540 5054 1567 5090 a
1598 5042 1773 5107 pinnis
1800 5039 2012 5091 solvan-

406 5124 512 5166 tur.
545 5110 659 5167 Non
689 5121 868 5167 tamen
896 5124 1002 5165 tam
1032 5126 1223 5165 recens
1245 5120 1326 5164 est
1357 5112 1650 5179 purgatorii
1680 5126 1873 5164 nomen
1898 5110 2012 5163 sive

447 5185 837 5251 nrgatoriarum
870 5199 1182 5252 pmuarum,
1213 5191 1270 5236 ιιι
1298 5183 1659 5236 meminerunt
1691 5183 1751 5235 Ο.
1781 5185 2010 5251 August.

447 5198 837 5251 urgatoriarum
870 5199 1182 5252 pmuarum,
1213 5198 1270 5236 ιιι
1298 5198 1659 5236 meminerunt
1691 5198 1751 5235 υ.
1781 5198 2009 5251 augusr.

404 5198 628 5310 Enchir.
657 5271 705 5310 c.
732 5257 851 5320 cit.,
877 5256 940 5309 de
962 5253 1174 5308 Civitate
1201 5254 1298 5308 Dei
1332 5253 1424 5307 lib.
1460 5269 1535 5306 xx
1558 5294 1572 5314 ,
1597 5268 1644 5305 (ι.
1675 5252 1778 5318 2'5.
1812 5263 1866 5307 et
1897 5268 2009 5314 χιιι,

404 5341 453 5381 c.
490 5329 574 5382 l5.
609 5327 902 5396 Gregorius
949 5328 1068 5379 loco
1098 5328 1297 5396 citato,
1346 5327 1399 5377 in
1443 5341 1494 5378 ιιι
1526 5323 1725 5378 Psalm.
1756 5325 1929 5394 pcrnit.
1961 5332 2016 5376 et

404 5399 531 5452 alibi
565 5395 896 5465 frequenter,
933 5407 986 5450 et
1016 5397 1156 5451 Beda
1187 5399 1236 5450 in
1276 5395 1473 5449 Psalnt.
1511 5412 1728 5454 xxxvu.
1761 5404 1814 5448 et
1845 5410 2010 5448 serm.

405 5470 638 5533 quodam
672 5487 773 5523 ms.
806 5471 856 5522 in
887 5469 1018 5523 illud
1056 5468 1281 5522 Jonnuis
1315 5485 1358 5521 ιε
1394 5467 1625 5521 Joannes
1653 5466 1878 5537 perhibet
1913 5477 2013 5537 Les—

409 5543 676 5594 timonium
709 5542 772 5594 de
801 5543 936 5609 ipso.
973 5539 1117 5608 Ignis
1149 5542 1312 5594 etiam
1344 5534 1662 5608 purgantis,
1686 5550 1879 5605 printer
1901 5534 2012 5609 7Cy-

411 5615 657 5681 priannm
691 5616 791 5666 hoc
822 5615 940 5666 loco
971 5623 1026 5666 et
1054 5613 1192 5666 alios
1221 5627 1380 5681 supra
1428 5611 1714 5678 allegatos,
1751 5608 2015 5681 memine-

411 5676 538 5736 runt
579 5687 736 5738 etiam
791 5684 850 5739 ι).
899 5684 1124 5738 llierou.
1173 5684 1224 5736 in
1267 5676 1362 5735 fin.
1405 5676 1701 5733 comment.
1748 5685 1802 5731 in
1849 5676 2011 5734 Isaia.

413 5754 603 5807 Amltr.
641 5756 691 5808 in
716 5757 916 5810 Psalm.
953 5770 1160 5819 cxvm,
1194 5768 1356 5807 serm.
1393 5753 1476 5805 10.
1512 5750 1777 5804 Maximus
1809 5751 1862 5802 in
1899 5749 2017 5803 Dia-

414 5823 648 5880 dochum
670 5867 683 5890 ,
710 5826 775 5880 de
806 5827 1141 5881 Perl’ectione
1171 5823 1344 5895 spirit.
1376 5838 1424 5877 c.
1451 5823 1576 5878 100.
1611 5823 1822 5895 Damas.
1855 5820 1922 5895 d_e
1954 5822 2017 5876 iis

422 5897 513 5971 qui
545 5897 904 5955 dormierunt.
935 5891 1242 5955 Eustratiu's
1267 5895 1643 5964 Constantino,
1670 5894 1762 5950 lib.
1788 5893 1854 5948 de
1879 5891 2020 5963 Ope-

2111 4612 2311 4682 judicia
2339 4628 2401 4665 ex
2428 4629 2486 4664 ea
2515 4611 2757 4674 opinione
2777 4625 2891 4676 qua:
2917 4610 3012 4679 fuit
3042 4613 3319 4682 multorum
3346 4622 3391 4664 et
3420 4627 3727 4681 magnorum

2115 4679 2342 4736 uirorum
2379 4693 2481 4737 tam
2524 4683 2822 4735 Gra’corum
2861 4697 3013 4747 quam
3056 4679 3361 4734 Latinorum
3397 4683 3446 4735 in
3492 4679 3727 4736 Ecclesia

2115 4755 2406 4823 primitiva,
2430 4755 2516 4822 qui
2543 4753 2680 4808 solos
2707 4762 2962 4822 martyras
2989 4752 3156 4820 gloria
3177 4752 3350 4806 divina
3381 4754 3575 4824 perfrui
3603 4765 3726 4807 ante

2113 4827 2246 4880 illud
2275 4841 2550 4880 extremum
2578 4825 2860 4892 judicium,
2887 4831 3118 4876 ceteros
3145 4839 3296 4888 vero,
3331 4826 3382 4879 itt
3412 4834 3720 4880 extremum

2112 4897 2370 4966 judicium
2404 4896 2601 4962 differri
2633 4895 2924 4948 voluerunt.
2948 4894 3379 4966 Quarfnitetiam
3403 4896 3728 4952 Tertulliani

2116 4964 2406 5024 Sententia.
2432 4968 2540 5024 Sed
2573 4968 2660 5020 illa
2688 4981 2793 5018 non
2821 4964 3218 5036 cratCypriani
3250 4971 3417 5020 nostri
3440 4986 3453 5022 :
3479 4969 3567 5036 qui
3601 4983 3723 5035 pas-

2117 5041 2217 5094 sim
2250 5041 2300 5092 iu
2337 5041 2472 5092 libro
2499 5040 2566 5092 de
2587 5035 3108 5107 Mortalitatedocct,
3142 5039 3251 5107 ejus
3277 5054 3383 5091 esse
3413 5035 3624 5090 mortem
3648 5039 3721 5090 ti-

2116 5127 2252 5164 mere
2280 5111 2365 5180 qui
2392 5113 2458 5162 ad
2486 5109 2743 5164 Christum
2775 5107 2903 5160 nolit
2934 5108 3027 5161 ire.
3062 5105 3128 5162 Et
3161 5105 3278 5162 tunc
3307 5125 3414 5162 esse
3441 5110 3597 5163 servis
3625 5108 3731 5162 Dei

2118 5198 2325 5252 pacem,
2361 5193 2477 5235 tunc
2505 5181 2744 5252 liberant,
2778 5188 2897 5252 tunc
2937 5181 3267 5252 tranquillam
3308 5185 3558 5250 quietem,
3597 5197 3727 5245 quo-

2118 5249 2257 5306 niam
2288 5255 2352 5304 de
2379 5253 2488 5305 istis
2553 5250 2730 5303 mundi
2762 5249 3044 5302 turbinibus
3074 5252 3317 5317 extracti,
3347 5252 3482 5305 sedis
3509 5262 3553 5303 et
3579 5264 3730 5304 ceter-

2118 5340 2199 5377 me
2224 5323 2606 5387 tranquillitatis
2629 5331 2832 5391 portum
2858 5322 3092 5391 petimus,
3121 5324 3324 5387 quando
3347 5333 3597 5392 expuncto
3626 5322 3725 5374 hac

2119 5404 2280 5464 morte
2301 5395 2367 5448 ad
2389 5393 2822 5464 immortalitatem
2841 5393 3087 5464 venimus.
3113 5392 3282 5458 Tunc,
3309 5393 3375 5445 ad
3397 5394 3722 5464 refrigerium

2110 5461 2239 5536 justi
2271 5475 2534 5529 vocantur,
2567 5464 2633 5516 ad
2672 5462 2977 5536 supplicium
3017 5464 3287 5536 rapiuntur
3315 5461 3494 5536 injtts'ti
3511 5461 3541 5528 ξ
3568 5465 3726 5536 datur

2118 5532 2337 5590 uelocius
2384 5537 2539 5588 tutela
2583 5533 2880 5602 ﬁdentibus,
2924 5532 3136 5600 perﬁdis
3175 5532 3504 5604 pnsum—Inde
3530 5535 3727 5603 antple-

2121 5620 2318 5664 ctantur
2359 5607 2493 5660 diem
2532 5607 2614 5674 qui
2653 5605 2879 5673 assignat
2919 5606 3145 5674 singulos
3185 5607 3444 5660 domicilio
3486 5623 3601 5672 suo,
3632 5606 3725 5674 qui

2122 5697 2212 5734 nos
2240 5679 2350 5731 istic
2378 5689 2595 5747 ereptos,
2621 5687 2664 5729 et
2694 5677 2883 5745 laqueis
2909 5677 3235 5747 saecularibus
3262 5679 3539 5741 exsolutos,
3571 5693 3726 5745 para-

2121 5752 2232 5805 diso
2259 5751 2479 5803 restituit
2511 5762 2554 5802 et
2586 5764 2740 5814 rcqno
2768 5747 2974 5800 cmlesti.
3022 5746 3238 5802 Interim
3280 5751 3719 5818 agnoscendum,

2122 5831 2336 5878 veteres
2373 5835 2563 5876 omnes
2601 5820 2838 5874 sensisse
2875 5818 3016 5873 diem
3044 5819 3229 5887 judicii
3263 5829 3530 5882 terrores,
3562 5821 3728 5875 etiam

2124 5894 2327 5952 sanctis
2361 5891 2762 5961 formidandos,
2801 5905 2984 5948 secum
3027 5893 3351 5950 allaturum:
3400 5892 3543 5951 unde
3586 5893 3728 5950 forte
