4252 6258
475 325 580 382 789

1401 315 1728 379 EPISTOLA
1768 313 1832 373 Χ.
1875 316 1935 372 S.
1976 311 2303 372 CYPHIANI
2358 319 2448 374 Ai)
2488 319 2966 382 ANTONIANUM.

3673 333 3781 392 790

472 442 577 499 mis
616 441 780 498 etiam
829 439 1057 510 legimus
1085 451 1370 496 censuram
1401 437 1607 508 pariter
1651 442 1706 488 et
1730 431 2074 488 clementiam
2103 434 2155 493 A
2183 435 2264 488 nis
2285 445 2336 489 et
2371 436 2540 506 pacis,
2569 441 2612 494 si
2644 442 2694 494 in
2715 441 3031 497 intlrmitate
3063 451 3224 513 atque
3256 443 3308 498 iu
3337 445 3578 514 periculo
3605 462 3792 521 caepe-

475 536 571 592 Dei
600 533 983 590 comminantis
1004 533 1165 588 simul
1195 542 1359 602 atque
1388 529 1677 601 parcentis,
1729 525 2001 596 punientis
2024 535 2080 579 ut

473 633 730 703 corrigat.
761 638 960 686 etcum
983 628 1284 684 correxerit
1315 622 1660 682 reservantis.
1702 620 1949 683 Visitabo,
1994 620 2080 673 in-

475 726 608 796 quit,
634 726 685 778 in
715 726 859 795 virga
887 723 1123 794 facinora
1154 735 1350 786 eorum,
1383 728 1429 772 et
1458 719 1509 772 in
1537 715 1758 787 ﬂagellis
1784 714 1969 768 delicta
1992 727 2078 766 eo-

471 835 602 872 rum.
657 817 1068 871 Misericordia»:
1106 825 1272 868 autem
1320 828 1484 867 meam
1536 824 1638 864 non
1684 809 1974 880 dispergam
2014 805 2076 859 ab

469 911 540 966 eis
573 909 1011 982 (Psalmxxxvut,
1043 909 1137 975 55,
1171 906 1288 979 54).

542 1001 736 1061 XXIII.
769 1003 1028 1057 Dominus
1047 1015 1260 1071 quoque
1297 1001 1349 1054 in
1379 997 1674 1068 Evangelio
1701 1010 1800 1051 suo
1821 995 2074 1066 pietatem

471 1095 565 1150 Dei
585 1094 760 1150 Patris
773 1094 1068 1150 ostendens
1090 1094 1193 1148 ait:
1216 1094 1342 1159 Quis
1364 1101 1435 1147 est
1464 1107 1527 1147 ea;
1543 1092 1682 1146 vobis
1698 1092 1847 1144 homo
1860 1105 2006 1158 quem
2032 1086 2076 1141 si

470 1189 667 1262 petierit
697 1189 832 1258 ﬁlius
855 1189 967 1257 eius
998 1203 1202 1259 panem,
1237 1186 1461 1256 lapident
1496 1186 1727 1257 porrigat
1775 1183 1883 1249 illi;
1911 1191 2000 1235 aut
2031 1182 2075 1235 si

474 1283 661 1354 piscem
679 1279 1033 1352 postulaverit,
1063 1289 1352 1352 serpentem
1374 1280 1452 1333 illi
1466 1281 1699 1350 porrigat
1715 1278 1739 1331 ?
1757 1278 1817 1332 Si
1833 1293 1950 1348 ergo
1963 1292 2070 1343 vos,

471 1393 590 1431 cum
629 1377 739 1430 sitis
778 1391 1017 1445 nequam,
1046 1375 1187 1428 scitis
1231 1376 1363 1428 bona
1403 1375 1527 1428 data
1555 1375 1680 1427 dare
1705 1374 1827 1442 ﬁliis
1874 1372 2072 1438 vestris,

468 1475 653 1540 quanto
667 1470 832 1540 magis
846 1466 1005 1522 Pater
1019 1479 1176 1522 vester
1187 1467 1400 1520 ctelestis
1416 1466 1552 1520 dabit
1568 1467 1698 1520 bona
1714 1464 2032 1536 poscentibus
2046 1474 2070 1501 ⁸

467 1579 578 1618 eum
600 1562 793 1635 (Matii.
819 1578 911 1616 vn.
941 1560 1136 1631 9-H)?
1163 1559 1452 1630 Comparat
1480 1560 1567 1614 hic
1599 1560 1856 1614 Dominus
1885 1572 2073 1613 carna-

470 1657 574 1712 lem
598 1665 804 1726 patrem
829 1665 883 1710 et
899 1655 994 1710 Dei
1011 1655 1183 1708 Patris
1201 1662 1455 1709 aeternam
1474 1654 1780 1722 iargamque
1797 1651 2068 1721 pietatem,

469 1749 609 1822 quod
639 1751 683 1805 si
716 1751 816 1804 iste
861 1750 914 1804 in
941 1750 1098 1804 terris
1124 1759 1352 1820 nequam
1385 1757 1540 1818 pater
1567 1745 1807 1802 offensus
1833 1746 2071 1817 graviter

2188 530 2296 585 rint
2342 531 2657 602 deprecari;
2707 538 2830 606 quia
2871 551 3063 608 rogare
3101 539 3223 593 illos
3275 554 3382 594 non
3436 542 3618 599 delicti
3671 560 3790 617 pte-

2184 620 2408 677 nitentia
2441 625 2536 679 sed
2586 629 2773 681 mortis
2814 630 3056 698 urgentis
3114 629 3416 684 admonitio
3475 636 3790 706 compellit,

2181 731 2282 771 nec
2303 716 2496 787 dignus
2525 731 2609 773 est
2638 720 2689 774 in
2716 732 2890 776 morte
2916 721 3164 792 accipere
3192 724 3448 780 solatium
3472 726 3564 796 qui
3594 743 3656 784 se
3677 744 3790 785 non

2181 813 2438 878 cogitavit
2473 828 2596 868 esse
2641 816 2983 870 moriturum.
3015 819 3021 826 '

2255 902 2445 958 XXIV.
2471 904 2623 972 Quod
2653 923 2781 961 vero
2808 907 2872 962 ad
2900 907 3184 964 Novatiani
3209 925 3496 982 personam
3530 916 3786 986 pertinet,

2181 996 2350 1052 frater
2376 998 2714 1066 charissime,
2742 1001 2809 1056 de
2838 1017 2944 1072 quo
2972 1003 3290 1060 desiderasti
3315 1006 3409 1062 tibi
3438 1011 3788 1083 scribiquam

2181 1089 2428 1145 ita'resim
2471 1092 2876 1162 introduxisset,
2921 1098 3062 1151 scias
3108 1110 3208 1154 nos
3258 1101 3434 1169 primo
3458 1104 3510 1156 in
3540 1103 3660 1160 loco
3688 1118 3790 1160 nec

2177 1181 2423 1236 curiosos
2472 1197 2592 1239 esse
2644 1185 2846 1242 debere
2883 1189 3012 1258 quid
3067 1189 3158 1245 ille
3202 1191 3435 1260 doceat,
3481 1209 3602 1249 cum
3652 1195 3785 1253 foris

2179 1274 2389 1329 doceat.
2439 1272 2691 1346 Quisquis
2753 1279 2841 1334 ille
2917 1291 3000 1334 est
3059 1291 3113 1336 et
3184 1285 3593 1356 qualiscumque
3662 1297 3781 1356 est,

2177 1367 2520 1421 Christianus
2549 1384 2655 1424 non
2683 1380 2766 1425 est
2795 1372 2885 1442 qui
2934 1372 2985 1426 in
3013 1372 3218 1429 Christi
3269 1375 3509 1432 Ecclesia
3544 1395 3650 1434 non
3682 1390 3784 1436 est.

2176 1461 2352 1517 Jactet
2381 1479 2440 1517 se
2496 1463 2621 1519 licet
2663 1473 2684 1500 ο
2727 1477 2780 1520 οι
2838 1467 3235 1538 philosophiam
3287 1473 3373 1526 vel
3420 1473 3785 1544 eloquentiam

2176 1570 2328 1610 suam
2373 1557 2621 1626 superbis
2669 1559 2892 1614 vocibus
2927 1561 3216 1630 praedicet,
3247 1565 3335 1634 qui
3360 1580 3459 1619 nec
3493 1566 3784 1623 fraternam

2176 1650 2492 1705 charitatem
2513 1667 2612 1706 nec
2632 1651 3067 1710 Ecclesiasticam
3083 1658 3341 1712 unitatem
3362 1663 3530 1713 tenuit
3553 1658 3597 1728 ί,
3619 1662 3783 1717 etiam

2173 1745 2318 1814 quod
2348 1747 2492 1816 prius
2517 1746 2690 1801 luerat
2716 1747 2915 1802 amisit.
2947 1747 3056 1802 Nisi
3085 1749 3131 1802 si
3161 1751 3449 1822 episcopus
3491 1752 3586 1808 tibi
3617 1754 3770 1811 vide-

467 1861 499 1901 a
525 1845 635 1899 lilio
665 1851 947 1915 peccatore
967 1852 1022 1898 et
1049 1844 1212 1907 malo,
1243 1844 1288 1898 si
1313 1852 1490 1897 tamen
1523 1842 1769 1897 eumdem
1818 1850 2057 1910 postmo-
2085 1842 2134 1902 B
2163 1848 2248 1892 tur
2277 1839 2363 1908 qui
2392 1839 2647 1910 episcopo
2679 1841 2731 1894 in
2765 1840 3004 1896 Ecclesia
3035 1857 3063 1896 a
3095 1842 3331 1898 sedecim
3383 1855 3408 1892 ε
3439 1847 3779 1918 coepiscopis

466 1937 594 1994 dum
611 1936 799 1992 viderit
825 1935 1173 1992 reformatum
1192 1944 1244 1990 et
1259 1934 1518 2005 depositis
1544 1935 1743 2006 prioris
1768 1931 1796 1972 δ
1821 1934 1947 1988 vitae
1973 1933 2068 1989 de-

469 2029 611 2086 lictis
655 2029 721 2084 ad
747 2030 956 2085 sobrios
987 2037 1040 2084 et
1091 2029 1260 2083 bonos
1313 2041 1491 2083 mores
1541 2035 1596 2081 et
1651 2027 1714 2082 ad
1744 2025 2068 2080 innocentiae

467 2124 804 2194 disciplinam
827 2123 1158 2194 paenitentia:
1180 2121 1370 2178 dolore
1386 2130 1687 2178 correctum
1723 2130 1769 2186 ε,
1795 2128 1849 2174 et
1872 2120 2069 2190 gaudet

466 2226 522 2274 et
560 2219 883 2290 gratulatur,
940 2225 995 2272 et
1019 2225 1358 2286 susceptum,
1402 2229 1562 2286 quem
1590 2222 1713 2270 ante
1738 2214 2063 2284 projeccrat,

458 2325 583 2368 cum
613 2319 741 2365 voto
772 2321 1010 2381 paternae
1039 2308 1384 2364 exultationis
1438 2308 1782 2378 amplectitur
1806 2348 1819 2370 ,
1865 2315 2066 2376 quanto

462 2403 633 2474 magis
660 2417 799 2458 unus
832 2403 921 2457 ille
985 2411 1041 2457 et
1067 2417 1226 2456 verus
1260 2400 1418 2456 Pater
1461 2401 1656 2466 bonus,
1714 2400 2021 2454 misericors
2045 2441 2061 2467 ,

461 2504 515 2551 et
570 2497 718 2567 pius,
778 2495 947 2549 immo
1012 2495 1126 2564 ipse
1176 2495 1387 2548 bonitas
1437 2491 1463 2530 ἀ
1492 2502 1546 2548 et
1588 2492 1959 2550 misericordia
2010 2500 2065 2548 et

459 2590 633 2661 pictas
654 2631 668 2652 ,
712 2587 925 2643 laetatur
957 2589 1009 2643 in
1043 2588 1352 2658 pmnitentia
1385 2587 1616 2642 liiiorum
1643 2602 1861 2642 suorum
1890 2629 1904 2652 ,
1964 2603 2062 2643 nec

453 2682 562 2754 jam
596 2681 982 2753 paenitentibus
1007 2691 1096 2736 aut
1123 2680 1499 2751 plangentibus
1539 2688 1593 2734 et
1643 2680 2062 2736 lamentantibus

457 2791 674 2846 poenam
706 2775 1097 2837 comminatur,
1131 2773 1224 2828 sed
1256 2771 1466 2828 veniam
1500 2773 1673 2842 magis
1695 2781 1749 2826 et
1774 2772 2056 2841 indulgen-

458 2870 584 2923 tiam
613 2868 917 2938 pollicetur.
955 2867 1105 2922 Unde
1137 2867 1394 2921 Dominus
1423 2867 1475 2919 iu
1524 2866 1816 2936 Evangelio
1873 2867 2059 2922 beatos

461 2962 589 3019 dicit
633 2963 943 3033 plangentes
972 2960 1186 3032 (Matth.
1221 2962 1314 3031 ν),
1349 2960 1471 3030 quia
1521 2961 1610 3030 qui
1657 2959 1858 3030 plangit
1897 2961 2058 3015 misc-

458 3056 744 3112 ricordiam
773 3063 1062 3126 provocat;
1093 3055 1182 3123 qui
1231 3054 1477 3123 pervicax
1511 3062 1565 3108 et
1619 3053 1882 3122 superbus
1927 3061 2008 3107 est
2037 3095 2051 3121 ,

452 3153 585 3207 iram
619 3151 720 3205 sibi
746 3159 798 3205 et
845 3149 1268 3221 pmnamjudicii
1320 3148 1584 3203 venientis
1621 3156 1926 3218 exaggerat.
1989 3148 2055 3202 Et

2173 1932 2347 1996 facto,
2379 1933 2590 1989 adulter
2618 1946 2780 2004 atque
2811 1943 3098 1992 extraneus
3127 1939 3411 2008 episcopus
3440 1939 3555 1996 fieri
3601 1957 3632 1996 a
3679 1942 3775 1998 de-

2172 2025 2468 2080 sertoribus
2498 2041 2594 2097 per
2621 2028 2881 2083 ambitum
2906 2031 3126 2096 nititur,
3166 2040 3220 2086 et
3246 2047 3368 2086 cum
3403 2035 3520 2088 sita
3550 2033 3772 2092 Christo

2176 2133 2278 2173 una
2309 2119 2549 2175 Ecclesia
2590 2136 2685 2191 per
2715 2131 2882 2177 tutum
2912 2123 3170 2178 mundum
3205 2125 3256 2179 in
3298 2126 3463 2181 multa
3523 2127 3769 2184 membra

2171 2211 2361 2277 divisa,
2388 2213 2518 2266 item
2549 2214 2891 2283 episcopatus
2919 2231 3058 2271 unus
3072 2217 3451 2287 episcoporum
3479 2218 3768 2274 multorum

2167 2303 2425 2359 concordi
2454 2308 2848 2361 numerositate
2874 2306 3134 2376 diiiusus,
3165 2307 3258 2363 ille
3309 2318 3431 2378 post
3463 2309 3557 2365 Dei
3601 2309 3770 2366 tradi-

2169 2399 2404 2464 tionem,
2457 2406 2580 2467 post
2603 2413 2902 2454 connexum
2953 2410 3009 2455 et
3039 2401 3238 2470 ubique
3283 2402 3626 2472 conjunctam
3678 2418 3767 2458 ca-

2168 2491 2385 2546 tholica
2441 2490 2703 2546 Ecclesiae
2751 2493 3010 2548 unitatem
3045 2492 3336 2548 humanam
3387 2506 3615 2550 conetur
3660 2496 3769 2552 Ec-

2165 2582 2382 2638 clesiam
2430 2585 2608 2638 facere
2641 2625 2659 2649 ,
2723 2594 2778 2639 et
2843 2600 2936 2654 per
2992 2584 3252 2655 plurimas
3303 2587 3549 2642 civitates
3601 2602 3768 2642 novos

2166 2676 2455 2745 Apostoios
2484 2692 2614 2730 suos
2654 2678 2860 2745 mittat,
2890 2689 2951 2731 ut
2999 2678 3246 2748 quzrdam
3295 2683 3529 2735 recentia
3558 2681 3768 2734 institu-

2165 2769 2327 2823 tionis
2345 2785 2458 2823 sua:
2481 2769 2827 2824 fundamenta
2845 2771 3157 2835 constituat,
3185 2787 3413 2842 cumque
3430 2774 3539 2842 jam
3559 2773 3765 2843 pridem

2167 2878 2265 2934 per
2291 2878 2482 2918 omnes
2513 2865 2818 2933 provincias
2861 2877 2914 2920 et
2943 2881 3040 2936 per
3082 2867 3243 2920 urbes
3269 2866 3506 2936 singulas
3534 2866 3771 2921 ordinati

2159 2959 2266 3014 sint
2299 2958 2534 3030 episcopi
2566 2960 2617 3014 in
2644 2968 2803 3014 atate
2828 2960 3053 3030 antiqui,
3093 2961 3270 3016 inlide
3302 2962 3516 3032 integri,
3543 2961 3594 3014 in
3614 2975 3768 3030 pres-

2160 3066 2286 3106 sura
2332 3053 2544 3121 probati
2566 3093 2580 3116 ,
2612 3053 2665 3106 in
2692 3055 3067 3123 persecutione
3101 3055 3388 3124 proscripti
3415 3097 3428 3120 ,
3476 3053 3568 3109 ille
3601 3067 3769 3121 super

2157 3160 2251 3201 eos
2317 3161 2503 3201 creare
2549 3146 2684 3201 alios
2749 3148 3246 3217 pseudocpiscopus
3302 3147 3520 3201 audeat.
3600 3145 3765 3212 Quasi

452 3243 690 3308 idcirco,
740 3243 906 3297 frater
947 3242 1296 3307 charissime,
1340 3240 1706 3312 paenitentiam
1755 3255 1862 3295 non
1890 3254 2053 3312 agen-
2079 3243 2124 3307 C
2160 3240 2330 3309 possit
2373 3248 2464 3293 aut
2502 3248 2673 3292 totum
2723 3239 2907 3294 orbem
2957 3239 3081 3292 novi
3131 3248 3357 3292 conatus
3397 3238 3765 3294 obstinatione

449 3344 531 3390 tes
554 3384 568 3406 ,
627 3351 726 3391 nec
753 3335 992 3391 dolorem
1025 3335 1344 3391 delictorum
1374 3345 1591 3389 Sttot'ttm
1628 3343 1739 3388 toto
1779 3335 1941 3390 corde
1993 3343 2050 3390 et

450 3428 728 3484 manifesta
771 3428 1171 3483 lamentationis
1211 3441 1322 3482 suae
1369 3427 1707 3498 professione
1745 3436 2044 3498 testantes,

447 3523 811 3594 prohibendos
836 3523 1059 3580 omnino
1089 3523 1399 3579 censuimus
1429 3537 1456 3576 a
1481 3537 1577 3594 spe
1607 3525 2047 3579 communicatio-

2158 3348 2446 3406 peragrare
2495 3344 2585 3387 aut
2618 3333 2991 3388 Ecciesiastici
3014 3334 3260 3404 corporis
3307 3331 3334 3369 ιι
3387 3335 3762 3404 compaginem

2154 3427 2439 3482 discordia:
2493 3443 2604 3482 sum
2642 3427 3004 3483 seminatione
3066 3429 3378 3484 rescindere
3418 3428 3459 3493 ί,
3515 3429 3765 3485 nesciens

2152 3523 2530 3580 scitismaticos
2557 3537 2772 3594 semper
2799 3524 2941 3579 inter
2967 3523 3118 3580 initia
3147 3525 3356 3580 fervere
3381 3569 3394 3592 ,
3422 3525 3760 3582 incrementa

1691 3657 2069 3716 LECTIONES
2107 3655 2523 3714 VARIANTES.

512 3775 539 3803 ⁸
571 3775 895 3824 Poseentibus
917 3787 972 3823 se
1006 3775 1163 3826 Oxon.

511 3834 540 3872 ἲ)
575 3837 825 3886 Prioribus
852 3837 976 3887 Bod.
999 3840 1046 3887 5.
1647 3893 1650 3896 _

511 3901 534 3930 ο
571 3901 643 3948 Ae
667 3900 1018 3960 parniienliam,
1052 3911 1107 3947 ac
1132 3897 1302 3947 dolore
1327 3904 1603 3947 correctum
1631 3897 1762 3960 Man.

509 3961 535 4001 ά
573 3957 678 4024 Ipsa
701 3962 891 4010 bonitas
917 3964 1072 4013 Oxon.
1097 3962 1335 4011 Bonitatis
1360 3967 1411 4009 et
1435 3957 1784 4010 misericordia:
1811 3966 1861 4009 et
1880 3961 2040 4024 pieta-

439 4030 503 4079 tis
526 4025 636 4076 fons
661 4024 787 4074 Bod.
811 4025 857 4074 5.

506 4093 530 4121 ⁸
563 4087 729 4139 Jactet
751 4101 808 4137 se
834 4087 951 4138 licet
973 4096 1025 4138 et
1042 4087 1168 4137 ferat
1191 4086 1433 4149 quomodo
1453 4085 1555 4136 vult
1583 4087 1716 4135 Lam.
1755 4084 1903 4134 Ebor.
1934 4090 1978 4137 Ν
1990 4088 2045 4135 C.

2149 3773 2198 3820 1.
2237 3771 2362 3822 Bod.
2391 3776 2438 3823 2.

2214 3832 2235 3872 ι
2279 3836 2529 3885 Unitatem
2553 3836 2758 3886 retinuit
2783 3836 2940 3887 Oxon.

2213 3900 2238 3960 β
2275 3899 2313 3946 Α
2338 3899 2514 3946 decem
2544 3907 2595 3946 et
2617 3905 2812 3960 septem
2846 3897 2970 3948 Bod.
2996 3901 3043 3949 3.

2211 3959 2238 3995 h
2277 3960 2611 4008 licclesiastiri
2631 3959 2818 4008 ordinis
2843 3963 2948 4009 Bad
2997 3963 3043 4010 5.

2214 4021 2231 4059 ί
2271 4021 2687 4071 Contaminatione
2709 4025 3031 4072 conscindere
3075 4025 3210 4073 Lam.
3237 4023 3364 4074 Bod.
3391 4028 3434 4074 2.

1785 4190 2140 4248 νΑιιιοιιυΜ
2179 4191 2408 4248 NOTAE.

433 4311 628 4382 phetize
657 4310 769 4365 Jocl
805 4310 964 4382 habet.
996 4309 1298 4377 prtcstabilis
1326 4307 1725 4382 supermalitia.
1761 4305 2030 4382 Manutius

435 4379 611 4452 posuit
653 4382 896 4436 malitias.
946 4381 1048 4436 Sed
1095 4397 1194 4450 ego
1224 4391 1340 4434 eam
1365 4379 1660 4452 lectionem
1702 4395 1806 4452 non
1855 4379 2029 4448 reperi

431 4450 533 4508 nisi
561 4457 610 4507 in
630 4456 864 4523 quinque
887 4454 1035 4506 Iihris
1055 4452 1339 4506 V'Cii‘l'iliUS.
1362 4450 1416 4503 ln
1441 4450 1730 4523 \ieronensi
1754 4451 2032 4523 legebatur

2139 4309 2280 4364 istud
2328 4309 2381 4364 in
2431 4309 2660 4378 epistola
2694 4321 2782 4376 ιν.
2815 4324 2939 4380 pag.
2972 4309 3063 4366 86.
3116 4309 3243 4364 Post
3273 4312 3373 4366 ista
3404 4313 3574 4369 adhuc
3599 4314 3747 4372 insu-

2140 4399 2250 4451 per,
2282 4382 2721 4452 pseudoepiscopo
2765 4383 2861 4438 sibi
2889 4381 2951 4436 ab
2984 4384 3233 4437 Itatreticis
3273 4387 3565 4448 constituto.
3595 4390 3743 4442 navi-

2139 4471 2263 4522 gare
2291 4455 2482 4508 audent
2517 4465 2562 4507 et
2593 4456 2661 4509 ad
2693 4453 2837 4508 Petri
2863 4455 3165 4510 cathedram
3191 4467 3341 4523 atque
3367 4457 3435 4509 ad
3463 4455 3752 4514 Ecclesium

432 4511 660 4589 iniurias.
679 4511 948 4594 irruit/atas.
986 4523 1113 4577 Vide
1146 4523 1446 4596 Frontonis
1463 4521 1639 4575 Ducrci
1670 4511 1833 4596 notas
1849 4523 1898 4574 in
1931 4521 2030 4576 ho-
2060 4511 2111 4570 Ῑ)
2139 4511 2501 4596 principalem,
2526 4529 2662 4582 unde
2686 4528 2861 4580 unitas
2883 4527 3219 4581 sacerdotalis
3233 4511 3408 4583 escaria
3431 4539 3524 4590 est.
3543 4511 3753 4586 adscitis;

431 4597 604 4652 miiias
635 4592 798 4651 sancti
833 4597 1053 4651 Joannis
1081 4594 1482 4666 Litt'ysostonti,
1519 4607 1636 4661 pag.
1674 4592 1764 4666 Η.
1794 4594 1993 4647 ΒΑιιυῑ.

503 4668 846 4722 Reservantis.
887 4668 940 4721 In
978 4683 1082 4720 uno
1117 4665 1300 4720 vetere
1337 4666 1472 4718 iihro
1509 4679 1629 4718 meo
1665 4665 1922 4730 scriptum
1955 4674 2039 4718 est

439 4754 551 4791 cum
579 4741 852 4794 correxerit
883 4749 937 4791 ut
970 4741 1265 4792 misereatur
1295 4737 1615 4798 reservtmtis,
1649 4735 1700 4788 in
1734 4737 2039 4791 iiivionensi

432 4820 486 4865 et
509 4811 557 4862 in
584 4812 884 4866 recentiore
900 4811 1216 4875 liernigiano
1238 4808 1518 4862 miserentis
1536 4807 2030 4862 rescrvatisﬁawz.

514 4881 686 4952 Virga.
728 4883 912 4938 Codex
942 4880 1468 4948 Gr.tiauopoiitauus
1499 4888 1551 4952 et
1592 4879 2034 4952 monasteriensis

427 4949 633 5008 addunt
672 4959 857 5024 ferrea.
898 4952 1038 5008 Infra
1081 4954 1129 5006 in
1175 4954 1272 5007 hac
1315 4954 1424 5020 ipsa
1459 4950 1682 5024 cpistola
1707 4992 1720 5005 .
1755 4951 1931 5024 ﬁctilia
1972 4949 2034 5024 ab

425 5042 482 5080 eo
508 5028 589 5079 cui
620 5021 741 5078 data
767 5035 840 5079 est
865 5029 1028 5094 ferrea
1055 5025 1194 5094 rirga
1217 5027 1532 5094 frangentur.
1563 5022 1783 5094 iiuiinus
1812 5023 1861 5074 in
1891 5021 2030 5075 Psai.

426 5113 494 5152 tt:
537 5095 694 5166 Virga
723 5093 889 5165 ferrea
917 5093 1164 5161 accipitur
1193 5093 1488 5165 inflexibilis
1506 5094 1732 5163 justitia.
1760 5093 1957 5166 llam}.

499 5163 690 5224 ΧΧΙῙΙ.
710 5163 1028 5222 ὲ-Βοηὶιαε.
1058 5167 1214 5232 Angli
1241 5163 1566 5220 monuerunt
1596 5166 1646 5218 in
1678 5165 1862 5219 codice
1893 5163 2032 5217 Bod-

424 5239 601 5295 leiano
642 5239 900 5309 scriptum
942 5257 1061 5293 esse
1103 5239 1342 5292 bonitatis
1372 5249 1417 5290 ct
1448 5235 1808 5309 illisei‘l601:dl_-i'
1837 5247 1884 5289 et
1927 5236 2032 5301 pie-

423 5315 541 5367 talis
568 5313 703 5380 fans.
735 5306 810 5366 ita
839 5315 1000 5366 etiam
1032 5312 1082 5365 in
1115 5309 1414 5374 Piiltceano,
1447 5309 1547 5363 nisi
1570 5306 1710 5377 quod
1744 5306 1898 5361 deest
1928 5321 2030 5361 vox

425 5385 846 5510 fo’gXRﬁU—LA
873 5455 1146 5509 sexdecim.
1172 5452 1434 5508 Pacianus
1466 5451 1518 5504 in
1551 5456 1810 5503 tractatus
1840 5458 2026 5504 contra

420 5525 781 5581 Novatianos:
817 5527 1085 5582 Cornelius
1106 5528 1219 5596 jam
1249 5524 1427 5578 Roma:
1456 5524 1720 5596 episc0pus
1749 5537 1778 5572 a
1810 5521 2027 5596 sedecim

424 5598 675 5666 episc0pis
700 5600 864 5666 factus
888 5599 1054 5652 locum
1076 5593 1332 5650 cathedra:
1349 5595 1575 5647 vacantis
1590 5603 1871 5666 acceperat.
1892 5593 2022 5647 BAL.

506 5663 847 5741 Episcopatus
898 5688 1054 5724 unus.
1107 5670 1280 5723 Locus
1337 5666 1581 5741 insignis.
1614 5665 1786 5741 inquit
1835 5663 2024 5718 Parne-

430 5738 554 5812 i_ius,
592 5737 1026 5812 pro‘episeOpatu
1061 5741 1325 5796 Romano.
1351 5737 1462 5812 Sed
1494 5752 1597 5790 non
1624 5737 1770 5812 repit
1797 5752 2019 5812 sensum

430 5807 705 5881 Cypriani,
736 5807 824 5883 qui
859 5807 1175 5867 m'anii'estus
1202 5819 1304 5864 est.
1337 5810 1472 5883 Sunt
1500 5807 1639 5878 ειριιά
1668 5808 2017 5883 ,βὶῬΓίηηιηη

431 5879 587 5939 varia
614 5883 732 5942 loca
753 5879 934 5942 inulto
977 5883 1357 5944 lavorabiliora
1380 5882 1634 5954 episcopo
1666 5879 1930 5951 Romano,
1960 5891 2019 5937 ut

2146 4599 2346 4671 ntaticis
2369 4608 2414 4651 et
2459 4600 2695 4671 profanis
2728 4600 2926 4654 litteras
2957 4598 3111 4667 ferre.
3140 4599 3314 4654 Etiatn
3339 4616 3400 4654 ea
3431 4610 3752 4665 tempestate

2145 4685 2245 4739 qua
2279 4670 2513 4738 theologi
2559 4670 2870 4726 Scholastici
2899 4671 3069 4725 libere
3095 4672 3463 4739 disputabant,
3494 4674 3748 4729 inventus

2142 4751 2228 4796 est
2275 4759 2410 4796 unus
2460 4744 2548 4812 qui
2602 4743 2807 4798 diceret
2855 4757 3046 4796 omnes
3087 4744 3402 4798 sacerdotes
3450 4760 3610 4814 posse
3637 4746 3748 4800 dici

2144 4830 2306 4885 tinum
2344 4824 2398 4869 et
2442 4815 2695 4869 eumdem
2741 4814 3106 4873 sacerdotem.
3165 4824 3219 4866 ut
3271 4815 3453 4871 videre
3481 4829 3562 4871 est
3602 4819 3748 4885 apud

2143 4884 2398 4955 )Egilium
2425 4887 2726 4941 Romanum
2752 4886 2803 4942 in
2823 4886 2999 4957 capite
3016 4885 3078 4939 Eli
3105 4885 3228 4940 libri
3252 4886 3314 4940 de
3341 4884 3746 4944 Rcuuntiatione

2142 4971 2312 5028 papte.
2337 4958 2538 5013 BALUZ.

2211 5091 2576 5146 Scltismaticos
2631 5093 2762 5145 inter
2819 5092 2968 5146 initia
2997 5095 3208 5162 fervere.
3247 5092 3398 5155 ileic,
3429 5093 3552 5149 data
3582 5109 3744 5150 occa-

2138 5166 2311 5237 sione,
2344 5163 2646 5218 emendabo
2697 5163 2874 5237 locum
2916 5180 2983 5218 ex
3013 5165 3148 5218 actis
3175 5164 3466 5219 Alexandri
3502 5183 3648 5237 papa:
3672 5165 3744 5222 iii

2135 5235 2289 5289 valde
2314 5249 2628 5304 corrupium
2651 5245 2704 5286 et
2727 5235 3074 5304 depravatum
3102 5237 3152 5288 in
3175 5237 3474 5290 Annalibus
3496 5235 3738 5304 Baronii,

2133 5322 2276 5361 anno
2300 5306 2553 5360 videlicet.
2605 5305 2766 5370 1159,
2810 5306 2836 5376 §
2866 5307 2957 5360 71s.
2987 5307 3078 5360 Sic
3105 5323 3234 5376 ergo
3262 5309 3630 5363 restituendus
3655 5318 3742 5365 est

2133 5393 2199 5432 ex
2232 5378 2399 5431 veteri
2433 5376 2620 5430 codice
2667 5395 2768 5430 nis.
2801 5377 3147 5431 bibliotheca:
3195 5380 3377 5446 regite.
3429 5380 3574 5434 Tunc
3623 5397 3742 5434 vero

2133 5467 2234 5503 non
2267 5449 2589 5502 mediocriter
2619 5457 2689 5502 est
2745 5449 2994 5502 eleuatum
3041 5466 3129 5503 cor
3157 5449 3319 5520 ipsius
3359 5454 3736 5518 Itwresiarclttv,

2131 5521 2379 5575 extollens
2426 5537 2479 5573 se
2523 5537 2678 5588 super
2727 5537 2780 5574 se
2809 5530 3065 5589 tamquam
3099 5523 3311 5577 insanus
3359 5533 3406 5576 et
3435 5540 3621 5585 cacus,
3650 5541 3741 5577 ne-

2129 5594 2293 5647 sciens
2320 5591 2458 5660 quod
2485 5593 2764 5645 secundum
2818 5593 2948 5646 beati
2976 5590 3225 5662 Cypriani
3264 5596 3506 5664 martyris
3545 5595 3739 5649 dictum

2125 5665 2435 5718 schismatici
2453 5680 2651 5728 semper
2679 5665 2809 5716 inter
2847 5664 2993 5716 initia
3039 5667 3250 5732 fervent.
3284 5667 3594 5720 incrementa
3618 5683 3736 5721 vero

2128 5737 2313 5790 habere
2340 5751 2442 5789 non
2472 5745 2684 5806 possunt
2715 5751 2807 5788 nec
2841 5747 3173 5808 augmentare
3193 5739 3360 5790 valent
3389 5738 3529 5805 quod
3558 5737 3739 5792 illicita

2125 5810 2298 5880 capit,
2329 5812 2418 5864 sed
2440 5810 2611 5862 statim
2641 5825 2758 5862 cum
2789 5825 2949 5879 prava
2977 5826 3072 5864 sua
3100 5810 3430 5937 temuéqtione
3471 5811 3735 5882 deﬁciunt.

3287 5896 3444 5937 ALUZ.

3287 5896 3444 5938 ALUZ.
