4252 6258
468 265 565 321 791

1504 258 1940 318 ROMANORUM
1979 255 2394 316 PONTIFICUM
2432 257 2816 316 EPISTOLE.

3679 260 3788 316 792

469 400 605 441 vero
637 385 838 441 habere
866 397 972 437 non
1004 395 1164 451 posse
1204 395 1302 437 nec
1346 394 1544 452 augere
1589 379 1731 450 quod
1759 378 1940 435 illicite
1966 393 2077 435 coe-
2101 383 2156 441 Α
2179 379 2268 434 chi
2295 393 2454 450 quam
2482 378 2755 435 libellatici
2803 393 2984 447 causa,
3012 395 3134 436 cum
3167 381 3254 438 hic
3285 381 3641 448 necessitate,
3695 382 3788 438 ille

469 480 688 550 perint,
728 478 824 532 sed
869 476 1052 531 statim
1086 490 1208 529 cum
1256 489 1418 546 prava
1450 489 1543 529 sua
1578 475 1922 530 aemulatione
1979 474 2072 530 de-

470 574 656 636 ﬁcere,
690 572 1064 644 episcopatum
1098 578 1278 623 autem
1311 579 1498 623 tenere
1520 584 1625 636 non
1658 578 1878 638 posset,
1911 571 2072 622 etiam

472 668 516 721 si
553 669 838 737 episcopus
883 664 1033 735 prius
1062 663 1234 719 factus
1285 679 1312 716 a
1364 665 1807 734 coepiscopornm
1855 677 2074 718 suorum

473 775 704 829 corpore
751 769 803 812 et
832 759 899 812 ab
930 757 1186 812 Ecclesia:
1219 757 1422 810 unitate
1471 755 1801 810 descisceret
1829 765 1876 820 ιι,
1910 771 2078 825 quan-

474 851 546 906 do
575 849 865 918 Apostolus
891 849 1182 902 admoneat
1213 857 1268 902 ut
1300 849 1530 902 invicem
1562 847 1922 917 nosmetipsos
1953 862 2074 902 sus-

471 943 774 1006 tineantus,
824 957 892 995 ne
921 942 990 994 ab
1030 941 1235 995 unitate
1279 956 1440 1010 quam
1487 940 1629 994 Dens
1657 940 1937 993 consuluit
1991 955 2078 996 re-

471 1034 758 1098 cedamus,
801 1043 854 1087 et
883 1032 1028 1087 dicat
1057 1051 1070 1086 :
1107 1033 1430 1088 Sustinentes
1459 1034 1674 1086 invicem
1695 1033 1747 1086 in
1771 1033 2076 1098 dilectione,

477 1129 604 1182 satis
633 1136 840 1198 agentes
868 1143 1072 1182 servare
1118 1129 1365 1180 unitatem
1387 1130 1598 1197 spiritus
1624 1127 1677 1180 in
1724 1127 2083 1196 conjunctione

477 1221 622 1290 pacis
655 1218 877 1290 (Ep/tes.
908 1235 1015 1282 xw,
1047 1218 1105 1283 2,
1137 1220 1216 1291 5).
1248 1220 1349 1285 Qui
1373 1234 1502 1289 ergo
1531 1234 1629 1274 nec
1647 1220 1904 1274 unitatem
1927 1219 2084 1289 Spiri-

480 1324 567 1368 tus
600 1330 699 1369 uec
731 1314 1172 1382 conjunctionem
1207 1314 1353 1382 pacis
1376 1313 1662 1379 observat,
1695 1326 1748 1368 et
1777 1329 1833 1368 se
1863 1314 1930 1368 ab
1984 1313 2085 1368 Ec-

478 1409 661 1464 clesia:
690 1407 906 1462 vinculo
935 1417 1100 1477 atque
1125 1423 1154 1461 a
1183 1408 1527 1462 sacerdotum
1569 1409 1798 1478 collegio
1836 1419 2049 1478 separat
2069 1452 2083 1475 ,

480 1501 719 1571 episcopi
769 1517 868 1555 nec
902 1509 1220 1570 potestatem
1249 1510 1424 1571 potest
1471 1501 1669 1557 habere
1695 1517 1794 1557 nec
1827 1502 2086 1558 honoretn

483 1595 573 1665 qui
605 1595 946 1663 episcopatus
975 1610 1072 1648 nec
1093 1595 1350 1648 unitatem
1371 1595 1540 1649 voluit
1562 1603 1746 1650 tenere
1762 1611 1859 1649 nec
1879 1610 2086 1664 pacem.

560 1684 730 1739 XXV.
775 1685 911 1739 Tum
939 1686 1134 1740 deinde
1157 1697 1390 1757 quantus
1423 1689 1746 1756 arrogantiae
1778 1698 1954 1743 tumor
1981 1700 2086 1756 est,

2183 471 2462 527 voluntate
2509 473 2843 542 peccaverit,
2879 473 2966 528 hic
3009 475 3324 530 existimans
3377 476 3477 532 sibi
3505 477 3642 531 satis
3665 491 3786 532 esse

2178 565 2321 636 quod
2362 582 2469 620 non
2522 566 2949 633 sacrificaverit,
3018 583 3204 624 errore
3277 568 3536 639 deceptus
3600 569 3673 624 sit
3734 567 3785 636 ι’,

2181 657 2272 713 ille
2305 659 2634 714 matrimonii
2678 670 3014 731 expugnator
3043 662 3236 729 alieni,
3293 663 3378 718 vel
3423 663 3652 733 lupanar
3701 664 3787 719 in-

2180 765 2402 821 gressus
2429 752 2494 805 ad
2524 751 2767 808 cloacam
2809 763 2864 808 et
2918 768 3193 810 caenosam
3251 756 3564 825 voraginem
3606 757 3789 827 vulgi,

2182 846 2577 901 sanctificatum
2619 861 2816 916 corpus
2842 856 2897 902 et
2931 847 3021 902 Dei
3054 848 3310 918 templum
3343 847 3650 904 detestabili
3681 849 3794 904 col-

2183 940 2396 995 luvione
2441 941 2760 1007 violaverit,
2810 943 2951 998 sicut
2983 943 3275 1012 Apostolus
3329 953 3351 980 ο
3405 943 3574 998 dicit:
3631 942 3796 999 Omne

2185 1043 2446 1105 peccatum
2474 1034 2832 1105 quodcumque
2851 1035 3029 1105 fecerit
3054 1036 3226 1100 homo,
3259 1045 3403 1089 extra
3450 1051 3636 1107 corpus
3678 1046 3794 1102 est;

2185 1126 2272 1194 qui
2317 1137 2488 1180 autem
2523 1129 2824 1194 uuechatur,
2866 1130 2921 1180 in
2951 1145 3137 1199 corpus
3184 1145 3335 1182 suum
3387 1139 3559 1198 peccat
3585 1129 3633 1196 (Ι
3664 1126 3788 1184 Car.

2186 1235 2262 1288 vn,
2299 1220 2410 1292 18).
2437 1222 2642 1289 Quibus
2692 1232 2868 1277 tamen
2897 1232 2951 1278 et
2977 1225 3108 1294 ipsis
3139 1223 3453 1294 poenitentia
3482 1223 3796 1278 conceditur

2192 1324 2246 1369 et
2274 1315 2604 1372 lamentandi
2636 1332 2699 1372 ac
2730 1317 3095 1373 satisfaciendi
3118 1333 3243 1387 spes
3261 1317 3584 1388 relinquitur
3607 1330 3798 1372 secun-

2190 1407 2319 1462 dum
2354 1409 2526 1478 ipsum
2561 1411 2878 1479 Apostolum
2911 1410 3180 1466 dicentem
3211 1430 3223 1466 :
3257 1409 3436 1464 Timeo
3463 1427 3526 1464 ne
3545 1410 3678 1478 forte
3726 1425 3797 1464 ue-

2192 1501 2335 1554 niens
2362 1502 2429 1554 ad
2475 1519 2562 1556 vos
2583 1503 2786 1573 lugeam
2809 1504 2996 1557 multos
3020 1520 3083 1557 ea:
3109 1503 3171 1557 iis
3200 1503 3286 1568 qui
3323 1511 3443 1556 ante
3465 1513 3797 1570 peccauerunt

2193 1602 2238 1647 et
2257 1609 2359 1646 non
2381 1604 2588 1664 egerunt
2613 1595 2958 1664 paenitentiam
2981 1595 3044 1649 de
3066 1595 3402 1648 immunditiis
3416 1611 3546 1662 quas
3572 1597 3798 1666 fecerunt

2195 1696 2241 1740 et
2267 1688 2697 1757 fornicationibus
2726 1699 2772 1742 et
2803 1688 3100 1742 libidinibus
3125 1687 3171 1760 (l
3199 1685 3317 1742 Cor.
3353 1703 3452 1753 xu,
3485 1686 3578 1753 20,
3607 1686 3724 1756 21).

488 1789 685 1851 quanta
729 1780 1050 1834 humilitatis
1097 1790 1149 1835 et
1213 1781 1449 1835 lenitatis
1495 1781 1724 1847 oblivio,
1775 1785 2095 1853 arrogantiae
2126 1791 2175 1852 B
2272 1778 2488 1834 XXVII.
2529 1779 2638 1834 Nec
2665 1781 2764 1836 sibi
2805 1782 2856 1835 in
2891 1781 2991 1836 hoc
3029 1781 3150 1835 novi
3181 1780 3423 1836 haeretici
3457 1780 3799 1835 blandiantur

486 1889 602 1930 sua:
643 1885 843 1944 quanta
885 1873 1138 1943 jactatio,
1173 1883 1228 1927 ut
1276 1873 1398 1944 quis
1439 1883 1534 1928 aut
1565 1875 1762 1929 audeat
1792 1888 1884 1929 aut
1915 1876 2094 1933 facere

490 1984 554 2024 se
583 1983 740 2039 posse
781 1967 965 2024 credat
991 1967 1135 2038 quod
1162 1983 1260 2024 nec
1292 1968 1568 2037 Apostolis
1611 1969 1881 2024 concessit
1916 1971 2096 2026 Domi-

492 2079 616 2128 nus,
653 2072 709 2117 ut
732 2062 934 2116 zizania
966 2077 995 2115 a
1026 2061 1295 2116 frumento
1326 2071 1472 2130 putet
1501 2077 1561 2117 se
1582 2077 1743 2133 posse
1781 2063 2092 2120 discernere

493 2155 706 2227 (Matth.
741 2157 876 2224 xui),
929 2167 1019 2211 aut
1066 2156 1218 2226 quasi
1270 2156 1368 2225 ipsi
1419 2157 1593 2226 palam
1631 2157 1771 2213 ferre
1817 2166 1872 2212 et
1911 2173 2090 2214 aream

495 2266 726 2321 purgare
748 2264 1062 2304 concessum
1118 2250 1226 2313 sit,
1259 2249 1441 2319 paleas
1469 2259 1696 2304 conetur
1737 2265 1768 2304 a
1814 2251 1992 2306 tritico
2011 2267 2094 2306 se-

497 2359 712 2414 parare,
749 2358 978 2413 cumque
1002 2343 1294 2412 Apostolus
1321 2342 1492 2407 dicat;
1523 2343 1592 2397 In
1623 2346 1774 2397 domo
1795 2357 1963 2398 autem
1987 2363 2098 2399 ma-

495 2456 701 2512 gnanon
725 2439 890 2494 solum
914 2455 1034 2492 vasa
1061 2455 1218 2492 aurea
1265 2449 1384 2492 sunt
1415 2448 1462 2492 et
1489 2449 1724 2509 argenta,
1745 2439 1835 2493 sed
1862 2450 1906 2493 et
1930 2441 2098 2511 lignea

500 2542 548 2586 et
584 2532 848 2601 ﬁctilia(ll
881 2531 1013 2585 Tim.
1041 2530 1404 2603 u,20),aurea
1437 2543 1486 2586 et
1511 2542 1763 2602 argentea
1779 2531 2101 2588 vasavidea—

501 2635 589 2680 tur
630 2625 850 2695 eligere,
887 2624 1059 2694 lignea
1093 2639 1223 2678 vero
1253 2633 1307 2678 et
1339 2623 1520 2677 fictilia
1563 2633 1946 2690 contemnere,
2001 2623 2100 2678 ab-

493 2719 700 2789 jiccre,
745 2719 1035 2782 damnare,
1071 2717 1285 2787 quando
1315 2731 1422 2771 non
1453 2716 1554 2770 nisi
1599 2716 1686 2772 die
1735 2717 1943 2771 Domini
1975 2732 2100 2772 vasa

497 2813 674 2882 lignea
708 2812 873 2866 divini
903 2810 1114 2865 ardoris
1142 2810 1395 2865 incendio
1421 2819 1837 2866 concrementur
1862 2851 1876 2874 ,
1924 2819 1979 2864 et
2003 2809 2100 2864 lic-

501 2906 613 2960 tilia
665 2906 734 2960 ab
779 2921 845 2961 eo
903 2906 987 2960 cui
1037 2905 1160 2959 data
1219 2914 1302 2958 est
1355 2902 1529 2958 ferrea
1580 2905 1727 2975 virga
1788 2904 2104 2973 frangantur

501 2995 678 3066 (Psal.
724 2997 807 3065 ιι).

571 3089 767 3144 XXVI.
813 3091 916 3144 Aut
971 3089 1016 3144 si
1074 3103 1134 3144 se
1181 3087 1362 3145 cordis
1417 3098 1470 3144 et
1535 3088 1680 3144 renis
1747 3096 2103 3144 scrutatorem

405 3235 408 3238 .
503 3183 782 3239 constituit
817 3191 872 3236 et
894 3181 1164 3251 judicem,
1220 3196 1318 3251 per
1345 3181 1525 3236 omnia
1557 3179 1835 3250 aequaliter
1861 3179 2100 3249 judicet;

505 3291 560 3337 ct
587 3295 705 3334 cum
735 3279 871 3335 sciat
899 3279 1158 3348 scriptum
1178 3291 1329 3341 esse,
1365 3275 1494 3330 Ecce
1520 3293 1676 3329 sanus
1700 3277 1866 3346 factus
1895 3292 1966 3337 es,
1986 3275 2095 3344 jam

502 3375 612 3428 noli
637 3389 867 3444 peccare,
913 3388 976 3426 ne
1017 3371 1139 3441 quid
1195 3370 1283 3423 tibi
1328 3369 1549 3423 deterius
1579 3370 1669 3438 fiat
1692 3368 1870 3440 (Joan.
1897 3384 1951 3435 v,
1985 3367 2099 3438 14),

498 3467 839 3524 fraudatores
869 3475 924 3520 et
951 3463 1192 3521 moechos
1215 3480 1243 3516 a
1267 3463 1431 3518 latere
1461 3472 1624 3533 atque
1655 3477 1684 3516 a
1715 3463 1972 3517 comitatu
2001 3476 2101 3517 suo

495 3572 749 3633 separet,
803 3558 1020 3632 quando
1046 3557 1218 3614 multo
1247 3565 1300 3612 et
1334 3556 1546 3628 gravior
1574 3565 1627 3611 et
1659 3556 1810 3627 pejor
1859 3556 1928 3611 sit
1964 3570 2099 3612 mm—

2198 1872 2341 1942 quod
2371 1889 2430 1928 se
2457 1873 2634 1928 dicant
2665 1874 2961 1929 idololatris
2990 1891 3094 1929 non
3131 1877 3555 1942 communicare,
3586 1874 3799 1946 quando

2197 1963 2305 2017 siut
2334 1964 2475 2033 apud
2511 1965 2633 2020 illos
2653 1975 2707 2021 et
2731 1965 2961 2022 adulteri
2993 1976 3047 2021 et
3074 1964 3542 2036 fraudatores,qui
3575 1978 3799 2024 tenean—

2196 2062 2282 2108 tur
2329 2055 2647 2112 idololatriu:
2699 2058 2961 2122 crimine,
3020 2059 3318 2114 secundum
3372 2057 3799 2132 Apostolumdi-

2194 2157 2438 2203 centem:
2477 2148 2590 2203 Hoc
2617 2151 2750 2203 enim
2773 2153 2952 2206 scitote
2976 2152 3317 2224 intelligentes
3346 2155 3462 2223 quia
3491 2155 3653 2208 omnis
3682 2158 3796 2225 for-

2193 2243 2389 2296 nicator
2404 2253 2492 2296 attt
2513 2245 2804 2300 immundus
2822 2257 2910 2298 aut
2927 2249 3220 2318 fraudator,
3245 2249 3380 2318 quod
3397 2258 3468 2302 est
3483 2248 3794 2313 idololatria,

2200 2351 2302 2389 non
2329 2337 2474 2390 habet
2503 2338 2850 2393 htereditatem
2872 2341 2924 2394 in
2955 2357 3112 2412 regno
3134 2341 3326 2396 Christi
3363 2353 3410 2396 et
3460 2341 3555 2395 Dei
3581 2339 3801 2410 (Ephes.

2201 2445 2255 2496 v,
2284 2429 2364 2502 5).
2419 2432 2485 2486 Et
2508 2433 2698 2486 iterum
2748 2429 2774 2468 ιι
2808 2451 2819 2486 :
2851 2433 3162 2503 Mortiﬁcate
3187 2435 3354 2503 itaque
3397 2435 3620 2488 membra
3643 2444 3803 2488 vestra

2203 2541 2316 2595 qute
2346 2528 2397 2578 in
2427 2536 2562 2580 terra
2587 2536 2724 2590 sunt,
2749 2537 3058 2598 exponentes
3086 2529 3500 2595 fornicationem,
3526 2529 3802 2582 immundi-

2207 2619 2330 2672 tiam
2365 2628 2413 2673 et
2456 2620 2921 2690 concupiscentiam
2951 2623 3162 2687 malam,
3194 2632 3240 2676 et
3279 2622 3629 2693 cupiditatem,
3691 2637 3804 2693 qua:

2205 2724 2321 2768 sunt
2367 2713 2622 2768 idolorum
2677 2715 2919 2781 servitus,
2977 2726 3184 2786 propter
3243 2732 3357 2783 ante
3405 2717 3536 2770 venit
3581 2718 3659 2770 ira
3708 2715 3806 2771 Dei

2213 2803 2434 2875 (Coloss.
2460 2821 2535 2872 Ill,
2569 2807 2623 2870 5,
2652 2804 2731 2869 6).
2772 2805 2903 2860 Nam
2935 2821 3057 2862 cum
3081 2823 3309 2877 corpora
3349 2819 3531 2863 nOstra
3565 2808 3804 2864 membra

2207 2899 2317 2952 sint
2341 2897 2559 2966 Christi,
2586 2908 2640 2953 et
2665 2899 2861 2970 singuli
2880 2900 3050 2954 simus
3086 2901 3342 2970 templum
3375 2901 3502 2965 Dei,
3526 2902 3649 2972 quis
3684 2903 3805 2973 quis

2208 2990 2473 3046 adulterio
2505 2991 2760 3062 templum
2793 2993 2884 3048 Dei
2911 2993 3096 3059 violat,
3127 2994 3290 3049 Deum
3319 2995 3510 3058 violat;
3535 3005 3590 3050 et
3621 2995 3714 3066 qui
3754 2995 3805 3048 in

2211 3086 2445 3153 peccatis
2466 3085 2870 3142 committendis
2900 3086 3234 3142 voluntatem
3262 3087 3458 3142 diaboli
3491 3087 3642 3152 facit,
3697 3087 3806 3143 dat-

2210 3179 2406 3232 moniis
2430 3187 2484 3233 et
2513 3179 2670 3232 idolis
2713 3179 2898 3234 servit.
2949 3178 3134 3249 Neque
3163 3179 3306 3234 enim
3360 3180 3499 3234 mala
3553 3179 3695 3234 facta
3737 3179 3806 3235 de

2208 3280 2396 3327 sancto
2443 3270 2648 3341 Spiritu
2696 3272 2947 3340 veniunt,
2989 3271 3085 3328 sed
3115 3272 3183 3328 de
3210 3272 3504 3328 adversarii
3552 3275 3807 3328 instinctu

2207 3364 2358 3422 etde
2408 3365 2686 3420 immundo
2716 3367 2906 3436 spiritu
2955 3376 3094 3422 natae
3145 3369 3591 3439 concupiscentiae
3617 3378 3804 3425 contra

2207 3459 2376 3515 Deum
2405 3459 2585 3515 facere
2614 3470 2667 3516 et
2711 3461 2926 3518 diabolo
2972 3461 3178 3518 servire
3218 3463 3567 3534 compellunt.
3613 3462 3688 3518 ita
3745 3463 3804 3518 fit

2206 3565 2265 3611 ut
2302 3557 2349 3610 si
2401 3567 2625 3626 peccato
2669 3557 2890 3613 alterius
2933 3558 3204 3628 inquinari
3252 3558 3484 3616 alterum
3519 3559 3702 3616 dicunt
3747 3567 3801 3615 et

1701 3698 2086 3757 LECTIONES
2123 3699 2288 3757 VARI
2301 3700 2542 3756 ANTES.

563 3827 590 3855 ⁸
626 3824 825 3873 Unitate
850 3819 1135 3870 discederet
1161 3821 1292 3870 Lam.

561 3887 591 3926 Β
625 3887 806 3937 Errore
829 3882 1090 3945 deceptus,
1117 3882 1200 3933 ille
1236 3883 1366 3932 Lam.
1393 3879 1538 3932 Ebor.
1569 3881 1678 3932 ΝΟ.
1704 3883 1750 3930 1.

2267 3822 2290 3883 °_
2328 3819 2610 3883 Secundum
2630 3820 2916 3883 Apostolum
2947 3821 3078 3872 Lam.
3107 3822 3250 3872 Ebor.
3282 3822 3391 3874 ΝΟ.
3427 3826 3471 3875 l.

2268 3881 2295 3921 (ἰ
2329 3882 2391 3933 Et
2413 3885 2591 3935 iterum
2610 3881 2729 3935 dicit
2757 3885 2888 3934 Lam.
2918 3883 3060 3935 Ebor.
3090 3885 3196 3935 ΝΟ.
3232 3887 3272 3935 l.

1845 4051 2206 4112 VARIORUM
2243 4051 2470 4109 ΝΟΤᾹΣ.

566 4205 1050 4269 XXV.—Quantus
1075 4199 1385 4270 arrogantia:
1403 4207 1588 4270 tumor.
1611 4196 1954 4270 ﬂunc‘locum
1973 4194 2088 4250 des-

492 4280 681 4348 cripsit
706 4267 928 4331 sanctus
960 4267 1411 4348 Augustinuslib.
1443 4284 1495 4322 tv
1520 4268 1589 4348 de
1621 4267 1886 4348 Baptismo
1912 4276 2089 4319 contra

494 4338 816 4414 Donatistas,
837 4361 954 4412 Cap.
976 4338 1071 4408 (εξ
1085 4355 1132 4394 (Ἰ
1158 4341 1470 4414 Gratianus,
1491 4338 1586 4414 sed
1603 4355 1708 4392 non
1730 4339 1799 4414 ita
1825 4339 2090 4414 integrum

2193 4193 2378 4266 nepte,
2405 4193 2492 4266 ubi
2525 4192 2786 4266 Rigaltius
2831 4193 3010 4261 posuit
3057 4192 3228 4248 Maria
3275 4207 3372 4262 pro
3417 4194 3636 4249 nuecha.
3683 4194 3798 4266 Ego

2198 4264 2343 4319 enim
2373 4263 2540 4319 affero
2563 4265 2823 4319 lectiones
2851 4266 2971 4318 libri
2996 4267 3213 4320 veteris.
3243 4266 3442 4320 BALUZ.

2271 4335 2614 4390 Libidinibus.
2675 4335 2858 4390 Codex
2923 4336 3184 4391 Fuxensis
3261 4338 3684 4406 turpitudinibus.
3751 4339 3804 4394 lu

490 4433 550 4478 ut
567 4421 706 4487 apud
721 4407 1102 4488 Augustinum,
1122 4414 1212 4476 25,
1235 4429 1290 4488 _q.
1315 4409 2095 4488 4.Acap.Quamvis,tibicitatur
2119 4414 2172 4473 D
2198 4408 2524 4488 epistolanad
2566 4407 2846 4488 Dona-tunc
2873 4424 2990 4488 pag.
3125 4408 3492 4488 Tuntdelectat
3539 4412 3591 4464 in
3618 4412 3802 4488 __ntiuis,

491 4510 556 4550 ex
606 4481 931 4560 Augustino,
965 4501 1093 4560 non
1118 4500 1183 4539 ex
1225 4483 1852 4560 Cypriano.ﬁalvianus.
1879 4481 1970 4560 lib.
2008 4495 2088 4543 tv,

494 4580 614 4636 cap.
636 4553 734 4617 12":
767 4562 996 4616 Maxima
1010 4558 1195 4636 quippe
1224 4553 1517 4636 accusatria;
1541 4553 1802 4636 hominum
1820 4553 2093 4636 noxiorum

493 4622 577 4691 est.
597 4635 894 4704 nsurpatrix
914 4622 1213 4704 innocentia:
1242 4626 1574 4704 arroga_ntia._
1594 4623 1738 4678 ldetn
1780 4625 1828 4676 in
1861 4622 2090 4704 epistpla

491 4707 558 4760 ad
594 4694 916 4760 Eucherium
947 4722 961 4758 :
1007 4699 1316 4769 Pedissequa
1357 4694 1494 4769 enim
1520 4695 1814 4764 plerumque
1848 4694 1961 4747 noui
1995 4694 2090 4746 Ιιοο

489 4780 634 4831 noris
661 4787 735 4830 est
764 4775 1079 4844 arrogantia.
1132 4767 1376 4826 Honores
1411 4767 1554 4822 enim
1604 4779 1846 4836 persznpe
1887 4773 2096 4818 mutant

490 4864 691 4904 mores.
733 4847 930 4900 BALUZ.

564 4916 1207 4975 XXVl.——Fraudatores.
1237 4912 1291 4967 Id
1313 4921 1394 4966 cst
1434 4909 1767 4963 idololatras.
1790 4906 1920 4961 Nam
1950 4908 2094 4962 dicet

493 4997 656 5077 paulo
681 5002 819 5077 pO‘St,
843 4985 1284 5077 frnu'daltorzquod
1299 4995 1368 5077 eslt
1392 4980 2093 5077 idololatria:Iliun-nanus

491 5051 547 5119 in
569 5051 796 5134 epistola
843 5051 911 5115 ad
949 5051 1294 5134 Heliodorum
1327 5055 1396 5134 de
1427 5052 1610 5107 Laude
1638 5053 1760 5105 vitae
1788 5051 2041 5134 solitaria:
2075 5068 2088 5103 :

491 5123 673 5189 Omnis
691 5135 1004 5205 fornicator,
1023 5139 1110 5205 aut
1140 5128 1452 5205 immundus,
1478 5134 1564 5177 aut
1595 5141 1797 5205 avarus,
1831 5133 1921 5205 put
1948 5123 2094 5205 frau-

488 5207 660 5270 dator,
685 5195 821 5277 quod
847 5215 918 5277 est
952 5203 1206 5277 idolorum
1245 5200 1481 5277 seruitus,
1515 5213 1615 5250 non
1646 5199 1791 5249 habet
1823 5195 2093 5277 [neredita-

486 5289 584 5332 tem
614 5281 663 5331 in
687 5270 840 5346 regno
870 5275 1128 5346 Christiet
1161 5272 1276 5346 Dei.
1305 5270 1448 5346 Istud
1475 5285 1600 5324 vero
1623 5279 1894 5338 sumptum
1923 5275 2004 5321 est
2025 5281 2088 5320 ex

485 5342 903 5419 Epistola'Pauli
935 5347 1002 5400 ad
1029 5344 1294 5419 Ephesios.
1322 5342 1517 5419 Dama.
1851 5409 1882 5419 υ
1924 5409 1935 5419 α

564 5421 663 5486 Qui
689 5419 987 5473 moechatur.
1035 5409 1197 5469 Multa
1237 5416 1305 5471 de
1342 5413 1444 5468 hoc
1482 5419 1800 5486 argumento
1822 5409 1937 5486 dici
1965 5421 2091 5480 pos-

485 5482 630 5556 sent,
660 5507 688 5543 a
722 5491 917 5560 quibus
949 5487 1216 5542 abstineo.
1244 5486 1363 5560 _Sed_
1410 5497 1586 5538 tamen
1622 5483 1750 5537 illud
1789 5482 1956 5560 silere
1984 5495 2090 5534 non

482 5553 706 5630 passum
731 5553 874 5630 quml
916 5563 1028 5614 scio
1063 5556 1460 5630 emendandum
1501 5570 1634 5630 esse
1662 5554 1800 5630 apud
1838 5553 2093 5630 Commo-

483 5623 704 5685 diaunm
738 5623 985 5685 instruct.
1033 5629 1123 5693 10,
1178 5637 1229 5681 et
1269 5627 1536 5694 sequenti,
1585 5627 1674 5679 ubi
1718 5623 2088 5693 reponendum

481 5713 564 5753 est
595 5704 820 5756 mazchus
850 5711 906 5756 et
935 5701 1152 5753 mmchia
1200 5713 1295 5767 pro
1325 5711 1392 5749 co
1432 5697 1573 5767 quod
1616 5695 1876 5767 ltigaltius
1912 5695 2092 5767 posuit

475 5767 654 5824 Maius
681 5781 736 5824 et
765 5771 930 5824 Maia.
967 5771 1057 5824 Sic
1089 5765 1250 5822 etiam
1282 5765 1652 5833 reponendum
1683 5767 1734 5818 itt
1776 5765 2088 5822 instructio-

2201 4479 2569 4552 turpitudinem
2589 4481 2900 4552 magisterio.
2939 4479 3222 4552 Salvianus
3245 4481 3338 4536 lib.
3361 4495 3436 4546 Vt,
3459 4497 3580 4552 cap.
3610 4484 3663 4549 8,
3689 4483 3802 4536 loca

2197 4561 2242 4603 et
2273 4550 2564 4603 lt'abitacula
2591 4551 2983 4619 turpitudinum.
3027 4551 3228 4605 BALUZ.

2278 4619 2386 4674 Nec
2422 4623 2533 4674 sibi.
2567 4622 2710 4675 Citat
2743 4625 2882 4693 hunc
2908 4624 3080 4676 locum
3107 4624 3164 4678 S.
3192 4625 3634 4693 Augustinuslib.
3663 4641 3711 4680 tv
3741 4627 3805 4680 de

2197 4691 2464 4761 Baptismo
2505 4693 2746 4767 adversus
2777 4691 3073 4767 Donatistas
3103 4710 3223 4762 cap.
3253 4691 3323 4758 5V;
3374 4695 3609 4767 itemque
3638 4697 3805 4752 Hinc-

2197 4779 2378 4818 marus
2409 4767 2461 4818 in
2493 4766 2747 4833 opuscqu
2785 4781 2848 4818 Lv
2885 4765 3235 4835 Capitulorum
3263 4781 3383 4836 cap.
3409 4767 3498 4827 47,
3525 4765 3645 4837 pag.
3675 4770 3803 4825 565.

3459 4840 3530 4894 ΒΑ
3541 4857 3660 4896 LUZ.

2269 4905 2589 4961 XXV|l.—l
2599 4909 2887 4963 dololatris.
2906 4908 3106 4963 Omnes
3121 4909 3239 4963 libri
3258 4921 3469 4964 veteres
3485 4921 3536 4966 et
3553 4912 3808 4968 vetustio-

2195 4993 2286 5053 res
2308 4979 2580 5053 editiones
2603 4991 2656 5034 et
2688 4979 3002 5053 heic__paulo
3031 4993 3150 5049 post
3180 4981 3381 5036 habent
3413 4985 3670 5053 scriptum
3695 4985 3808 5038 ido-

2196 5050 2343 5104 latris
2369 5060 2423 5104 et
2451 5052 2731 5116 idolatrite;
2765 5051 2895 5105 nihil
2931 5063 3108 5107 tamen
3143 5063 3350 5124 mutare
3369 5050 3534 5120 volui,
3562 5057 3806 5124 quamvis

2195 5124 2360 5176 sciam
2397 5125 2464 5175 ita
2493 5124 2650 5193 vulgo
2672 5127 2928 5192 scriptum
2943 5139 3064 5178 esse
3096 5125 3146 5178 in
3164 5123 3398 5194 antiquis
3427 5123 3701 5180 codicibus
3715 5143 3804 5181 ve-

2195 5201 2367 5266 terum
2394 5195 2714 5262 scriplorum
2737 5195 3048 5266 latinorum,
3066 5206 3118 5250 et
3140 5197 3386 5264 quamvis
3415 5199 3718 5266 exemplum
3735 5200 3803 5253 ita

2195 5265 2465 5339 scribendi
2519 5267 2744 5339 habeam
2793 5265 3012 5339 Antonii
3056 5267 3125 5321 de
3165 5267 3374 5339 Albane
3415 5265 3804 5339 archiepiscopi

2195 5335 2591 5407 Lugdunensis,
2616 5337 2704 5406 qui
2735 5337 2802 5390 ita
2835 5338 3048 5406 scripsit
3076 5339 3126 5392 in
3147 5338 3383 5392 editione
3405 5353 3500 5393 sua
3528 5335 3806 5395 eoi—umen-

2196 5411 2452 5463 tariurum
2486 5408 2661 5462 Rufini
2693 5409 2744 5461 in
2775 5407 3037 5464 Psalmos.
3060 5409 3353 5464 Habendos
3378 5425 3499 5464 esse
3526 5412 3808 5467 videbatur

2196 5477 2370 5534 honos
2397 5481 2720 5550 antiquitati.
2747 5479 2852 5535 Sed
2883 5483 3042 5534 etiam
3093 5481 3528 5536 satisfaciendum
3555 5497 3669 5539 erat
3703 5485 3804 5540 de-

2193 5551 2365 5605 licatis
2395 5553 2621 5620 ingeniis
2651 5553 2749 5605 aevi
2780 5553 2968 5607 nostri.
3007 5553 3202 5607 Banuz.

2268 5621 2541 5692 lnquinari
2571 5625 2811 5678 alterum.
2868 5623 3051 5678 Codex
3113 5624 3404 5692 Fuxensis,
3457 5626 3676 5680 alterum
3725 5627 3806 5681 in-

2191 5695 2395 5765 quinari
2421 5695 2619 5750 dicunt.
2653 5699 2708 5750 In
2742 5695 3045 5753 Sorbonico
3071 5706 3128 5753 et
3153 5699 3208 5754 in
3251 5712 3358 5754 uno
3388 5712 3534 5765 meo,
3569 5701 3808 5755 excusari

2193 5762 2414 5818 alterum
2444 5766 2641 5821 dicunt.
2663 5766 2864 5821 BALUZ.
