4252 6258
287 320 396 377 795

1137 313 1474 373 EPISTOLA
1515 315 1584 372 Χ.
1628 313 1686 369 S.
1729 311 2059 369 CYPRIANI
2088 313 2178 368 AD
2218 313 2694 373 ΛΝΤΟΝΙΑΝΙΙΜ.

3496 317 3602 375 794

286 435 649 495 idololatrian]
679 433 1038 506 delinquentis
1060 433 1127 489 ad
1152 449 1258 489 non
1283 433 1685 504 delinquentem
1712 440 1886 486 trans-
1914 431 1965 491 Α
1991 437 2146 500 putas
2193 430 2453 485 rusticum
2504 447 2685 502 posse,
2733 431 2778 486 si
2819 430 3061 487 dixeris:
3092 449 3110 482 ι
3154 430 3357 502 Agrum
3405 432 3598 502 peritia

289 531 370 587 ire
435 546 534 586 sua
601 530 1004 586 asseveratione
1056 528 1423 593 contendunt,
1478 526 1730 582 excusari
1807 541 1891 580 se-

288 624 528 681 cundum
572 639 721 678 suam
754 639 942 678 vocem
968 638 1074 678 non
1106 624 1308 692 possint
1336 622 1403 675 ab
1429 620 1746 677 idololatria:
1782 619 1890 673 cri-

287 722 473 786 mine,
525 735 646 775 cum
679 727 891 774 constet
919 718 988 772 de
1032 717 1340 786 Apostolica
1390 715 1706 786 probatione
1758 729 1894 769 mte-

290 815 427 872 chos
455 825 510 870 et
540 813 912 880 fraudatores,
932 814 1127 884 quibus
1156 812 1231 866 illi
1262 812 1683 875 communicant,
1713 809 1889 864 idolo-

288 907 459 962 latras
487 922 628 963 esse.
660 906 828 961 Nobis
866 918 1044 962 autem
1094 905 1391 960 secundum
1436 904 1596 959 fidem
1654 913 1890 957 nostram

290 1013 345 1056 et
371 1001 568 1056 divinae
586 1001 984 1071 przedicationis
1015 1000 1193 1055 datam
1220 1000 1445 1053 formam
1471 998 1727 1068 competit
1755 996 1892 1051 ratio

288 1093 554 1160 veritatis,
589 1109 1026 1164 unumquemque
1057 1094 1107 1147 in
1136 1103 1362 1162 peccato
1391 1107 1490 1146 suo
1520 1092 1690 1161 ipsum
1721 1089 1892 1145 teneri

287 1202 386 1243 nec
411 1201 569 1255 posse
607 1185 836 1240 alterum
893 1200 991 1255 pro
1017 1189 1188 1239 altero
1244 1200 1395 1239 reum
1431 1184 1576 1248 fieri,
1625 1199 1746 1238 eum
1798 1183 1894 1236 Do-

284 1279 468 1334 minus
529 1287 854 1349 praetnoneat
903 1287 957 1334 ct
1010 1277 1154 1334 dicat
1214 1298 1226 1333 :
1283 1277 1500 1332 Iustitia
1538 1279 1670 1348 justi
1741 1293 1894 1347 super

285 1386 403 1425 eum
435 1372 550 1435 erit,
609 1381 654 1424 et
694 1369 858 1425 scelus
902 1372 1133 1426 scelerati
1171 1387 1326 1440 super
1372 1387 1488 1424 eum
1537 1371 1629 1424 erit
1677 1369 1888 1443 (Ezech.

282 1479 438 1528 xviii,
467 1463 581 1536 20).
613 1465 682 1520 Et
727 1466 919 1521 iterum
952 1483 966 1521 :
994 1465 1117 1519 Non
1138 1467 1416 1520 morientur
1439 1478 1606 1535 patres
1629 1481 1721 1534 pro
1748 1466 1888 1534 ﬁliis,

286 1567 332 1611 et
367 1558 463 1625 ﬁlii
496 1574 594 1612 non
625 1560 908 1613 morientur
929 1575 1023 1629 pro
1054 1559 1308 1630 patribus.
1342 1559 1675 1631 Unusquique
1702 1560 1753 1612 in
1777 1575 1891 1629 pec-

283 1658 401 1703 cato
434 1665 530 1704 suo
574 1655 818 1707 morietur
865 1649 1041 1723 (Deut.
1091 1669 1237 1718 xxrv,
1280 1652 1394 1725 16).
1447 1652 1601 1720 Quod
1653 1654 1892 1724 legentes

287 1742 495 1797 scilicet
523 1753 580 1799 et
612 1753 862 1801 tenentes
893 1746 1160 1800 neminem
1191 1755 1441 1816 putamus
1470 1761 1498 1800 a
1528 1747 1704 1801 fructu
1732 1747 1890 1801 satis—

1999 524 2148 578 omni
2183 525 2496 579 rusticitatis
2541 540 2735 582 exerce
2759 567 2773 591 ,
2802 525 3026 580 culturis
3053 523 3338 595 diligenter
3366 525 3553 582 insiste
3577 542 3592 592 ;

1997 619 2092 673 sed
2135 619 2334 672 nullam
2369 634 2599 674 messem
2635 629 2837 682 metes,
2869 619 3068 673 nullam
3101 617 3426 672 vindemiam
3472 634 3600 689 pre-

1998 730 2134 776 mes,
2167 713 2342 768 nullos
2373 713 2554 768 oliveti
2589 715 2660 790 tui
2695 713 2898 768 fructus
2929 711 3110 782 capies
3132 754 3146 778 ,
3180 711 3323 766 nulla
3353 711 3420 766 de
3446 711 3605 766 arbo-

1998 811 2144 864 ribus
2184 825 2340 881 poma
2386 811 2669 880 decerpes.
2710 830 2727 862 ι
2773 809 2873 864 Vel
2915 811 2960 864 si
2995 809 3044 865 ei
3076 809 3161 864 cui
3203 808 3498 862 dominium
3548 814 3606 864 et

1997 918 2150 957 usum
2213 904 2428 957 navium
2475 899 2503 938 ά
2542 902 2775 956 suadens
2820 902 3010 956 dicas:
3044 921 3061 954 ι
3097 901 3372 956 Materiam
3403 900 3472 955 de
3502 915 3600 955 ex-

1996 997 2314 1052 cellentibus
2364 997 2530 1068 sylvis
2589 1011 2862 1062 mercare,
2899 996 3097 1060 frater;
3131 996 3368 1052 carinam
3401 1006 3423 1033 ο
3457 1011 3599 1066 prae-

1995 1089 2185 1143 validis
2218 1099 2274 1144 et
2303 1091 2492 1144 electis
2525 1088 2810 1145 roboribus
2851 1091 3036 1145 inlexe
3061 1133 3074 1156 ,
3109 1089 3263 1145 clavo
3288 1132 3303 1156 ,
3338 1089 3555 1144 funibus
3581 1130 3596 1156 ,

1999 1183 2166 1249 velis,
2202 1191 2260 1236 ut
2301 1184 2592 1238 fabricetur
2637 1193 2797 1255 atque
2829 1193 3065 1239 armetur
3106 1186 3256 1239 navis
3282 1227 3296 1249 ,
3332 1199 3597 1254 operare:

1996 1275 2091 1330 sed
2120 1290 2240 1330 cum
2275 1275 2388 1330 lucc
2419 1275 2633 1342 feceris,
2670 1275 2899 1332 fructum
2922 1276 2989 1333 de
3010 1276 3220 1332 actibus
3247 1276 3366 1347 ejus
3394 1284 3449 1333 et
3475 1291 3598 1332 curo

1997 1370 2149 1425 sibus
2179 1386 2284 1425 non
2317 1371 2543 1425 videbis.
2585 1391 2602 1423 ι

2068 1465 2262 1519 XXIX.
2307 1465 2643 1520 Priecludcre
2665 1475 2746 1520 est
2770 1473 2929 1535 atque
2965 1463 3285 1518 abscindere
3315 1461 3333 1499 ί
3366 1462 3469 1516 iter
3493 1462 3594 1516 do-

1994 1557 2125 1612 loris
2147 1573 2209 1612 ac
2233 1557 2523 1626 pmnitendi
2547 1559 2704 1621 viam,
2729 1567 2784 1612 ut
2806 1573 2926 1611 cum
2951 1558 3001 1610 in
3031 1555 3322 1625 Seripturis
3347 1555 3595 1609 omnibus

1998 1653 2252 1706 Dominus
2288 1652 2425 1706 Deus
2476 1650 2873 1706 revertentibus
2917 1649 2984 1704 ad
3025 1666 3084 1705 se
3115 1657 3170 1704 et
3208 1649 3592 1720 paenitentibus

1997 1743 2328 1810 blandiatur,
2357 1752 2542 1797 nostra
2572 1743 2767 1796 duritia
2795 1753 2848 1796 et
2870 1741 3208 1806 crudelitate,
3237 1742 3362 1795 dum
3394 1740 3596 1795 fructus

283 1836 532 1890 factionis
555 1847 610 1892 et
637 1851 734 1907 spe
763 1839 908 1908 pacis
935 1838 1226 1894 arcendum
1254 1881 1269 1906 ,
1301 1854 1422 1892 cum
1455 1840 1687 1893 sciamus
1727 1839 1876 1908 juxta
1908 1841 1954 1900 Β
1983 1839 2311 1908 poenitentia:
2367 1836 2699 1906 intercipitur
2740 1844 2764 1878 κ
2792 1877 2807 1899 ,
2857 1834 3170 1904 poenitentia
3200 1834 3316 1902 ipsa
3348 1832 3588 1888 tollatur.

281 1929 689 1998 Scripturarum
715 1931 1016 1986 divinarum
1049 1931 1206 1986 fidem
1231 1973 1245 1995 ,
1277 1941 1498 1987 auctore
1526 1943 1579 1987 et
1610 1930 1883 1987 hortatore

281 2024 406 2093 ipso
441 2023 570 2092 Deo,
597 2033 651 2078 et
680 2024 744 2079 ad
776 2025 1037 2095 agendam
1072 2026 1441 2095 paenitentiam
1463 2036 1772 2096 peccatores
1794 2041 1882 2080 re-

282 2115 390 2185 digi
409 2158 422 2180 ,
456 2124 513 2170 et
542 2117 751 2172 veniam
780 2127 942 2189 atque
966 2117 1349 2188 indulgentiam
1379 2117 1757 2188 paenitentibus
1775 2131 1881 2172 non

281 2207 560 2279 denegari.

353 2301 592 2360 XXVIII.
623 2307 800 2377 Atque
827 2322 859 2360 ο
889 2307 1206 2362 frustrandae
1237 2307 1582 2362 fraternitatis
1609 2307 1813 2362 irrisio!
1850 2322 1882 2361 ο

281 2396 600 2452 miserorum
638 2400 1042 2456 lamentantium
1074 2410 1128 2455 et
1158 2402 1451 2456 amentium
1484 2400 1683 2455 caduca
1712 2399 1878 2456 dece-

279 2491 423 2562 ptio!
453 2508 485 2546 o
515 2493 778 2551 hiereticaa
808 2496 1158 2550 institutionis
1188 2497 1435 2552 inefficax
1463 2507 1517 2552 et
1549 2512 1682 2551 vana
1713 2496 1878 2550 tradi-

281 2584 386 2639 tio!
417 2585 622 2642 hortari
671 2587 738 2642 ad
787 2589 1172 2645 satisfactionis
1201 2599 1227 2626 ιι
1259 2590 1628 2658 paenitentiam
1666 2599 1720 2644 et
1747 2588 1877 2643 sub-

282 2678 496 2734 trahere
522 2680 590 2735 de
618 2680 986 2736 satisfactione
1017 2681 1336 2736 medicinam
1366 2725 1380 2747 ,
1414 2681 1594 2738 dicere
1621 2681 1877 2738 fratribus

279 2773 514 2828 nostris:
549 2793 568 2820 ι
603 2775 804 2845 Plange
846 2784 901 2829 et
942 2775 1206 2847 lacrymas
1253 2774 1454 2839 funde,
1501 2787 1556 2830 et
1599 2775 1786 2830 diebus
1815 2790 1878 2831 ac

280 2868 527 2922 noctibus
558 2869 870 2938 ingemisce,
905 2882 956 2926 et
989 2886 1086 2940 pro
1108 2869 1376 2924 abluendo
1404 2879 1456 2924 et
1485 2870 1760 2940 purgando
1784 2869 1879 2924 de-

279 2957 408 3014 licto
458 2969 548 3014 tuo
594 2961 811 3032 largiter
855 2972 909 3017 et
953 2962 1262 3034 frequenter
1291 2978 1548 3032 operare,
1582 2963 1676 3017 sed
1725 2973 1876 3017 extra

275 3050 574 3107 Ecclesiam
607 3067 724 3124 pOSt
761 3056 940 3110 omnia
983 3056 1082 3110 ista
1112 3057 1391 3123 morieris;
1424 3071 1777 3127 quaecumque
1807 3055 1874 3111 ad

276 3158 463 3214 pacem
505 3146 773 3225 pertinent
815 3148 1009 3213 facies,
1054 3148 1147 3203 sed
1187 3147 1383 3202 nullam
1438 3163 1660 3217 pacem,
1713 3163 1872 3218 quam

1985 1933 2138 2001 Quod
2166 1933 2208 1986 si
2240 1933 2542 1987 invenimus
2567 1948 2595 1984 a
2629 1931 2938 2001 ptenitentia
2966 1929 3167 2000 agenda
3200 1929 3469 1984 neminem
3495 1928 3591 1984 de-

1986 2025 2116 2082 bere
2147 2024 2452 2095 prohiberi,
2486 2035 2539 2079 et
2577 2023 2992 2093 deprecantibus
3029 2032 3189 2092 atque
3229 2021 3578 2077 exorantihus

1986 2119 2197 2174 Domini
2217 2118 2661 2184 misericordiam,
2685 2117 2978 2172 secundum
3003 2114 3146 2186 quod
3174 2113 3263 2169 ille
3281 2115 3590 2169 misericors

1985 2221 2039 2266 et
2069 2213 2185 2282 pius
2211 2221 2313 2278 est,
2345 2228 2438 2282 per
2461 2211 2772 2267 sacerdotes
2799 2211 2916 2280 ejus
2948 2224 3134 2280 pacem
3158 2223 3315 2278 posse
3341 2206 3587 2272 concedi,

1983 2297 2348 2360 admittendus
2377 2316 2458 2361 est
2492 2305 2851 2376 plangentium
2878 2304 3143 2375 gemitus,
3178 2311 3232 2358 et
3259 2301 3588 2373 poenitentiae

1984 2398 2185 2456 fructus
2214 2401 2518 2455 dolentibus
2552 2416 2655 2454 non
2688 2399 2985 2470 negandus.
3022 2399 3088 2453 Et
3111 2401 3242 2467 quia
3272 2397 3414 2468 apud
3446 2396 3588 2453 infe-

1984 2509 2074 2549 ros
2103 2495 2369 2548 confessio
2395 2510 2499 2548 non
2532 2502 2635 2558 est,
2667 2509 2764 2548 nec
2793 2492 3188 2562 cxomologesis
3215 2491 3321 2545 illic
3346 2491 3460 2546 fieri
3494 2505 3588 2561 po-

1985 2595 2110 2651 test,
2138 2587 2226 2657 qui
2259 2601 2323 2640 ex
2368 2596 2479 2641 toto
2510 2586 2674 2642 corde
2722 2585 3070 2655 pcenituerint
3104 2596 3156 2638 et
3190 2584 3498 2654 rogaverint
3530 2582 3584 2637 in

1984 2680 2277 2734 Ecclesiam
2306 2680 2506 2734 debent
2534 2679 2758 2733 interius
2789 2677 2986 2745 suscipi
3023 2686 3076 2730 et
3111 2676 3161 2729 in
3212 2676 3324 2744 ipsa
3356 2674 3585 2730 Domino

1982 2773 2277 2839 reservari,
2329 2775 2418 2844 qui
2459 2772 2525 2827 ad
2571 2771 2871 2826 Ecclesiam
2939 2785 3091 2823 suam
3132 2765 3157 2803 ¹ι
3215 2777 3472 2823 venturus
3516 2767 3585 2824 de

1980 2865 2087 2921 illis
2118 2867 2300 2936 utique
2325 2881 2460 2936 quos
2491 2866 2544 2919 in
2573 2881 2635 2920 ea
2661 2866 2802 2919 intus
2829 2864 3094 2918 invenerit
3119 2860 3400 2931 judicabit.
3436 2861 3582 2930 Apo-

1979 2971 2136 3018 statae
2194 2977 2323 3015 vero
2360 2969 2414 3014 et
2458 2959 2784 3022 desertores,
2818 2957 2904 3011 vel
2942 2955 3235 3010 adversarii
3290 2963 3346 3007 et
3405 2953 3587 3008 hostes

1980 3066 2034 3112 et
2061 3054 2263 3110 Christi
2311 3053 2607 3108 Ecclesiam
2656 3053 3018 3122 dissipantes,
3065 3065 3165 3105 nec
3195 3049 3238 3103 si
3277 3049 3440 3103 occisi
3487 3063 3586 3117 pro

1979 3149 2197 3204 nomine
2238 3147 2368 3201 foris
2399 3146 2620 3213 fuerint,
2652 3144 2886 3212 admitti,
2916 3142 3210 3199 secundum
3242 3141 3582 3210 Apostolum,

275 3237 494 3307 quaeris,
530 3240 767 3310 accipies
796 3239 846 3294 ιι.
886 3261 904 3294 ι
967 3242 1099 3308 Quis
1141 3257 1246 3296 non
1291 3243 1468 3296 statim
1503 3249 1721 3312 pereat,
1752 3243 1870 3313 quis
1898 3243 1942 3306 C
1976 3251 2201 3312 possunt
2229 3239 2295 3293 ad
2337 3239 2592 3294 Ecclesia:
2634 3253 2840 3308 pacem,
2871 3236 3086 3308 quando
3116 3250 3214 3291 nec
3241 3236 3459 3305 spiritus
3485 3249 3584 3290 nec

276 3343 381 3384 non
433 3330 548 3401 ipsa
603 3334 986 3406 desperatione
1017 3346 1039 3373 ο
1073 3335 1305 3401 deficiat,
1342 3337 1458 3406 quis
1499 3351 1605 3390 non
1635 3336 1872 3390 animum

273 3437 429 3478 suum
457 3440 488 3481 a
524 3426 798 3498 proposito
838 3428 1237 3485 lamentationis
1277 3429 1524 3485 avertat?
1562 3428 1785 3499 Operari
1817 3437 1873 3484 tu

1980 3334 2235 3389 Ecclesim
2268 3341 2550 3387 tenuerunt
2580 3332 2856 3386 unitatem.
3337 3397 3345 3406 _

2053 3424 2225 3481 XXX.
2268 3425 2393 3480 llzec
2434 3425 2682 3492 interim,
2731 3423 2894 3480 frater
2940 3422 3292 3487 charissime,
3325 3433 3491 3492 pauca
3517 3417 3588 3476 de

1504 3611 1886 3669 LECTIONES
1925 3609 2332 3670 VARIANTES.

337 3789 366 3817 ⁸
403 3787 601 3840 Hortari
623 3790 680 3840 ad
705 3791 1084 3843 satisfactionem
1109 3793 1233 3844 Bod.
1260 3794 1306 3843 5.

335 3849 365 3886 1³
403 3852 591 3909 Quaeris
616 3855 841 3903 invenies
866 3855 995 3904 Lam.
1021 3853 1162 3906 Ebor.
1184 3857 1291 3908 ΝΟ.
1323 3857 1367 3906 1.

336 3916 362 3984 f
404 3912 1066 3984 I_psa_statim_de5peratione
1081 3917 1394 3984 tantum;
1421 3919 1530 3984 Νρ.
1559 3921 1601 3969 t.

332 3975 361 4046 fi
396 3975 484 4026 Sic
510 3978 642 4046 Lam.
670 3975 823 4046 Εὑρνζ
844 3979 984 4046 Qorb.
1011 3983 1060 4030 Ν
1066 3981 1119 4046 C_.
1152 3982 1194 4031 1.
1225 3979 1329 4032 Lin.
1356 3980 1443 4043 Est
1471 3983 1598 4046 Imp.
1627 3981 1718 4032 Vel
1739 3984 1781 4032 si
1821 3985 1868 4034 ei

267 4041 346 4089 cui
368 4052 508 4090 usum
534 4043 710 4092 Benev.
738 4041 824 4094 Cui
847 4042 960 4093 dum
994 4042 1148 4094 Vatic.

2041 3797 2064 3858 ’ἲ
2104 3795 2306 3847 Fortem
2332 3797 2547 3846 carinam
2569 3798 2695 3847 Bod.
2725 3797 2768 3858 1,
2791 3797 2837 3848 2.

2040 3855 2059 3892 ’τ
2099 3860 2370 3909 Abscidere
2405 3863 2522 3910 Ver.
2555 3861 2729 3909 Beuev.

2039 3923 2064 3960 8
2078 3921 2308 3984 Fructus
2349 3924 2656 3984 poenitentiae
2694 3920 3006 3971 interdicitur
3044 3921 3174 3971 Laut.
3218 3919 3362 3970 Ebor.
3391 3924 3439 3973 Ν
3447 3921 3502 3970 C.
3533 3921 3577 3970 1.

1978 3983 2182 4097 miriﬁci
2204 4048 2336 4096 Lam.
2360 4046 2484 4096 Bod.
2509 4048 2556 4096 5.
2579 4043 2724 4097 Ebor.
2747 4042 2851 4096 Lin.
2872 4044 3142 4096 Ecclesiam
3160 4050 3398 4096 venturus
3419 4046 3576 4098 Oxon.

1585 4195 1947 4254 VARIORUM
1988 4196 2219 4254 NOTAE.

343 4381 522 4451 Ipsum
577 4384 754 4436 teneri.
795 4382 1011 4436 Praetuli
1039 4382 1176 4436 hanc
1209 4383 1521 4445 lectionem,
1555 4384 1678 4452 quia
1714 4385 1861 4438 illam

269 4453 446 4509 inveni
481 4456 531 4508 in
584 4469 654 4507 xv
711 4455 864 4508 libris
917 4454 1210 4508 veteribus.
1260 4455 1474 4523 Alioqui
1506 4457 1648 4508 enim
1703 4455 1860 4510 facile

268 4536 559 4580 mutassem
594 4535 650 4578 ut
704 4542 822 4578 eam
883 4542 1194 4580 rcviiearetn
1227 4544 1344 4595 quze
1392 4500 1564 4581 exstat
1614 4528 1666 4580 in
1721 4500 1940 4581 anti-D

265 4597 388 4664 quis
415 4597 759 4657 editionibus,
803 4599 891 4651 ubi
938 4600 1130 4666 legitur
1160 4615 1299 4652 reum
1349 4599 1525 4652 teneri.
1561 4598 1692 4654 Nam
1743 4615 1861 4654 eam

265 4683 480 4738 quoque
525 4669 809 4740 lectionem
869 4669 1044 4740 reperi
1089 4671 1140 4723 in
1188 4681 1420 4740 quatuor
1466 4671 1866 4740 exemplaribus

263 4741 522 4809 antiquis.
549 4739 747 4794 BALUZ.

339 4830 580 4886 XXVIII.
599 4863 669 4872 —
688 4832 1121 4890 Lamenlantium.
1150 4836 1262 4890 Duo
1292 4835 1410 4890 libri
1437 4843 1645 4892 veteres
1670 4837 1869 4894 habent

261 4905 539 4957 amentium
583 4915 803 4960 tantum.
838 4906 1040 4962 Bawz.

338 4993 649 5066 Frequenter
675 5017 908 5068 operare.
944 5002 997 5055 ld
1021 5011 1131 5067 cst,
1163 5011 1219 5056 ut
1243 5018 1342 5073 ego
1368 5003 1580 5072 quidem
1609 5004 1863 5070 arbitror,

262 5068 574 5140 frequenter
600 5089 760 5140 Opera
795 5074 1007 5139 pietatis
1035 5089 1226 5128 exerce
1257 5068 1306 5127 n3
1336 5068 1632 5144 pauperes,
1663 5076 1728 5130 da
1762 5068 1866 5131 fre-

260 5155 490 5211 quenter
515 5144 937 5214 eleemosynaui.
979 5145 1109 5198 Vide
1138 5147 1329 5199 librum
1363 5148 1425 5199 de
1457 5145 1622 5214 Opere
1661 5159 1704 5200 et
1748 5147 1866 5201 Ele-

258 5216 508 5284 mosynis.
539 5215 960 5268 Coiuumdiauus
993 5217 1239 5271 instruct.
1265 5218 1367 5271 55:
1402 5218 1523 5271 Non
1551 5235 1705 5285 opera
1738 5221 1866 5275 faci-

260 5286 424 5356 tis,iid
453 5296 531 5339 est
556 5289 921 5356 elemosynas.
954 5287 1083 5341 Vide
1107 5293 1266 5343 etiam
1290 5291 1513 5343 instruct.
1551 5288 1638 5343 69.
1662 5290 1859 5346 BALUZ.

332 5355 616 5411 Dominum
646 5371 713 5412 et.
763 5355 909 5412 [lane
939 5360 1224 5414 lectionem
1257 5360 1436 5414 inveni
1470 5361 1522 5414 in
1553 5361 1862 5430 quindecim

257 5430 670 5498 exemplaribus
714 5432 950 5498 antiquis
995 5441 1051 5486 et
1089 5432 1139 5483 in
1183 5432 1509 5485 editioniluts
1550 5432 1770 5486 Manutii
1813 5444 1866 5487 et

256 5497 510 5554 Morellii.
537 5500 812 5555 Pamelius
845 5505 1019 5570 posuit
1040 5513 1109 5555 est
1134 5519 1230 5571 pro
1257 5513 1322 5556 et.
1350 5504 1500 5556 llunc
1525 5503 1763 5557 imitatus
1784 5515 1866 5558 est

257 5571 546 5643 “ignitius.
574 5574 729 5640 Angli
761 5585 1120 5639 reposuerunt
1147 5584 1381 5627 veterem
1414 5574 1720 5640 lectionem,
1744 5592 1864 5643 qua:

255 5642 504 5711 profecto
537 5645 726 5696 melior
767 5655 868 5699 est.
918 5645 973 5699 lu
1016 5646 1154 5699 libro
1184 5645 1416 5698 anensi
1448 5644 1663 5713 legitur,
1698 5642 1862 5700 domi-

255 5713 402 5766 nium
435 5722 482 5765 et
516 5713 596 5770 ius
626 5725 717 5766 est.
751 5715 949 5771 BALUZ.

329 5801 526 5877 xxix.
545 5833 618 5841 —
635 5801 872 5861 Interius.
902 5808 1016 5875 Ego
1039 5808 1176 5864 hanc
1199 5807 1506 5871 lectionem,
1531 5821 1690 5877 quam
1717 5817 1863 5865 vete-

253 5890 345 5933 res
370 5875 638 5932 editiones
669 5876 900 5949 itemque
923 5880 1234 5936 Morelliana
1263 5890 1316 5937 et
1344 5881 1442 5935 tria
1469 5875 1651 5936 vetera
1674 5895 1857 5939 exem-

1969 4384 2137 4454 plaria
2171 4382 2398 4445 habent,
2437 4383 2698 4453 prtefero,
2732 4386 2892 4441 etiam
2927 4385 2996 4440 ob
3028 4400 3146 4441 eam
3178 4400 3399 4440 causam
3433 4386 3576 4455 quod

1968 4457 2128 4525 paulo
2155 4466 2272 4525 post
2295 4457 2599 4527 Cyprianus
2622 4458 2696 4511 ait
2718 4458 3025 4523 Dominum,
3044 4474 3162 4512 cum
3184 4459 3248 4512 ad
3273 4458 3575 4513 Ecclesiam

1969 4544 2120 4581 suam
2155 4529 2400 4588 venerit.
2434 4529 2502 4600 de
2535 4529 2640 4600 illis
2671 4530 2852 4600 utique
2879 4531 3240 4598 judicaturum
3275 4547 3403 4597 quos
3434 4531 3486 4583 in
3518 4546 3577 4584 ea

1973 4600 2110 4653 intus
2155 4601 2418 4654 invenerit.
2468 4599 2608 4655 Infra
2639 4602 2798 4670 epist.
2833 4603 2923 4657 55.
2959 4617 3076 4672 pag.
3115 4603 3217 4668 88,
3252 4602 3410 4669 plebis
3440 4603 3577 4655 intus

1973 4673 2172 4743 posiae.
2219 4672 2356 4725 Sunt
2399 4673 2559 4726 etiam
2604 4676 2772 4727 multa
2813 4676 3006 4727 similia
3049 4675 3188 4743 apud
3220 4675 3573 4743 Cyprianum.

1972 4741 2200 4815 Optatos
2225 4744 2316 4797 lib.
2344 4761 2431 4808 ιιι,
2463 4761 2576 4810 nos,
2608 4746 2693 4815 qui
2739 4747 2876 4798 intus
2901 4741 3209 4809 habitamus,
3234 4741 3278 4797 ct
3301 4760 3575 4814 numquam

1972 4814 2035 4886 de
2075 4816 2248 4868 radice
2288 4814 2919 4879 recessimus.iheretici,
2965 4817 3054 4886 qui
3096 4827 3218 4869 sunt
3260 4817 3421 4880 foris,
3467 4833 3573 4873 non

1974 4883 2220 4941 habitant
2250 4888 2413 4941 intus.
2451 4888 2580 4942 Vide
2610 4899 2763 4941 notas
2792 4891 2855 4942 ad
2887 4883 3167 4956 epistolam
3197 4887 3287 4942 ‘i'ti.
3323 4889 3520 4943 BALUZ.

2049 4956 2157 5011 Nec
2177 4959 2220 5013 si
2242 4960 2414 5012 occisi.
2447 4960 2545 5031 ISIa
2571 4961 2936 5031 smperepctit
2959 4969 3176 5013 sanctus
3203 4972 3407 5030 martyr
3437 4976 3572 5028 pm-

1970 5027 2126 5097 cipue
2159 5031 2208 5082 in
2241 5030 2376 5082 libro
2397 5031 2459 5082 de
2486 5027 2975 5097 UnituieEcclesia',
3011 5045 3131 5100 pag.
3158 5031 3281 5085 15:8.
3317 5027 3450 5084 Hinc
3476 5044 3569 5082 or-

1971 5108 2084 5152 tum
2132 5103 2396 5170 vulgatum
2441 5103 2601 5155 illud:
2637 5102 2919 5172 Martyrem
2960 5120 3060 5155 non
3103 5105 3224 5171 facit
3266 5119 3448 5171 paena,
3481 5103 3571 5154 sed

1970 5187 2144 5231 causa,
2166 5173 2304 5239 quod
2325 5182 2474 5227 extat
2494 5174 2630 5241 apud
2649 5173 2898 5226 Rufinum
2925 5175 2974 5226 in
3002 5175 3134 5241 psal.
3159 5191 3322 5228 xxxiv
3345 5185 3393 5228 et
3414 5187 3564 5238 xult,

1970 5253 2023 5296 et
2054 5257 2198 5310 sa'pe
2227 5245 2424 5297 citatur
2453 5260 2479 5295 a
2513 5253 2699 5298 saneto
2732 5247 3052 5314 Augustino.
3102 5246 3153 5298 Id
3189 5262 3316 5297 vero
3347 5254 3566 5298 sanctus

1972 5327 2104 5381 papa
2135 5314 2428 5382 Gregorius
2459 5316 2550 5367 lib.
2586 5331 2642 5378 ll,
2692 5316 2879 5369 lndict.
2916 5319 3013 5378 10,
3057 5317 3224 5385 Epist.
3257 5317 3349 5378 37,
3385 5315 3566 5369 laudat

1969 5398 2032 5456 ex
2068 5385 2358 5454 Cypriane.
2396 5385 2615 5440 Videtur
2659 5399 2838 5441 autem
2888 5397 3164 5456 acceptum
3212 5405 3275 5441 ex
3323 5387 3458 5440 libro
3503 5387 3565 5438 de

1971 5453 2185 5524 Duplici
2215 5459 2460 5527 martyrio
2487 5458 2554 5510 ad
2583 5457 2953 5522 Fortunatam,
2987 5453 3038 5511 in
3068 5474 3174 5527 quo
3204 5459 3271 5512 ita
3301 5459 3560 5526 scriptum

1968 5535 2081 5599 est:
2118 5527 2295 5599 Neque
2320 5530 2454 5581 enim
2486 5531 2653 5583 statim
2683 5541 2878 5598 martyr
2902 5539 2974 5582 est
3001 5531 3087 5598 qui
3117 5531 3386 5584 occiditur.
3420 5528 3563 5582 Occi-

1969 5596 2156 5650 duntur
2179 5596 2226 5652 et
2256 5601 2431 5652 sicarii
2461 5611 2506 5652 et
2540 5603 2737 5667 piratu'.
2776 5596 2891 5654 Non
2920 5596 3229 5670 supplicauit
3260 5603 3382 5668 facit
3415 5617 3558 5653 mar-

1967 5679 2146 5738 tyrem,
2176 5672 2264 5724 sed
2290 5687 2468 5725 causa.
2496 5675 2584 5727 Sic
2633 5673 2924 5727 Primasius
2954 5676 3002 5725 in
3031 5683 3190 5741 caput
3214 5673 3429 5726 tertiqu
3453 5672 3560 5741 epi-

1965 5742 2121 5794 stola:
2153 5742 2296 5796 Pauli
2328 5745 2394 5795 ad
2423 5742 2632 5797 Galatas
2658 5745 2731 5797 ait
2757 5761 2767 5797 :
2801 5743 2963 5797 Reum
2990 5761 3091 5797 non
3123 5746 3245 5814 facit
3275 5760 3442 5812 paena,
3467 5744 3558 5797 sed

1964 5829 2138 5867 causa.
2177 5815 2240 5887 [ﬁt
2270 5827 2487 5869 sanctus
2530 5816 2885 5887 Hieronymus
2916 5817 2967 5870 in
3001 5817 3138 5870 libro
3177 5817 3415 5871 secundo
3454 5815 3554 5868 ad-

1964 5899 2136 5940 versus
2167 5885 2442 5957 Ruﬁnum,
2479 5888 2700 5959 loquens
2731 5885 2800 5945 de
2828 5888 3106 5954 charitate,
3141 5903 3299 5960 quam
3329 5888 3404 5942 ait
3432 5901 3552 5943 esse
