4252 6258
232 410 237 417 ’
276 416 394 474 797

1012 398 1357 459 EPISTOLA
1394 393 1512 454 XII.
1554 394 1613 453 S.
1652 387 1976 449 CYPRIANI
2016 387 2109 446 AD
2147 382 2553 443 CORNELIUM
2593 379 2852 439 PAPAM.

3497 357 3605 418 798

288 533 551 604 Satyrum
608 525 830 583 lratrem
879 530 1127 579 nostrum
1189 518 1501 592 acolytbum
1556 515 1747 570 misisti
1774 556 1788 580 ,
1841 522 1896 568 et
1923 510 1975 573 A
2000 508 2056 566 et
2082 508 2248 564 multa
2281 505 2455 576 turpia
2485 518 2548 559 ac
2574 499 2836 572 probrosa
2879 502 2932 550 et
2956 505 3050 549 ore
3074 486 3370 604 suadigtta
3400 480 3614 604 prpter-

288 623 602 685 dilectionis
640 619 929 684 fraterna,
972 628 1028 674 et
1066 614 1449 672 ecclesiastica:
1477 611 1773 683 disciplina:
1794 651 1810 676 ,
1844 616 1901 664 et

289 717 647 779 sacerdotalis
691 727 935 770 censura:
983 709 1114 766 satis
1162 710 1350 779 plenas
1380 748 1401 774 ,
1449 706 1639 778 quibus
1691 701 1901 770 signiti-

289 815 429 874 casti
485 810 878 868 Felicissimqu
940 807 1148 860 hostem
1177 802 1378 858 Christi
1403 816 1509 855 non
1540 813 1736 853 novum
1756 840 1770 863 ,
1801 796 1900 853 sed

285 910 400 984 jam
447 906 654 979 pridem
692 903 763 959 ob
803 900 1030 957 crimina
1065 913 1160 954 sua
1206 897 1437 968 plurima
1485 903 1541 950 et
1576 891 1896 965 gravissima

291 1004 597 1058 abstentum
622 1039 636 1061 ,
669 994 724 1051 et
752 1009 859 1049 non
895 997 1097 1047 tantum
1130 1004 1249 1044 mea
1274 1030 1290 1056 ,
1330 986 1423 1044 sed
1452 998 1506 1042 et
1544 986 1899 1067 plurimorum

293 1095 749 1166 coepiscoporum
787 1083 1058 1143 sententia
1089 1078 1531 1147 condemnatum,
1574 1078 1838 1150 rejectum
1868 1092 1900 1132 a

296 1202 352 1249 te
380 1199 407 1228 α
436 1189 548 1245 illic
602 1201 723 1242 esse
752 1181 803 1249 1';
837 1192 892 1239 et
916 1198 1037 1240 cum
1069 1180 1308 1236 venisset
1345 1182 1574 1249 stipatus
1598 1188 1818 1233 caterva
1846 1184 1903 1231 et

294 1284 535 1342 factione
581 1280 990 1350 desperatorum
1022 1315 1039 1342 ,
1079 1274 1265 1344 vigore
1338 1270 1498 1341 pleno
1523 1313 1537 1335 ,
1591 1285 1699 1341 quo
1732 1280 1754 1309 ο
1788 1269 1902 1339 epi-

297 1391 497 1448 scopos
523 1390 684 1446 agere
711 1379 947 1442 oportet,
979 1369 1190 1440 pulsum
1214 1366 1281 1421 de
1310 1365 1554 1422 Ecclesia
1584 1360 1613 1401 ἀ
1635 1380 1757 1420 esse
1783 1382 1797 1419 :
1832 1363 1903 1420 de

298 1488 402 1544 qua
427 1470 536 1541 jam
569 1466 774 1539 pridem
802 1480 921 1520 cum
955 1462 1035 1518 sui
1065 1460 1332 1516 similibus
1355 1502 1371 1529 ,
1407 1459 1501 1514 Dei
1528 1458 1809 1528 majestate
1847 1468 1903 1513 et

298 1568 497 1625 Christi
528 1560 740 1619 Domini
769 1571 821 1617 et
847 1559 1045 1632 judicis
1076 1557 1243 1613 nostri
1272 1554 1567 1612 severitate
1591 1595 1608 1621 ,
1643 1551 1905 1621 depulsus

300 1670 427 1728 est;
465 1676 533 1715 ne
579 1655 887 1713 schismatis
924 1662 979 1708 et
1017 1649 1229 1707 discidii
1276 1660 1501 1715 auctor,
1549 1662 1617 1701 ne
1661 1645 1903 1716 pecuniae

296 1755 605 1816 commissa:
634 1750 737 1806 sibi
767 1748 1075 1815 fraudator,
1110 1762 1179 1802 ne
1204 1754 1478 1816 stuprator
1503 1742 1768 1814 virginum
1788 1784 1803 1808 ,
1834 1757 1903 1798 ne

300 1847 771 1908 matrimoniorum
800 1842 1092 1899 multorum
1123 1839 1479 1911 depopulator
1500 1848 1661 1908 atque
1678 1852 1903 1909 corrup-

2003 613 2144 660 rent.
2199 599 2353 669 Quod
2394 599 2440 654 si
2460 598 2528 652 ita
2559 610 2649 651 res
2676 600 2760 649 est
2789 633 2805 657 ,
2849 590 3013 644 frater
3039 582 3382 646 charissime,
3421 584 3482 633 ut
3517 591 3615 633 ne-

2002 696 2383 767 quissimorum
2442 691 2693 744 timeatur
2741 681 2962 737 audacia
2992 720 3008 744 ,
3048 674 3271 747 etquod
3324 670 3451 728 mali
3491 669 3615 739 jure

2001 762 2164 858 atque
2193 787 2443 857 atquitate
2488 798 2596 837 non
2643 784 2906 850 possunt,
2953 768 3259 827 temeritate
3303 780 3367 820 ac
3411 762 3611 833 despe-

2001 883 2213 938 ratione
2240 879 2521 952 perficiant
2551 918 2567 943 ,
2612 883 2791 930 actum
2832 878 2916 926 est
2953 867 3021 923 de
3049 865 3391 936 episcopatus
3421 860 3611 931 vigore

2002 985 2056 1033 et
2080 975 2147 1030 de
2172 973 2429 1029 Ecclesia:
2459 965 2824 1042 gubernandae
2869 960 3084 1017 sublimi
3124 974 3187 1014 ac
3216 957 3395 1012 divina
3423 962 3605 1025 potes-

2005 1079 2158 1125 tate:
2190 1082 2293 1123 nec
2321 1064 2610 1122 Christiani
2652 1060 2790 1115 ultra
2831 1067 2922 1111 aut
2957 1055 3155 1110 durare
3208 1058 3301 1106 aut
3341 1062 3460 1103 esse
3499 1048 3612 1116 jam

2005 1176 2329 1235 possumus,
2378 1159 2422 1214 si
2470 1156 2538 1212 ad
2586 1156 2688 1210 hoc
2731 1162 2950 1210 ventum
2996 1159 3121 1215 est,
3173 1154 3232 1200 ut
3279 1143 3613 1216 perditorum

2004 1256 2179 1310 minas
2205 1263 2362 1324 atque
2391 1249 2608 1305 insidias
2635 1246 3101 1318 pertimescamus.
3121 1240 3255 1295 Nam
3288 1246 3343 1293 et
3369 1236 3614 1293 Gentiles

2004 1363 2059 1408 et
2087 1350 2256 1408 Judtei
2298 1350 2573 1404 minantur
2602 1386 2618 1412 ,
2649 1354 2702 1400 et
2743 1341 2982 1397 haeretici
3029 1348 3189 1409 atque
3216 1349 3407 1391 omnes
3432 1374 3448 1399 ,
3482 1347 3617 1404 quo-

2004 1462 2124 1503 rum
2157 1454 2372 1516 pectora
2404 1449 2458 1496 et
2488 1449 2696 1494 mentes
2723 1434 2970 1491 diabolus
2995 1431 3208 1487 obsedit
3238 1471 3255 1496 ,
3284 1434 3607 1483 venenatam

2005 1540 2208 1596 rabiem
2257 1550 2409 1590 suam
2458 1530 2697 1604 quotidie
2740 1529 2938 1584 furiosa
2995 1539 3126 1580 voce
3160 1531 3469 1578 testantur:
3502 1534 3613 1574 non

2005 1645 2184 1692 tamen
2213 1631 2413 1686 idcirco
2436 1625 2736 1684 cedendum
2778 1633 2901 1689 est,
2935 1621 3060 1693 quia
3101 1618 3372 1675 minantur
3402 1630 3417 1681 ;
3460 1621 3554 1669 aut
3587 1608 3608 1649 ί

2005 1729 2130 1785 ideo
2175 1724 2514 1782 adversarius
2552 1719 2801 1775 inimicus
2846 1715 3019 1787 major
3066 1721 3150 1770 est
3188 1708 3439 1773 Christo,
3490 1706 3615 1777 quia

2006 1829 2211 1876 tantum
2240 1817 2341 1872 sibi
2371 1814 2603 1870 vindicat
2646 1820 2701 1868 et
2730 1808 2956 1865 assumit
2986 1808 3038 1862 in
3073 1804 3271 1861 saeculo
3300 1812 3349 1856 ε.
3390 1799 3614 1856 Manere

788 1952 1044 2008 sponsam
1069 1891 1294 1991 apag;
1932 1907 1982 1970 Β
2009 1910 2148 1982 apud
2181 1924 2278 1965 nos
2304 1906 2464 1963 debet
2489 1948 2503 1970 ,
2540 1904 2706 1959 frater
2732 1899 3052 1956 charissime
3085 1937 3101 1962 ,
3148 1893 3274 2003 ﬁdei
3311 1891 3476 1948 robur
3506 1891 3612 1946 im-

302 2047 414 2094 tatu
435 2077 452 2104 ,
487 2030 730 2106 pudicam
751 2074 765 2099 ,
797 2030 1101 2102 praesentiae
1128 2044 1241 2084 sum
1262 2026 1528 2084 dedecore
1553 2036 1608 2083 et
1637 2024 1907 2097 impudica

300 2139 466 2202 atque
489 2127 691 2183 incesta
737 2123 1060 2195 contagione
1084 2120 1333 2177 violaret.

372 2284 436 2340 Il.
477 2282 587 2339 Sed
618 2283 761 2339 enim
793 2280 929 2337 lecta
958 2281 1060 2337 alia
1090 2279 1313 2352 epistola
1338 2288 1425 2335 tua
1455 2320 1470 2346 ,
1505 2278 1672 2336 frater
1696 2322 1709 2345 ,
1743 2295 1903 2352 quam

308 2377 497 2451 primis
524 2376 717 2431 litteris
761 2375 1085 2446 subjnnxisti
1110 2416 1125 2441 ,
1169 2374 1298 2429 satis
1328 2374 1552 2428 miratus
1583 2388 1702 2428 sum
1736 2391 1749 2428 :
1780 2388 1905 2429 cum

309 2469 806 2527 animadvertissem
827 2511 842 2535 ,
878 2477 931 2523 te
958 2468 1116 2521 minis
1142 2481 1203 2521 ac
1227 2465 1524 2521 terroribus
1552 2480 1740 2521 eorum
1768 2508 1783 2534 ,
1814 2466 1907 2535 qui

305 2572 565 2620 venerant
590 2604 604 2628 ,
636 2563 965 2632 aliquantum
996 2574 1116 2616 esse
1143 2569 1472 2617 commotum
1497 2577 1513 2627 ;
1543 2575 1665 2615 cum
1691 2569 1742 2615 te
1767 2601 1783 2627 ,
1815 2574 1907 2616 se-

305 2658 540 2716 cundum
569 2654 714 2729 quod
734 2655 997 2727 scripsisti
1022 2699 1037 2721 ,
1068 2656 1270 2727 agressi
1302 2663 1517 2719 essent.
1550 2670 1671 2710 cum
1698 2669 1909 2712 summa

306 2750 685 2823 desperatione
711 2749 1104 2806 comminantes
1126 2791 1141 2815 ,
1173 2750 1317 2821 quod
1345 2750 1392 2806 si
1421 2749 1626 2806 litteras
1654 2766 1788 2820 quas
1824 2760 1907 2806 at-

305 2845 581 2913 tulerant,
608 2859 716 2901 non
746 2844 1049 2915 accepisses
1076 2886 1091 2912 ,
1139 2844 1349 2914 publice
1377 2853 1400 2882 ε
1433 2860 1526 2900 eas
1568 2846 1862 2902 recitarent
1890 2890 1907 2918 ,

2010 2004 2259 2070 mobile;
2309 2012 2365 2059 et
2408 2001 2616 2058 Stabilis
2654 2009 2815 2071 atque
2845 1998 3163 2052 inconcussa
3214 1992 3384 2046 virtus
3428 1995 3618 2044 contra

2010 2113 2202 2155 omnes
2250 2097 2498 2154 incursus
2565 2104 2726 2163 atque
2778 2091 3011 2161 impetus
3060 2082 3439 2141 oblatrantium
3488 2078 3621 2134 ﬂuc-

2009 2200 2160 2248 tuum
2186 2233 2203 2259 ,
2234 2189 2383 2244 velut
2415 2196 2583 2258 petrae
2631 2183 2931 2255 objacentis
2970 2176 3283 2235 fortitudine
3328 2183 3385 2230 et
3426 2169 3568 2225 mole
3598 2211 3615 2236 ,

2010 2286 2174 2343 debet
2198 2282 2483 2340 obsistere.
2541 2278 2652 2335 Nec
2688 2279 2916 2351 interest
2942 2273 3083 2329 unde
3115 2272 3371 2342 episcopo
3398 2273 3489 2319 aut
3514 2272 3622 2319 ter-

2010 2394 2102 2435 ror
2128 2387 2217 2432 aut
2247 2376 2539 2445 perieulum
2567 2371 2747 2427 veniat
2772 2387 2788 2437 ;
2820 2368 2911 2439 qui
2942 2364 3245 2423 terroribus
3275 2370 3331 2416 et
3359 2354 3618 2431 periculis

2009 2470 2141 2527 vivit
2179 2468 2476 2532 obnoxius,
2509 2475 2564 2520 et
2602 2475 2784 2518 tamen
2830 2460 2890 2514 lit
2930 2458 2999 2514 de
3051 2456 3184 2528 ipsis
3217 2451 3513 2509 terroribus
3554 2463 3619 2504 ac

2012 2563 2263 2637 periculis
2302 2561 2590 2632 gloriosus.
2639 2557 2824 2624 Neque
2863 2553 3006 2608 enim
3045 2549 3187 2605 solas
3213 2543 3503 2604 Gentilium
3529 2540 3617 2597 vel

2011 2660 2320 2716 Judaeorum
2350 2657 2522 2712 minas
2543 2653 2778 2725 cogitare
2804 2657 2858 2704 et
2883 2655 3129 2720 spectare
3153 2642 3414 2698 debemus
3441 2656 3456 2705 ;
3488 2650 3614 2692 cum

2011 2754 2330 2818 videamus,
2378 2751 2552 2822 ipsum
2601 2745 2884 2802 Dominum
2933 2750 3176 2796 nostrum
3209 2732 3235 2772 δ
3281 2750 3313 2790 a
3360 2730 3617 2787 fratribus

2012 2866 2133 2909 esse
2178 2850 2453 2905 detentum
2484 2844 2503 2918 (
2532 2843 2700 2898 Marc.
2733 2855 2813 2909 tu,
2842 2837 2908 2893 21
2934 2836 2955 2910 )
2982 2844 3038 2893 et
3066 2833 3134 2890 ab
3158 2846 3257 2902 eo,
3285 2825 3617 2902 quem_inter

1537 2959 1918 3022 LECTIONES
1952 2962 2368 3022 VARIANTES.

371 3053 398 3085 ⁸
432 3052 507 3115 Te
529 3050 581 3104 in
601 3052 789 3115 duobus
827 3065 945 3115 mss.
984 3048 1119 3115 Cotb.
1145 3057 1193 3103 et
1222 3049 1417 3115 Anglic.
1446 3053 1586 3104 Pem.
1616 3056 1744 3108 Bod.
1769 3059 1820 3109 5.
1846 3056 1890 3108 Δ

305 3125 357 3169 te
372 3115 434 3180 in
455 3114 569 3168 aliis
590 3113 832 3168 nonnullis
852 3112 934 3180 hic
953 3112 1158 3165 additur
1170 3128 1195 3180 _:
1216 3112 1345 3180 quod
1366 3128 1808 3180 supervacaneum.

368 3178 474 3245 hﬂA
496 3188 566 3239 te,
592 3187 644 3229 et
669 3180 794 3231 Bod.
821 3180 869 3239 l,
888 3178 936 3230 2.
966 3180 1101 3229 Lam.
1126 3176 1267 3231 Ebur.
1292 3178 1402 3231 NG.
1430 3176 1477 3231 1.
1504 3179 1763 3245 Rejectum
1798 3190 1852 3236 et
1876 3197 1905 3235 a

305 3257 364 3294 se
388 3243 487 3293 illic
513 3256 643 3291 esse.

368 3309 392 3339 ο
430 3306 587 3354 Plena
606 3302 739 3355 quod
763 3300 888 3355 Bod.
922 3304 965 3354 1.

371 3368 401 3410 ἆ
435 3368 512 3421 Δὶ)
529 3367 751 3421 Ecclesia
773 3367 1071 3431 prohibitum
1102 3371 1220 3418 Ver.

2063 3061 2087 3090 °
2128 3057 2190 3109 Ut
2215 3054 2414 3118 publice
2440 3050 2569 3105 Bod.
2597 3053 2647 3102 5.

2073 3118 2097 3159 ι
2131 3102 2667 3180 ὁὶιῖεῐῖιῆιὶέιῃὶςέέζιιεο
2688 3112 2803 3164 inde
2828 3108 2930 3163 Ltn.
2956 3108 3065 3162 Νι).
3097 3108 3149 3158 a.
3192 3105 3291 3157 Aut
3327 3102 3445 3155 inde
3483 3104 3616 3154 Lam.

2011 3185 2121 3237 ΝΟ.
2150 3178 2196 3235 ἰ.
2226 3181 2369 3231 Ebor.
2400 3178 2533 3231 συιδ.
2560 3185 2605 3228 τ.

2076 3250 2103 3285 κ
2139 3246 2196 3297 In
2218 3247 2316 3295 isto
2337 3242 2522 3294 seculo
2547 3238 2672 3292 Bod.
2702 3242 2746 3289 t.

2075 3309 2110 3349 ιι
2140 3307 2372 3361 Nostrum
2395 3305 2529 3358 deest
2549 3302 2602 3355 in
2626 3306 2785 3355 Oxon.
2826 3306 2830 3311 ‘

1617 3454 1974 3516 VARIORUM
2009 3450 2239 3513 NOTE.

307 3576 657 3650 lumniantur.
687 3574 863 3650 Porro
880 3575 1165 3650 rectiusne
1184 3575 1513 3650 inscribatur
1540 3577 1812 3650 acolythus
1831 3594 1902 3634 an

308 3649 611 3715 «calathus,
636 3644 840 3703 nescio.
871 3642 1032 3701 Certe
1063 3663 1166 3703 ms.
1194 3647 1315 3704 cod.
1349 3662 1540 3704 omnes
1570 3658 1626 3704 et
1657 3642 1785 3705 dicti
1810 3665 1901 3704 ve-

313 3731 478 3783 teres,
528 3720 716 3789 synod.
761 3733 976 3789 quoque
1015 3716 1267 3787 Carthag.
1315 3718 1562 3775 Griecum
1603 3722 1898 3787 exemplar,

308 3790 487 3862 priori
503 3790 662 3843 modo
700 3789 917 3862 legunt,
943 3789 1108 3859 quue
1132 3793 1345 3847 ἀπὸτοῦ
1384 3794 1606 3855 κωλύειν,
1648 3794 1789 3861 quod
1821 3803 1904 3847 est

310 3861 628 3931 prohibere,
673 3869 733 3915 ut
762 3861 971 3914 dicatur
1004 3876 1111 3915 non
1143 3864 1442 3931 prohibitus
1484 3866 1579 3919 sed
1623 3866 1828 3918 solutus
1850 3875 1903 3918 et

310 3934 474 3999 liber,
510 3942 563 3986 et
582 3932 669 3987 cui
688 3931 799 3999 jam
830 3933 1036 3986 initiato
1066 3936 1235 3988 sacris
1255 3949 1313 3989 se
1346 3935 1577 3990 miscere
1607 3934 1761 3989 liceat
1781 3977 1794 3997 ,
1825 3945 1903 3989 nt-

311 4013 439 4076 pote
468 4004 557 4074 qui
588 4001 960 4076 hypodiocouo
988 4007 1264 4059 urceolum
1295 4022 1522 4060 vacuum
1566 4006 1907 4061 administret

312 4075 378 4132 ad
404 4076 584 4129 vinum
611 4075 1083 4145 suppeditandum.
1120 4077 1222 4130 Alii
1248 4078 1337 4143 qui
1374 4079 1671 4132 acoluthum
1703 4080 1904 4146 legunt,

312 4150 739 4216 interpretantur
764 4150 869 4203 ἀπὸ
898 4153 992 4203 τοῦ
1023 4149 1324 4213 etnobilem,
1352 4149 1403 4204 id
1438 4160 1521 4204 est
1554 4167 1582 4203 a
1607 4150 1906 4220 sequendo,

313 4231 371 4294 ut
398 4222 470 4275 sit
495 4221 644 4294 quasi
678 4221 1034 4289 pedisseqtttts
1059 4230 1113 4273 et
1142 4221 1390 4276 minister
1429 4221 1773 4294 superiorum
1816 4235 1907 4276 or-

311 4291 516 4347 dinum.
550 4291 754 4346 PAIEL.

386 4361 657 4437 Saturum,
684 4372 841 4437 antea
869 4360 1127 4419 lectorem
1154 4364 1505 4437 constitutum
1530 4379 1559 4418 a
1593 4374 1779 4421 sancto
1807 4362 1912 4437 Cy-

312 4434 524 4505 priano.
563 4433 695 4488 Vide
719 4435 879 4501 epist.
911 4450 1060 4499 xxrv,
1095 4448 1251 4497 XXIX,
1284 4451 1453 4490 xxxu.
1483 4436 1684 4492 Bawz.

386 4506 711 4577 Acolytlmm.
743 4506 972 4562 Secutus
1012 4522 1130 4559 Stltlt
1175 4508 1449 4576 vulgarem
1488 4508 1758 4563 scribendi
1799 4525 1915 4563 mo-

313 4577 439 4632 dum
458 4618 474 4641 ,
501 4576 745 4646 quantivis
775 4579 940 4632 sciam
971 4578 1229 4645 scriptum
1261 4595 1383 4634 esse
1413 4579 1467 4633 in
1498 4580 1747 4634 omnibus
1775 4581 1912 4635 auti-

314 4650 434 4729 quis
462 4649 859 4729 exemplaribus
889 4656 943 4704 et
972 4650 1298 4729 editionibus
1327 4654 1589 4729 acolytum
1618 4651 1735 4729 sine
1764 4652 1909 4722 aspi-

312 4721 555 4781 ratione,
601 4720 673 4773 uti
716 4719 874 4774 etiam
919 4720 1161 4775 scrilnmt
1203 4722 1298 4775 viri
1342 4719 1636 4778 doctissimi
1676 4719 1911 4778 Jacolius

314 4790 479 4855 Goar,
512 4789 812 4873 Dominicus
838 4790 1068 4857 Macrus,
1100 4802 1153 4847 ct
1176 4792 1427 4873 Cangitts.
1459 4794 1705 4849 Nondum
1733 4806 1910 4849 autem

314 4864 568 4916 convenit
597 4864 732 4918 inter
761 4865 1080 4932 interpretes
1107 4866 1247 4921 unde
1274 4864 1577 4920 derivatum
1605 4867 1676 4921 sit
1701 4868 1802 4920 hoc
1830 4882 1916 4921 vo-

313 4933 598 4999 cabulum,
635 4943 689 4988 ttt
718 4934 838 4988 istic
868 4938 1027 4989 etiam
1058 4936 1334 4991 annotavit
1365 4938 1651 4993 Pamelius.
1692 4937 1783 4992 Vir
1812 4938 1914 4993 do-

315 5006 589 5059 etissimus
615 5005 851 5061 Joannes
881 5004 1121 5061 Moriuus
1151 5008 1203 5062 in
1245 5024 1409 5077 Opere
1449 5009 1516 5063 de
1557 5011 1725 5064 sacris
1766 5010 1915 5065 ordi-

315 5077 626 5160 nationibus
654 5078 729 5131 ait
755 5077 1130 5160 acolytl_ttirutn
1161 5082 1491 5160 mentionem
1521 5082 1764 5151 nuspiatn
1796 5080 1915 5138 ﬁeri

314 5148 419 5202 nisi
452 5158 574 5217 post
603 5162 805 5203 annum
835 5164 863 5202 a
882 5147 1116 5205 Christo
1146 5162 1273 5205 nato
1299 5151 1426 5207 250.
1462 5147 1662 5208 Bawi.

387 5218 1446 5297 Felicissimum.“Adversariutnsancti
1500 5225 1786 5297 Cypriani,
1841 5224 1919 5281 uti

314 5290 560 5362 pluribus
609 5291 850 5348 ostendit
901 5292 1203 5364 Cyprianus
1252 5293 1307 5349 iu
1359 5294 1459 5351 hac
1505 5290 1619 5364 ipsa
1665 5296 1916 5367 epistola.

1436 5366 1633 5423 BALUZ.

389 5431 729 5510 ᾼιιξιεηιιιηι.⁸
754 5431 882 5510 [late
912 5445 1008 5510 est
1053 5452 1179 5510 vera
1216 5437 1375 5494 lectio
1398 5480 1413 5504 ,
1457 5455 1619 5510 quam
1654 5439 1832 5494 inveni
1865 5439 1917 5494 in

315 5508 596 5581 codicibus
621 5506 877 5577 antiquis.
911 5507 1202 5563 Recentior
1233 5506 1577 5581 ltemigianus
1605 5521 1659 5565 et
1685 5510 1920 5565 Beccen-

315 5580 394 5634 sis
424 5578 628 5632 habent
653 5588 927 5634 ostentum.
950 5581 1086 5635 Octo
1113 5581 1201 5634 alii
1236 5578 1450 5636 veteres
1480 5590 1532 5636 et
1565 5590 1773 5635 veteres
1805 5582 1920 5636 edi-

318 5652 497 5729 tiones
521 5658 796 5729 ostensum.
823 5650 1159 5729 Qttatuquatu
1183 5664 1360 5706 autem
1392 5669 1497 5706 non
1525 5651 1761 5707 dubitem
1791 5654 1919 5723 quin

318 5721 404 5774 Ine
444 5720 704 5773 teetinnes
728 5722 834 5775 sint
865 5722 1186 5789 falsissiune,
1220 5739 1311 5777 eas
1353 5736 1529 5779 tamen
1570 5720 1821 5778 annotavi
1864 5735 1922 5781 ut

319 5788 668 5873 liincncolligi
714 5790 867 5873 facile
913 5796 1082 5873 possit
1119 5788 1350 5864 quonam
1398 5795 1557 5851 modo
1602 5796 1919 5851 introducta:

318 5862 610 5946 sinttalsze
638 5865 895 5946 lectiones
924 5867 980 5920 in
1009 5862 1792 5946 libros_veteruni.scriptorum
1825 5884 1920 5937 per

319 5936 587 5993 inscitiam
618 5945 673 5992 et
698 5936 981 5996 audaciam
1019 5938 1387 5998 librariorum.
1428 5938 1560 5997 Utar
1585 5936 1778 5998 autem
1815 5936 1918 5997 hac

2006 3574 2295 3631 occasione
2317 3578 2376 3627 ut
2398 3570 2630 3627 referam
2652 3583 2871 3625 versum
2893 3583 2958 3624 es
2976 3563 3334 3622 instructions:
3361 3562 3434 3619 59
3453 3560 3615 3617 Com-

2009 3645 2278 3711 modiani,
2326 3659 2430 3699 non
2471 3642 2773 3713 cuiusmodi
2817 3639 2998 3713 editos
3035 3648 3116 3713 est
3154 3651 3185 3691 tt
3229 3636 3498 3713 Rigaltio,
3527 3632 3616 3713 qui

2008 3718 2157 3772 illum
2188 3705 2328 3771 male
2369 3705 2704 3778 emendavit,
2746 3712 2842 3769 sed
2885 3726 2953 3766 eo
2991 3710 3149 3763 modo
3184 3723 3291 3779 quo
3333 3705 3614 3779 legitur_itt

2008 3790 2174 3844 veteri
2205 3789 2392 3843 codice
2418 3776 2731 3841 monasterii
2763 3782 2934 3837 sancti
2968 3780 3144 3836 Albini
3186 3776 3617 3841 tndegavensis;

2009 3876 2076 3915 ex
2105 3875 2210 3928 quo
2251 3857 2570 3913 Sirmoiulus
2617 3855 2919 3928 descripsit.
2972 3853 3105 3928 Nam
3149 3850 3408 3919 Rigaltius
3453 3848 3618 3928 ed‘iéit

2009 3947 2077 3985 ex
2103 3918 2412 3999 aliograpliti
2443 3927 2733 3999 Sirmondi,
2763 3918 2816 3982 et
2844 3941 2950 3981 non
2981 3923 3107 3979 vidit
3132 3918 3287 3978 vetus
3314 3918 3612 3990 exemplar.

2014 4002 2104 4058 Sic
2135 3996 2264 4071 ergo
2296 3996 2457 4055 habet
2485 4014 2672 4055 versus
2697 3996 2818 4053 ille:

2140 4111 2338 4162 Induite
2362 4119 2533 4162 vestes
2555 4123 2679 4174 quas
2699 4112 2901 4173 Oportet
2923 4105 3081 4170 frigus
3104 4112 3161 4157 ut
3183 4110 3380 4166 ostent,

2014 4221 2219 4290 Optimo
2249 4236 2432 4277 sensu.
2466 4221 2661 4275 Ostare
2692 4218 2857 4289 frigus
2886 4218 3209 4290 estﬂauferre
3235 4214 3316 4269 vel
3348 4211 3615 4283 impedire

2016 4287 2205 4366 frigus.
2241 4293 2428 4360 Unde,
2459 4292 2633 4365 inquit
2661 4287 2927 4361 Catigius,
2959 4287 3097 4346 Galli
3126 4287 3423 4414 eﬂt'BCeNllﬂ
3460 4294 3615 4340 aster.

3249 4373 3407 4414 suum.

3249 4373 3407 4414 Αιιιι.

2091 4437 2423 4509 Episcopum.
2443 4434 2520 4492 Ita
2546 4447 2758 4509 veteres
2783 4433 3050 4509 editiones
3074 4430 3403 4509 ct_ntn_lecint
3427 4437 3616 4509 vetera

2017 4500 2368 4581 exemplaria.
2414 4509 2598 4577 Neque
2635 4507 2823 4581 dubito
2865 4505 2991 4577 quin
3028 4520 3090 4560 ea
3137 4504 3293 4581 lectio
3337 4501 3524 4556 melior
3553 4500 3623 4555 sit

2017 4575 2193 4652 quant
2210 4598 2273 4637 ea
2301 4597 2421 4652 qua:
2453 4575 2614 4635 habet
2640 4575 2938 4652 episcopos,
2963 4575 3251 4652 tamenetsi
3295 4590 3359 4652 ea
3401 4588 3619 4652 quoque

2017 4643 2402 4725 reperiatur'in
2432 4643 2752 4725 quibusdam
2782 4643 3451 4725 vetustisexemplaribus.
3482 4643 3617 4699 Nam

2018 4720 2176 4796 paulo
2207 4736 2324 4795 post
2353 4725 2511 4780 dicit:
2547 4720 2657 4796 Nec
2684 4725 2893 4796 interest
2922 4721 3057 4775 unde
3082 4721 3317 4790 episcopo
3346 4724 3436 4771 aut
3461 4726 3624 4771 terror

2016 4808 2103 4850 aut
2137 4796 2422 4866 periculum
2452 4795 2643 4850 veniat.
2676 4795 2874 4850 Bawz.

2091 4860 2154 4923 ll.
2185 4899 2257 4912 -—
2281 4869 2408 4922 Cum
2448 4867 2939 4921 animadvertissem.
2983 4862 3111 4920 Hinc
3152 4860 3326 4917 omitti
3370 4868 3621 4928 poterant

2019 4938 2221 5009 absque
2264 4942 2373 4996 ullo
2413 4938 2693 5008 di~pendio
2753 4939 2953 5009 llesunt
2989 4946 3167 4988 autem
3209 4931 3620 5009 ill_t|t|ihllsdc'lfl]

2019 5002 2294 5067 codicibus
2320 5002 2572 5081 antiquis.
2603 5008 2948 5081 Retinuintus
2968 5017 3169 5081 tamen,
3197 5005 3319 5081 quia
3346 5002 3626 5081 exstantia

2020 5083 2251 5153 antiquis
2293 5075 2615 5138 editio'nibus
2654 5091 2710 5136 et
2751 5079 2804 5134 in
2844 5077 3162 5150 quibusdam
3196 5075 3473 5133 codicibus
3504 5088 3620 5128 ma-

2022 5154 2332 5222 nuscriptis.
2367 5155 2566 5210 Bawz.

2096 5216 2317 5280 Litteras
2344 5242 2492 5295 quas.
2529 5227 2568 5277 Λ
2601 5221 2961 5295 schismaticis
2991 5221 3246 5277 nimirum
3275 5230 3328 5275 et
3358 5216 3626 5295 profanis,

2025 5304 2082 5351 ut
2111 5296 2253 5351 dicet
2278 5288 2435 5351 infra.
2467 5295 2694 5360 Scripta:
2716 5293 2914 5363 quippe
2940 5303 3097 5347 erant
3122 5296 3385 5348 adversus
3409 5288 3634 5360 Cypria-

2025 5383 2173 5423 num.
2202 5367 2267 5423 Et
2294 5367 2417 5424 ideo
2438 5365 2723 5422 Cornelius
2748 5380 2843 5420 eas
2871 5364 3116 5434 accipere
3146 5363 3425 5419 retinebat.

2179 5475 2206 5502 ς
3139 5436 3334 5491 Βλιυι.

2102 5510 2228 5565 Esse
2247 5510 2524 5565 detentum.
2544 5507 2891 5576 Quamvis'ita
2916 5509 3177 5576 scriptum
3194 5509 3263 5562 sit
3285 5508 3337 5561 in
3360 5504 3632 5560 veteribus

2026 5584 2178 5641 libris
2219 5593 2275 5637 et
2304 5583 2354 5637 in
2383 5580 2746 5645 editionibus,
2782 5589 2911 5650 puto
2942 5591 3121 5635 tamen
3152 5593 3394 5634 errorem
3423 5591 3546 5631 esse
3577 5577 3630 5630 in

2027 5656 2133 5711 hoc
2160 5656 2276 5709 loco
2304 5664 2360 5709 et
2388 5651 2669 5722 legendum
2697 5668 2819 5707 esse
2846 5652 3118 5707 desertum.
3153 5650 3284 5706 Nam
3312 5656 3520 5722 certum
3550 5655 3635 5722 est

2025 5728 2296 5784 Christum
2338 5721 2455 5780 non
2478 5724 2640 5778 tuisse
2670 5723 2949 5778 detentum
2978 5739 3007 5777 ει
3040 5724 3296 5778 fratribus
3324 5723 3440 5776 sive
3468 5721 3636 5774 disci~

2026 5799 2168 5869 pulis
2196 5795 2532 5869 suis,setla
2561 5794 2781 5869 ludat-is.
2842 5794 2992 5869 Unde
3046 5794 3185 5869 infra
3240 5795 3501 5869 scriptum
3551 5800 3634 5848 est

2024 5865 2301 5931 Christum
2330 5868 2652 5927 derelictum
2682 5867 2847 5924 fuisse
2872 5883 2902 5924 a
2927 5865 3361 5994 discipulisBsuis.

3240 5953 3361 5993 Αιω

3240 5953 3393 6005 Αιυῑ,
