4250 6224
616 263 722 325 799

1607 265 2043 325 ROMANORUM
2087 263 2504 324 PONTIFICUM
2551 264 2933 322 EPISTOL/E.

3836 261 3943 324 800

615 386 903 458 Apostolos
942 386 1060 458 ipse
1093 386 1406 460 delegerat,
1451 387 1720 459 proditum
1755 387 1775 458 (
1807 387 2174 451 Matthﬁxxvr
2203 432 2216 455 ,
2247 386 2300 445 A
2327 383 2420 439 erit
2451 394 2495 438 et
2522 385 2574 442 in
2598 400 2790 439 vermes
2822 385 2868 436 i.
2903 382 3077 438 Hodie
3113 383 3386 438 extolletur
3416 424 3430 449 ,
3462 392 3508 438 et
3536 399 3649 438 cras
3681 401 3781 439 natt
3810 384 3948 440 inve-

616 477 685 535 “
713 476 756 552 );
804 478 946 534 inter
970 479 1116 536 initia
1146 493 1360 551 quoque
1387 480 1569 534 mundi
1595 479 1729 535 Abel
1775 482 1977 550 justum
2014 482 2224 536 nonnisi

623 571 792 627 frater
823 571 1080 628 occiderit
1107 571 1260 642 (Gen.
1289 589 1359 637 tv,
1393 571 1482 645 8);
1507 582 1560 628 et
1585 573 1753 629 Jacob
1784 575 2070 643 fugientem
2105 590 2228 643 pcr-

614 675 833 722 secutus
857 667 927 722 sit
949 669 1112 722 frater
1133 668 1359 723 infestus
1379 667 1533 740 (Gen.
1559 685 1724 728 xxvn,
1750 669 1838 738 41)
1866 685 1879 733 ;
1911 681 1956 723 et
1985 668 2222 738 JOseph"

612 760 970 815 venumdatus
1005 761 1133 816 sita
1183 760 1437 815 fratribus
1495 760 1673 829 (Gen.
1735 778 1954 827 xxxvn,
1985 762 2121 830 ‘25);
2173 763 2223 816 in

615 851 908 922 Evangelio
946 854 1108 908 etiam
1156 854 1396 924 legamus
1440 867 1563 909 esse
1608 854 1924 924 prmdictum
1955 855 1979 893 ι’
2006 897 2020 921 ,
2058 857 2225 925 magis

616 943 947 1002 domesticos
989 947 1236 1002 inimicos
1269 946 1524 1019 luturos(
1560 947 1746 1002 Matth.
1791 965 1822 1003 x
1850 991 1864 1013 ,
1898 947 2007 1020 '50)
2041 959 2095 1004 et
2137 950 2224 1018 qui

616 1040 764 1110 prius
793 1041 1028 1113 c0pulali
1056 1050 1398 1096 sacramento
1430 1041 1794 1095 unanimitatis
1818 1041 2012 1096 fuerint
2033 1086 2047 1109 ,
2080 1044 2225 1112 ipsos

618 1133 847 1188 invicem
879 1133 1189 1188 tradituros.
1234 1133 1371 1188 Nihil
1400 1133 1623 1189 interest
1652 1134 1770 1204 quis
1804 1136 1976 1190 tradat
2006 1144 2096 1190 aut
2121 1151 2224 1190 sa:-

618 1228 728 1280 viat
756 1269 771 1292 ,
806 1243 928 1282 cum
960 1227 1101 1282 Deus
1133 1226 1268 1282 tradi
1303 1238 1325 1265 ο
1357 1228 1614 1296 permittit
1643 1237 1697 1282 et
1723 1230 1992 1284 coronari.
2040 1229 2225 1300 Neque

621 1319 778 1373 nobis
801 1316 828 1354 ά
849 1320 1136 1390 ignominia
1163 1329 1243 1374 est
1269 1320 1373 1389 pati
1411 1335 1441 1374 a
1475 1318 1736 1375 fratribus
1760 1321 1901 1391 quod
1935 1336 2122 1391 passus
2143 1331 2225 1376 est

623 1412 866 1469 Christus
885 1432 897 1467 :
915 1428 1014 1469 nec
1036 1414 1140 1468 illis
1165 1415 1335 1485 gloria
1367 1424 1450 1470 est
1474 1414 1650 1470 facere
1676 1416 1817 1485 quod
1842 1415 1970 1472 fecit
1993 1417 2160 1472 Judas
2177 1426 2222 1471 ο.

626 1507 755 1576 Qua:
802 1518 977 1563 autem
1026 1509 1106 1563 sui
1145 1507 1306 1564 elatio
1335 1516 1456 1574 est,
1499 1525 1618 1579 quae
1652 1510 2096 1564 comminantium
2142 1520 2228 1564 tu-

626 1614 781 1655 mens
807 1610 861 1654 et
887 1599 1067 1655 inﬂata
1094 1610 1149 1656 et
1170 1615 1303 1655 vana
1322 1600 1579 1669 jactatio;
1616 1601 1724 1655 illic
1747 1601 1955 1657 absenti
1983 1603 2180 1657 minari
2207 1645 2222 1667 ,

624 1707 746 1748 cum
789 1691 874 1747 hic
910 1708 997 1748 me
1038 1691 1270 1747 habeant
1297 1691 1350 1746 in
1379 1701 1644 1762 potestate
1677 1695 2042 1763 prmsentem?
2085 1694 2227 1750 Con-

2332 478 2500 530 nietur
2522 494 2542 543 ;
2570 477 2811 546 quoniam
2843 493 3115 532 conversus
3135 487 3207 530 est
3234 476 3286 530 in
3310 485 3495 530 terram
3517 494 3667 530 suam
3694 518 3710 545 ,
3740 487 3785 532 et
3811 479 3953 550 cogi-

2333 577 2456 629 latio
2505 577 2615 644 ejus
2657 576 2837 646 peribit
2865 573 2888 612 ¹ί
2925 576 2944 644 (
2977 575 2998 629 Ι
3030 574 3272 629 Machab.
3307 591 3368 640 ιι,
3412 574 3481 629 62
3576 576 3642 630 Et
3697 577 3889 631 iterum
3925 593 3940 633 :

2347 667 2465 721 Vidi
2488 669 2702 738 impium
2723 669 3037 734 exaltatum,
3066 678 3112 722 et
3139 669 3315 723 extolli
3337 685 3489 737 super
3516 670 3694 723 cedros
3720 669 3901 724 Libani
3921 687 3941 736 ;

2332 772 2377 815 et
2412 763 2656 827 transivi,
2706 773 2750 815 et
2794 778 2906 816 ecce
2944 779 3048 815 non
3088 762 3224 832 fuit;
3266 771 3312 814 et
3343 762 3548 830 quaesivi
3576 778 3689 816 eum
3714 804 3729 826 ,
3762 773 3810 817 et
3838 781 3942 818 non

2332 863 2404 907 est
2432 855 2660 908 inventus
2689 855 2826 908 locus
2866 856 2977 920 ejus
3003 853 3024 928 (
3054 852 3201 907 Psal.
3235 869 3398 908 xxxvr
3420 897 3432 918 ,
3462 855 3532 911 37
3563 856 3605 928 ).
3661 855 3938 912 Exaltatio

2330 958 2385 1004 et
2416 949 2618 1003 inﬂatio
2653 993 2664 1012 ,
2720 958 2773 1003 et
2804 963 3066 1019 arrogans
3111 963 3174 1003 ac
3220 950 3452 1020 superba
3481 950 3702 1020 jactatio
3745 966 3852 1007 non
3880 951 3951 1008 de

2329 1040 2528 1095 Christi
2563 1042 2871 1112 magisterio
2901 1082 2915 1105 ,
2959 1041 3050 1111 qui
3093 1041 3451 1096 humilitatem
3497 1043 3653 1098 docet
3682 1086 3698 1110 ,
3733 1045 3831 1100 sed
3880 1046 3954 1102 de

2332 1133 2649 1190 Antichristi
2682 1135 2873 1204 spiritu
2903 1136 3172 1205 nascitur,
3213 1137 3296 1190 cui
3328 1137 3656 1206 exprobrat1
3683 1155 3780 1211 per
3809 1140 3954 1195 Pro-

2330 1229 2546 1299 phetatn
2581 1229 2840 1283 Dominus
2860 1271 2874 1296 ,
2909 1239 2963 1284 et
2988 1230 3119 1284 dicit
3147 1249 3158 1284 :
3189 1229 3270 1284 Tu
3301 1243 3468 1286 autem
3497 1233 3678 1287 dixisti
3700 1235 3753 1288 in
3774 1236 3950 1292 animo

2331 1327 2417 1374 tuo
2447 1337 2464 1374 :
2492 1319 2522 1372 Ι
2528 1339 2557 1374 ιι
2586 1323 2766 1375 caelum
2796 1322 3100 1385 ascendam,
3125 1340 3276 1394 super
3300 1325 3471 1379 stellas
3503 1324 3601 1380 Dei
3651 1344 3838 1398 ponant
3867 1347 3952 1384 se-

2336 1413 2450 1467 dem
2485 1430 2649 1467 meam
2674 1431 2692 1477 ;
2723 1415 2903 1468 sedebo
2942 1415 2994 1467 in
3025 1426 3192 1469 monte
3217 1417 3321 1470 alto
3347 1457 3358 1481 ,
3396 1434 3550 1488 super
3593 1431 3789 1474 montes
3819 1423 3954 1478 altos

2331 1508 2384 1560 in
2431 1508 2718 1575 aquilonem
2741 1517 2778 1544 τη
2805 1509 3082 1563 ascendant
3113 1527 3266 1581 super
3293 1511 3480 1578 nubes,
3517 1529 3603 1567 ero
3637 1515 3822 1569 similis
3861 1517 3955 1570 Al-

2330 1600 2522 1654 tissinto
2560 1599 2578 1672 (
2612 1600 2720 1655 Isa.
2754 1617 2844 1655 XIV
2870 1642 2884 1666 ,
2921 1603 2988 1657 15
3011 1611 3064 1658 et
3091 1603 3157 1657 14
3187 1605 3225 1674 ).
3263 1604 3329 1659 Et
3355 1604 3562 1660 addidit
3594 1606 3820 1665 dicens:
3855 1609 3939 1665 Tu

2331 1709 2446 1748 vero
2471 1694 2538 1746 ad
2567 1695 2757 1765 inferos
2784 1675 3057 1750 descende:
3083 1697 3135 1750 in
3173 1698 3506 1767 fundamenta
3564 1708 3712 1754 terra:
3735 1744 3749 1766 ,
3780 1710 3828 1755 et
3855 1705 3943 1773 qui

624 1785 762 1840 vicia
791 1800 979 1840 eorum
1010 1827 1025 1852 ,
1059 1785 1251 1856 quibus
1274 1799 1334 1840 se
1363 1795 1418 1841 et
1449 1786 1608 1840 vitam
1638 1801 1789 1840 suam
1821 1787 2058 1856 quotidie
2085 1788 2230 1843 lace-
2258 1785 2308 1844 B
2335 1785 2570 1840 videbunt
2601 1797 2679 1850 te,
2729 1787 3045 1842 mirabuntur
3088 1806 3241 1857 super
3275 1802 3321 1845 te
3363 1790 3383 1864 (
3412 1790 3554 1846 Ibid.
3599 1793 3666 1848 15
3688 1793 3731 1866 ).
3765 1795 3941 1858 ,13ηᾶο

625 1887 768 1942 rant,
801 1893 907 1932 non
923 1877 1174 1933 timemus
1201 1895 1216 1940 ;
1249 1878 1415 1932 fustes
1443 1888 1496 1932 et
1527 1878 1729 1948 lapides
1753 1889 1805 1934 et
1831 1880 2061 1951 gladios,
2092 1897 2230 1951 quos

632 1971 818 2026 verbis
861 1970 1267 2040 parricidalibus
1315 1970 1606 2041 jactitant,
1637 1985 1743 2025 non
1775 1971 2228 2038 perhorescintus.

625 2060 778 2130 Quod
819 2060 873 2116 in
902 2060 1009 2114 illis
1035 2072 1118 2116 est
1142 2103 1158 2129 ,
1207 2060 1490 2116 homicidae
1529 2071 1655 2116 sunt
1679 2061 1819 2132 apud
1849 2063 2016 2117 Deum
2053 2064 2185 2117 tales
2215 2082 2228 2117 :

625 2171 822 2214 necare
873 2165 1050 2213 tamen
1099 2173 1204 2212 non
1238 2166 1481 2228 possunt,
1518 2159 1617 2212 nisi
1646 2159 1726 2214 eis
1755 2159 2012 2214 Dominus
2039 2176 2233 2216 necare

626 2253 956 2325 permiserit.
1001 2253 1218 2308 Etcum
1263 2253 1419 2308 nobis
1464 2254 1631 2309 semel
1663 2254 2001 2309 moriendmn
2034 2257 2120 2322 sit,
2156 2256 2232 2310 illi

630 2355 807 2402 tamen
824 2345 948 2401 odio
972 2346 1219 2401 etverhis
1243 2356 1296 2401 et
1322 2346 1536 2402 delictis
1555 2347 1666 2401 suis
1684 2348 1920 2416 quotidie
1939 2349 2228 2417 perimunt.

699 2437 787 2493 Ill.
836 2438 942 2494 Sed
995 2454 1104 2493 non
1154 2438 1397 2507 idcirco,
1451 2439 1618 2494 frater
1660 2440 2019 2506 charissitne,
2067 2441 2232 2495 relin-

628 2532 842 2605 quenda
886 2543 968 2588 est
1008 2533 1373 2589 ecclesiastica
1400 2534 1715 2605 disciplina,
1755 2545 1847 2588 aut
1886 2536 2236 2590 sacerdotalis

629 2628 895 2686 solvenda
936 2644 1162 2685 censura
1200 2672 1215 2696 ,
1268 2632 1520 2701 quoniam
1566 2631 1826 2685 conviciis
1878 2632 2230 2696 inl’estamur,

629 2733 723 2778 aut
770 2725 1070 2779 terroribus
1122 2724 1429 2795 quatimur;
1461 2725 1676 2795 quando
1727 2737 1976 2780 occurrat
2019 2735 2074 2780 et
2123 2741 2238 2779 mo-

632 2826 759 2873 neat
782 2817 802 2856 τ
833 2817 1110 2890 Scriptura
1158 2819 1339 2874 divina
1374 2819 1590 2875 dicens:
1617 2819 1718 2874 Ille
1738 2837 1852 2874 vero
1873 2821 1956 2889 qui
1981 2821 2238 2887 prtesumit

635 2919 684 2964 et
711 2920 988 2965 contumax
1015 2923 1090 2966 est
1139 2922 1186 2978 ε,
1221 2913 1296 2966 vir
1324 2912 1400 2966 sui
1423 2913 1627 2982 jactans
1648 2954 1662 2978 ,
1706 2911 1835 2965 ttihil
1877 2915 2080 2967 ontttino
2126 2929 2240 2982 per-

635 3003 767 3072 ficiet
801 3045 815 3069 ,
859 3005 946 3074 qui
999 3004 1230 3061 dilatavit
1279 3014 1536 3076 tamquam
1581 3002 1607 3040 1³
1664 3006 1897 3075 infernus
1947 3004 1958 3040 ί
2016 3006 2240 3058 animam

634 3111 779 3150 suam
820 3097 839 3167 (
872 3095 1070 3153 Habac.
1097 3115 1158 3163 ιι,
1189 3100 1222 3155 5
1252 3100 1290 3170 ).
1338 3100 1402 3155 Et
1435 3101 1629 3155 iterum
1661 3120 1674 3155 :
1719 3098 1787 3152 Et
1819 3102 1968 3154 verba
1997 3101 2094 3154 viri
2123 3117 2241 3168 pec-

2337 1895 2519 1951 parem
2573 1881 2770 1936 talibus
2825 1896 3037 1952 poenam
3092 1881 3371 1953 Scriptura
3424 1885 3606 1940 divina
3657 1888 3780 1944 loco
3840 1889 3954 1943 alio

2336 1975 2693 2028 comminatur
2716 1984 2766 2029 et
2794 1974 2923 2030 dicit
2957 1993 2969 2030 :
2996 1975 3120 2029 Dies
3149 1977 3284 2030 enim
3312 1975 3524 2032 Domini
3551 1979 3781 2035 Sabaoth
3802 1997 3957 2053 super

2338 2082 2536 2120 omnem
2565 2067 2868 2137 injuriosum
2904 2076 2949 2121 et
2977 2069 3251 2138 superbum
3274 2111 3288 2137 ,
3331 2079 3378 2123 et
3417 2087 3570 2140 super
3597 2088 3802 2128 omnem
3835 2075 3958 2128 ela-

2340 2167 2446 2210 tum
2477 2168 2523 2211 et
2573 2159 2829 2212 excelsum
2870 2157 2888 2230 (
2920 2157 3031 2214 lsa.
3075 2175 3133 2225 ιι,
3161 2159 3232 2215 29
3265 2159 3304 2231 ).
3342 2161 3412 2216 De
3441 2177 3532 2218 ore
3573 2164 3751 2234 itaque
3777 2179 3845 2220 ac
3881 2165 3957 2220 de

2339 2251 2518 2306 verbis
2558 2252 2667 2306 suis
2696 2253 3061 2323 unusquisque
3096 2255 3276 2308 statim
3318 2254 3558 2324 proditur
3587 2296 3605 2324 ,
3652 2265 3708 2312 et
3763 2267 3960 2313 utrum

2340 2345 2609 2401 Christum
2642 2347 2692 2400 in
2716 2345 2878 2400 corde
2904 2361 3002 2400 suo
3019 2388 3034 2413 ,
3059 2361 3128 2401 an
3147 2361 3276 2402 vero
3299 2348 3690 2405 Antichristum
3712 2349 3911 2406 habeat
3928 2395 3944 2420 ,

2343 2437 2609 2508 loquendo
2667 2437 2980 2508 detegitur:
3031 2439 3322 2494 secundum
3380 2441 3524 2511 quod
3585 2441 3847 2497 Dominus
3895 2444 3948 2498 in

2343 2531 2631 2601 Evangelia
2668 2545 2765 2584 suo
2795 2530 2925 2585 dicit
2964 2549 2976 2584 :
3021 2529 3298 2603 Progenies
3327 2535 3654 2603 viperarum,
3696 2539 3958 2606 quomoda

2344 2625 2550 2695 potestis
2591 2626 2720 2677 bona
2748 2625 2917 2694 loqui,
2952 2642 3066 2678 cum
3108 2628 3218 2680 sitis
3245 2629 3506 2694 nequam?
3539 2630 3603 2683 de
3633 2630 3958 2686 abundantia

2345 2719 2476 2771 enim
2503 2718 2671 2770 cordis
2693 2734 2747 2771 os
2771 2718 2950 2772 emittit
2969 2727 3018 2773 η.
3036 2716 3213 2773 Bonus
3243 2719 3396 2773 homo
3424 2723 3487 2774 de
3507 2721 3638 2775 bono
3673 2723 3913 2777 thesauro
3934 2733 3959 2757 ο

2345 2813 2523 2866 emittit
2569 2812 2716 2876 bona,
2767 2822 2813 2865 et
2850 2828 3064 2881 nequam
3119 2816 3269 2865 homo
3316 2813 3378 2866 de
3447 2831 3665 2886 nequam
3721 2817 3961 2870 thesauro

2345 2908 2523 2964 emittit
2550 2923 2763 2977 nequam
2791 2905 2811 2979 (
2841 2905 2987 2960 Matt.
3026 2922 3134 2972 xu,
3179 2905 3314 2977 51).
3361 2906 3514 2962 Unde
3555 2916 3611 2961 et
3665 2908 3820 2964 dives
3873 2911 3960 2964 ille

2347 3012 2593 3072 peccator
2623 3044 2636 3067 ,
2671 3001 2758 3070 qui
2789 3000 2853 3054 de
2884 2999 3088 3054 Lazaro
3116 2999 3170 3053 in
3195 3000 3314 3054 sinu
3355 2999 3586 3056 Abrahae
3620 3001 3801 3071 posito
3822 3043 3837 3065 ,
3877 3012 3964 3058 at—

2347 3111 2451 3166 que
2503 3095 2553 3149 in
2605 3092 2882 3162 refrigerio
2933 3091 3268 3156 constituto,
3338 3091 3592 3161 implorat
3651 3094 3963 3160 auxilium,

635 3190 821 3245 catoris
875 3207 935 3245 ne
988 3193 1256 3248 timueritis
1285 3235 1300 3261 ,
1362 3194 1485 3261 quia
1533 3193 1700 3266 gloria
1754 3194 1865 3262 ejus
1915 3194 1967 3247 in
2019 3185 2315 3250 stercoraC
2350 3207 2471 3248 cum
2513 3191 2564 3244 in
2607 3188 2888 3244 tormentis
2941 3187 3334 3243 cruciahundus
3383 3186 3616 3243 ﬂammae
3666 3191 3964 3245 cremantis

1894 3335 2277 3394 LECTIONES
2318 3333 2729 3391 V'AlllANTES.

706 3447 951 3525 {Ioseph
989 3465 1118 3525 puer
1150 3453 1718 3525 venieritvendentibus
1775 3452 2008 3504 fratribus
2050 3468 2062 3501 :
2105 3451 2236 3503 Edit.

639 3515 934 3576 castigantur
959 3515 1023 3568 ea:
1045 3515 1380 3589 vetustioribus
1413 3529 1525 3567 mss.
1571 3576 1581 3586 ,

704 3573 733 3651 ξ)
769 3578 1345 3651 Legamus..pt1rdtctum
1368 3581 1500 3630 Lam.
1529 3581 1634 3651 Litt.
1656 3580 1764 3651 NQ.
1791 3580 1839 3628 2.
2012 3643 2021 3651 _
2067 3641 2109 3651 ι’

706 3640 730 3708 Ῡ
769 3640 1075 3708 In_vulgatis_
1100 3641 1358 3708 Permutat
1376 3679 1392 3701 ,
1418 3655 1541 3706 quos
1564 3642 1777 3708 disponit
1805 3643 2041 3708 coronari.
2067 3641 2244 3708 Neque

644 3701 795 3754 enim.
826 3701 971 3755 Istud
997 3706 1149 3764 enim,
1176 3703 1302 3755 sicut
1339 3712 1386 3756 et
1407 3701 1549 3754 antea
1586 3701 1709 3767 quos
1747 3705 1991 3766 disltonit.
2018 3705 2067 3752 itt
2111 3701 2245 3753 nullo

641 3773 913 3816 nostrorum
934 3780 1046 3817 mss.
1069 3773 1239 3818 exstat.
1263 3767 1449 3826 Tradit,
1477 3769 1718 3820 permittit
1741 3776 1793 3819 et
1817 3768 2040 3817 coronari
2067 3769 2244 3818 Bener.

653 3827 773 3877 Ver.
802 3829 866 3878 Ut
889 3838 940 3879 et
963 3833 1182 3880 coronari
1219 3834 1355 3881 Voss.
1384 3831 1429 3879 2.
1461 3831 1585 3880 Bod.
1615 3833 1657 3881 1.

714 3889 743 3930 (ι
776 3891 954 3954 Neque
980 3895 1120 3942 nobis
1145 3893 1279 3942 Lam.
1307 3894 1450 3945 Ebor.
1483 3894 1587 3943 ΝΟ.
1618 3896 1662 3942 1.
1689 3893 1736 3942 2.
1768 3893 1870 3944 Litt.

714 3957 738 3984 ⁸
773 3954 914 4004 Fecit
935 3954 1090 4005 Judas
1123 3959 1237 4005 Ver.
1271 3958 1402 4007 Lam.
1433 3954 1577 4006 Ebor.
1607 3957 1716 4006 ΝΟ.
1749 3957 1788 4006 1.

716 4014 737 4053 ῐ
776 4017 840 4067 In
864 4022 1021 4069 vetere
1044 4032 1135 4071 nts.
1165 4015 1299 4069 Colb.
1326 4017 1640 4071 desideratur
1664 4018 1922 4082 Scriptura
1944 4018 2128 4068 divina.

2412 3451 2439 3489 ε
2474 3447 2740 3499 Contumax
2769 3450 2864 3501 est,
2889 3446 3076 3494 viribus
3099 3445 3200 3494 suis
3229 3443 3351 3494 Bod.
3387 3446 3435 3494 1.
3463 3440 3564 3492 Litt.
3591 3443 3693 3494 ΝΟ.
3727 3445 3768 3492 1.

2409 3510 2441 3576 l1
2473 3512 2738 3576 Tamquam
2765 3508 2912 3557 interi
2931 3509 3067 3576 Lam.
3091 3505 3194 3576 L_in.
3231 3508 3374 3576 Ebor.
3403 3509 3507 3576 λ’γιτ.
3534 3508 3575 3555 1.
3628 3573 3637 3576 _
3666 3564 3677 3574 _

2416 3574 2431 3612 ί
2474 3576 2537 3623 In
2561 3568 2727 3622 eodem
2747 3584 2835 3621 ms.
2863 3577 3019 3622 exstat
3055 3571 3278 3620 inferus:
3307 3568 3359 3620 in
3381 3568 3533 3620 altero
3551 3607 3564 3629 ,
3589 3573 3638 3618 ut
3661 3568 3711 3617 in
3737 3568 3886 3619 Corb.
3914 3576 3968 3618 et

2347 3636 2570 3702 pluribus
2593 3634 2800 3702 Anglic._
2829 3633 2991 3702 in_l_'eri_.

2419 3702 2431 3750 ι
2481 3699 2545 3748 Ut
2569 3696 2765 3747 vermes
2788 3697 2934 3745 hodie
2962 3696 3086 3746 Bod.
3111 3696 3161 3744 5.

2413 3764 2438 3801 ιί
2475 3762 2716 3822 Cogitatio
2742 3761 2849 3820 ejus
2885 3759 3248 3822 peribithson.

2419 3825 2434 3863 1
2481 3820 2638 3882 Quem
2665 3820 2936 3886 exprobrat
2976 3820 3095 3871 Bod.
3122 3824 3170 3870 3.

2413 3890 2451 3916 τη
2489 3880 2682 3936 Montes
2705 3880 2943 3947 aquilonis
2969 3885 3104 3934 Lam.
3135 3880 3278 3934 E’bor.
3310 3882 3420 3934 NG.
3448 3881 3490 3930 1.
3521 3881 3650 3931 Bod.
3675 3883 3722 3931 Ξ.

2418 3953 2443 3980 ¹¹
2480 3949 2548 3999 Os
2572 3945 2789 4010 loquitur
2812 3945 2917 4010 Litt.

2416 4018 2440 4042 υ
2479 4007 2732 4061 Thesauro
2758 4009 2918 4059 cordis
2943 4007 3046 4058 Litt.

2005 4123 2365 4183 VARIORUM
2403 4121 2635 4179 ΝΟΤᾹΞ.

727 4249 912 4305 Frater
941 4251 1205 4306 occiderit.
1235 4251 1478 4306 Notanda
1509 4261 1596 4306 est
1634 4251 1685 4304 in
1719 4249 1821 4305 hoc
1853 4249 1973 4303 loco
2003 4256 2246 4303 veterum

654 4320 1002 4378 librariorum
1026 4322 1270 4378 audacia.
1297 4323 1516 4377 Certum
1546 4331 1630 4377 est
1658 4322 1800 4377 hunc
1831 4322 2030 4387 locum,
2061 4321 2135 4372 uti
2163 4319 2249 4386 ja-

654 4404 763 4455 cet,
798 4409 986 4449 sanum
1013 4409 1136 4450 esse
1159 4404 1212 4448 et
1242 4395 1386 4448 nulla
1421 4395 1862 4461 interpretatione
1894 4392 2134 4460 indigere
2187 4389 2252 4443 Et

2357 4242 2553 4295 ronari.
2585 4240 2641 4294 ln
2677 4239 3032 4308 Burgundico,
3069 4238 3312 4310 permittit
3339 4239 3424 4308 qui
3455 4240 3591 4293 nov-it
3618 4248 3665 4293 et
3697 4256 3975 4294 coronare.

2361 4313 2417 4368 lu
2448 4312 2670 4368 Metensi
2702 4313 2870 4365 sancti
2905 4312 3165 4381 Arnulphi
3187 4353 3201 4377 ,
3230 4327 3344 4365 cum
3381 4310 3517 4365 Deus
3548 4311 3684 4365 tradi
3715 4315 3976 4380 permittit

2363 4396 2410 4440 et
2437 4393 2667 4438 coronat.
2699 4383 2898 4437 BALUZ.

657 4452 836 4537 tamen
862 4467 968 4531 illi,
993 4467 1082 4535 qui
1109 4467 1354 4520 sciebant
1374 4452 1596 4520 Abelem
1621 4482 1647 4517 a
1670 4466 1844 4537 Caiuo
1864 4452 2258 4537 occisii_t_n_t‘uis-
2285 4477 2337 4537 D
2400 4457 2646 4537 “Absenti
2674 4452 3180 4537 mitutri.“Cypriauo
3208 4454 3481 4537 nimirum.
3513 4453 3879 4537 Felicissimns
3909 4466 3975 4537 et

656 4551 738 4607 se,
761 4536 914 4591 istius
939 4533 1134 4591 nomen
1160 4537 1279 4592 heie
1304 4552 1533 4607 posuere
1553 4537 1602 4589 in
1622 4535 1936 4604 quihusdam
1956 4533 2254 4607 codicibus.

657 4606 790 4662 Nam
811 4608 1142 4664 Sorbonicus
1160 4605 1316 4665 habet
1342 4610 1598 4678 scriptum
1620 4608 1743 4661 Abel
1758 4610 1958 4675 justum
1977 4605 2102 4658 Cain
2127 4622 2258 4657 non-

658 4679 759 4732 nisi
788 4683 948 4748 frater
987 4681 1251 4734 occiderit.
1307 4681 1455 4736 Unus
1497 4694 1647 4733 meus
1674 4689 1827 4731 vetus
1866 4677 2028 4730 :Abel
2063 4679 2260 4744 justum

660 4765 763 4802 non
788 4752 884 4804 nisi
908 4751 1032 4805 Cain
1065 4755 1224 4819 frater
1255 4752 1514 4806 occiderit.
1551 4749 1763 4818 Reliqui
1790 4749 2005 4803 codices
2031 4764 2134 4800 non
2166 4748 2258 4799 ha-

663 4821 793 4874 bent
821 4821 923 4876 hoc
952 4823 1399 4887 additamentum,
1426 4837 1600 4891 neque
1627 4833 1838 4891 veteres
1866 4820 2150 4873 editiooes.
2189 4819 2263 4872 De

662 4891 766 4966 huc
795 4891 1092 4949 fratricidio
1123 4896 1244 4950 vide
1269 4912 1390 4966 quae
1420 4890 1672 4949 dicantur
1704 4890 1839 4946 infra
1872 4891 1936 4945 ad
1972 4891 2163 4944 librum
2195 4890 2263 4944 de

663 4964 816 5019 Bono
845 4966 1138 5034 patientiae.
1173 4964 1370 5022 nam.

734 5035 928 5104 Ioseph
961 5042 1141 5106 frater.
1173 5038 1241 5092 Et
1271 5040 1355 5092 hic
1383 5051 1596 5107 quoque
1629 5036 1776 5089 locus
1809 5035 2073 5104 subiacuit
2103 5033 2268 5107 auda-

664 5108 762 5162 cia:
805 5105 1165 5164 librariorum.
1206 5111 1261 5164 In
1302 5105 1488 5164 codice
1515 5105 1754 5162 'Thuauo
1796 5118 1849 5161 et
1890 5109 1939 5159 in
1981 5122 2086 5159 uno
2120 5105 2264 5159 Bod-

668 5179 843 5234 leiano
869 5183 1129 5250 scriptum
1159 5192 1262 5248 est,
1293 5180 1488 5248 Joseplt
1518 5179 1831 5234 venundatus
1853 5181 1967 5232 sita
1999 5179 2264 5248 fratribus.

667 5249 724 5304 In
772 5249 1104 5318 Sorhoniro,
1141 5254 1338 5318 Joseph
1369 5255 1553 5308 venerit
1585 5252 1912 5305 vendentibus
1944 5250 2186 5318 fratribus
2216 5253 2266 5301 in

669 5321 980 5393 {Egyptunn
1031 5324 1082 5377 In
1131 5325 1472 5387 Michaelino.
1514 5323 1709 5392 Ioseph
1755 5321 2040 5393 tEgyptum
2081 5322 2270 5374 venerit

669 5381 1078 5468 persequentibus
1108 5398 1375 5468 fratribus.
1413 5381 1470 5450 In
1502 5411 1607 5449 uno
1644 5381 2039 5468 'ttteo,'il'ti.se,th
2090 5409 2268 5461 perve-

669 5469 800 5538 nerit
833 5465 1164 5522 vendentibus
1194 5470 1440 5538 fratribus
1465 5471 1519 5522 in
1545 5468 1859 5538 Afgyptum.
1891 5465 2090 5519 Bawz.

745 5537 1018 5592 Permittat
1060 5535 1208 5609 quos.
1257 5542 1477 5596 Variaut
1514 5541 1565 5592 in
1601 5535 1702 5592 hoc
1735 5540 1851 5590 loco
1891 5538 2105 5606 quidam
2149 5535 2270 5589 libri

671 5624 900 5667 veteres.
933 5611 986 5663 ln
1017 5628 1122 5667 uno
1152 5627 1272 5667 meo
1302 5613 1516 5681 legitur,
1545 5612 1798 5679 permittat
1821 5619 1865 5658 et
1890 5623 2274 5681 coronarepro-

671 5683 880 5738 miserit.
911 5682 969 5736 ln
997 5685 1104 5737 alio
1132 5693 1308 5742 autem
1340 5680 1484 5749 meo,
1516 5684 1566 5736 in
1597 5683 1998 5749 Beneventano.
2029 5682 2076 5731 in
2109 5680 2276 5733 Veru-

672 5755 824 5809 nensi
847 5792 860 5813 ,
909 5763 962 5808 et
1009 5755 1058 5809 in
1107 5768 1214 5807 uno
1252 5748 1555 5822 Bodleiano
1589 5764 1643 5812 οι
1670 5748 1938 5812 Vossiano
1970 5751 2192 5806 laudatis
2222 5751 2276 5803 in

672 5825 904 5879 editione
933 5824 1240 5900 Anglicana,
1270 5850 1324 5899 et
1361 5828 1419 5884 in
1446 5825 1568 5884 aliis
1593 5832 1826 5898 septem,
1855 5822 2104 5891 permittit
2129 5830 2174 5876 et
2201 5835 2279 5874 co-

2365 4526 2456 4581 alii
2491 4528 2578 4594 qui
2619 4543 2739 4581 cum
2774 4542 2837 4579 eo
2880 4524 3106 4579 Romam
3144 4524 3374 4596 profecti
3413 4537 3567 4580 erant
3597 4526 3752 4581 multa
3779 4527 3981 4596 turpia

2365 4610 2420 4653 et
2458 4598 2718 4668 probrosa
2757 4599 3016 4652 adversus
3053 4594 3174 4652 eum
3219 4599 3550 4663 protulerant
3597 4598 3734 4668 apud
3765 4594 3983 4654 Corne-

2369 4671 2496 4724 lium
2521 4710 2535 4734 ,
2573 4671 2744 4722 minas
2775 4670 2934 4724 etiam
2971 4671 3319 4723 intentantes.
3356 4669 3535 4724 Mirari
3568 4687 3625 4724 se
3653 4669 3842 4724 scribit
3873 4675 3986 4740 (2)--

2367 4741 2588 4807 prianns
2614 4739 2754 4808 quod
2798 4741 2904 4806 illi,
2943 4741 3030 4811 qui
3075 4756 3193 4795 cum
3237 4752 3418 4795 essent
3463 4742 3819 4808 Carthagine.
3865 4739 3983 4796 illic

2368 4827 2488 4868 eum
2536 4812 2804 4864 habebant
2856 4823 3209 4880 prm-cntent.
3260 4811 3486 4866 [lentam
3537 4816 3800 4866 adversus
3845 4829 3982 4867 eum

2369 4885 2736 4952 navigaverint
2763 4893 2814 4936 et
2841 4886 2904 4936 ad
2938 4884 3080 4938 Pelii
3107 4885 3290 4939 sedent
3321 4894 3478 4951 atque
3509 4885 3806 4938 Ecclesiant
3836 4887 3989 4948 prin-

2369 4957 2631 5021 cipalem,
2664 4955 2738 5007 uti
2776 4968 2954 5022 postea
2989 4956 3161 5017 dict't,
3203 4970 3230 5008 tt
3275 4955 3604 5010 schitnaticis
3643 4967 3699 5010 et
3738 4954 3986 5022 profanis

2369 5027 2576 5080 litteras
2617 5026 2886 5080 tulissent.
2930 5027 3018 5081 Sic
3063 5027 3285 5080 Ruﬁnus
3319 5029 3367 5080 in
3412 5026 3549 5081 lilno
3590 5027 3982 5096 Apologiaruttt

2372 5114 2587 5151 suarum
2612 5098 2870 5150 adversus
2898 5099 3282 5166 llieronynnnn
3313 5102 3414 5163 ait,
3446 5099 3691 5169 lflegissct
3719 5100 3982 5151 absentem

2373 5171 2601 5223 lacerare
2624 5185 2770 5241 quem
2801 5172 2962 5233 potuit
2986 5171 3186 5238 gravius
3209 5173 3472 5240 confutare
3493 5182 3810 5241 prazseutetn.
3845 5169 3984 5225 ΒΜ..

2445 5240 2533 5294 lll.
2558 5271 2628 5279 —
2651 5238 2931 5294 Conversus
2960 5252 3030 5293 est
3056 5242 3106 5293 itt
3136 5238 3342 5294 terram.
3376 5238 3556 5296 Codex
3587 5240 3989 5307 Gratiauo'mli-

2379 5321 2565 5375 tanus,
2598 5311 2881 5365 Conversus
2909 5324 2981 5365 est
3013 5313 3063 5364 in
3090 5328 3373 5366 (erumnam
3406 5323 3451 5365 et
3481 5324 3684 5366 terram.
3721 5313 3930 5367 ΒΑιυι.

2449 5383 2514 5437 1η
2542 5395 2763 5437 stercora
2793 5385 2888 5435 erit
2916 5395 2960 5436 et
2991 5385 3043 5436 itt
3071 5400 3280 5437 vermes.
3325 5383 3485 5438 Corb.
3517 5399 3622 5438 IllS.
3683 5400 3709 5434 a
3744 5384 3988 5438 secanda

2377 5465 2631 5517 manu,ut
2657 5465 2900 5520 stercora,
2923 5465 3204 5508 utvertttes.
3237 5454 3372 5509 Infra
3405 5472 3468 5510 ex
3503 5455 3753 5508 omnibus
3786 5458 3994 5510 nostris

2376 5544 2508 5584 mss.
2534 5527 3076 5596 restituitnnsperibit,
3097 5527 3236 5591 quod
3258 5539 3305 5581 et
3330 5528 3420 5580 lih.
3444 5544 3499 5580 ιιι
3533 5526 3837 5580 Testitnon.
3860 5543 3914 5583 ρ.
3935 5527 3992 5592 5,

2381 5601 2467 5652 ubi
2508 5599 2644 5652 idem
2680 5601 2825 5650 locus
2854 5615 2881 5650 a
2913 5597 3182 5668 Cypriane
3210 5599 3424 5659 citatur,
3461 5600 3509 5651 in
3547 5599 3818 5667 plerisque
3855 5616 3992 5653 mss.

2383 5671 2565 5724 haberi
2593 5670 2926 5724 Oxonienscs
2967 5678 3189 5734 notant,
3222 5669 3466 5738 quamvis
3505 5685 3628 5725 cum
3666 5670 3789 5725 aliis
3830 5671 4000 5727 editis

2383 5742 2530 5812 periit
2559 5741 2839 5810 utrobique
2868 5742 3152 5797 retineant.
3181 5739 3381 5797 Cousr.
