4252 6258
263 323 363 383 801

260 438 550 496 ardoribus
579 437 838 494 aduratur
857 447 880 476 τι
907 439 926 510 (
949 439 1079 494 Luc.
1127 457 1254 506 xvi,
1283 442 1354 496 23
1384 439 1402 512 )
1429 483 1442 503 ,

267 531 524 603 corporis
563 541 741 602 partes
781 531 954 600 magis
983 547 1043 585 os
1071 532 1186 602 ejus
1221 542 1276 588 et
1317 533 1492 602 lingua
1532 550 1716 603 poenas
1745 535 1877 601 dat;

262 625 390 696 quia
410 624 530 694 plus
560 623 768 678 scilicet
800 623 979 694 lingua
1006 639 1102 679 sua
1125 632 1179 678 ct
1207 640 1300 678 ore
1333 635 1665 694 peccaverat.

346 715 442 772 IV.
484 715 614 771 Nam
637 730 756 770 cum
784 714 1042 785 scriptum
1074 715 1175 770 sit:
1204 715 1382 785 Neque
1406 717 1643 770 maledici
1665 735 1876 790 regnum

267 810 370 867 Dei
414 811 829 882 consequenturb
865 810 883 882 (
914 811 935 865 Ι
967 809 1088 864 Cor.
1124 827 1212 877 vr,
1251 810 1388 883 10),
1437 823 1488 866 et
1531 813 1722 867 iterum
1779 813 1883 868 Do-

274 906 459 961 minus
495 906 546 960 in
580 905 877 975 Evangelia
908 920 1007 960 suo
1028 905 1170 960 dicat
1197 924 1209 960 :
1241 905 1342 971 Qui
1368 907 1551 960 dixerit
1582 908 1734 975 fratri
1755 925 1878 976 suo,

271 998 481 1064 Fatue;
500 1008 547 1054 et
571 1000 659 1067 qui
676 1000 862 1054 dixerit
886 1015 904 1053 :
925 999 1088 1067 Raca,
1107 1017 1220 1054 reus
1237 1001 1329 1054 erit
1351 1001 1400 1053 in
1420 1002 1698 1070 gehennam
1715 1013 1735 1040 ε
1751 1002 1882 1072 ignis

277 1091 492 1159 (Matth.
525 1108 616 1159 ιιι,
643 1089 786 1163 22),
816 1093 1088 1164 quomodo
1116 1101 1337 1163 possunt
1363 1108 1644 1148 censuram
1671 1094 1882 1148 Domini

276 1188 470 1242 ultoris
492 1183 763 1242 devadere
790 1228 804 1254 ,
850 1187 940 1257 qui
975 1187 1098 1241 talia
1144 1189 1391 1258 ingerunt
1423 1203 1529 1242 non
1562 1188 1736 1242 solum
1770 1187 1878 1242 ira.

271 1280 452 1336 tribus
485 1321 500 1343 ,
541 1279 633 1335 sed
662 1289 714 1333 et
742 1279 1145 1346 sacerdotibus;
1181 1280 1374 1350 quibus
1405 1279 1576 1335 honor
1607 1291 1786 1336 tantus
1811 1281 1879 1335 de

270 1371 371 1428 Dei
402 1371 714 1443 dignatioae
735 1372 1050 1427 conceditur
1072 1414 1086 1437 ,
1115 1381 1173 1427 ut
1201 1373 1442 1444 quisquis
1471 1373 1733 1429 sacerdoti
1762 1374 1879 1442 ejus

268 1474 327 1522 et
353 1465 419 1520 ad
451 1475 661 1536 tempus
691 1465 774 1519 hic
800 1465 1063 1534 judicanti
1093 1482 1197 1520 non
1224 1467 1621 1534 obtemperaret
1651 1508 1664 1531 ,
1697 1467 1875 1519 statim

270 1561 606 1616 necaretur?
650 1560 704 1614 In
738 1560 1154 1615 Deutermiomio
1184 1559 1424 1630 loquitur
1457 1560 1712 1614 Dominus
1742 1561 1879 1614 Deus

271 1655 459 1710 dicens
499 1671 511 1706 :
562 1652 629 1707 Et
668 1653 819 1707 homo
860 1653 1166 1723 quicumque
1215 1656 1391 1722 fecerit
1421 1654 1474 1706 in
1511 1653 1747 1721 superbia
1777 1696 1792 1720 ,
1827 1664 1883 1707 ut

275 1766 380 1804 non
403 1749 647 1804 exaudiat
674 1748 994 1802 sacerdotem
1033 1757 1120 1800 aut
1146 1747 1374 1818 judicent
1401 1749 1699 1818 quicumque
1731 1750 1883 1819 fuerit

982 319 1318 381 EPISTULA
1360 314 1474 380 Xli.
1513 323 1572 380 S.
1612 321 1940 380 CYPRHNI
1980 326 2069 380 AD
2109 316 2515 384 CORNELIUM
2558 317 2809 383 i’APAlI.

3483 329 3589 387 802

1507 442 1646 496 inter
1683 457 1872 498 omnes
1900 446 1948 504 Α
1980 445 2196 498 Etcum
2231 455 2411 513 postea
2449 455 2689 515 tempore
2732 445 2995 514 passionis
3030 444 3274 517 falapam
3291 448 3593 519 accepisset

1989 552 2016 589 a
2048 551 2206 590 servo
2234 538 2532 592 sacerdotis
2553 581 2567 605 ,
2594 553 2824 608 cumque
2845 537 2894 592 ei
2915 538 3176 604 dixisset,
3208 539 3296 594 Sic
3313 543 3592 608 respondes

1988 631 2218 698 ponti/iri
2247 632 2271 683 ε)
2312 629 2552 702 (Joann.
2600 647 2729 686 xviii
2759 673 2772 694 ,
2814 630 2934 703 22)
2983 632 3239 688 adversus
3286 634 3593 704 pontificem

1989 723 2244 778 Dominus
2270 727 2656 780 coatumeliose
2687 725 2814 780 nihil
2846 727 2980 782 dixit
3009 769 3024 792 ,
3068 743 3168 783 nec
3198 728 3489 800 quidquam
3521 731 3592 788 de

1986 815 2280 870 sacerdotis
2327 815 2530 870 honore
2579 815 2846 882 detraxit;
2891 816 2985 872 sed
3033 819 3395 876 innocentiam
3437 837 3590 878 suam

1987 910 2157 978 magis
2185 924 2432 964 asserens
2457 920 2510 964 et
2535 911 2828 964 ostendens
2856 951 2870 975 ,
2913 910 2972 966 Si
3005 913 3171 977 male,
3209 913 3410 984 inquit,
3441 915 3588 969 tocu-

1985 1014 2065 1057 tus
2093 1021 2226 1068 sum,
2248 1005 2498 1071 exprobra
2529 1003 2592 1057 de
2629 1004 2764 1058 malo
2793 1014 2816 1050 ϐ
2839 1020 2856 1071 ;
2879 1007 2924 1057 si
2961 1006 3312 1074 autemjene,
3343 1007 3466 1077 quid
3513 1025 3590 1064 me

1985 1100 2139 1154 credis
2165 1102 2189 1153 ?
2218 1103 2234 1168 (
2263 1099 2400 1153 Ibid.
2432 1100 2550 1171 25.)
2587 1100 2713 1155 Item
2748 1103 2799 1154 in
2845 1100 2996 1155 Actis
3038 1102 3419 1171 Apostolorum
3453 1112 3596 1169 post-

1987 1194 2204 1247 modum
2224 1193 2412 1247 bcatus
2429 1195 2706 1261 apostolus
2737 1194 2933 1248 Paulus
2955 1237 2970 1260 ,
2995 1210 3117 1250 cum
3135 1195 3183 1251 ei
3207 1195 3406 1251 dietum
3428 1206 3592 1265 esset,

1987 1284 2076 1340 Sic
2102 1285 2265 1338 insitis
2282 1285 2332 1338 in
2350 1284 2661 1338 sacerdotem
2680 1284 2777 1339 Dei
2799 1286 3177 1340 maledicendo?
3198 1287 3335 1355 (Act.
3371 1305 3523 1354 χχιιι,
3540 1289 3596 1359 ιί)

1986 1381 2230 1451 quamvis
2266 1381 2491 1435 Domino
2544 1381 2648 1446 iam
2691 1381 2949 1436 crucilixo
2979 1381 3223 1450 sacrilegi
3261 1393 3315 1436 et
3360 1383 3508 1452 impii
3541 1391 3598 1437 et

1986 1476 2192 1527 cruenti
2229 1473 2299 1526 illi
2333 1489 2452 1527 esse
2482 1473 2802 1540 ccepissent,
2837 1489 2935 1528 nec
2961 1473 3070 1543 jam
3103 1473 3391 1543 quidquam
3410 1474 3478 1528 de
3506 1489 3595 1529 sa-

1985 1565 2242 1620 cerdotali
2275 1567 2478 1619 honore
2505 1575 2559 1620 ct
2583 1568 2901 1620 auctoritate
2931 1567 3229 1620 retinerent
3256 1583 3268 1616 :
3303 1573 3482 1620 tamen
3515 1567 3597 1635 ip-

1985 1673 2104 1711 sum
2133 1657 2376 1725 quamvis
2419 1657 2576 1711 inane
2619 1672 2813 1711 nomen
2841 1667 2894 1711 et
2920 1657 3166 1712 umbram
3195 1657 3478 1728 quamdam
3509 1673 3598 1713 sa-

1985 1751 2217 1805 cerdoﬁs
2241 1751 2479 1822 cogitans
2501 1750 2693 1805 Paulus
2711 1769 2725 1805 :
2740 1751 3044 1805 Nesciebam
3069 1752 3256 1822 fratres
3270 1749 3594 1824 1³(Ιι›ἰ‹1.,5),

282 1844 340 1897 in
381 1843 555 1898 diebus
588 1843 690 1897 illis
710 1884 724 1907 ,
768 1843 1010 1896 morietur
1040 1843 1190 1897 homo
1218 1843 1342 1908 ille;
1375 1851 1420 1897 et
1460 1844 1622 1896 onmis
1664 1845 1884 1912 p0pulus
1915 1855 1960 1914 Β
1990 1843 2162 1914 inquit
2185 1887 2198 1907 ,
2225 1845 2344 1914 quia
2377 1848 2610 1914 pontifex
2638 1855 2710 1899 est
2736 1888 2750 1912 ,
2779 1847 3026 1913 scriptum
3052 1856 3123 1902 est
3144 1849 3278 1902 enim
3303 1889 3318 1911 ,
3353 1847 3589 1920 Principi

284 1950 404 1990 cum
439 1934 693 1999 audierit,
740 1935 925 1989 timebit
949 1950 968 1998 ;
1001 1943 1046 1989 et
1087 1952 1187 1988 non
1213 1944 1362 2005 agent
1393 1935 1544 2005 impie
1567 1935 1720 1988 etiam
1751 1952 1883 1988 nunc

286 2025 306 2098 (
335 2025 494 2081 Deut.
524 2042 657 2087 xvu.
685 2026 750 2081 12
775 2025 818 2098 ).
847 2027 979 2081 Item
1011 2027 1077 2080 ad
1108 2027 1411 2082 Samuelem
1432 2069 1446 2093 ,
1476 2043 1597 2082 cum
1625 2043 1654 2082 a
1683 2026 1885 2082 Judzeis

291 2129 642 2189 sperneretur
665 2162 679 2185 ,
712 2119 851 2174 Deus
881 2119 1011 2175 dicit
1042 2138 1053 2172 :
1087 2117 1209 2173 Non
1240 2131 1287 2174 te
1315 2129 1607 2189 spreverunt
1635 2164 1649 2188 ,
1689 2121 1778 2174 sed
1803 2137 1882 2174 me

279 2222 577 2281 spreverunt
618 2214 637 2283 (
669 2213 688 2267 l
717 2213 844 2285 Reg.
877 2229 966 2268 vut
988 2255 1001 2281 ,
1035 2213 1064 2266 7
1098 2215 1137 2285 ).
1191 2214 1256 2268 Et
1290 2214 1546 2270 Dominus
1584 2231 1796 2284 quoque
1827 2215 1879 2270 in

281 2305 570 2377 Evangelio
609 2324 620 2358 :
673 2307 773 2374 Qui
801 2308 943 2361 audit
983 2324 1070 2362 vos
1093 2352 1106 2374 ,
1139 2308 1345 2377 inquit,
1381 2325 1459 2361 tne
1498 2307 1679 2361 audite
1700 2317 1744 2361 et
1770 2325 1883 2361 eum

283 2399 472 2468 quinte
503 2399 636 2453 misit
661 2415 678 2452 .'
705 2409 753 2452 et
783 2401 868 2470 qui
898 2401 1059 2471 rejicit
1089 2417 1205 2466 vos,
1235 2417 1313 2454 me
1343 2400 1507 2470 rejicit
1532 2441 1545 2464 ,
1587 2409 1632 2454 et
1665 2417 1773 2454 eum
1797 2399 1884 2469 qui

288 2509 366 2545 me
395 2493 530 2546 misit
553 2492 682 2565 (Luc
711 2509 766 2560 x,
804 2492 915 2566 16).
949 2495 1010 2549 Et
1045 2510 1165 2550 cum
1199 2495 1470 2565 leprosum
1503 2494 1886 2559 emundasset;

297 2582 458 2654 Vade,
481 2587 681 2658 inquit,
711 2597 758 2641 et
774 2591 1068 2644 demonstra
1095 2599 1143 2643 te
1155 2590 1407 2644 sacerdoti
1423 2589 1440 2663 (
1457 2588 1644 2644 Matth.
1664 2606 1775 2656 vui,
1795 2591 1828 2643 4
1847 2589 1886 2660 ).

1993 1937 2152 2007 plebis
2182 1949 2280 1992 tua:
2309 1955 2410 1990 non
2442 1938 2714 1992 maledices
2747 1938 2760 1974 ί
2801 1941 2817 2007 (
2854 1939 3026 2000 Exod.
3056 1956 3166 1995 χχιι
3196 1981 3212 2006 ,
3248 1941 3382 2012 28).

2068 2031 2131 2085 ιν.
2163 2031 2296 2086 Cum
2329 2030 2444 2086 lucc
2474 2041 2615 2086 tanta
2646 2048 2709 2087 ac
2741 2032 2864 2086 talia
2904 2043 2958 2088 et
2997 2033 3162 2088 multa
3203 2033 3304 2088 alia
3347 2035 3597 2106 exempla

1991 2125 2300 2196 prmcedant
2323 2166 2337 2188 ,
2367 2127 2560 2196 quibus
2587 2127 2936 2181 saetrrdotalis
2963 2127 3254 2182 auctoritas
3277 2138 3330 2183 et
3357 2137 3600 2198 potestas

1986 2219 2054 2272 de
2093 2217 2270 2272 divina
2313 2217 2667 2288 diguitatione
2714 2218 2992 2284 ﬁrmatur;
3037 2219 3226 2290 quales
3277 2229 3430 2290 putas
3479 2235 3601 2276 esse

1988 2324 2114 2371 eos,
2147 2310 2238 2379 qui
2269 2311 2609 2365 sacerdotum
2639 2312 2852 2378 hostes,
2886 2323 2940 2366 et
2965 2323 3150 2367 contra
3179 2312 3478 2369 Ecclesiam
3509 2329 3602 2370 ca-

1992 2403 2242 2459 tholicam
2289 2405 2553 2471 rebelles,
2589 2421 2688 2460 nec
2715 2407 3100 2476 prtemonentis
3129 2407 3339 2462 Domini
3369 2408 3600 2462 commi-

1993 2497 2211 2551 natione
2231 2539 2243 2559 ,
2279 2513 2377 2552 nec
2408 2497 2571 2552 futuri
2600 2497 2784 2568 judicii
2829 2499 3032 2554 ultione
3071 2502 3386 2555 terrentur?
3412 2500 3602 2572 Neque

1992 2589 2135 2644 enim
2178 2589 2393 2646 aliunde
2438 2589 2672 2645 haereses
2705 2589 2718 2638 i
2757 2589 2964 2645 obortas
2994 2599 3150 2660 sunt,
3194 2601 3286 2647 aut
3325 2604 3448 2647 nata
3479 2602 3606 2649 sunt

1539 2727 1826 2784 LECTION
1834 2727 1914 2784 ES
1943 2727 2357 2783 VARIANTI‘IS.

356 2867 380 2894 ελ
416 2867 685 2919 Ardoribus
700 2869 920 2919 aduritur
941 2870 1070 2921 Lam.
1097 2868 1244 2920 Ebor.
1273 2870 1377 2920 NG.
1410 2869 1452 2921 1.
1479 2868 1603 2920 Bod.
1627 2870 1671 2918 1.
1697 2868 1884 2918 Adure-

291 2934 433 2979 batur
461 2931 582 2982 Bod.
612 2933 656 2981 1.

325 2935 433 2978 atur
461 2935 582 2982 Bod.
612 2935 656 2981 1.

359 2988 387 3027 Ι)
423 2992 516 3042 Dei
540 2995 857 3056 possidebunt
879 2995 986 3044 ΝΟ.
1015 2993 1060 3043 2.
1092 2995 1195 3045 Lin.

360 3058 384 3120 (ξ
427 3056 560 3120 licus
579 3058 826 3120 gehennae
858 3062 996 3108 Voss.
1024 3058 1074 3106 2.
1098 3057 1221 3108 Bod.
1244 3061 1290 3107 5.

360 3117 386 3156 «Ι
423 3117 684 3169 Domitiicae
704 3120 908 3171 ultionis
937 3119 1056 3171 Bod.
1081 3123 1130 3170 5.

364 3184 388 3245 °_
421 3183 507 3232 Sic
533 3184 665 3232 Lam.
698 3185 801 3232 Ltn.
828 3182 952 3236 Bod.
977 3183 1022 3232 2.
1052 3183 1194 3233 Audit
1215 3188 1268 3231 et
1296 3195 1409 3232 eum
1432 3183 1514 3245 qui
1533 3195 1612 3231 me
1627 3182 1758 3245 misit
1782 3182 1892 3244 Rig.

368 3241 388 3280 ί
425 3245 510 3298 Sic
538 3247 670 3296 Lam.
699 3245 825 3296 Bod.
855 3249 900 3310 1,
920 3248 968 3308 2,
989 3249 1036 3298 5.
1060 3245 1203 3296 Ebor.
1238 3249 1376 3296 Voss.
1405 3241 1618 3296 2.'Pem.
1649 3241 1755 3296 Liu.
1782 3241 1890 3295 ΝΕ.

1993 2867 2040 2926 1,
2062 2867 2107 2915 2.
2138 2869 2248 2917 MR.
2278 2865 2412 2928 Spir.
2450 2869 2571 2932 Vet,
2593 2865 2776 2917 innom.
2805 2873 2858 2932 et
2887 2866 2994 2918 alii.
3023 2866 3148 2917 Eum
3169 2871 3253 2932 qui
3275 2882 3374 2920 me.
3414 2869 3603 2921 Etcum

1998 2939 2170 2993 postea
2197 2939 2422 2993 tempore
2449 2930 2689 2993 passionis
2714 2928 2892 2993 Rigalt,

2065 2994 2091 3032 κ
2126 2991 2412 3040 'l‘estilicare
2436 2992 2498 3039 de
2519 2992 2646 3040 malo
2674 2990 2807 3041 Lam.
2836 2990 2980 3043 Ebor.
3017 2993 3127 3045 NG.
3155 2995 3199 3044 1.
3231 2995 3356 3046 Bod.
3383 2995 3431 3046 2.

2057 3052 2086 3091 h
2119 3053 2205 3104 Sic
2230 3056 2368 3120 Pent.
2415 3055 2521 3120 NG.
2552 3054 2597 3114 1,
2627 3054 2672 3104 2.
2709 3059 2843 3106 Voss.
2894 3055 2940 3105 2.
2967 3057 3100 3108 Lam.
3159 3058 3283 3110 Bod.
3331 3061 3376 3120 1,
3423 3061 3470 3109 2.
3502 3058 3605 3111 Lin.

1921 3121 1967 3183 ρ
1999 3117 2213 3183 Fratres
2237 3115 2386 3183 omilt.
2417 3119 2574 3183 Ossan.

2070 3180 2088 3246 ᾗ
2132 3181 2413 3246 ξιὶιιοὶιιυιιι
2440 3179 2599 3246 plebis
2623 3181 2754 3246 Lattt.
2784 3181 2927 3246 (iber.
2957 3179 3065 3246 Litt.
3094 3183 3218 3234 Bod.
3248 3185 3295 3246 1,
3323 3185 3370 3233 2.

2070 3242 2084 3293 i
2135 3242 2335 3293 Exortzc
2361 3243 2494 3293 Lam.
2520 3242 2663 3294 Ebor.
2695 3242 2818 3294 Bod.
2855 3244 2903 3294 2.
2931 3245 3040 3296 NC.
3069 3247 3115 3297 1.

1642 3373 2009 3430 VABIORUM
2049 3372 2276 3429 NOTAE.

370 3511 622 3569 lV.—Me
648 3512 812 3568 audit.
849 3511 907 3567 In
935 3512 1061 3567 edit.
1107 3511 1282 3568 Oxon.
1315 3511 1400 3567 hic
1426 3511 1661 3575 additur,
1715 3515 1802 3573 qui
1831 3527 1910 3566 me

296 3591 463 3650 audit,
484 3596 535 3642 et
553 3601 678 3640 mox
697 3597 812 3655 post
829 3585 990 3655 verba
1021 3600 1101 3636 me
1126 3585 1309 3653 rejicit,
1328 3600 1447 3638 cum
1467 3584 1587 3637 aliis
1604 3583 1904 3652 subjicitur,

300 3658 386 3727 qui
401 3674 475 3710 me
503 3654 708 3724 rejicit,’
728 3657 912 3724 reiicit.
931 3654 1098 3727 Magis
1125 3656 1224 3708 sibi
1257 3655 1536 3710 cohaerere
1563 3655 1673 3727 visa
1699 3665 1781 3708 est
1808 3656 1908 3727 lec-

300 3725 398 3786 tio.
423 3743 583 3797 quam
602 3743 664 3781 ex
687 3738 865 3782 vetere
892 3743 992 3781 ms.
1011 3725 1165 3780 Culb.
1182 3727 1268 3781 cui
1285 3738 1339 3781 et
1366 3727 1529 3780 Corb.
1553 3726 1711 3790 lavet,
1735 3725 1913 3795 expri-

298 3801 522 3855 mimus.
555 3797 856 3854 Cousnur.
887 3829 957 3839 —
985 3800 1139 3868 Anin
1183 3800 1261 3852 sic
1300 3798 1445 3852 hunc
1490 3797 1664 3852 locum
1712 3812 1908 3866 posue-

299 3879 432 3927 runt
461 3869 514 3922 in
543 3884 637 3922 sua
665 3871 924 3926 editione:
952 3870 1048 3934 Qui
1079 3870 1222 3922 audit
1251 3885 1358 3932 vos,
1393 3868 1586 3936 inquit,
1620 3885 1698 3920 me
1727 3869 1910 3933 audit;

300 3943 393 4013 qui
423 3956 502 3993 me
527 3942 670 3992 audtt
701 3951 744 4013 et
773 3943 999 4013 eumqui
1044 3959 1122 3996 me
1164 3942 1317 3995 misit.
1364 3940 1556 3994 Nescio
1595 3950 1772 3993 autem
1819 3941 1905 4013 ubi

303 4010 613 4069 invenerint
637 4013 703 4065 ab
733 4012 835 4066 illis
860 4011 1067 4079 addita,
1098 4014 1183 4082 qui
1206 4028 1284 4064 me
1307 4013 1480 4076 audit,
1509 4028 1628 4082 qua:
1657 4025 1826 4079 neque
1857 4010 1908 4062 in

306 4084 600 4152 EVangelio
637 4084 906 4149 leguntur.
940 4099 1112 4149 neque
1145 4085 1194 4137 in
1226 4085 1498 4138 veteribus
1528 4084 1779 4154 Cypriani
1813 4097 1906 4136 co-

306 4157 518 4211 dicibus
545 4165 600 4211 et
623 4155 968 4210 editionibus.
1007 4156 1148 4210 Sane
1177 4156 1226 4208 in
1255 4154 1492 4209 editione
1523 4155 1728 4208 Erasnti
1777 4164 1829 4208 ct
1859 4157 1909 4206 in

305 4227 492 4283 codice
513 4227 813 4282 Sorbonico
834 4227 1090 4296 scriptum
1120 4236 1238 4281 est:
1267 4226 1370 4289 Qui
1395 4227 1562 4289 audit,
1600 4227 1763 4294 inquit
1787 4267 1798 4284 ,
1828 4241 1914 4277 ros

307 4316 387 4352 me
415 4298 592 4362 audit;
622 4309 667 4352 et
692 4299 778 4368 qui
818 4316 902 4352 vos
944 4299 1124 4362 audit,
1157 4298 1301 4350 audit
1327 4308 1372 4350 et
1400 4314 1512 4351 eum
1541 4300 1625 4366 qui
1652 4313 1728 4349 me
1747 4298 1914 4368 misit.

306 4369 507 4424 Verum
538 4370 651 4424 haec
677 4367 832 4425 valde
861 4369 1072 4424 diversa
1103 4378 1227 4422 sunt
1253 4369 1319 4422 ab
1345 4368 1577 4422 editione
1602 4367 1914 4438 Anglicaua.

310 4441 369 4495 ln
411 4441 547 4494 libro
574 4441 878 4496 'l‘uroneusi
907 4453 960 4496 et
993 4443 1042 4496 iu
1075 4457 1180 4494 uno
1207 4455 1326 4494 meo
1353 4440 1606 4509 scriptum
1658 4450 1770 4494 est:
1823 4439 1922 4506 Qui

2013 3519 2248 3589 notatam
2296 3510 2618 3589 conlirmare
2661 3510 2873 3589 videtur
2904 3512 3120 3589 Erasini
3164 3514 3359 3589 editio,
3407 3517 3459 3573 in
3510 3533 3613 3589 qua

2015 3582 2270 3651 scriptum
2297 3593 2378 3637 est
2403 3582 2671 3636 insimulas
2698 3585 3000 3652 proinsilis.
3031 3585 3159 3641 Vide
3179 3582 3427 3644 eumdem
3456 3582 3616 3645 Eras-

2016 3670 2161 3708 mum
2193 3654 2243 3706 in
2277 3653 2419 3708 huuc
2451 3653 2626 3708 Ineunt
2660 3656 2921 3710 Actorum.
2953 3655 3149 3712 BAthz.

2093 3725 2383 3803 lfrincipem
2422 3727 2622 3803 populi.
2661 3727 2736 3779 Ita
2769 3729 3267 3803 veterescditiones
3295 3738 3348 3784 et
3374 3731 3618 3803 plerique

2015 3797 2133 3874 libri
2163 3808 2391 3874 vcteie<_.
2422 3795 2689 3874 Erasmus
2708 3797 2920 3874 scripsit
2945 3799 3106 3874 plebis
3130 3809 3265 3874 tute;
3291 3795 3620 3874 eamque-le-

2014 3868 2248 3923 ctionem
2281 3867 2612 3920 retinuerunt
2646 3867 2910 3923 Manutius
2940 3880 2994 3923 et
3022 3871 3317 3925 Morellius.
3348 3867 3619 3932 l’ainelius

2016 3939 2257 3992 mutavit.
2291 3938 2422 3992 Vide
2467 3937 2749 4002 epistolam
2792 3955 2918 4006 va,
2971 3951 3025 3995 et
3059 3943 3344 3999 concitium
3400 3945 3620 4002 Toleta-

2015 4026 2142 4064 num
2173 4009 2233 4072 V,
2265 4024 2471 4061 canone
2499 4010 2552 4063 5.
2585 4009 2778 4062 BALI'Z.

2091 4081 2152 4133 V.
2178 4109 2248 4119 —
2267 4077 2450 4149 Neque
2482 4081 2616 4132 enim
2651 4081 2859 4134 aliunde
2887 4081 3076 4136 oborta:
3108 4092 3224 4136 sunt
3251 4085 3486 4148 Ita'reses,
3515 4098 3621 4142 etc.

2021 4152 2240 4228 Similes
2288 4151 2434 4228 locos
2485 4151 2650 4205 habes
2697 4151 2830 4228 infra
2883 4153 3040 4228 dictis
3072 4154 3335 4228 Epistolis
3356 4157 3425 4209 ad
3448 4157 3622 4228 Roga-

2021 4226 2217 4278 tianum
2265 4223 2559 4293 episcopum
2590 4233 2645 4276 et
2691 4220 2927 4276 Florent.
2962 4220 3276 4293 Pupianum,
3307 4227 3457 4282 libris
3491 4220 3620 4283 itizm

2023 4298 2086 4347 de
2110 4293 2316 4349 Unitate
2345 4291 2607 4360 Ecclesiw,
2648 4309 2710 4348 ac
2734 4295 2796 4346 de
2821 4293 2946 4348 Zelo
2973 4305 3017 4348 et
3047 4291 3249 4350 Livore.
3282 4298 3347 4352 Et
3367 4299 3411 4352 si
3441 4311 3618 4355 autem

2026 4367 2147 4440 aliis
2192 4366 2295 4419 illis
2325 4364 2458 4440 locis
2489 4366 2555 4420 de
2595 4380 2654 4420 se
2684 4375 2734 4420 et
2767 4368 3034 4440 episcopis
3077 4367 3328 4425 omnibus
3360 4369 3503 4440 loqui
3546 4373 3620 4426 vi-

2027 4437 2242 4500 deatur,
2273 4435 2415 4506 quod
2469 4453 2661 4504 nempe
2692 4453 2881 4492 omnes
2934 4435 3170 4494 liacrescs
3198 4441 3405 4496 inititun
3434 4435 3619 4498 'suum

312 4512 457 4594 audit
484 4528 589 4578 vos,
618 4514 974 4604 inoquit‘grntdit
1000 4529 1080 4596 me
1105 4512 1335 4604 auditus,
1361 4521 1403 4567 et
1430 4512 1924 4604 qui'mlenauditemn
1949 4544 2003 4604 Β
2031 4509 2317 4604 habuerint
2347 4524 2410 4562 ex
2436 4518 2763 4604 contemptul
2779 4510 3179 4604 episcoporum,
3211 4513 3262 4566 id
3293 4523 3397 4576 est,
3417 4530 3481 4596 ex
3507 4515 3623 4597 ipso

312 4583 401 4651 qui
431 4599 508 4636 me
561 4585 718 4638 misit.
768 4583 902 4639 Vide
955 4585 1236 4652 epistolam
1276 4599 1398 4637 LXIX
1455 4582 1524 4636 ad
1578 4581 1920 4648 Florentium,

314 4654 407 4710 ubi
439 4655 535 4708 ista
568 4665 903 4724 repetuntur.
935 4656 1132 4711 Bawz.

396 4727 498 4792 Qui
525 4727 689 4796 rejicit
715 4744 820 4781 vos.
854 4725 928 4781 lta
956 4731 1117 4781 etiam
1147 4727 1200 4780 in
1229 4726 1415 4780 eadem
1445 4725 1668 4795 epistola
1699 4724 1762 4779 ad
1795 4725 1924 4779 Flo-

315 4798 575 4856 rentium.
620 4796 675 4852 In
716 4798 949 4852 editione
990 4800 1198 4866 vulgata
1235 4797 1375 4866 legitt
1403 4813 1456 4850 r:
1495 4797 1596 4863 Qui
1623 4813 1709 4850 vos
1735 4798 1928 4867 spernit

318 4885 401 4924 me
423 4869 636 4939 spernit.
667 4869 924 4924 Erasmus
950 4869 1002 4922 iu
1045 4882 1203 4938 eaput
1243 4868 1619 4923 duodecimum
1655 4869 1925 4937 Evangelii

317 4942 618 4995 secundum
649 4940 847 4995 Lucam
878 4940 1134 4994 admonet
1160 4941 1546 5010 Hieronymum
1579 4940 1772 4993 alicubi
1803 4957 1925 4993 vcr-

320 5012 478 5066 tisse:
509 5012 609 5076 Qui
639 5031 724 5067 vos
752 5011 988 5080 reprobat
1017 5028 1095 5064 me
1121 5011 1377 5080 reprobat.
1415 5011 1478 5064 Et
1511 5027 1631 5064 mox
1660 5014 1928 5066 declamat

316 5083 744 5150 intemperanter
772 5086 1034 5138 adversus
1074 5083 1357 5151 epist-epos
1386 5083 1722 5153 tyrannidem
1768 5099 1928 5137 exer-

318 5164 507 5209 centes
544 5165 598 5210 et
638 5156 842 5211 ventris
881 5155 1152 5225 negotium
1197 5165 1608 5225 prosequentes.
1646 5155 1800 5207 Addit
1831 5171 1928 5208 au-

319 5234 465 5282 tem:
492 5227 614 5280 Scio
640 5237 806 5282 tamen
833 5224 983 5280 etiam
1010 5227 1158 5279 malis
1183 5224 1630 5292 obtemperantium
1653 5267 1667 5288 ,
1697 5243 1756 5279 ne
1785 5225 1929 5279 dissi-

321 5297 464 5351 dium
491 5301 760 5362 excitetur,
793 5299 942 5352 modo
969 5315 1031 5350 ne
1053 5309 1233 5367 cogant
1263 5297 1330 5348 ad
1369 5297 1700 5362 impietatem.
1732 5297 1928 5350 Baccz.

396 5367 597 5424 lnsilis.
629 5371 719 5425 Sic
748 5370 909 5425 etiam
943 5369 1198 5439 setiptum
1229 5377 1312 5421 est
1337 5368 1563 5437 epistola
1591 5367 1660 5422 63$
1682 5409 1694 5424 .
1724 5370 1790 5420 ad
1823 5367 1928 5420 llo-

322 5440 612 5511 gatianum.
659 5442 764 5498 Sed
793 5441 844 5495 in
878 5441 977 5496 hac
1007 5457 1164 5511 quam
1222 5455 1367 5492 nunc
1405 5439 1734 5511 illustramus
1761 5439 1932 5506 scrip-

326 5510 438 5566 tum
473 5511 637 5566 fuisse
665 5514 847 5566 incitas
874 5513 924 5565 iu
957 5510 1125 5565 veteri
1152 5511 1341 5565 codice
1371 5510 1649 5564 annotavit
1690 5510 1741 5563 iu
1789 5526 1935 5563 tuar-

317 5583 446 5654 gine
483 5583 756 5654 editionis
825 5583 1147 5654 Patneliatne
1207 5581 1464 5654 νΝἱωΙειιιε
1556 5580 1750 5654 Faber.
1804 5580 1937 5654 ANo-

325 5651 452 5709 ilius
479 5653 795 5708 Marcellus:
829 5653 1055 5709 lncilare
1097 5663 1168 5708 est
1197 5653 1462 5722 increpare
1505 5654 1582 5704 vel
1628 5651 1933 5718 improbare.

327 5724 545 5793 Allegat
575 5733 754 5778 autem
780 5725 987 5781 Nonius
1008 5767 1023 5790 ,
1057 5735 1108 5780 ut
1151 5724 1202 5778 id
1235 5723 1453 5794 probet,
1498 5723 1845 5794 auctoritates
1871 5738 1938 5777 ex

329 5796 518 5853 Accio.
547 5794 795 5862 Pacuvio,
824 5809 875 5851 et
901 5797 1126 5852 Lucilio.
1157 5793 1376 5850 Poterat
1400 5805 1580 5849 autem
1611 5793 1811 5849 addere
1840 5805 1938 5849 tes-

332 5867 556 5930 timonia
599 5882 662 5922 cx
706 5865 954 5926 Lucretio
993 5878 1047 5925 et
1090 5868 1299 5926 Plauto.
1346 5865 1657 5925 Lectionem
1699 5882 1728 5923 a
1758 5865 1939 5924 Fabro

2031 4580 2322 4635 schismate
2355 4597 2368 4643 ;
2403 4590 2550 4650 certe
2584 4590 2694 4635 tum
2748 4580 2851 4635 hoc
2880 4580 3020 4648 loco,
3051 4591 3162 4636 tum
3193 4588 3491 4650 praesertim
3525 4580 3630 4640 iui-

2033 4653 2106 4706 tio
2153 4653 2272 4727 libri
2308 4651 2382 4727 _dc
2431 4649 2638 4727 Unitate
2676 4651 2952 4727 Ecclesia,
2986 4655 3053 4708 de
3105 4649 3350 4709 Romano
3377 4656 3632 4727 episc0po

2031 4727 2147 4778 solo
2177 4723 2431 4794 loquitur.
2476 4724 2573 4791 Qui
2606 4724 2686 4778 vel
2721 4726 2907 4780 unicus
2943 4725 3112 4788 locus,
3147 4735 3203 4778 ut
3244 4727 3313 4780 ibi
3345 4723 3523 4796 latius,
3559 4723 3629 4784 ita

2032 4796 2316 4849 conlirmat
2363 4795 2604 4865 episcopi
2637 4812 2734 4867 seu
2763 4797 3030 4864 pootilicis
3062 4797 3284 4850 Romani
3320 4795 3628 4867 primatum,

2034 4878 2089 4920 ut
2135 4884 2239 4920 non
2273 4870 2441 4935 possit
2466 4869 2664 4940 magis.
2698 4865 3133 4940 Circumstantiae
3162 4865 3337 4924 textus
3365 4871 3466 4926 hoc
3491 4876 3630 4940 loco,

2032 4954 2152 5009 qua:
2176 4949 2402 5008 arguunt
2445 4938 2512 4992 de
2544 4939 2790 4992 Romano
2834 4938 2979 5008 loqui
3013 4949 3064 4992 et
3094 4953 3308 5010 summo
3354 4938 3629 5010 poutitice,

2039 5020 2168 5080 sunt
2195 5010 2459 5080 imprimis
2493 5010 2797 5064 testimonia
2826 5012 3104 5080 pra-missa
3136 5025 3200 5064 ex
3235 5009 3442 5067 Deuter.
3477 5015 3567 5068 lib.
3595 5009 3634 5073 ι.

2035 5079 2181 5163 1189..
2206 5080 2402 5150 Erang.
2427 5079 2648 5134 Joannis
2688 5092 2741 5163 et
2787 5079 2930 5163 Actis
2956 5083 3494 5163 dpostolorum,qu:e
3527 5101 3633 5141 non

2037 5153 2139 5224 nisi
2171 5154 2226 5224 in
2275 5168 2514 5205 summos
2559 5153 2840 5224 pontilices
2883 5153 3189 5208 Jud:eorutn
3217 5155 3488 5224 quadrare
3535 5173 3636 5212 ne-

2038 5223 2168 5297 mini
2199 5223 2419 5297 dubium
2445 5231 2547 5289 est,
2577 5233 2736 5297 atque
2763 5223 2900 5278 adeo
2917 5226 3099 5297 aptius
3119 5225 3184 5278 ad
3207 5223 3476 5280 summum
3503 5244 3638 5297 pou-

2039 5293 2589 5369 tilicem_ltomauuttt
2644 5294 2971 5369 referuntur.
3010 5295 3234 5369 Deinde,
3265 5298 3404 5367 quod
3451 5293 3639 5369 loqua-

2043 5375 2128 5440 tur
2158 5365 2225 5418 de
2251 5364 2433 5440 judice
2480 5367 2568 5433 qui
2617 5368 2731 5419 vice
2764 5365 2968 5440 _(.'hristi
3016 5364 3461 5440 fungiturfltetn,
3493 5364 3638 5440 quod

2042 5437 2293 5510 loquatur
2325 5438 2392 5489 de
2439 5453 2544 5489 uno
2589 5436 2871 5510 sacerdme
2897 5453 2992 5490 seu
3023 5453 3131 5492 uno
3161 5439 3418 5510 episcopo
3448 5436 3640 5497 in'Ec-

2042 5507 2202 5560 clesia
2233 5523 2246 5570 ;
2279 5524 2436 5576 quam
2469 5508 2884 5577 appellationem
2943 5520 3050 5561 tum
3081 5525 3148 5563 ex
3178 5507 3404 5577 epistola
3433 5513 3639 5569 Corne-

2044 5578 2099 5631 lii
2131 5594 2291 5646 supra
2324 5595 2512 5644 XLVIII,
2549 5591 2658 5630 tttm
2688 5594 2752 5633 ex
2785 5579 2905 5634 aliis
2936 5581 3054 5648 ejus
3084 5583 3353 5648 epistolis,
3379 5591 3432 5638 et
3457 5583 3552 5638 lib.
3578 5585 3642 5640 de

2048 5648 2259 5703 Unitate
2304 5648 2550 5704 Ecclesia:
2575 5649 2899 5720 Cyprianum
2930 5651 3061 5704 satis
3082 5657 3294 5708 constat
3323 5669 3429 5710 nou
3459 5657 3642 5712 solere

2041 5737 2306 5795 usurpare
2332 5764 2347 5786 ,
2390 5722 2509 5795 nisi
2547 5722 2879 5795 dc__summo
2929 5723 3203 5792 pontilice.
3236 5723 3388 5781 Facit
3413 5743 3508 5795 pro
3550 5743 3644 5783 eo-

2042 5793 2163 5848 dem
2212 5795 2353 5864 quod
2407 5793 2580 5850 dicit:
2618 5792 2785 5848 Nemo
2807 5794 3078 5848 adversum
3117 5792 3442 5851 sacerdotum
3483 5801 3643 5854 colle-

2039 5866 2181 5937 gium
2211 5867 2408 5938 aliquid
2452 5878 2672 5922 moveret
2697 5883 2716 5933 ;
2747 5881 2869 5922 nam
2902 5865 2948 5923 si
2978 5866 3047 5924 de
3070 5880 3127 5924 se
3155 5869 3272 5928 solo
3297 5869 3643 5952 loqueretur,
