4252 6258
387 321 496 377 809

1176 316 1514 375 EPISTOLA
1560 317 1677 374 XII.
1724 318 1783 375 S.
1815 317 2139 376 CYPRIANI
2178 320 2271 376 AD
2309 318 2708 378 CORNELIUM
2746 319 3002 376 PAPAM.

3602 322 3710 383 810

356 418 364 425 ”
390 437 647 494 moliatur
675 433 918 491 audacia.
954 434 1086 490 Nam
1115 444 1167 491 et
1193 451 1319 506 pars
1341 436 1621 491 Novatiaui
1652 445 1676 473 ιι
1708 436 1991 491 Maximum
2023 446 2071 506 Α
2099 436 2352 492 licissimo
2381 438 2446 492 ad
2478 454 2573 493 vos
2600 446 2923 508 properante
2944 478 2958 504 ,
2992 444 3297 506 prteventus
3323 447 3428 495 est.
3462 438 3537 494 lta
3570 444 3713 499 enim

386 529 804 602 presbyterum,
836 544 1005 597 nuper
1032 527 1098 582 ad
1126 543 1224 583 nos
1246 544 1275 582 a
1296 527 1591 583 Novatiano
1619 528 1849 600 legatum
1877 530 2006 584 mis-

391 639 517 680 sum
539 666 554 690 ,
582 635 740 694 atque
766 639 795 676 a
824 631 1005 678 nostra
1032 623 1522 677 communicatione
1551 623 1833 692 rejeCtum,
1862 637 2006 678 nunc

395 716 518 773 istic
545 715 647 771 sibi
675 715 869 771 fecisse
899 714 1415 786 pseudoepiscopum
1443 715 1660 770 dicitur.
1689 714 1799 771 Nec
1829 723 2005 770 tamen

394 808 465 866 de
497 808 600 864 hoe
633 809 725 863 tibi
756 808 1121 878 scripseram;
1155 786 1372 878 qt‘iando
1403 807 1518 863 haec
1547 809 1729 862 omnia
1760 816 2004 864 contem-

392 913 591 962 nantur
616 918 646 958 a
673 904 861 969 nobis,
886 913 941 958 et
969 903 1207 957 miserim
1238 902 1331 957 libi
1361 902 1606 973 proxime
1631 903 1846 958 nomina
1894 903 2006 974 epi-

395 1009 687 1066 Scoporum
732 995 856 1051 istic
898 996 1347 1062 constitutorum,
1379 996 1466 1065 qui
1500 995 1694 1067 integri
1720 1007 1772 1052 et
1799 997 1914 1053 sani
1955 997 2008 1053 in

396 1094 640 1151 Ecclesia
692 1092 961 1149 catholica
1010 1092 1264 1147 b-atribus
1315 1100 1572 1162 praesunt.
1620 1091 1774 1158 Quod
1825 1093 2009 1163 utique

370 1188 520 1245 "ideo
549 1189 614 1243 de
640 1189 882 1243 omnium
916 1197 1224 1242 nostrorum
1253 1185 1482 1242 consilio
1514 1186 1713 1255 placuit
1746 1185 1840 1240 tibi
1870 1186 2008 1241 scri-

397 1279 531 1336 bere
560 1277 587 1317 ι)
621 1288 679 1335 ut
708 1280 910 1335 erroris
943 1278 1183 1334 diluendi
1226 1293 1289 1332 ac
1336 1277 1722 1348 pet-siticiendae
1774 1278 2012 1334 veritatis

398 1373 774 1445 compendium
817 1374 1001 1441 lieret,
1029 1382 1083 1429 et
1122 1373 1324 1436 scires,
1375 1381 1430 1426 tu
1470 1382 1524 1427 et
1561 1372 1781 1442 collegae
1810 1373 2010 1440 nostri,

399 1471 594 1542 quibus
635 1469 904 1535 scribere,
936 1477 990 1524 et
1020 1468 1227 1524 litteras
1257 1475 1442 1522 mutuo
1467 1483 1497 1521 a
1523 1467 1719 1538 quibus
1746 1482 1841 1523 vos
1869 1469 2011 1523 acci-

398 1580 527 1636 pere
551 1575 853 1636 oporteret:
883 1565 928 1619 si
959 1564 1077 1634 quis
1106 1572 1285 1618 autem
1320 1572 1513 1631 prteter
1542 1562 1672 1628 hos,
1720 1577 1857 1633 quos
1895 1564 2009 1633 cpi-

400 1642 540 1713 stola
568 1666 752 1713 nostra
809 1657 829 1729 (
850 1655 972 1711 Non
1002 1653 1190 1727 exstat)
1212 1654 1479 1724 complexi
1517 1670 1736 1722 sumus,
1778 1655 2016 1712 scribere

400 1752 555 1808 vobis
598 1752 855 1819 auderet,
887 1753 1101 1808 sciretis
1141 1768 1263 1807 eum
1300 1751 1381 1806 vel
1415 1750 1682 1807 sacriﬁcio
1711 1751 1794 1807 vel
1829 1750 2016 1807 libello

2107 545 2315 586 SEMPER
2346 547 2583 588 sescena
2612 531 2901 596 festinant,
2935 532 3085 602 quasi
3116 542 3302 588 contra
3348 533 3711 592 innocentiam

2110 622 2452 680 feSIinatione
2481 625 2825 695 praevaleant.

2180 716 2247 770 Χ.
2285 717 2387 771 Per
2418 716 2747 771 Feliciauum
2790 725 2969 771 autem
3015 716 3307 788 signiﬁcavi
3353 718 3476 786 tibi,
3527 720 3715 789 frater,

2110 809 2323 864 venisse
2360 808 2739 879 Carthaginem
2783 808 3059 865 Privatum
3091 821 3326 867 veterem
3362 813 3674 870 hmreticum
3700 857 3714 878 ,

2111 903 2162 956 in
2208 901 2588 957 Lambesitana
2629 902 2839 957 colonia
2880 912 3005 958 ante
3048 905 3244 958 multos
3288 907 3398 961 fere
3437 922 3609 963 annos
3649 909 3719 962 ob

2114 994 2276 1048 multa
2318 1003 2372 1048 et
2412 993 2594 1063 gravia
2637 994 2829 1049 delicta
2871 997 3157 1067 nonaginta
3188 998 3562 1069 episcOporum
3594 1016 3721 1057 sen-

2114 1091 2279 1145 tentia
2327 1091 2776 1159 condemnatum,
2833 1102 3239 1149 anteceSsorum
3291 1097 3451 1153 etiam
3504 1108 3720 1153 nostro-

2112 1200 2272 1251 rum,
2301 1184 2442 1254 quod
2474 1194 2529 1239 et
2570 1194 2804 1253 vestram
2843 1188 3225 1242 conscientiam
3271 1205 3375 1244 non
3419 1191 3575 1257 latet,
3618 1190 3722 1245 Fa-

2114 1277 2256 1333 biatti
2286 1288 2339 1332 et
2368 1277 2556 1332 Donati
2583 1278 2775 1332 litteris
2802 1280 3143 1336 severissime
3173 1294 3413 1338 notatum
3440 1304 3453 1338 :
3482 1284 3571 1355 qui
3598 1301 3720 1340 cum

2114 1390 2334 1431 causam
2375 1392 2526 1430 suam
2565 1377 2706 1447 apud
2750 1392 2847 1431 nos
2875 1379 2924 1432 in
2955 1382 3220 1450 concilio,
3253 1385 3395 1453 quod
3437 1384 3722 1441 habuimus

2117 1466 2294 1522 Idibus
2319 1467 2467 1521 Maiis
2502 1466 2521 1505 ί
2557 1484 2675 1537 qua:
2708 1470 2965 1538 proxima:
3008 1470 3256 1539 luerunt,
3290 1491 3452 1545 agere
3490 1477 3624 1533 velle
3664 1493 3724 1533 se

2118 1558 2349 1625 diceret,
2385 1575 2485 1615 nec
2516 1559 2780 1615 admissus
2807 1572 2982 1628 esset,
3013 1563 3366 1620 Forlttttalum
3404 1568 3570 1622 istmu
3616 1570 3715 1625 sibi

2118 1653 2636 1724 pseudocpiscotium
2681 1653 2899 1723 dignum
2946 1655 3171 1727 collegio
3215 1672 3316 1713 suo
3364 1658 3507 1714 fecit.
3553 1659 3722 1716 Vene-

2118 1756 2204 1801 rat
2242 1746 2401 1801 etiam
2443 1762 2562 1801 cum
2606 1747 2698 1801 illo
2739 1758 2793 1801 et
2823 1747 2968 1802 Felix
3003 1750 3250 1818 quidam,
3282 1767 3440 1822 quem
3480 1754 3596 1820 ipse
3626 1771 3724 1809 ex-

399 1861 526 1901 esse
557 1846 885 1902 maculatum
906 1888 922 1914 ,
952 1848 1035 1902 vel
1067 1861 1228 1901 unum
1261 1845 1330 1901 de
1361 1845 1628 1900 luereticis
1647 1886 1664 1912 ,
1695 1860 2012 1917 perversum
2042 1848 2089 1908 Β
2118 1850 2197 1895 tra
2238 1841 2529 1897 Ecelesiam
2558 1841 2609 1895 in
2640 1841 2835 1896 lucresi
2869 1843 3384 1915 pseudoepiscopum
3430 1847 3556 1900 olim
3587 1863 3717 1903 con-

402 1937 611 1996 scilicet
635 1948 688 1994 et
714 1940 1016 2009 profanum.
1046 1949 1068 1977 ε
1097 1938 1335 1994 Nanctus
1366 1949 1542 1994 tamen
1573 1940 1910 1994 occasionem
1940 1940 2017 1993 fa-

404 2033 753 2089 miliarissimi
787 2035 1022 2090 hominis
1051 2044 1107 2089 et
1139 2035 1323 2090 clerici
1350 2077 1366 2103 ,
1398 2052 1494 2107 per
1525 2033 1855 2090 Felicianum
1889 2049 2013 2089 aco-

407 2126 648 2198 lythum,
682 2143 841 2197 quem
873 2142 993 2184 cuni
1036 2128 1237 2183 Perseo
1276 2128 1482 2198 collega
1522 2136 1707 2182 nostro
1746 2126 1976 2180 miseras
1999 2167 2012 2191 ,

403 2218 548 2275 inter
574 2230 775 2276 cratera
805 2237 924 2292 qua:
964 2220 1017 2275 in
1058 2221 1302 2277 notitiam
1345 2232 1487 2277 tuam
1528 2223 1850 2295 perferenda
1893 2223 2017 2277 hinc

402 2313 649 2382 fuerant,
680 2316 841 2371 etiam
868 2316 935 2371 de
962 2316 1256 2372 Fortunato
1280 2319 1383 2373 isto
1412 2319 1503 2373 tibi
1530 2319 1738 2389 scripsi.
1762 2316 1866 2373 Sed
1893 2317 2018 2371 dum

407 2406 528 2464 istic
554 2406 579 2446 ἀ
604 2409 907 2468 Felicianus
950 2412 1115 2467 frater
1158 2422 1340 2468 noster
1383 2413 1463 2466 vel
1496 2419 1657 2467 vento
1688 2409 2013 2476 retardatur,

406 2500 494 2557 vel
522 2501 845 2574 accipiendis
873 2504 993 2560 aliis
1020 2505 1260 2575 epistolis
1289 2521 1317 2559 a
1352 2505 1503 2560 nobis
1533 2503 1803 2560 detinetur
1834 2514 1879 2568 ο,
1913 2502 2014 2559 Fe-

2119 1936 2384 1990 Stituerat.
2422 1936 2528 1992 Sed
2559 1946 2613 1991 et
2638 1935 2862 1991 Jovinus
2889 1947 2944 1993 et
2973 1948 2998 1985 Β
3029 1938 3287 1995 Maximus
3332 1943 3557 1998 comites
3598 1960 3721 2001 cum

2118 2029 2329 2084 Privato
2361 2029 2615 2085 haeretico
2646 2029 2968 2097 adfuerunt,
2999 2032 3068 2087 ob
3098 2031 3325 2087 nefanda
3372 2035 3631 2092 sacrificia
3663 2048 3723 2093 et

2120 2126 2342 2180 crimina
2369 2125 2420 2179 in
2471 2140 2531 2180 se
2573 2125 2817 2195 probata,
2846 2126 3115 2180 sententia
3160 2142 3351 2183 novem
3392 2129 3719 2201 collegarum

2123 2228 2433 2274 nostrorum
2463 2217 2837 2283 condemnati,
2869 2228 2924 2273 et
2951 2220 3146 2274 iterato
3175 2236 3393 2292 quoque
3420 2238 3450 2276 a
3485 2224 3724 2293 pluribus

2124 2312 2279 2367 nobis
2301 2328 2445 2367 anno
2468 2313 2649 2383 priore
2673 2313 2726 2366 in
2755 2314 2982 2368 com-ilio
3004 2314 3255 2371 absteuti.
3280 2314 3411 2371 Cum
3443 2318 3523 2372 his
3544 2330 3724 2375 autem

2122 2416 2352 2479 quatuor
2374 2407 2595 2476 junctus
2622 2418 2704 2462 est
2732 2416 2786 2461 et
2814 2407 3081 2477 Repostus
3105 2406 3132 2445 ¹ι
3161 2409 3562 2470 Suturuiceusis
3583 2458 3596 2480 ,
3631 2415 3723 2487 qui

2120 2516 2228 2556 non
2271 2510 2478 2555 tantum
2508 2500 2561 2555 in
2593 2501 2969 2570 persecutione
2998 2502 3111 2572 ipse
3141 2503 3366 2572 cecidit,
3400 2506 3495 2562 sed
3524 2517 3580 2565 et
3607 2524 3723 2564 ma-

1652 2638 1950 2696 LECTION
1956 2636 2037 2696 ES
2065 2635 2479 2693 VABIANTES.

482 2758 508 2787 ⁸
542 2757 723 2809 Parem
744 2758 1000 2809 Novatiani
1032 2761 1149 2808 Ver.

476 2819 507 2858 ιι
542 2822 625 2889 Sic
652 2822 776 2874 Bod.
814 2824 861 2889 1,
886 2823 935 2883 2,
962 2822 1021 2889 3._
1044 2824 1181 2889 Voss.
1200 2819 1255 2889 ᾖ.
1280 2820 1393 2889 Tibi
1417 2820 1549 2889 deest
1570 2819 1619 2871 in
1634 2822 1818 2889 9mm
1841 2888 1845 2889 ί
1951 2879 1980 2889 η
2007 2879 2017 2889 _

409 2949 454 3004 Ν
481 2886 625 2999 elIta
662 2880 889 2937 vetustidr
922 2880 1088 2937 eodem
1125 2882 1257 2934 Colit.
1298 2882 1410 2935 aliis
1467 2882 1748 2947 faventibus.
1784 2885 1848 2933 At
1898 2880 2017 2935 editi

459 2965 515 3001 ac
540 2962 598 2999 us

459 2956 598 3001 actus

485 3013 514 3053 (ἱ
546 3011 645 3062 Sed
668 3011 782 3061 dum
806 3012 902 3061 iste
934 3014 1051 3060 Ver.

480 3080 504 3108 ο
538 3076 580 3125 Α
605 3075 744 3124 vobis
763 3074 1019 3123 detinetur
1047 3072 1170 3124 Bod.
1191 3073 1239 3123 5.

485 3137 508 3182 ί
545 3138 715 3189 Idibus
738 3136 928 3187 Martiis
960 3140 1076 3187 Ver.

2192 2755 2219 2794 8
2252 2752 2552 2802 Maximosus
2574 2751 2625 2803 in
2648 2750 2835 2803 duobus
2855 2767 2970 2805 mss.
2999 2754 3128 2807 Colb.
3700 2778 3715 2785 -

2189 2814 2220 2853 Ιι
2253 2818 2408 2887 fetus
2430 2815 2589 2887 eodem
2615 2815 2749 2887 σοιρ.
2790 2817 3189 2887 Splunurceusis.
3233 2820 3506 2887 Recetttior,
3544 2824 3728 2887 Eturg-

2124 2880 2311 2929 nensis.
2351 2878 2492 2927 Corb.
2539 2891 2649 2928 cum
2699 2879 2956 2937 Cambron,
3005 2882 3428 2939 Quoturnicensis.
3482 2878 3721 2940 Lnntbeili.

2126 2940 2483 3010 Uturuieensis.
2515 2942 2557 3010 [ζ
2560 2942 2655 2991 nde
2673 2940 2930 3010 legendum
2955 2950 3088 3010 ῃμιτςι
3106 2943 3392 3010 omtiettsis
3407 2947 3589 3010 editor.
3614 2952 3724 3002 Uti-

2120 3004 2360 3074 nunensis
2382 3017 2393 3050 :
2412 3001 2629 3074 nutxime
2668 3001 2789 3074 cuin
2813 3001 3157 3074 inpo'llatione
3183 3006 3463 3074 Cartltagiu.
3491 3001 3723 3066 habeatur

2122 3065 2351 3117 Octavius
2377 3066 2638 3130 episcopus
2660 3066 2821 3130 plebis
2845 3066 3187 3120 Utiuunensis.

1768 3240 2125 3299 VARIORUM
2163 3238 2396 3296 NOTAE.

410 3384 543 3428 mox
573 3382 601 3422 a
630 3364 861 3423 secunda
894 3379 1055 3418 manu
1084 3362 1375 3428 obstemus,
1402 3360 1525 3416 licet
1549 3376 1579 3415 a
1612 3360 1782 3427 prima
1814 3373 1927 3427 prae
1956 3373 2016 3413 se

414 3443 550 3499 lerat
576 3438 839 3494 abstemia.
868 3435 947 3491 Ex
978 3436 1219 3506 quinque
1241 3434 1572 3506 presbyteris
1600 3431 1709 3506 illis
1727 3444 1958 3506 quattvor
1983 3445 2013 3484 a

411 3514 688 3585 Cypriane
711 3511 875 3577 epist.
908 3508 964 3571 6,
995 3501 1263 3585 nominari
1295 3501 1567 3585 videntur,
1593 3504 1805 3585 scilicet
1837 3501 2015 3584 Dona-

417 3574 571 3641 tu's'et
605 3574 944 3640 Fortunatus.
1004 3578 1228 3635 Novatus
1257 3588 1303 3630 et
1347 3574 1601 3637 Gordius,
1636 3576 1724 3645 qui
1756 3575 2010 3628 nimirum

419 3653 748 3712 ordinationi
801 3651 970 3720 ipsius
999 3652 1436 3705 intercesserant.
1471 3644 1679 3714 Quibus
1706 3646 1751 3720 si
1781 3644 2014 3720 addatur

420 3727 583 3782 Gaius
632 3716 911 3778 Diddetisis
972 3723 1279 3792 presbyter,
1354 3735 1512 3789 quem
1578 3716 2018 3792 Carthaginiensis

418 3799 637 3861 clerus,
684 3794 954 3868 Cypriane
974 3791 1152 3868 "epist.
1186 3806 1379 3868 xxvni,
1410 3791 1744 3868 approbante
1764 3829 1779 3852 ,
1812 3806 1839 3840 a
1870 3803 2019 3842 com-

430 3860 685 3925 munione
712 3860 1000 3930 submovit,
1030 3860 1246 3920 ﬁliorum
1282 3864 1519 3932 quinque
1582 3860 2016 3931 presbyterorum

423 3939 645 3998 nomina
678 3937 1034 3993 habebuntur.
1077 3936 1376 3990 COUSTANT.

494 4010 705 4066 Perseo.
755 4009 895 4064 Puto
945 4008 1099 4063 illum
1151 4006 1317 4061 fuisse
1357 4005 1665 4075 episcopum
1715 4002 1913 4059 alicubi
1965 4004 2017 4058 in

420 4084 595 4143 Italia.
632 4081 829 4137 BALUZ.

495 4153 702 4211 Scelera
728 4149 1244 4224 festinautrTacitus
1287 4148 1338 4224 in
1370 4147 1508 4203 libro
1538 4145 2015 4224 prj_nto__liistor_i_a-

428 4243 549 4285 rum
578 4217 962 4281 dicit'scelera
998 4222 1199 4291 impetu
1231 4221 1524 4274 valescere.
1571 4217 1895 4291 Claudianus
1922 4217 2015 4272 lib.

423 4315 462 4354 ιι
497 4299 550 4354 in
590 4298 842 4352 Ruﬁnum
867 4313 882 4349 :
910 4289 1090 4363 Neque
1139 4294 1272 4347 enim
1326 4293 1763 4363 patiuntariswvu
1800 4289 2017 4363 quietem

426 4370 665 4425 crimina.
726 4367 958 4424 Sanctus
1004 4362 1365 4437 Hieronymus
1411 4362 1465 4416 in
1513 4362 2018 4437 dialogoadversus

431 4441 807 4513 Luciferianos,
834 4448 889 4492 et
914 4437 1130 4513 Florus,
1169 4431 1263 4491 lib.
1314 4451 1370 4490 Ill
1393 4476 1406 4499 ,
1433 4448 1554 4513 cap.
1600 4434 1624 4488 1
1653 4449 1666 4486 :
1695 4431 1798 4513 Diu
1817 4431 2019 4513 scelera

426 4503 931 4596 nou'latentz‘Seneca
948 4508 1350 4596 Med‘ea,magu‘a
1365 4523 1465 4588 non
1481 4505 1638 4596 latent
1652 4503 2016 4596 ntala.l.3at.lug.
2047 4535 2097 4596 υ

500 4583 570 4640 Χ.
597 4612 671 4624 -
698 4581 918 4635 Fabiani
946 4590 994 4635 et
1037 4576 1267 4634 Donatif
1289 4577 1379 4633 Sic
1408 4578 1459 4632 in
1485 4578 1633 4632 calce
1656 4576 1895 4644 epistola:
1925 4576 2016 4641 67,

428 4657 499 4712 ad
526 4655 847 4724 Stephanum
880 4652 1080 4722 Papam
1123 4651 1219 4718 ait,
1249 4665 1371 4721 pag.
1419 4650 1521 4724 117
1553 4666 1565 4700 :
1601 4647 1896 4703 Servandus
1943 4656 2019 4700 est

432 4728 567 4782 enim
622 4722 1001 4781 antecesserunt
1065 4733 1356 4777 nostrorum
1413 4722 1672 4775 beatorum
1735 4729 2018 4789 martyrum

435 4798 656 4853 Cornelii
682 4808 726 4852 et
760 4796 906 4851 Lucii
942 4796 1104 4849 honor
1133 4794 1407 4867 gloriosus.
1443 4792 1533 4848 Sic
1575 4789 1715 4861 apud
1751 4788 2013 4862 Optatum,

437 4868 538 4925 lib.
592 4885 654 4935 ι,
731 4871 1025 4938 scriptum,
1063 4865 1147 4922 est
1227 4865 1574 4938 thcilianum
1629 4877 1754 4938 non
1801 4876 2015 4938 _r_eces_:

433 4940 574 4997 sisse
621 4932 653 4994 ἁ
707 4932 964 4994 Cat/terim
1002 4937 1145 4992 Petri
1187 4938 1266 4992 vel
1308 4936 1603 5007 Cypriani:
1629 4932 1764 4989 Vide
1800 4932 2015 5007 Rigal_tii

436 5012 875 5069 observationem
946 5010 1012 5064 ad
1088 5009 1229 5063 hunc
1308 5004 1506 5063 locum.
1580 5006 1779 5061 BALUZ.
1820 5004 1892 5045 -ὲ
1936 5004 2016 5059 Ex

434 5083 542 5139 hoc
599 5083 749 5148 loco,
810 5098 915 5137 non
968 5079 1309 5151 improbabili
1346 5077 2020 5151 conjecturaaBaronius

435 5153 763 5225 Cyprianum
832 5154 886 5209 in
937 5149 1263 5225 EpiScopatu
1330 5149 1757 5225 Carthaginiensi
1813 5149 2019 5225 Donato

436 5218 768 5282 successisse
820 5218 1089 5292 Opiuaiur.
1142 5218 1291 5292 'Quia
1341 5218 1555 5278 scilicet
1597 5219 1900 5292 Cyprianus
1949 5218 2018 5274 ad

437 5298 747 5354 Cornelium
777 5296 1102 5366 Episcopum
1126 5295 1427 5351 Romanum
1459 5293 1892 5366 factameutioue
1922 5306 2019 5366 no-

437 5369 655 5439 naginta
710 5361 1101 5439 Episcoporum
1142 5369 1231 5438 qui
1278 5365 1551 5422 Privatum
1600 5362 1910 5439 luereticum
1964 5361 2017 5416 in

437 5433 814 5497 Lainbesitana
868 5433 1080 5495 colonia
1129 5433 1252 5493 ante
1295 5453 1467 5492 annos
1501 5433 1758 5492 tredecim
1791 5435 2019 5488 damna-

436 5521 667 5577 verant,
713 5511 963 5569 eumdem
993 5525 1208 5584 quoque
1232 5509 1505 5584 Privatum
1550 5505 1891 5584 severissime
1918 5519 2015 5584 no.-

436 5590 608 5639 tatum
650 5574 814 5658 fuisse
840 5574 1102 5658 signiﬁcat
1124 5574 1319 5658 litteris
1352 5579 1583 5658 Eabiani
1605 5586 1682 5658 “et
1708 5577 1915 5658 Donati.
1938 5574 2021 5658 _Ut

438 5647 913 5725 quemadmodutn'
941 5654 1243 5728 Cyprianus
1276 5651 1568 5728 Fabianum
1600 5647 1834 5728 Cornelii
1862 5656 2016 5701 ante-

441 5724 715 5782 eessorem
746 5724 1009 5792 nominat,
1026 5724 1117 5781 ’sic
1144 5725 1306 5780 etiam
1332 5724 1594 5792 Donatum
1617 5726 2018 5792 antecessorem

440 5810 598 5867 suum
632 5790 1006 5855 nominaverit.
1061 5795 1299 5867 Ideoque
1321 5793 1387 5849 ad
1418 5790 1751 5867 Corn_el_it_tm_
1773 5790 2019 5867 scribens

440 5865 666 5939 dixerit,
713 5883 1112 5931 antecessorum
1153 5861 1482 5934 nostrorum,
1536 5861 1756 5923 Fabiani
1805 5863 1916 5932 tui,
1965 5869 2020 5919 et

890 5965 1172 6031 ΡΑτιιοι..
1222 5961 1334 6027 ΙΙΙ.

2120 3356 2310 3411 Donati
2365 3352 2806 3429 mei._Caeterum
2865 3356 3005 3414 hanc
3049 3358 3303 3429 loquendi
3346 3363 3573 3422 formam
3608 3386 3716 3428 non

2119 3443 2337 3503 geliipgr
2360 3427 2458 3503 ﬂii
2485 3426 2808 3503 det‘ch‘ttt‘eS
2839 3429 2890 3503 iit
2923 3426 3132 3485 eodem
3157 3436 3472 3503 episcrtpatu
3525 3426 3716 3500 referri

2118 3499 2331 3554 docebit
2360 3498 2601 3572 Epistula
2633 3514 2796 3553 vatt.
2850 3498 3152 3572 Cyprianus
3176 3498 3554 3565 antecessmres
3585 3498 3713 3570 suos

2117 3584 2390 3653 nuncuuat
2419 3571 2743 3653 Cornelium“
2761 3582 2815 3625 et
2841 3571 3396 3653 _Luci__um_Episeopos
3419 3580 3711 3653 Romanos,

2118 3644 2217 3724 etsi
2250 3658 2571 3725 numquaur
2604 3642 2918 3711 pra-fuerint
2964 3642 3221 3701 Ecclesia:
3274 3642 3714 3725 Cill'lililgillellSi;

2121 3713 2441 3792 simpliciter
2487 3723 2872 3792 antecessores
2908 3732 3038 3792 suos
3069 3730 3223 3773 vocat
3272 3724 3424 3789 quasi
3475 3713 3714 3792 iuajores

2122 3800 2283 3853 suos,
2332 3786 2454 3855 quia
2497 3786 2704 3857 senticet
2747 3785 2904 3840 annis
2931 3789 3139 3857 aliquot
3190 3785 3317 3846 ante
3364 3808 3423 3848 se
3469 3785 3716 3855 vixerant

2123 3857 2313 3935 eodem
2346 3855 2674 3935 __Episc0pali
2728 3857 2940 3924 olﬁcio,
2992 3855 3087 3915 sed
3147 3860 3267 3916 aliis
3319 3862 3369 3917 in
3426 3869 3716 3935 provinciis

2124 3926 2310 3982 functi.
2344 3927 2569 3983 RIGALT.

2199 3998 2658 4081 Privataprobato
2708 3998 2985 4081 hiereticno._
3011 4000 3286 4081 Editiones
3324 4006 3554 4078 vulgatm
3579 4029 3717 4081 pra)-

2122 4068 2304 4124 ferunt
2352 4069 2843 4142 privato/tremum.
2895 4073 3170 4139 Spirensis
3231 4068 3446 4142 tamen:
3510 4068 3710 4141 Veia-ta

2124 4150 2300 4220 vetus,
2332 4154 2383 4196 et
2414 4140 2730 4220 Retnboltus
2752 4140 2950 4195 habent
2978 4142 3237 4220 Proltatt'o.
3271 4140 3447 4215 Atque
3489 4166 3591 4220 ego
3642 4140 3712 4210 ita

2123 4214 2382 4289 scriptum
2410 4211 2584 4289 reperi
2613 4210 2666 4289 in
2699 4226 2893 4289 novem
2939 4214 3216 4289 codicibus
3253 4210 3488 4289 antiquis
3508 4210 3610 4285 ,vet
3640 4227 3713 4281 ita

2122 4300 2182 4339 se
2204 4286 2469 4352 reperisse
2505 4284 2557 4337 in
2583 4284 2753 4337 tribus
2768 4284 2937 4355 etiam
2967 4284 3205 4355 antiquis
3247 4284 3475 4343 testaiur
3516 4293 3713 4351 Pame-

2125 4356 2245 4431 lius.
2278 4355 2336 4431 In
2365 4354 2774 4431 monasteriensi
2815 4355 3080 4431 scriptum
3103 4354 3205 4411 est
3236 4360 3451 4428 privatio
3480 4366 3712 4431 probatio

2123 4429 2380 4508 uwt'etico,
2437 4430 2489 4508 in
2516 4424 3091 4508 Fossatensilproltatto
3134 4424 3339 4508 tantum
3364 4474 3376 4492 .
3428 4424 3522 4508 sed
3552 4453 3712 4508 supra

2123 4500 2319 4555 lineam
2352 4499 2610 4567 scriptum
2641 4508 2723 4553 est
2767 4498 2845 4553 vel
2873 4503 3089 4568 privato.
3130 4501 3219 4556 Sic
3244 4503 3406 4559 etiam
3440 4506 3489 4559 iu
3518 4498 3710 4565 recén-

2126 4572 2259 4647 tiore
2288 4571 2586 4647 Victorino.
2618 4569 2674 4624 In
2703 4568 3203 4638 Gratianoitolitauo
3223 4615 3244 4647 ,γ
3272 4577 3467 4644 privato
3498 4579 3709 4647 probato

2124 4643 2381 4698 lueretico.
2415 4641 2593 4712 Atque
2620 4657 2719 4709 ego
2750 4652 2876 4710 puto
2907 4658 3025 4696 eam
3054 4658 3175 4698 esse
3204 4641 3471 4702 sinceram
3498 4641 3711 4708 veram-

2123 4730 2228 4786 que
2265 4715 2550 4770 lectionem
2567 4756 2582 4778 ,
2606 4727 2790 4786 quamA
2802 4713 2987 4786 probat
3013 4717 3174 4786 etiam
3207 4715 3365 4770 lectio
3390 4723 3710 4780 recentioris

2123 4783 2335 4864 codicis
2358 4785 2655 4855 [letnigiani
2684 4793 2739 4864 et
2768 4783 3124 4864 Divioneosis,
3148 4784 3202 4839 in
3227 4789 3421 4864 quibus
3446 4797 3707 4864 scriptum

2122 4855 2204 4931 est
2256 4860 2450 4931 privato
2474 4855 2815 4931 comprobato
2843 4857 3125 4931 _Ita:retico.
3178 4855 3506 4931 Alierutram
3558 4855 3704 4923 enim

2123 4927 2413 4985 lectionum
2472 4928 2682 4983 illarum
2738 4927 2975 4982 arbitror
3025 4928 3244 4983 retineri
3295 4932 3514 4990 debere.
3570 4937 3705 4992 Nam

2160 5002 2285 5057 aulo
2322 5011 2462 5076 ante
2479 5000 2618 5055 idem
2664 4998 2908 5076 Privatus
2939 5006 3160 5076 vocatur
3200 5010 3353 5076 vetus
3381 5002 3703 5076 hereticus,

2142 5088 2225 5128 ioc
2245 5084 2330 5129 est
2351 5072 2606 5144 probatus
2633 5069 2717 5124 vel
2738 5071 3120 5144 comprobatus
3149 5070 3453 5144 haereticus.
3511 5077 3576 5132 Et
3627 5069 3707 5135 sic

2123 5144 2330 5200 tollitur
2351 5140 2641 5197 difﬁcultas
2669 5155 2829 5211 quam
2874 5140 2976 5195 sibi
3025 5143 3146 5196 fecit
3190 5143 3458 5199 Parnelius
3513 5150 3703 5206 existi—

2122 5231 2279 5271 mans
2302 5214 2596 5285 delendum,
2616 5226 2738 5267 esse
2765 5226 2971 5285 nomen
2991 5211 3404 5285 Probatii,qnod
3426 5220 3711 5276 invenerat

2124 5288 2177 5342 in
2199 5286 2369 5359 ttubus
2393 5284 2633 5359 antiquis
2658 5282 3087 5351 exemplaribus;
3120 5287 3242 5352 quia
3261 5282 3297 5359 ,⁷
3312 5296 3367 5342 ιιι
3391 5287 3479 5343 ille
3519 5292 3613 5359 ait,
3658 5294 3705 5348 si

2122 5358 2411 5413 adderetur
2461 5357 2570 5430 hoc
2593 5368 2787 5408 nomen
2810 5394 2824 5419 ,
2854 5366 3157 5430 essentsex
3188 5358 3421 5428 episcopi
3444 5357 3707 5430 damnati,

2121 5445 2257 5501 quos
2281 5439 2455 5501 tamen
2483 5427 2722 5501 quinque
2748 5433 2957 5501 tantum
2990 5424 3154 5501 fuisse
3169 5424 3385 5501 consmi
3397 5472 3409 5484 .
3435 5430 3633 5489 ΒΑιυΖ,

2197 5494 2596 5555 Saturnicensis.
2638 5494 2856 5577 Retinui
2895 5494 3034 5577 hanc
3059 5496 3364 5577 lectionem,
3389 5506 3509 5577 quia
3555 5507 3712 5577 vulgo

2123 5581 2336 5640 recepta
2366 5580 2470 5630 est.
2492 5578 2548 5624 et
2573 5566 2807 5647 nondum
2837 5566 3024 5647 inveni.
3067 5569 3364 5647 meliorem.
3404 5566 3481 5627 Et
3508 5566 3706 5647 tamen,

2125 5636 2479 5712 praeterquam
2497 5639 2640 5714 quod
2672 5652 2868 5714 nomen
2898 5636 3027 5693 illud
3054 5638 3178 5694 alibi
3209 5656 3314 5696 non
3348 5646 3541 5714 reperi,
3569 5636 3711 5704 muli

2123 5711 2234 5769 tum
2259 5716 2467 5770 variant
2496 5711 2548 5767 in
2576 5712 2678 5766 hoc
2707 5711 2850 5783 loco
2871 5719 3052 5783 vetera
3095 5711 3441 5783 exemplaria.
3471 5719 3605 5774 Octo
3646 5738 3711 5777 ex

2122 5786 2230 5841 illis
2267 5800 2387 5857 qua:
2415 5799 2516 5857 ego
2545 5783 2652 5857 vidi
2687 5780 2935 5857 et__editio
2954 5780 3268 5857 Manutiana'
3304 5785 3505 5843 habent
3547 5792 3708 5846 Sum.

2124 5851 2406 5926 nurceitsis,
2439 5851 2581 5913 aliud
2609 5855 2661 5914 in
2685 5853 2919 5912 editione
2936 5851 3231 5922 Auglicana
3263 5856 3531 5917 laudatum
3559 5860 3717 5921 Uttuu

2990 5945 3068 6013 26
