4250 6224
619 273 720 332 811

1627 261 2059 326 ROMANORUM
2091 261 2511 324 PONTlFlCUM
2552 259 2934 324 EPISTOLAS.

3833 267 3941 325 8l2

620 392 819 446 ximam
850 395 1058 459 partem
1089 381 1260 456 plebis
1285 399 1395 440 sua:
1425 384 1681 455 sacrilega
1715 393 1740 420 τι
1769 383 2116 454 persuasione
2143 382 2228 438 de-
2257 385 2302 443 Α
2336 382 2607 438 luci-elicis
2637 383 2901 449 Ecclesia,
2931 389 3024 437 aut
3073 382 3142 438 ab
3190 381 3402 452 injustis
3428 381 3635 453 justitia
3674 382 3936 440 vincatur.

613 487 765 558 jecit.
798 484 860 541 lli
886 484 1121 555 quinque
1144 497 1263 536 cum
1290 480 1472 550 paucis
1500 479 1583 534 vel
1610 478 1946 541 sacrilicatis,
1978 476 2058 531 vel
2089 477 2226 531 male

621 580 720 636 sibi
752 578 1012 644 consciis,
1049 576 1400 631 Fortunatum
1435 573 1534 628 sibi
1570 572 2090 643 pscudoepismpum
2132 585 2224 624 co-

620 681 907 741 optarunt;
954 677 1011 724 ttt
1051 667 1366 723 criminibus
1411 665 1461 720 in
1508 682 1670 721 unum
1702 663 1730 702 ι)
1760 663 2226 719 consentientibus

623 765 743 819 talis
773 773 914 818 esset
953 762 1160 818 scilicet
1194 772 1389 827 rector,
1422 761 1608 830 quales
1640 759 1713 814 illi
1748 759 1837 830 qui
1871 768 2151 829 reguntur.

692 855 1049 926 XLHincjam
1069 865 1123 911 et
1147 867 1341 910 caetera
1371 855 1668 924 mendacia,
1696 857 1862 912 frater
1883 857 2222 925 charissime,

619 963 775 1024 potes
806 966 1052 1019 noscere,
1083 967 1203 1022 quae
1233 949 1342 1006 illic
1374 962 1395 990 ο
1430 951 1675 1006 homines
1703 951 1969 1022 desperati
2015 963 2068 1006 et
2106 968 2227 1021 per-

622 1045 718 1103 diti
746 1045 1141 1102 ventilaverunt
1177 1064 1188 1099 :
1220 1055 1277 1099 ut
1309 1061 1429 1100 cum
1462 1045 1530 1100 de
1568 1046 1884 1100 sacrificatis
1914 1047 1997 1100 vel
2026 1047 2093 1102 de
2120 1046 2226 1101 hrc-

619 1142 801 1197 reticis
823 1137 1072 1210 amplius,
1103 1156 1263 1210 quam
1311 1140 1548 1210 quinque
1598 1141 2067 1212 pseudoepiscopi,
2118 1158 2222 1197 non

620 1235 820 1291 fuerint
858 1233 948 1305 qui
999 1233 1376 1304 Carthaginem
1419 1235 1687 1299 venerint,
1761 1245 1815 1290 et
1874 1235 2225 1292 Fortunatam

615 1323 716 1379 sibi
742 1323 1030 1378 dementia:
1051 1339 1163 1378 sua:
1203 1325 1409 1378 socium
1439 1324 1850 1391 constituerint;
1899 1327 1973 1380 illi
2024 1337 2223 1394 tamen,

616 1417 765 1486 quasi
802 1414 896 1470 lilii
934 1414 1132 1470 diaboli
1188 1423 1242 1469 et
1295 1416 1576 1471 mendacio
1621 1417 1782 1486 pleni,
1814 1418 1929 1471 ansi
1980 1419 2108 1484 sint,
2170 1429 2226 1474 ut

619 1509 832 1576 scribis,
854 1511 1104 1579 jactitare
1128 1505 1354 1579 dviginti
1383 1510 1619 1580 quinque
1642 1511 1923 1578 episcopos
1949 1509 2184 1565 adfuisse
2209 1530 2222 1565 :

612 1605 754 1677 quod
786 1604 1125 1659 mendacium
1161 1616 1215 1659 et
1247 1605 1367 1659 istic
1401 1606 1548 1674 prius
1580 1603 1720 1674 apud
1768 1603 1960 1660 fratres
2006 1616 2225 1661 nostros

603 1701 965 1770 jactitabant,
1009 1699 1252 1754 dicentes
1300 1699 1485 1769 viginti
1519 1700 1758 1770 quinque
1814 1701 2101 1769 episcopos
2159 1697 2226 1756 de

609 1796 859 1852 Numidia
887 1811 1008 1853 esse
1036 1807 1318 1861 venturos,
1347 1796 1436 1866 qui
1467 1795 1570 1849 sibi
1602 1797 1915 1866 episcoiium
1947 1795 2219 1860 facerent;

2406 475 2519 533 Xll.
2547 478 2658 534 Nec
2701 496 2786 533 me
2813 489 3046 548 oportet,
3100 476 3267 532 frater
3320 477 3658 543 cltarissime,
3722 479 3868 547 paria
3910 477 3941 516 δ

2335 590 2474 628 nunc
2496 590 2617 628 cum
2654 573 2761 628 illis
2788 574 2989 638 facere,
3024 582 3078 628 et
3105 589 3166 628 ea
3191 590 3312 644 qua:
3340 573 3754 639 conuniseruut,
3780 585 3943 643 atque

2333 669 2435 722 huc
2460 684 2627 738 usque
2653 669 3014 733 eonnnittunt,
3048 683 3168 723 meo
3191 683 3440 722 sermone
3463 667 3785 733 decurrere;
3817 684 3943 724 cum

2332 761 2782 816 considerandum
2813 761 2881 816 sit
2915 761 3090 828 nobis,
3133 761 3259 831 quid
3322 763 3563 832 proferre
3598 773 3654 818 et
3697 764 3944 820 scribere

2331 857 2641 912 sacerdotes
2676 857 2764 912 Dei
2793 865 3060 923 oporteat,
3095 867 3318 911 nectam
3345 856 3501 911 dolor
3535 856 3677 926 apud
3702 875 3798 912 nos
3839 857 3942 913 de-

2331 950 2473 1014 beat,
2517 967 2676 1020 quam
2737 951 2907 1021 pudor
2946 949 3127 1020 loqui:
3178 959 3333 1005 etne
3382 949 3564 1005 videar
3618 961 3946 1022 provocatus

2332 1045 2610 1100 maledicta
2631 1046 2832 1116 potius,
2855 1062 3014 1114 quam
3037 1045 3262 1099 crimina
3291 1055 3359 1115 et,
3379 1056 3593 1116 peccata
3621 1063 3941 1118 congerere.

2331 1137 2507 1192 Taceo
2541 1139 2716 1208 itaque
2749 1137 2817 1193 de
2845 1137 3124 1192 fraudibus
3150 1138 3407 1192 Ecclesiae
3448 1138 3638 1204 factis;
3685 1141 3946 1210 coniura-

2333 1231 2506 1284 tiones
2533 1241 2585 1283 et
2613 1229 2892 1295 adulteria,
2930 1240 2982 1286 et
3011 1233 3156 1284 varia
3197 1230 3516 1286 delictorum
3545 1248 3744 1303 genera
3794 1250 3941 1304 prac-

2332 1333 2479 1380 tereo
2511 1343 2526 1379 :
2556 1342 2716 1380 unum
2751 1325 2900 1392 illud,
2936 1327 2985 1380 in
3019 1343 3126 1396 quo
3153 1344 3256 1381 non
3296 1343 3435 1391 mea,
3481 1344 3582 1383 nec
3637 1329 3941 1401 hominum,

2335 1417 2427 1472 sed
2463 1418 2554 1472 Dei
2592 1435 2752 1473 causa
2795 1430 2896 1485 est,
2927 1419 2992 1473 de
3022 1435 3210 1475 eorum
3260 1421 3496 1475 facinore
3529 1438 3634 1476 non
3657 1434 3786 1492 puto
3819 1438 3944 1478 esse

2331 1511 2704 1578 reticendum;
2747 1513 2889 1582 quod
2919 1531 2945 1566 a
2967 1513 3140 1582 primo
3188 1515 3366 1568 statim
3404 1516 3798 1585 persecutionis
3827 1516 3940 1588 die,

2331 1621 2451 1660 eum
2484 1607 2718 1660 recentia
2741 1607 3164 1676 delinquentium
3196 1606 3435 1662 facinora
3455 1609 3747 1672 ferverent.
3773 1620 3825 1664 et
3856 1626 3944 1666 sa-

2331 1700 2548 1754 crificiis
2579 1699 2825 1754 nefandis
2857 1717 2961 1754 non
2988 1709 3193 1754 tantum
3243 1699 3440 1756 diaboli
3472 1702 3686 1765 altaria,
3721 1702 3814 1757 sed
3848 1703 3942 1757 ad-

2334 1791 2437 1846 huc
2468 1807 2656 1847 manus
2680 1794 2807 1862 ipsm
2832 1794 3101 1862 lapsorum
3133 1803 3294 1865 atque
3333 1811 3426 1850 ora
3463 1795 3753 1864 fumarent,
3791 1814 3944 1852 com-

609 1891 782 1961 quoin
805 1889 1089 1945 mendacio
1121 1905 1219 1943 suo
1251 1897 1434 1959 postea
1464 1904 1642 1958 quam,
1676 1890 1912 1958 quinque
1931 1888 2058 1942 solis
2087 1903 2219 1941 con«
2253 1861 2300 1920 Β
2330 1887 2601 1940 nmnicare
2629 1902 2748 1939 cum
2781 1885 2946 1952 lapsis
2980 1897 3033 1941 et
3067 1888 3397 1956 [)mttitenlin!
3429 1891 3652 1960 agenda:
3700 1892 3932 1946 interce-

610 1983 953 2038 venientibus
1001 1982 1271 2052 naufragis
1299 1991 1352 2036 et
1390 1997 1418 2035 a
1475 1982 1630 2036 nobis
1685 1982 1969 2048 abstentis,
2024 1981 2223 2036 detecti

607 2084 752 2142 sunt,
781 2086 943 2146 atque
973 2075 1215 2139 confusi;
1247 2073 1472 2128 Romam
1505 2091 1625 2129 cum
1661 2075 2065 2130 mendaciortnn
2098 2092 2219 2129 suo-

607 2183 724 2222 rum
750 2183 927 2241 n'tcrce
958 2167 1369 2237 navigaverunt,
1399 2167 1550 2237 quasi
1597 2169 1792 2223 veritas
1824 2178 1940 2238 post
1984 2184 2080 2223 eos
2123 2185 2219 2222 na-

608 2263 788 2332 vigare
815 2278 918 2317 non
956 2273 1155 2333 posset,
1185 2280 1305 2333 qua:
1354 2262 1643 2318 mendaces
1671 2261 1880 2333 linguas
1930 2265 2004 2318 rei
2056 2273 2221 2319 certa:

606 2357 924 2426 probatione
973 2357 1345 2412 convinceret.
1405 2357 1578 2426 Atque
1629 2357 1742 2412 haec
1793 2370 1918 2422 est,-
1961 2357 2127 2413 frater
2171 2369 2217 2425 θ,

606 2468 729 2507 vera
757 2451 1049 2520 dementia,
1080 2470 1183 2506 non
1217 2453 1476 2522 cogitare,
1507 2469 1603 2506 nec
1633 2455 1771 2508 scire
1813 2455 1954 2524 quod
1998 2455 2217 2510 menda.

601 2547 684 2601 cia
713 2563 818 2600 non
851 2546 939 2599 ditt
973 2546 1180 2610 fallant,
1227 2558 1441 2600 noctem
1487 2557 1591 2600 tam
1639 2546 1727 2601 diu
1775 2563 1896 2602 esse
1935 2564 2093 2618 quam
2127 2548 2216 2604 ditt

601 2637 920 2695 illucescatf
949 2638 1084 2702 dies,
1115 2637 1410 2693 clarificato
1441 2649 1620 2694 autem
1649 2639 1759 2702 die,
1779 2652 1833 2696 et
1863 2642 2212 2706 soleoborto,

602 2731 707 2786 luci
730 2731 986 2787 tmebras
1017 2734 1072 2784 et
1102 2729 1386 2800 caliginem
1416 2731 1632 2798 cedere,
1662 2742 1715 2786 et
1745 2747 1863 2803 qu:c
1887 2734 2211 2802 grassaban-

604 2831 690 2879 tur
719 2841 814 2894 per
839 2831 1052 2877 noctem
1083 2821 1363 2876 latrocinia
1393 2838 1626 2877 ceSSare.
1655 2823 1892 2894 Denique
1923 2825 1968 2878 si
1997 2826 2212 2880 nomina

597 2918 666 2972 ab
695 2917 776 2972 eis
801 2930 1101 2987 qumreres,
1137 2930 1242 2968 non
1295 2915 1557 2970 ltaberent
1607 2918 1685 2972 vel
1717 2933 1854 2988 quos
1883 2927 1909 2965 8
1939 2919 2074 2973 falso
2116 2937 2213 2974 no-

599 3009 870 3064 minarent
906 3026 916 3060 :
950 3017 1095 3063 tanta
1134 3007 1273 3078 apud
1317 3024 1410 3062 eos
1460 3010 1618 3064 etiam
1673 3011 1930 3066 malorum
1991 3013 2210 3081 penuria

597 3112 701 3170 est,
735 3114 789 3157 ut
816 3103 881 3157 ad
941 3103 1062 3156 illos
1091 3119 1190 3157 nec
1237 3103 1305 3158 de
1334 3104 1651 3159 saerilicatis
1683 3122 1782 3161 nec
1819 3108 1884 3161 de
1938 3109 2211 3163 luereticis

599 3196 1045 3266 vigintiquinque
1067 3196 1243 3266 colligi
1262 3197 1564 3266 possintlit
1582 3208 1759 3254 tamen
1780 3200 1844 3253 ad
1861 3199 2210 3271 deeipiendas

595 3303 755 3343 aures
783 3288 1111 3357 simplicium
1172 3299 1226 3343 et
1275 3289 1604 3356 absentium,
1639 3292 1917 3347 tnendacio
1947 3311 2207 3351 ntnnerus

599 3383 1039 3455 inflaturzquasi,
1066 3392 1118 3439 et
1144 3385 1188 3439 si
1215 3399 1374 3440 verus
1396 3395 1541 3442 esset
1581 3387 1666 3442 hic
1708 3403 1986 3454 numerus,
2019 3399 2114 3445 aut
2139 3392 2207 3447 ab

2332 1980 2462 2034 dere
2493 1997 2597 2034 non
2635 1979 2979 2034 destiterunt.
3016 1981 3226 2035 Clamat
3259 1982 3439 2037 Deus:
3485 1982 3802 2051 Sacriﬁcans
3844 1985 3945 2039 diis

2329 2073 2690 2137 cradicabitur,
2746 2075 2846 2128 nisi
2901 2071 3120 2129 Domino
3178 2077 3274 2129 soli
3314 2073 3509 2146 (Exod.
3561 2092 3687 2138 xx",
3725 2077 3836 2146 ΞΟ).
3871 2078 3946 2134 Et

2330 2167 2585 2220 Dominus
2611 2168 2660 2220 in
2687 2166 2979 2238 Evangelio
3006 2167 3135 2222 dicit
3167 2187 3181 2225 :
3228 2169 3330 2234 Qui
3379 2187 3456 2223 me
3507 2172 3776 2240 negaverit,
3841 2187 3942 2224 nc-

2327 2262 2454 2329 gabo
2484 2260 2628 2313 illum
2657 2260 2872 2333 (."ttll/t.
2919 2279 2970 2328 κ,
3000 2260 3112 2331 55).
3149 2263 3211 2316 Et
3242 2262 3349 2315 alio
3385 2263 3499 2317 loco
3541 2263 3837 2334 indignatio
3879 2274 3938 2320 et

2333 2356 2412 2408 ira
2434 2355 2613 2408 divina
2640 2371 2742 2408 non
2776 2357 3138 2418 tacet,tliccns
3165 2377 3177 2412 :
3209 2355 3328 2410 Illis
3357 2357 3565 2426 fudistis
3592 2358 3862 2426 libamina,
3889 2368 3940 2414 et

2323 2449 2425 2501 illis
2454 2450 2768 2517 imposuistis
2799 2450 3055 2518 sacriﬁcia
3088 2468 3105 2504 :
3134 2468 3290 2521 super
3319 2451 3427 2504 lucc
3454 2469 3553 2505 non
3585 2452 3935 2524 indignabor?

2322 2543 2446 2595 dicit
2474 2540 2725 2594 Dominus
2769 2541 2901 2612 (Isa.
2939 2560 3065 2609 Lvn,
3099 2545 3153 2612 6)
3184 2561 3196 2598 :
3248 2545 3313 2599 Et
3341 2548 3680 2600 intercedunt
3730 2563 3795 2601 ne
3841 2563 3936 2602 ro-

2325 2649 2478 2708 getur
2498 2639 2658 2703 Deus,
2683 2642 2770 2708 qui
2806 2640 3069 2709 indignari
3097 2658 3155 2696 sc
3180 2643 3294 2711 ipse
3318 2651 3568 2698 testatur.
3586 2643 3938 2703 lntercedunt

2325 2750 2390 2786 ne
2430 2743 2684 2785 exoretur
2739 2735 2988 2802 prccilnts
3033 2745 3087 2789 et
3135 2738 3592 2792 satisl'actionibus
3644 2739 3933 2808 Christus;

2325 2825 2412 2893 qui
2445 2835 2728 2893 negantem
2755 2840 2813 2879 se
2842 2841 3037 2894 negare
3068 2826 3365 2896 profitetur.

2391 2921 2526 2974 Xlll.
2549 2921 2724 2975 Nosin
2747 2922 2862 2992 ipso
2894 2923 3280 2990 persecutionis
3313 2933 3554 2994 tempore
3582 2926 3648 2979 tle
3678 2925 3781 2981 hoc
3814 2927 3932 2998 ipso

2319 3015 2527 3068 litteras
2559 3015 2822 3080 misimus,
2859 3031 2957 3069 nec
2986 3016 3150 3070 auditi
3184 3033 3391 3084 sumus,
3426 3019 3656 3074 concilio
3675 3019 3931 3090 frequen-

2319 3119 2399 3164 ter
2446 3121 2590 3174 acto,
2649 3128 2754 3164 non
2801 3113 3158 3168 eonsensione
3212 3125 3413 3168 tantum
3457 3125 3663 3182 nosn'a,
3718 3118 3812 3171 sed
3870 3127 3925 3173 et

2315 3205 2735 3259 comminatione
2784 3205 3145 3270 decrevimus,
3199 3217 3255 3259 ut
3303 3209 3671 3276 paenitentiam
3731 3210 3926 3264 fra'res

2311 3307 2554 3368 agerent.
2585 3308 2642 3351 ut
2673 3299 3043 3368 pwnitcntiam
3093 3317 3198 3355 non
3229 3303 3512 3372 agentibus
3533 3319 3687 3358 nemo
3713 3312 3928 3360 temere

2314 3408 2496 3462 pacem
2544 3391 2734 3447 daret:
2775 3403 2828 3447 et
2859 3392 2934 3448 illi
2965 3404 3151 3450 contra
3201 3396 3371 3452 Deum
3423 3398 3679 3467 sacrilegi,
3721 3410 3920 3454 contra

1843 3547 2224 3608 LECTIONES
2266 3551 2682 3608 VARIANTES.

660 3724 683 3752 δ
722 3723 1078 3773 Persecutione
1103 3721 1209 3783 ipse
1228 3717 1412 3769 defecit
1439 3714 1540 3783 Ling.
1569 3712 2134 3783 t,'olb.A-_l,_°2.Comperta.

658 3784 686 3823 ι)
720 3783 805 3836 Sic
833 3788 966 3835 Laut.
995 3779 1136 3834 Eborl
1178 3786 1317 3832 Pent.
1362 3779 1486 3830 Bod.
1515 3779 1666 3838 1,2,3,
1695 3779 1802 3840 ΝΟ.
1850 3779 1944 3838 1,2.
1985 3779 2118 3830 Voss.
2146 3779 2194 3840 Ξ,

593 3849 733 3902 Foss.
766 3847 892 3899 Vict.
920 3846 1004 3900 Sic
1028 3861 1117 3897 ms.
1148 3845 1280 3894 Cotb.
1309 3851 1361 3907 et,
1378 3842 1596 3904 plerique
1620 3839 1814 3907 Anglic.
1841 3840 1943 3892 Alii
1982 3855 2096 3892 vero
2134 3841 2195 3891 li-

593 3910 686 3970 bri,
709 3911 1135 3963 convenientibus.
1163 3912 1320 3959 Antea
1344 3904 1394 3957 in
1417 3920 1507 3956 ms.
1536 3904 1797 3969 Contpr'ntl.
1826 3913 2188 3968 compulerunt,

591 3971 697 4025 loco
715 3973 848 4026 verbi
870 3980 1176 4035 cooptarunt.

657 4041 679 4069 °
719 4041 838 4099 Quae
861 4033 1028 4088 contra
1052 4049 1141 4086 nos
1160 4035 1276 4096 illic,
1306 4033 1429 4083 Bod.
1456 4035 1504 4082 5.

2372 3715 2399 3755 ἀ
2439 3717 2500 3767 In
2519 3731 2608 3767 ms.
2641 3716 2781 3766 Corb.
2808 3720 2861 3765 ut
2883 3716 3003 3776 disi,
3027 3717 3274 3780 iactitare.
3304 3718 3366 3769 In
3387 3717 3639 3772 vetustiore
3666 3719 3802 3772 Cotb.
3833 3731 3915 3773 au~

2308 3782 2344 3828 si
2368 3783 2466 3829 sint
2485 3781 2678 3842 scriptis
2699 3781 2943 3840 iactitare.

2371 3847 2394 3875 θ
2431 3843 2605 3892 Frater
2629 3843 2930 3900 cbarissimc,
2962 3841 3082 3891 B011.
3104 3843 3151 3891 5.

2370 3903 2390 3942 ί
2431 3906 2666 3964 Quamdiu
2693 3920 2785 3954 non
2812 3905 3080 3967 illucescat,
3113 3906 3236 3957 Bod.
3270 3908 3316 3957 ὅ.

2370 3971 2394 4007 κ
2423 3969 2590 4018 νηιδοδ
2608 3967 2870 4026 Compend.

2369 4031 2397 4069 ιι
2434 4033 2627 4083 Pariter
2659 4030 2781 4080 Tim.

1907 4187 2266 4246 VARIORUM
2309 4188 2540 4246 NOTAE.

589 4365 825 4424 nicensis,
855 4355 997 4414 aliud
1033 4353 1363 4425 Urgonensis,
1385 4351 1491 4405 duo
1520 4349 1878 4425 Suturgettsis,
1907 4347 2018 4425 duo
2046 4348 2186 4414 Quo—

2296 4347 2461 4402 nerici
2485 4347 2742 4416 scriptum
2769 4347 2924 4400 estin
2953 4345 3139 4401 ultima
3169 4345 3404 4401 editione
3434 4348 3524 4401 sub
3557 4351 3911 4417 persecutione

588 4420 919 4495 turnicensis,
971 4420 1197 4498 quorum
1256 4437 1419 4478 unum
1445 4431 1551 4514 [pst
1579 4420 1968 4514 (1011161611ςῆΡ
1992 4420 2045 4472 in
2079 4435 2184 4486 quo
2212 4453 2265 4514 Β
2295 4420 2498 4514 idonea,
2522 4420 3504 4514 cumanteailegereturprosecutione.
3530 4420 3660 4514 N.am
3683 4433 3896 4514 certum

587 4505 743 4577 Angli
799 4491 951 4557 aiunt
992 4491 1258 4568 scriptum
1286 4511 1406 4577 esse
1432 4493 1883 4577 .Quatttrtt'icelnsis,
1930 4491 2185 4574 Erasmus

586 4563 842 4633 admonet
872 4575 923 4628 in
966 4563 1203 4637 margine
1230 4583 1288 4623 se
1344 4566 1536 4636 legisse
1566 4565 1688 4617 alibi
1744 4563 2182 4637 Quaturnicensis,

587 4659 642 4702 ttt
684 4649 750 4701 de
778 4646 962 4700 codice
1018 4635 1440 4698 Cantheronensi
1485 4643 1714 4691 testatur
1756 4635 2043 4688 l’amelius.
2095 4636 2185 4689 Sic

585 4721 746 4775 etiam
771 4717 1054 4772 ediderunt
1081 4712 1326 4768 Crabhus
1349 4719 1399 4762 et
1427 4709 1619 4764 Sui-ius
1655 4707 1706 4759 in
1738 4707 1896 4759 tomis
1927 4705 2184 4764 concilio.

586 4807 728 4845 rum.
763 4789 924 4844 Miror
951 4795 1128 4840 autent
1159 4792 1471 4838 annotatum
1502 4799 1530 4833 a
1561 4778 1797 4832 Pamclio
1827 4792 1947 4831 esse
1995 4777 2182 4831 Manu.

585 4865 716 4918 timn
755 4860 1005 4916 maluisse
1036 4856 1427 4913 Sutunuzensis.
1461 4867 1583 4905 cum
1617 4855 1820 4903 certmn
1868 4850 1936 4901 sit
1971 4850 2021 4901 in
2068 4849 2182 4902 edi.

584 4938 728 4990 tione
754 4934 1057 4990 Mauutiana
1088 4928 1190 4996 legi
1226 4921 1645 4979 Sutrinurccnsis.
1680 4922 1850 4996 Porro
1887 4935 2008 4996 cum
2036 4921 2179 4996 nulla

581 5007 707 5063 alibi
766 5006 1069 5076 reperiatur
1120 4993 1306 5076 notitia
1353 4993 2176 5076 episcopatusButurnic‘ensis,

579 5094 686 5134 non
717 5063 946 5134 absurda
981 5071 1224 5128 fortassis
1246 5063 1553 5137 conjectura
1584 5071 1745 5128 esset,
1777 5067 1958 5137 si_pr_o
1984 5063 2176 5118 Sutor-

579 5152 782 5205 nicensi
838 5154 1194 5218 reponeretur
1261 5134 1764 5218 Septittrurti_cettsis.
1833 5134 1966 5218 Vide
2024 5148 2177 5218 rimas

577 5233 791 5276 nostras
818 5232 869 5274 et
890 5206 1203 5274 Gratianum
1235 5206 1350 5284 pag:
1377 5211 1517 5284 (168.
1544 5214 1741 5264 Auctor
1764 5206 2033 5284 attnalium
2067 5206 2175 5279 Cy-

576 5294 936 5361 prianicorunt
965 5288 1030 5344 ad
1060 5301 1260 5361 annum
1286 5282 1417 5348 252,
1467 5283 1630 5361 illnm_
1662 5289 1826 5361 vocat
1863 5282 2173 5350 episcopum

576 5353 1058 5422 Tulntrhiccnscm,
1085 5359 1177 5414 sed
1201 5358 1403 5428 abSquc
1431 5354 1767 5409 auctoritate.
1791 5353 1987 5428 llst.uz.

647 5437 910 5504 Sacrilego
933 5431 1276 5504 persuasione.
1310 5423 1566 5504 Quamvis
1605 5441 1709 5480 non
1755 5423 2170 5504 tllll)llt.‘_ltl_t]tlitl

573 5505 690 5560 hinc
716 5495 872 5563 lectio
899 5495 969 5560 sit
997 5506 1219 5574 optima.
1273 5495 1600 5574 nutriendum
1643 5507 1820 5550 tamen
1867 5495 2170 5574 existimavi

573 5577 818 5634 undecim
872 5570 1048 5632 libros
1079 5583 1286 5631 veteres
1337 5570 1590 5644 praeferre
1639 5570 2019 5644 persecutione._
2053 5571 2170 5644 Quo

571 5647 730 5702 etiam
757 5650 917 5705 modo
945 5647 1046 5718 legi
1075 5650 1125 5701 in
1156 5659 1260 5697 uno
1293 5639 1590 5714 Ahglicano
1622 5639 1844 5718 testatur
1892 5640 2058 5718 editio
2113 5639 2166 5693 in

568 5728 634 5789 go
664 5733 827 5789 regno
864 5712 1022 5776 [ειειηῖ
1067 5712 1630 5789 Εηιεηάιιιμῖιιιιιρ1η,
1679 5713 1802 5789 data
1857 5712 2164 5789 occasione,

571 5778 833 5846 Victorem
866 5790 1156 5850 Vitensem,
1183 5778 1329 5860 θριῇι
1362 5801 1518 5856 quem
1552 5786 1638 5841 lib.
1673 5799 1746 5848 Ix,
1774 5781 1824 5834 in
1848 5789 2034 5853 edicto
2060 5780 2166 5834 llu-

2292 4502 2374 4546 est
2404 4493 2541 4545 hanc
2565 4493 2805 4544 ultimam
2833 4492 3120 4544 lectionem
3145 4505 3266 4544 esse
3295 4493 3895 4560 reponendum.lttth.

2363 4563 2697 4632 Cooptarunt.
2735 4561 2916 4616 Codex
2961 4563 3133 4616 sancti
3177 4561 3454 4616 Michaelis
3483 4567 3806 4629 cantitarunt,
3841 4576 3909 4620 et

2288 4648 2447 4703 Supra
2484 4637 2700 4706 lineam.
2744 4636 2797 4687 id
2849 4645 2920 4688 est
2957 4636 3189 4687 comitem
3230 4637 3476 4704 fecerunt.
3529 4636 3691 4690 Certe
3737 4640 3906 4706 paulo

2287 4718 2410 4760 ante
2443 4709 2631 4776 legitur
2655 4705 2870 4759 Jovinus
2892 4717 2936 4758 et
2961 4705 3221 4759 Maximus
3249 4708 3474 4760 comites.
3510 4707 3708 4762 Bawz.

2342 4779 2636 4833 XL—Cum
2652 4780 3049 4831 mendaciorum.
3167 4777 3522 4848 Hieronymus
3536 4781 3586 4833 in
3610 4779 3907 4851 Epilapltio

2285 4850 2571 4915 Mareellm,
2608 4867 2784 4904 navem
2815 4851 3015 4916 plenam
3058 4849 3486 4920 blasphemiarum
3521 4849 3783 4906 Horitatto'
3806 4855 3903 4906 in-

2284 4923 2396 4976 tulit
2429 4925 2615 4992 portui.
2653 4922 2850 4976 BALuz.

2359 5015 2838 5070 Xll.——Aduttcria.
2859 5013 2915 5067 ln
2943 5013 3126 5069 codice
3150 5013 3380 5069 Fuxensi
3402 5016 3899 5087 addituretstupra.

2283 5087 2479 5142 Verttut
2509 5104 2606 5155 ego
2631 5089 2770 5140 ttolttt
2803 5086 3020 5153 addere,
3049 5089 3170 5157 quia
3205 5088 3254 5141 id
3288 5089 3338 5142 in
3379 5089 3522 5142 nullo
3559 5091 3666 5144 alio
3695 5086 3900 5146 exem-

2283 5161 2413 5230 plari
2447 5161 2641 5230 reperi.
2677 5159 2875 5213 BALUZ.

2355 5255 2566 5326 Negabo
2594 5253 2758 5307 illum.
2794 5252 2866 5307 lta
2900 5249 3065 5307 editio
3092 5251 3322 5323 vulgata,
3360 5269 3518 5326 quam
3562 5252 3906 5312 confirmant

2279 5345 2373 5382 spx
2405 5325 2584 5382 vetera
2618 5326 2966 5399 esemplaria.
3006 5326 3122 5399 Alia
3167 5325 3424 5380 tredecim
3469 5325 3672 5399 habent
3700 5338 3748 5380 et
3791 5346 3900 5399 ego

2277 5417 2391 5454 eum
2419 5399 2632 5468 negabo.
2661 5397 2716 5451 In
2753 5399 2986 5452 editione
3037 5398 3246 5467 vulgata
3285 5398 3556 5467 Evangelii
3589 5397 3900 5456 secundum

2275 5472 2580 5526 Matth-mum
2610 5483 2662 5526 et
2684 5472 2748 5544 in
2780 5471 2913 5522 libro
2943 5468 3441 5544 GratianOpolitatto
3469 5471 3664 5544 legitur
3694 5483 3740 5525 et
3791 5489 3898 5544 ego

2276 5545 2466 5615 negabo
2505 5561 2638 5608 eunt.
2675 5542 2765 5599 Sic
2795 5544 2955 5597 etiam
2984 5541 3122 5596 infra
3151 5543 3202 5596 in
3241 5542 3379 5598 libro
3407 5542 3469 5597 de
3506 5541 3716 5613 Lapsis,
3755 5541 3896 5616 pag.

2273 5617 2392 5673 188.
2431 5616 2622 5672 ΒΑιιυῑ.

2345 5710 2812 5767 Coutmunicatioue
2832 5709 3162 5766 decrevimus.
3195 5709 3251 5765 In
3276 5711 3570 5766 vetustiore
3596 5727 3700 5766 ms.
3723 5713 3894 5770 Colb.

2273 5786 2733 5842 communicatione
2760 5795 2776 5836 ε
2807 5783 2967 5841 lectio
2998 5799 3103 5840 non
3123 5782 3448 5854 spernenda.
3475 5781 3754 5854 Epistolas
3780 5787 3898 5844 hac
