4252 6258
422 272 527 327 817

1173 273 1515 335 EPISTOLA
1556 278 1674 336 XI].
1716 279 1774 337 S.
1816 282 2149 340 CYPRIANI
2189 285 2281 341 AD
2318 283 2720 345 CORNELIUM
2759 287 3014 346 ΡΑΡΛΜ.

3634 293 3740 349 818

420 388 517 448 sed
541 389 751 446 sublata
773 390 1119 460 paenitentia,
1145 408 1246 449 nec
1272 394 1380 450 ulla
1403 398 1768 468 exomologesi
1786 399 2027 455 criminis
2053 409 2107 468 Α
2134 400 2295 465 lutos,
2330 417 2398 457 ne
2432 403 2599 458 Deum
2633 413 2907 475 rogarent,
2936 420 3005 460 ne
3035 404 3085 460 in
3120 404 3364 463 Ecclesia
3391 410 3744 481 exomologe-

422 484 585 553 facta,
604 484 873 556 despectis
894 484 1161 557 episcopis
1189 497 1351 558 atque
1380 490 1618 558 calcatis,
1643 507 1741 562 pas
1779 508 1809 547 a
1858 502 1882 529 ιι
1920 511 2025 549 non

422 579 572 635 veris
589 578 920 651 presbyteris
945 579 1124 634 verbis
1155 580 1430 637 fallacibus
1477 585 1831 654 przedicetur;
1861 597 1915 642 et
1955 604 2023 644 ne

420 671 558 743 lapsi
589 681 825 743 surgant.
856 680 949 728 aut
969 671 1100 728 foris
1126 675 1284 743 positi
1331 674 1396 728 ad
1444 677 1734 733 Ecclesium
1759 679 1984 735 redeant
2008 723 2023 745 ,

417 766 837 821 communicatio
886 763 915 803 ι
963 780 992 820 a
1045 781 1150 821 non
1182 770 1703 826 communicantilnts
1729 772 2026 830 offeratur?

489 859 629 915 XIV.
659 858 863 927 Quibus
887 861 1049 914 etiam
1075 862 1206 916 satis
1234 877 1338 917 non
1377 862 1474 919 fuit
1501 865 1569 920 ab
1603 866 1894 938 EVangelio
1934 884 2023 924 re-

415 956 671 1015 cessisse.
722 969 874 1025 spem
925 956 1089 1025 lapsis
1140 956 1527 1013 satisfactionis
1580 970 1634 1015 et
1695 962 2024 1031 pmnitentim

414 1049 725 1115 sustulisse,
783 1048 1060 1103 fraudibus
1107 1050 1394 1116 involutos,
1443 1053 1529 1108 vel
1558 1054 1836 1111 adulteriis
1873 1072 2023 1112 eom-

418 1144 735 1209 maculatos,
764 1143 850 1199 vel
872 1143 1261 1199 sacrificiorum
1307 1145 1517 1201 funesta
1544 1150 1868 1220 contagione
1899 1151 2022 1222 pol-

2128 493 2209 549 sin
2243 493 2526 551 criminum
2561 496 2818 564 facerent,
2852 499 2919 553 ab
2949 499 3095 554 omni
3147 510 3202 555 et
3256 514 3419 556 sensu
3463 512 3517 558 et
3563 501 3743 560 fructu

2132 591 2460 660 poenitentiae
2489 593 2812 655 removisse;
2854 592 2984 649 foris
3012 593 3111 649 sibi
3141 603 3293 649 extra
3349 596 3647 652 Ecelesiam
3686 605 3745 654 et

2126 694 2314 740 contra
2367 685 2665 741 Ecclesium
2696 687 3043 741 constituisse
3076 698 3097 723 ο
3130 688 3565 744 conventiculum
3611 705 3737 757 per-

2129 778 2254 832 ditre
2279 778 2547 842 factionis,
2581 776 2608 815 ιι
2641 793 2748 850 quo
2776 780 2915 834 male
2968 780 3068 835 sibi
3097 782 3435 837 consciorum
3468 792 3523 837 et
3570 783 3740 839 Deum

2132 887 2322 942 rogare
2350 888 2413 927 ac
2453 872 2766 927 satisfacere
2806 873 3100 927 nolentium
3146 883 3359 929 caterva
3388 875 3686 931 conflueret
3717 895 3730 931 :

2128 978 2248 1038 post
2281 967 2380 1021 ista
2409 966 2588 1021 adhuc
2625 968 2844 1036 insuper
2871 969 3336 1038 pseudoepiscOpo
3363 971 3463 1025 sibi
3497 971 3564 1024 ab
3610 970 3727 1025 haz-

2126 1060 2306 1115 reticis
2336 1061 2652 1121 constituto,
2682 1061 2935 1129 navigare
2969 1061 3204 1123 audent,
3240 1071 3294 1115 et
3329 1062 3395 1116 ad
3429 1063 3573 1117 Petri
3625 1061 3736 1118 Ca-

2128 1153 2372 1208 tbedram
2398 1164 2558 1225 atque
2583 1153 2647 1207 ad
2680 1154 2973 1209 Ecclesium
3007 1154 3381 1225 principalem,
3434 1156 3577 1212 unde
3616 1156 3736 1212 ιιιιί-

1663 1282 2039 1344 LECTIONES
2080 1286 2496 1344 VARIANTES.

481 1418 508 1445 τι
547 1414 1093 1530 Editi,3J)resbvteris:
1111 1428 1205 1479 ope
1224 1414 1374 1468 trium
1395 1432 1509 1470 mss.
1537 1421 1895 1473 resarciuntur.

481 1477 504 1515 δ
536 1480 623 1530 Sic
670 1489 707 1529 Β
782 1479 855 1528 ,1.
879 1477 1394 1530 Tltu.communieatio
1413 1496 1509 1530 non
1531 1486 1895 1530 communicanti

414 1544 444 1592 Ι
476 1477 504 1515 b
536 1480 623 1530 Sic
670 1477 855 1530 Βαάλ.
879 1477 1394 1531 Tltu.communieatio
1413 1496 1509 1532 non
1531 1486 2017 1547 communicantibus,

449 1555 546 1603 mp.

479 1608 501 1637 ο
538 1605 828 1657 Removisse
856 1605 973 1656 foris
993 1604 1090 1653 sibi
1118 1612 1262 1655 extra
1284 1606 1554 1659 Ecclesiam
1581 1618 1633 1660 et
1653 1619 1820 1661 contra
1846 1612 2021 1664 Eccle-

410 1670 534 1740 sium
557 1670 908 1740 constituisse,
926 1672 1064 1740 (oss.
1089 1665 1140 1718 2.
1166 1670 1299 1720 Lam.
1327 1671 1472 1740 Ebur.
1513 1674 1748 1740 No.1,?"
1774 1675 1898 1727 Bod.
1925 1676 2026 1740 1,2,

410 1735 458 1782 3.
488 1745 578 1783 ms.
621 1730 814 1783 Pamel.
864 1724 910 1783 et
937 1733 1097 1783 Oxon.
1137 1745 1249 1783 cum
1272 1748 1364 1785 ms.
1413 1736 1555 1787 Corb.
1585 1724 2031 1791 nisi‘foriscops'ti:
2064 1724 2109 1786 Β
2138 1754 2254 1805 quo.

2126 1428 2356 1477 inissent.
2383 1426 2529 1478 Abest
2576 1429 2666 1477 nisi
2708 1442 2739 1478 a
2771 1429 3108 1480 vetustioribus
3133 1430 3250 1481 edit.
3276 1438 3329 1481 ut
3361 1444 3392 1481 a
3418 1431 3603 1483 duobus
3625 1448 3741 1483 mss.

2130 1488 2264 1566 φρει).
2288 1497 2333 1566 et
2356 1497 2465 1566 octo
2488 1489 2687 1566 Anglic.
2714 1491 2798 1566 qui
2821 1498 3063 1566 prieterea
3086 1496 3422 1566 constituisse,
3447 1508 3541 1566 non
3565 1499 3746 1566 consti-

2128 1554 2363 1667 gmw;
2389 1553 2668 1615 subjiciunt,
2716 1553 2762 1604 et
2809 1553 2973 1606 nostra
3020 1553 3218 1621 quidem
3258 1556 3443 1620 iudicio
3486 1556 3744 1610 sincerius.

2281 1629 2343 1665 an
2371 1654 2381 1664 .

2198 1654 2582 1743 εῖνῖιῖἶῖιιιᾳαιὶε,
2624 1692 2735 1730 cum
2774 1678 2955 1731 rectius
2976 1677 3027 1731 in
3066 1695 3154 1731 ms.
3208 1682 3352 1732 σοι-Ι).
3391 1690 3435 1732 et
3474 1696 3569 1734 uno
3606 1683 3744 1735 Colb.

1739 1868 2101 1927 VARIORUM
2138 1869 2371 1927 NOT/E.

414 2021 523 2080 non
553 2021 673 2064 esse
696 2021 855 2063 veros
878 2009 1225 2080 presbyteros
1255 2021 1392 2076 quos
1420 2008 1579 2078 paulo
1604 2019 1722 2078 post
1762 2018 2022 2065 aceenset

416 2078 860 2142 barretieis,sicnt
900 2080 952 2134 in
984 2078 1210 2149 epistola
1257 2096 1368 2142 th,
1425 2096 1544 2149 pag.
1599 2081 1688 2137 97.
1746 2081 2016 2137 Victorem

417 2162 570 2224 vocat
616 2149 885 2220 quondam
912 2152 1307 2224 presbyterum.
1347 2150 1550 2224 BALUZ.

488 2222 641 2278 Foris
666 2225 772 2278 siti.
801 2224 973 2293 Antea
1002 2222 1296 2291 legebatur,
1332 2223 1429 2276 nisi
1478 2224 1602 2293 foris
1623 2224 1715 2278 sibi
1746 2234 1890 2279 extra
1922 2224 2018 2279 Ec-

411 2297 616 2350 clesium
649 2306 695 2349 et
717 2305 896 2349 contra
931 2292 1217 2349 Ecclesium
1264 2292 1643 2349 constituissent
1695 2299 2020 2350 conventicuo

417 2368 543 2421 lunt.
577 2366 687 2421 Nos
715 2365 1147 2428 emendavimus,
1176 2383 1242 2420 ex
1273 2366 1376 2421 fide
1416 2368 1656 2421 omnium
1686 2378 1928 2423 veterum
1954 2370 2019 2423 li-

416 2438 634 2494 brorum
689 2447 997 2492 nostrorum
1049 2449 1104 2493 et
1148 2446 1356 2509 septem
1410 2440 1851 2507 Anglicanorum,
1910 2449 2022 2496 tum

417 2513 578 2564 etiam
620 2519 861 2565 veterum
891 2508 1223 2565 editionum.
1248 2508 1451 2564 Vocem
1476 2511 1575 2564 nisi
1607 2511 1878 2565 Pamelius
1921 2512 2021 2567 ad-

416 2583 549 2636 didit
567 2597 632 2636 ex
654 2582 844 2636 codice
864 2579 1310 2644 Camherooensi,
1331 2591 1550 2635 coactus
1575 2591 1856 2651 propterea
1885 2585 2022 2639 scri-

418 2654 548 2709 bere
609 2655 990 2708 constituissent
1034 2669 1127 2721 pro
1156 2653 1500 2718 constituisse,
1550 2664 1607 2707 ut
1645 2669 1839 2708 sensus
1893 2670 2026 2711 cou-

418 2735 603 2787 staret.
634 2740 795 2796 quem
828 2725 985 2780 aliter
1015 2735 1269 2781 constare
1309 2739 1416 2778 non
1450 2740 1606 2794 posse
1636 2726 2017 2782 arbitrabatur.

420 2798 532 2866 Ego
566 2812 720 2862 vero,
758 2798 847 2865 qui
902 2797 953 2850 in
986 2810 1048 2851 ea
1080 2797 1304 2867 epistola
1347 2797 1681 2851 emendanda
1727 2814 1855 2852 usus
1902 2813 2020 2853 sum

421 2867 804 2936 septemdecim
832 2868 985 2923 libris
1011 2869 1303 2927 veteribus.
1353 2870 1600 2937 nttspiam
1636 2869 1811 2923 inveni
1835 2885 2025 2926 vocem

424 2942 523 2994 nisi
555 2950 913 3009 prmterquam
944 2941 996 2993 in
1019 2938 1365 3000 Corbeiensi;
1400 2940 1489 3010 qui
1522 2950 1698 2994 tamen
1729 2957 1834 2994 non
1864 2941 2028 2998 habet

421 3012 815 3072 constituissent,
841 3013 935 3065 sed
973 3012 1314 3075 constituisse,
1349 3020 1405 3064 ut
1445 3010 1556 3066 alii.
1591 3010 1775 3080 Itaque
1799 3012 2027 3082 pra-fero

2126 2010 2354 2081 quisque
2405 2025 2562 2088 suum
2606 2026 2831 2088 sensum
2879 2011 3458 2088 dissipet.Audiantur
3500 2032 3632 2088 ergo
3691 2026 3749 2073 et

2127 2092 2338 2137 suomet
2365 2083 2677 2157 testimonio
2699 2083 3442 2157 confundantur,priusquam
3475 2103 3537 2143 os
3555 2083 3743 2144 eorum

2125 2155 2502 2223 peremptoriis
2552 2155 2943 2210 catholicorum
2996 2158 3047 2211 in
3113 2159 3214 2212 hoc
3260 2155 3380 2213 loco
3454 2162 3744 2215 sententiis

2124 2226 2466 2302 obtrudatur.
2509 2226 2644 2281 Huic
2708 2227 2933 2302 agmini!
2986 2229 3217 2302 hostium
3289 2245 3517 2300 quorum
3568 2232 3742 2302 impe-

2123 2298 2387 2374 ritiani__i_n
2416 2308 2776 2374 promptuest
2804 2298 3097 2374 confodere
3116 2300 3226 2370 jam
3261 2298 3363 2357 nec
3400 2303 3577 2372 pigeat
3608 2298 3748 2374 prte-

2123 2370 2262 2443 mitti
2293 2368 2464 2424 Nicol.
2490 2369 2805 2443 Rigaltium,
2856 2368 3294 2437 sublesta-sane,
3331 2368 3749 2443 ne’dicam'per-

2127 2441 2253 2515 ditat
2283 2442 2506 2515 omnino
2537 2440 2659 2495 fidei
2694 2440 3015 2515 hominem,
3070 2457 3137 2497 eo
3184 2444 3451 2498 interdum
3500 2440 3746 2515 procaci—

2127 2510 2304 2566 citatis
2330 2514 2639 2582 obreptmn,
2672 2520 2727 2566 ut
2782 2512 2956 2567 fronte
2986 2513 3110 2568 licet
3139 2515 3462 2579 catholicus,
3496 2510 3563 2571 ab
3587 2518 3739 2572 hete—

2125 2584 2345 2637 rodosis
2378 2599 2780 2653 nonnumquam
2810 2584 3169 2653 inerepandus
3206 2586 3276 2640 sit
3305 2602 3369 2641 ac
3426 2590 3621 2643 merito
3651 2604 3744 2642 va-

2131 2655 2295 2728 pulet.
2334 2654 2426 2709 llis
2469 2655 2557 2709 ille
2588 2670 2717 2725 ergo
2750 2656 3058 2724 praedictam
3108 2657 3361 2728 Cypriani
3415 2662 3744 2714 sententiam

2127 2725 2382 2781 arrotlcre
2415 2731 2769 2795 nequicquam
2801 2735 3003 2781 tentat:
3032 2756 3100 2767 --
3122 2725 3512 2797 Episcoporutn
3545 2731 3745 2785 Africa!

2127 2797 2618 2871 conciliandamnati
2646 2808 3072 2871 provocavcrant
3105 2800 3511 2871 (scbismatiei).
3558 2800 3748 2871 Itaque

2128 2868 2306 2922 lamlat
2336 2867 2679 2941 (Cyprianus)
2699 2870 2993 2925 Ecclesium
3024 2870 3320 2925 Romanam
3368 2871 3434 2925 ad
3463 2867 3623 2938 quam
3659 2867 3745 2926 illi

2126 2941 2645 3012 navigaveranteum
2671 2941 2852 2996 libello
2869 2941 3267 3012 appellationis.
3294 2942 3537 2997 Subinde
3560 2954 3742 2997 autem

2128 3011 2489 3083 scltisntaticis
2504 3013 2745 3083 perfidiae
2761 3011 2965 3067 crimen
2988 3014 3167 3075 inurit,
3186 3015 3475 3083 quontagis
3497 3013 3651 3069 faciat
3666 3015 3747 3069 iu-

420 3099 540 3138 cum
571 3086 778 3138 ratione
807 3092 1044 3155 veterem
1079 3083 1387 3155 lectionem,
1411 3092 1484 3155 et
1516 3094 1646 3155 puto
1673 3077 1893 3138 sensum
1950 3084 2023 3140 ita
2051 3077 2096 3138 C
2132 3084 2276 3137 visos
2292 3077 2545 3137 Romanis
2567 3084 2671 3137 fide
2689 3085 3089 3155 prrestantibus.
3113 3077 3246 3139 Nam
3276 3094 3332 3140 et
3358 3077 3500 3139 hunc
3523 3101 3744 3140 sensum

420 3166 565 3210 recte
591 3164 863 3210 constare.
898 3153 1032 3209 Nam
1083 3155 1264 3209 statim
1320 3153 1536 3209 additur
1566 3172 1580 3208 :
1612 3153 1738 3208 Post
1795 3156 1897 3209 ista
1924 3173 2022 3210 au-

422 3237 536 3289 tem,
564 3236 668 3283 ctc.
716 3228 919 3281 BALUZ.

493 3300 537 3353 Λ
564 3316 665 3353 non
686 3297 1199 3362 communicantibus,
1224 3297 1295 3351 Ita
1313 3296 1446 3352 edit.
1476 3296 1652 3352 Oxon.
1674 3313 1796 3353 cum
1827 3300 2027 3354 nostris

420 3386 552 3425 mss.
603 3375 673 3425 At
718 3372 770 3425 in
820 3370 1038 3441 caeteris
1073 3368 1338 3423 omittitur
1379 3369 1687 3441 praepositio
1738 3387 1787 3423 a.
1850 3370 2029 3441 Pergit

421 3441 724 3516 Cyprianus
754 3457 848 3512 per
889 3440 1208 3516 antithesim
1254 3440 1400 3516 loqui
1436 3459 1448 3493 ε
1485 3451 1540 3516 ut
1569 3441 1841 3516 quomoth
1878 3440 2028 3516 idtiil

421 3512 667 3585 proxime
701 3528 886 3583 pacem
918 3529 950 3565 a
977 3530 1078 3571 non
1107 3513 1234 3565 veris
1258 3512 1564 3582 presbyteris
1605 3513 1910 3585 pra-dicari,
1955 3516 2025 3569 ita

421 3584 567 3642 nunc
615 3585 1161 3641 eomuntnicationem
1221 3599 1251 3635 a
1279 3600 1379 3636 non
1412 3584 1903 3639 communicantibus
1942 3585 2026 3654 of-

422 3660 550 3728 {ct-ri
576 3660 787 3712 doceat.
817 3656 1018 3728 Eadem
1070 3656 1280 3728 ratione
1333 3655 1648 3728 deiisdcm
1698 3657 2029 3727 presbyteris

426 3726 677 3782 factionis
699 3727 1020 3783 Felicissimi
1052 3727 1224 3797 Epist.
1254 3742 1347 3787 XL,
1377 3726 1441 3780 ad
1482 3729 1714 3795 plebem,
1752 3726 1987 3797 loquitur
2012 3745 2024 3780 :

428 3798 622 3853 Pacem
654 3817 787 3853 nunc
827 3799 1071 3866 oﬂerunt,
1100 3800 1187 3867 qui
1217 3799 1314 3867 ipsi
1359 3815 1459 3851 tton
1490 3798 1673 3852 habent
1713 3816 1906 3868 pacem.
1963 3799 2028 3854 In

430 3870 714 3925 Ecclesium
746 3872 915 3937 lapsos
943 3871 1182 3924 reducere
1211 3879 1254 3922 ct
1294 3885 1529 3923 revocare
1574 3873 1897 3943 promittunt,
1940 3874 2027 3942 qui

425 3943 490 3997 de
523 3943 752 3997 Ecclesia
774 3953 1099 3997 recesserunt.
1133 3943 1435 3997 Consum.

496 4013 716 4069 XlV.——
733 4014 1147 4086 Exomologesin.
1179 4015 1232 4067 ln
1263 4017 1448 4068 codice
1480 4012 1731 4086 Lietiensi
1766 4013 2024 4086 scriptum

424 4097 501 4143 CSI
533 4087 828 4156 antiquitus
850 4084 1010 4154 supra
1041 4085 1262 4148 lineam,
1296 4085 1349 4138 id
1394 4094 1466 4138 est
1498 4084 1888 4156 confessionem.
1947 4085 2027 4139 Ex

423 4155 690 4213 similibus
717 4158 1157 4212 annotatimtihns
1198 4166 1329 4209 urbe
1374 4166 1497 4211 sunt
1530 4163 1607 4208 tot
1647 4155 2027 4224 discrepantia:

423 4240 476 4302 et
494 4238 572 4283 tot
593 4229 851 4302 voeabula
878 4244 1175 4302 synonyma
1203 4228 1253 4281 in
1282 4230 1536 4302 eperihus
1553 4227 1725 4302 sancti
1751 4225 2023 4302 Cypriani.

424 4300 559 4356 Vide
604 4298 1021 4363 Dallauttnflib.
1068 4317 1156 4365 vn,
1200 4315 1317 4366 cup.
1350 4302 1403 4362 4,
1434 4301 1465 4356 5
1520 4308 1575 4355 et
1623 4298 1713 4365 10,
1758 4298 1820 4353 de
1857 4298 2029 4355 Pamis

424 4385 470 4427 et
494 4371 944 4443 Satisfactionibns
969 4373 1225 4426 Immanis.
1252 4371 1453 4425 Bswz.

502 4445 574 4498 Ab
606 4447 861 4499 omnibus.
902 4446 1247 4499 ltestitucnda
1282 4445 1411 4497 mibi
1438 4444 1487 4496 itt
1520 4442 1620 4496 hoc
1661 4442 1914 4501 locovisa
1946 4454 2028 4498 est

425 4516 584 4572 lcetio
624 4528 864 4571 veterum
906 4517 1225 4581 editionum,
1279 4530 1437 4585 quam
1486 4516 1798 4570 confirmant
1832 4531 2026 4570 novem

425 4590 750 4658 exetnplaria
771 4597 951 4641 nostra
980 4598 1033 4642 et
1062 4598 1267 4657 septem
1302 4586 1616 4657 Anglicana.
1641 4587 1908 4643 Manutius
1936 4604 2029 4642 ex-

427 4661 608 4730 punin
636 4660 1088 4730 praipositionem.
1112 4660 1313 4713 BAI-UZ.

508 4730 793 4784 Fraudibus
816 4731 1084 4785 involutos.
1121 4732 1405 4799 Sumptum
1439 4730 1576 4785 istud
1612 4731 1825 4785 videtur
1846 4746 1910 4787 ex
1960 4730 2027 4785 li-

431 4802 527 4857 bro
559 4818 647 4856 xw
696 4804 988 4857 Annalium
1036 4801 1246 4856 Taciti:
1304 4800 1454 4855 Dedit
1493 4804 1783 4868 exemplum
1833 4819 2030 4871 prtrca-

427 4877 576 4927 vetuli
602 4875 852 4941 quomodo
889 4874 1158 4945 fraudibus
1196 4874 1450 4928 involutos
1482 4884 1570 4928 aut
1620 4876 1834 4944 ﬂagitiis
1887 4891 2024 4928 com-

428 4947 726 5009 maculatos,
784 4943 897 5000 etc.
944 4943 1287 5000 Innocentius
1341 4945 1481 5014 Papi
1515 4945 1554 5008 Ι,
1602 4943 1652 5000 in
1696 4947 1920 5013 epistola
1963 4947 2028 5000 ad

429 5022 748 5087 Agr'litilllttl,
802 5017 1171 5071 Macedoniam
1226 5029 1277 5071 et
1331 5017 1615 5071 Maximum
1665 5036 1677 5071 :
1738 5018 2030 5071 ιῑΙοιιινδΙιιηι

426 5091 694 5158 quemdam
737 5090 912 5142 multis
985 5088 1282 5141 criminibus
1363 5089 1669 5143 involutum.
1735 5089 2032 5159 Imperator

427 5162 801 5215 eonstantinus
833 5161 883 5213 in
920 5159 1074 5213 titulo
1102 5159 1316 5215 Cedit-is
1344 5159 1707 5215 Theodosiani
1756 5162 1824 5215 de
1855 5161 2030 5226 lienu-

432 5234 535 5287 diis
565 5251 579 5285 ε
612 5233 788 5287 Restat
812 5242 864 5283 ut
890 5233 934 5284 si
965 5248 1140 5301 graves
1166 5248 1349 5286 causas
1375 5241 1526 5300 atque
1551 5233 1832 5285 involutam
1858 5232 2033 5285 crimi-

431 5304 578 5359 nibus
626 5304 826 5372 magnis
870 5305 1233 5375 conscientiam
1294 5303 1600 5375 probauerit.
1653 5303 2028 5364 Cassiodorus,

428 5376 520 5430 lib.
548 5392 619 5436 tv,
650 5375 806 5446 epist.
834 5375 905 5429 25
932 5392 943 5427 :
979 5372 1229 5430 Basiliam
1264 5372 1413 5445 atque
1445 5374 1812 5431 Prwlextatum
1864 5375 2030 5444 magi-

424 5450 499 5503 cis
528 5447 720 5501 artibus
739 5446 1011 5501 involutos.

502 5519 967 5591 Pseudoepiscopo.
1002 5518 1315 5573 FOrlttttalo.
1332 5519 1530 5591 Dante.

504 5593 583 5644 Ad
617 5587 750 5645 Petri
785 5587 1117 5655 Cathedram,
1148 5601 1299 5659 atque
1347 5592 1415 5642 ad
1450 5589 1730 5643 Ecclesium
1772 5589 2034 5659 principa-

432 5664 623 5716 lem....
656 5679 756 5717 non
783 5664 939 5733 possit
956 5679 1237 5716 accessum.
1264 5661 1453 5715 Mirmn
1472 5660 1757 5716 intuodum
1785 5661 1897 5714 hinc
1922 5663 2033 5729 pal-

434 5733 601 5787 maria
637 5734 696 5788 D.
723 5734 977 5807 Cypriani
1006 5736 1169 5807 verba
1210 5733 1552 5807 distorquent
1578 5740 2033 5807 commentatores

429 5814 690 5877 quotquot
725 5805 965 5863 haeretici
997 5806 1083 5861 vel
1137 5805 1400 5862 neoterici
1433 5815 1489 5859 ttt
1518 5821 1578 5861 ea
1610 5806 1658 5859 in
1722 5813 2031 5875 protervum

2133 3155 2370 3208 Paultnis
2398 3156 2580 3227 verbis
2607 3155 3004 3211 accommodat.
3041 3157 3123 3211 Ad
3151 3171 3248 3211 eos
3304 3171 3434 3211 vero
3462 3158 3743 3227 perfidiam

2131 3242 2405 3280 accessum
2437 3226 2635 3281 habere
2680 3228 2845 3281 ullum
2889 3244 2995 3282 non
3041 3228 3262 3291 debere,
3294 3243 3393 3283 nec
3434 3244 3613 3298 posse,
3646 3231 3747 3285 ait.

2133 3298 2383 3366 Snbjicit,
2417 3298 2754 3367 appellantes
2797 3301 3019 3355 minime
3058 3315 3178 3355 esse
3226 3300 3543 3365 audiendos,
3583 3316 3745 3355 causa

2130 3371 2299 3424 semel
2329 3372 2563 3439 cognita,
2596 3371 2847 3441 dictaque
2874 3372 3164 3427 sententia.
3200 3371 3320 3426 Mox
3353 3380 3409 3426 et
3454 3373 3747 3426 auctorita-

2133 3450 2238 3496 tem
2267 3444 2645 3515 epiSeOporum
2672 3444 2722 3497 in
2766 3443 3044 3515 provincia
3091 3458 3186 3498 sua
3241 3452 3438 3497 tuetur.
3472 3444 3743 3498 Statutum

2130 3528 2251 3585 esse
2280 3514 2529 3567 omnibus
2554 3514 2862 3584 Episcopis;
2891 3514 2985 3571 sed
3005 3525 3059 3569 et
3087 3530 3298 3585 a-quum
3332 3530 3452 3569 esse
3478 3516 3677 3584 pariter
3692 3526 3748 3569 et

2127 3583 2353 3652 justum,
2388 3596 2437 3637 ttt
2467 3600 2626 3639 causa
2662 3604 2765 3640 non
2789 3588 2913 3640 alibi
2946 3583 3296 3655 disceptetur.
3338 3583 3499 3656 quam
3540 3586 3630 3639 ubi
3661 3596 3748 3640 est

2131 3656 2332 3729 crimen
2354 3657 2668 3729 admissum.
2694 3657 2932 3728 Singulis
2962 3659 3273 3729 pastoribus
3300 3657 3586 3727 Episcopis
3618 3674 3742 3726 por-

2133 3727 2332 3781 tionem
2364 3727 2544 3798 gregis
2568 3743 2689 3783 esse
2707 3727 3053 3800 adscriptam,
3091 3746 3252 3799 quam
3278 3740 3428 3800 regat
3457 3729 3749 3799 unusquis-

2133 3813 2257 3867 que,
2301 3810 2453 3853 actus
2502 3800 2583 3852 sui
2639 3802 2752 3857 sive
2796 3801 3281 3856 adminisn'ationis
3330 3816 3439 3855 suae
3479 3801 3739 3855 rationem

2134 3870 2461 3935 redditurus,
2493 3887 2596 3923 non
2630 3871 2838 3935 Romai,
2866 3873 2959 3927 sed
2997 3874 3049 3926 in
3093 3872 3285 3928 cauis:
3332 3888 3434 3925 non
3463 3872 3735 3939 Cornelio,

2132 3941 2225 4013 sed
2242 3941 2472 3995 Christo.
2487 3941 2718 4001 Pulchre
2736 3944 2896 4012 igitur
2919 3954 2973 3997 et
2996 3945 3285 4013 prudenter
3308 3943 3524 3998 laudato
3540 3945 3744 4000 Corne-

2134 4011 2227 4077 lio,
2282 4012 2350 4065 de
2392 4013 2679 4081 prmdicata
2734 4011 3003 4068 Ecclesiae
3037 4014 3350 4082 principalis
3397 4015 3739 4075 auctoritate.

2132 4082 2250 4155 sive
2278 4085 2651 4154 pratrogativa,
2670 4094 2825 4155 negat
2843 4085 2979 4139 ullas
3006 4086 3126 4151 ejus
3156 4098 3277 4138 esse
3297 4097 3476 4153 partes
3508 4086 3559 4137 in
3581 4100 3743 4140 causa

2131 4152 2431 4226 Novatiani,
2462 4152 2677 4222 peracta
2707 4152 2815 4226 jam
2846 4157 2897 4210 iit
2923 4156 3103 4211 Africa
3129 4152 3440 4223 cognitione
3474 4155 3736 4210 damnati.

2135 4225 2495 4297 Ilieronynttts
2523 4225 2785 4283 adversus
2818 4227 3066 4282 Rufinum
3098 4245 3111 4281 :
3159 4226 3306 4280 Scito
3336 4226 3632 4281 [lotuanam
3679 4227 3744 4281 li-

2133 4296 2287 4362 dem,
2319 4296 2623 4366 Apostolica
2668 4315 2799 4354 voce
2832 4299 3123 4361 laudatam,
3187 4297 3491 4353 istiusmodi
3536 4298 3745 4365 prresli-

2131 4370 2247 4438 gias
2271 4386 2374 4423 non
2400 4371 2664 4439 recipere.
2694 4373 2784 4427 Sic
2809 4386 3000 4426 omnes
3029 4372 3138 4426 fere
3169 4368 3342 4425 Latini
3371 4372 3552 4425 l’atres
3592 4369 3746 4425 Pauli

2133 4442 2197 4495 ad
2231 4441 2507 4497 Romanos
2537 4443 2697 4497 verba
2726 4451 3075 4513 acceperunt,
3104 4442 3257 4511 quasi
3304 4442 3508 4498 rectior
3556 4451 3611 4495 ct
3631 4442 3747 4496 sin-

2133 4516 2310 4568 cerior
2337 4516 2523 4569 luis~et
2559 4516 2699 4584 apud
2728 4516 2997 4571 Romanos
3044 4514 3175 4569 lides
3208 4529 3219 4570 :
3258 4530 3378 4570 cum
3404 4513 3504 4566 hoc
3533 4520 3743 4567 tantum

2135 4583 2621 4659 dicatApostolus,
2664 4603 2824 4659 agere
2855 4587 3137 4657 segratias
3186 4588 3314 4648 Deo,
3360 4583 3511 4659 quod
3548 4584 3747 4659 ubique

2134 4658 2332 4728 passim
2352 4655 2500 4713 fama
2529 4660 2618 4726 sit,
2648 4655 2808 4716 etiam
2841 4655 3132 4722 Romanos,
3158 4673 3337 4712 rerum
3364 4657 3639 4728 Domitios,
3682 4655 3747 4710 li-

2132 4726 2254 4784 dent
2287 4731 2648 4786 Christianam
2697 4733 3016 4800 suscepisse.
3055 4729 3210 4795 Quod
3244 4739 3392 4784 certe
3412 4726 3483 4782 ob
3515 4728 3746 4800 dignita-

2138 4810 2241 4854 tem
2271 4800 2450 4868 Urbis,
2486 4819 2606 4872 quae
2653 4806 2815 4858 totius
2854 4803 3000 4858 orbis
3041 4811 3157 4855 erat
3195 4809 3356 4871 caput
3403 4809 3457 4854 et
3502 4800 3745 4872 gentium

2139 4874 2383 4931 Domina.
2427 4875 2586 4928 valde
2636 4878 2700 4929 ad
2746 4874 2866 4929 fidei
2915 4873 3237 4928 Christiana:
3299 4875 3746 4943 propagationem

2135 4945 2487 5000 conducebat.
2521 4945 2787 5001 Caeterum
2818 4946 2975 5001 fidem
3017 4945 3383 4999 Rotnanorum
3404 4942 3576 4998 Paulo
3612 4942 3747 4997 scri-

2134 5016 2295 5071 bente
2327 5033 2430 5070 non
2457 5033 2837 5088 usquequaque
2866 5018 3027 5072 fuisse
3061 5016 3417 5086 probabilem,
3447 5014 3744 5088 ostendunt

2137 5090 2246 5159 ipsa
2293 5090 2437 5143 Pauli
2469 5085 2656 5142 verba;
2687 5085 2841 5157 Quod
2880 5091 3040 5144 etiam
3068 5085 3388 5142 obserVavit
3412 5085 3747 5159 Ambrosius

2138 5155 2401 5229 protentio
2457 5155 2880 5215 Conmtentarior.
2929 5162 2981 5214 in
3016 5159 3301 5229 Epistulam
3351 5157 3420 5211 ad
3471 5155 3652 5229 Rom.,
3690 5165 3746 5209 et

2136 5228 2187 5285 in
2223 5233 2337 5285 ba'c
2366 5233 2477 5301 ipsa
2509 5231 2725 5301 quidem
2768 5231 2917 5287 Pauli
2946 5228 3069 5302 quae
3095 5233 3333 5284 citantur
3376 5246 3405 5283 a
3452 5228 3743 5302 Cypriano.

2136 5302 2323 5358 Fidem
2355 5302 2718 5357 Romanorum
2747 5304 2821 5358 ait
2848 5319 2952 5357 non
2979 5303 3145 5356 fuisse
3175 5312 3300 5356 tunc
3329 5301 3622 5355 secundum
3656 5312 3745 5352 re-

2134 5377 2312 5443 gulam
2345 5374 2554 5429 traditio
2598 5374 2667 5428 ab
2723 5377 3033 5429 auctoribus
3072 5374 3335 5445 veritatis.
3358 5371 3560 5445 Tamen
3597 5370 3745 5445 quia,

2134 5442 2274 5516 quod
2324 5446 2391 5500 ab
2441 5460 2546 5499 uno
2582 5446 2690 5500 Deo
2717 5455 2853 5511 erat,
2898 5446 3214 5514 interposito
3254 5442 3457 5516 Christi
3499 5444 3745 5516 nomine,

2136 5513 2411 5586 cmpcrant
2442 5518 2709 5589 venerari,
2743 5513 3051 5589 gratulatur
3067 5516 3181 5589 illis
3204 5513 3515 5589 Apostolus,
3532 5514 3745 5589 “sciens

2137 5585 2258 5643 illos
2291 5603 2449 5659 posse
2489 5585 2773 5658 proficere.
2825 5589 2960 5643 Tum
3007 5589 3128 5657 quia
3162 5585 3298 5642 fama
3355 5586 3481 5659 fidei
3530 5585 3747 5640 illorum

2135 5672 2253 5737 erat
2278 5658 2550 5730 profectus
2595 5662 3063 5737 tnnltorutn.'l‘u_m
3089 5669 3235 5715 certe
3252 5659 3374 5727 quia
3398 5658 3485 5737 qni
3503 5675 3607 5737 non
3625 5669 3748 5737 cre-

2136 5727 2401 5799 diderant,
2442 5743 2690 5802 poterant
2737 5734 2962 5790 credere
3010 5733 3202 5787 horum
3251 5730 3520 5799 exemplo.
3568 5727 3749 5782 Facile

2137 5806 2302 5874 enim,
2339 5806 2528 5876 iuqttit,
2557 5804 2679 5861 facit
2736 5805 2975 5873 inl'erior,
3017 5805 3156 5878 quod
3206 5802 3320 5861 fieri
3369 5802 3559 5859 vtdcrit
3593 5816 3620 5855 τι
3651 5813 3749 5869 po-

3138 6010 3153 6035 κ
