4250 6224
393 200 497 268 sat

1178 205 1516 279 EPISTOLA
1559 208 1672 265 Xll.
1715 208 1771 265 S.
1814 205 2145 265 CYPRlANl
2187 210 2277 267 Al)
2317 210 2718 277 CORNELIUM
2758 215 3016 274 PAPAM.

394 331 477 383 tas
503 323 858 382 sacerdotalis
885 331 1076 383 exorta
1105 335 1209 394 est,
1236 343 1265 381 a
1294 325 1653 387 scbismaticis
1681 335 1733 383 ct
1762 324 2002 398 profanis
2031 328 2084 397 Α
2108 342 2349 394 cursare,
2397 345 2496 387 nec
2535 332 2908 403 episcoporum
2958 332 3303 389 concordiam
3347 331 3714 391 cohaerentem

400 419 612 477 litteras
652 419 812 490 terre,
844 435 946 477 nec
971 421 1207 492 cogitare
1237 435 1331 477 eos
1359 436 1481 477 esse
1530 422 1823 485 Romanos,
1867 434 2002 491 quo-

394 531 519 573 rum
544 516 694 572 lides.
723 516 984 585 Apostolo
1013 516 1337 585 pl‘iPdlCilllle
1373 516 1589 571 laudata
1617 524 1721 582 est,
1767 514 1833 571 ad
1868 528 2004 586 quos

394 610 620 683 perﬁdia
682 609 881 666 habere
929 625 1034 667 non
1092 611 1260 681 possit
1308 625 1607 666 accessum.
1642 609 1772 677 Quae
1822 617 2001 667 autem

394 719 559 761 causa
581 703 828 761 veniendi
870 712 926 771 et
970 707 1488 776 pseudoepiscopum
1512 714 1539 744 ει
1567 716 1753 762 contra
1786 707 1997 777 episco—

390 811 520 867 pum
554 796 750 852 factum
798 798 1116 853 nuntiandi?
1158 803 1263 854 Aut
1305 801 1449 855 enim
1512 800 1685 870 placet
1724 800 1829 855 illis
1856 798 1996 869 quod

387 889 658 955 fecerunt,
678 891 798 945 etin
813 905 914 945 suo
932 892 1138 947 scelere
1162 902 1509 961 perseverant
1534 910 1547 946 :
1569 901 1661 945 aut
1689 893 1732 946 si
1747 891 1998 965 displicet

386 997 442 1044 et
473 987 754 1050 recedunt,
779 989 957 1043 sciunt
987 1004 1094 1058 quo
1134 998 1489 1044 revertantur.
1521 987 1655 1044 Nam
1706 1003 1828 1049 cum
1885 999 1995 1044 sta-

391 1089 567 1137 tutum
596 1082 667 1135 sit
693 1078 722 1118 δ
749 1079 819 1135 ab
845 1081 1097 1137 omnibus
1138 1081 1312 1148 nobis,
1343 1091 1395 1137 et
1425 1098 1637 1152 aequum
1678 1082 1748 1137 sit
1793 1081 1995 1151 pariter

387 1189 454 1230 ac
474 1174 702 1244 justum,
734 1184 791 1235 ut
820 1175 1240 1245 uniuscujuSque
1276 1190 1436 1231 causa
1470 1175 1578 1231 illic
1613 1174 1878 1240 audiatur,
1910 1174 1996 1232 tibi

385 1270 690 1325 estcrimeu
718 1269 1052 1325 admissum:
1097 1278 1150 1326 et
1194 1270 1421 1341 singulis
1465 1270 1769 1340 pastoribus
1824 1271 1997 1339 portio

383 1365 569 1435 gregis
599 1364 669 1418 sit
721 1363 989 1433 adscripta
1022 1375 1068 1429 ο,
1109 1380 1268 1435 quam
1322 1373 1473 1435 regat
1533 1364 1900 1434 unusquisque
1942 1372 1998 1419 et

386 1458 673 1530 gubernet,
721 1459 986 1514 rationem
1039 1459 1122 1514 sui
1177 1468 1329 1514 actus
1372 1458 1601 1515 Domino
1651 1458 1990 1524 redditurus;

387 1562 604 1622 oportet
632 1552 820 1623 utique
844 1566 960 1620 eos,
986 1553 1181 1622 quibus
1225 1568 1546 1623 praisumus,
1607 1568 1711 1608 non
1761 1553 1994 1609 circum-

2109 436 2201 476 sna
2230 422 2451 481 subdola
2473 432 2526 479 et
2553 422 2725 478 fallaci
2756 424 3059 481 temeritate
3089 423 3382 491 collidere;
3406 424 3501 480 sed
3550 440 3713 497 agerc

2109 516 2218 573 illic
2273 532 2488 573 causam
2546 534 2717 585 suam,
2776 519 2866 577 ubi
2898 530 2952 581 et
2991 527 3332 575 accusatores
3358 515 3385 556 ἀ
3417 517 3618 575 habere
3656 527 3714 577 et

2111 620 2274 668 testes
2304 614 2384 669 sui
2413 614 2653 669 criminis
2678 613 2883 681 possint
2909 631 2921 667 :
2952 613 3054 669 nisi
3098 613 3165 679 si,
3193 615 3374 685 paucis
3410 613 3713 687 desperatis

2108 715 2162 761 et
2191 706 2415 779 perditis
2459 710 2635 763 minor
2660 705 2871 762 videtnr
2888 721 3009 763 esse
3022 707 3312 761 auctoritas
3334 706 3712 778 episcoporum

2109 800 2163 857 in
2195 800 2373 857 Africa
2416 804 2851 869 constitutorum,
2897 802 2985 874 qui
3017 802 3085 857 de
3134 802 3239 858 illis
3265 802 3377 870 jam
3429 803 3711 872 iudicave-

2102 901 2248 953 runt.
2281 904 2335 948 ct
2362 909 2548 948 eorum
2599 896 2985 951 conscientiam
3020 894 3206 952 multis
3248 894 3568 950 delictorum
3626 896 3705 951 la-

2099 987 2254 1058 queis
2300 988 2528 1043 vinctam
2551 986 2737 1059 judicii
2757 989 2839 1045 sui
2870 1004 3037 1060 nuper
3060 989 3325 1060 gravitate
3351 988 3700 1046 damnarunt.

2099 1078 2217 1135 Jam
2242 1095 2402 1139 causa
2433 1097 2620 1137 eorum
2651 1081 2862 1153 cognita
2890 1091 2972 1136 est
2998 1101 3009 1136 :
3042 1082 3151 1151 jam
3180 1080 3248 1137 de
3278 1082 3357 1136 eis
3400 1082 3540 1138 dicta
3572 1097 3702 1138 sen-

2105 1174 2270 1231 tentia
2301 1184 2402 1240 est,
2438 1190 2536 1233 nec
2571 1190 2813 1237 censurae
2837 1175 3083 1246 congruit
3112 1174 3451 1230 sacerdotum
3497 1176 3709 1232 mobilis

2101 1276 2262 1338 atque
2317 1268 2672 1325 iuconstantis
2704 1269 2871 1327 animi
2918 1268 3136 1325 levitate
3187 1267 3534 1339 reprehendi,
3582 1283 3707 1324 cum

2100 1360 2360 1419 Dominus
2396 1364 2584 1419 doceat
2614 1374 2666 1419 et
2705 1364 2848 1419 dicat
2881 1381 2894 1419 :
2926 1363 3005 1421 Sit
3053 1380 3216 1419 sermo
3261 1374 3454 1432 vester,
3505 1372 3701 1433 estest,

2098 1471 2199 1510 non
2229 1473 2328 1513 non
2359 1455 2584 1530 (Matth.
2622 1472 2671 1523 v,
2699 1457 2813 1528 57).

2168 1549 2288 1608 XV.
2321 1551 2377 1607 Si
2401 1566 2608 1620 eorum,
2635 1552 2725 1623 qui
2744 1551 2811 1609 de
2854 1552 2959 1608 illis
3010 1553 3188 1625 priore
3230 1568 3371 1610 anno
3412 1552 3696 1626 judicave-

1611 1666 1996 1725 LECTIONES
2045 1664 2463 1723 VARIANTES.

447 1811 477 1877 ξ
504 1811 1037 1877 Ρξθῠόορρίξοορρισιιιιι
1064 1812 1196 1877 Lam,
1223 1811 1348 1864 Bod.
1374 1811 1422 1877 2.

445 1868 481 1912 ἲ)
505 1870 592 1925 Sic
617 1868 747 1925 Yoss'
773 1874 822 1923 2.
852 1868 955 1926 Lin.
980 1875 1109 1925 Lmn.
1138 1874 1283 1925 Ebor.
1314 1873 1438 1925 Bod.
1472 1875 1515 1935 l,
1538 1874 1585 1924 Ξ.
1606 1874 1715 1925 NC.
1744 1874 1792 1933 1,
1818 1874 1866 1925 ‘2.

451 1939 479 1969 °
506 1937 686 2001 Grcgis
706 1937 771 1988 sit
791 1939 1047 1988 commissa
1082 1940 1214 1988 Lam.
1241 1937 1388 1991 Ebor.
1416 1940 1464 1990 Ν
1471 1939 1525 1988 C.
1555 1939 1601 1988 1.
1629 1937 1758 1991 Bod.
1784 1937 1834 1987 2.

2012 1825 2061 1885 Β
2293 1814 2347 1856 et
2376 1810 2687 1856 accusatores
2725 1805 2859 1855 Lam.
2897 1803 3043 1855 Ebor.
3077 1802 3182 1857 Litt.
3231 1803 3356 1853 Bod.
3400 1804 3450 1853 3.
3491 1802 3599 1855 ΝΟ.
3653 1803 3705 1854 1.

2091 1867 2245 1922 Mioh.

1667 2044 2030 2103 VARIORUM
2049 2043 2283 2102 NOTAE.

378 2161 639 2219 Poterant
677 2170 856 2217 tamen
903 2161 1185 2216 advertere
1230 2160 1619 2217 Tertullianum
1676 2160 1876 2217 dixisse
1921 2162 1972 2215 in

379 2235 521 2289 libro
551 2236 614 2289 de
664 2232 1146 2298 Prtescriptionibus
1194 2234 1455 2287 adversus
1509 2235 1793 2290 haereticos
1830 2232 1977 2288 nobis

380 2307 740 2361 auctoritate»:
766 2316 951 2374 praesto
990 2322 1098 2378 esse
1123 2321 1185 2359 ea:
1209 2309 1330 2359 urbe
1362 2305 1549 2369 Roma;
1568 2316 1623 2360 et
1647 2306 1973 2378 Cyprianum

386 2394 497 2432 non
547 2380 710 2433 semel
736 2378 936 2432 dixisse
991 2376 1271 2431 Ecclesium
1316 2378 1625 2447 aediﬁcatam
1674 2376 1780 2431 esse
1823 2394 1978 2447 super

388 2448 603 2505 Petrum
657 2461 703 2503 et
757 2449 1023 2503 exordium
1076 2447 1302 2503 Uuitatis
1349 2451 1410 2501 ab
1438 2467 1497 2503 ea
1537 2449 1813 2519 proﬁcisci.
1846 2447 1976 2514 Quae

382 2523 547 2576 verba
579 2521 757 2590 magni
788 2522 1043 2574 momenti
1074 2531 1197 2574 sunt
1227 2521 1278 2573 in
1332 2521 1431 2575 bac
1492 2536 1673 2575 eausa.
1735 2520 1977 2588 Denique

380 2593 785 2647 observandum
821 2602 904 2646 est
935 2593 1293 2663 Cyprianum,
1345 2608 1466 2645 cum
1514 2594 1863 2661 conqueritur
1911 2592 1978 2647 de

381 2665 609 2719 audacia
638 2662 1143 2726 scbismatieoi-uin,
1175 2665 1264 2733 qui
1308 2673 1428 2732 post
1452 2662 1713 2732 judicium
1761 2664 1975 2734 episco-

381 2751 576 2802 porum
626 2736 822 2790 Ali-ica:
873 2742 1294 2801 provocaveraut
1340 2734 1403 2787 ad
1452 2733 1807 2790 Catlietlranr
1838 2736 1978 2789 beati

380 2806 529 2861 Petri
562 2816 720 2875 atque
768 2805 835 2860 ad
882 2806 1176 2860 Ecclesium
1211 2806 1582 2875 principalem,
1620 2808 1769 2860 nullo
1819 2806 1979 2859 modo

381 2880 694 2947 respexisse
723 2877 789 2931 ad
828 2877 1250 2947 magnitudinem
1281 2878 1430 2931 urbis
1471 2879 1686 2940 licium,
1720 2878 1873 2945 cujus
1903 2878 1979 2932 illi

383 2950 697 3020 prmsidium
726 2965 830 3002 non
866 2950 1247 3016 implorabant,
1276 2948 1368 3003 sed
1395 2949 1459 3002 ad
1492 2950 1826 3006 Cornelium.
1854 2949 1981 3003 Erat

380 3021 532 3077 enim
565 3036 720 3076 causa
754 3020 1152 3075 Eeclesiastica.
1194 3021 1378 3089 Itaque
1421 3032 1629 3074 certum
1670 3035 1790 3075 esse
1816 3021 1980 3074 debet

380 3092 473 3148 hic
527 3094 608 3161 agi
661 3092 728 3147 de
755 3094 1068 3145 auctoritate
1117 3090 1355 3161 cpiscOpi
1392 3091 1656 3157 Romani,
1702 3093 1767 3145 ad
1817 3107 1975 3162 quem

378 3165 679 3236 antiquitus
718 3163 1011 3231 confugere
1052 3164 1299 3218 Solebant
1337 3162 1696 3236 episcopiqui
1725 3179 1786 3236 se
1810 3180 1839 3216 a
1868 3163 1979 3217 col-

378 3235 979 3303 legissuiStippressos
1006 3237 1407 3304 querebantur,
1474 3246 1529 3288 ιιι
1582 3235 1665 3295 isti
1715 3235 1980 3290 schisma-

379 3309 499 3363 lici.
556 3306 847 3362 (Ionl‘undit
889 3316 1067 3361 autem
1119 3305 1420 3378 Cyprianus
1472 3307 1784 3369 cathedram
1830 3306 1981 3378 Petri

379 3394 506 3434 eum
560 3378 797 3432 Ecclesia
855 3377 1177 3447 principali,
1230 3379 1352 3446 quia
1403 3379 1660 3432 cathedra
1700 3377 1841 3432 l‘etri
1898 3387 1980 3432 est

380 3450 625 3505 Ecclesia
659 3448 1003 3517 principalis,
1038 3459 1085 3501 ιιι
1139 3450 1372 3503 Ecclesia
1405 3450 1716 3519 principalis
1760 3458 1843 3509 est
1891 3464 1981 3503 ca-

382 3521 577 3575 thedra
605 3522 766 3575 Petri.
800 3520 943 3575 [stud
968 3536 1066 3590 ego
1092 3532 1218 3589 puto
1242 3522 1421 3588 negari
1458 3537 1562 3574 non
1599 3536 1776 3590 posse.
1829 3520 1975 3575 Auc-

379 3601 470 3647 tor
500 3596 621 3646 vitro
664 3593 837 3647 sancti
869 3591 1108 3645 Anselmi
1158 3594 1393 3661 episcopi
1444 3592 1715 3658 Lucensis,
1742 3595 1982 3647 scribens

383 3664 641 3721 adversus
680 3664 956 3731 llugonem
977 3661 1298 3727 Candidum,
1325 3663 1676 3731 cardiualcm,
1726 3666 1800 3721 ait
1829 3664 1979 3719 illum

386 3750 676 3792 evacuasse
727 3735 1029 3805 principalis
1070 3733 1318 3789 Ecclesia:
1346 3736 1612 3805 privilegia
1632 3776 1647 3800 ,
1694 3736 1743 3791 id
1769 3747 1849 3791 est
1878 3735 1984 3797 Ro-

386 3821 585 3861 mamn.
637 3806 903 3861 Caeterum
958 3806 1311 3874 Angusunus,
1372 3806 1462 3860 lib.
1508 3824 1541 3861 tt
1605 3809 1666 3861 de
1719 3807 1982 3878 Baptismo

381 3889 575 3933 contra
607 3878 911 3932 Deitatistas
937 3893 1055 3944 cap.
1110 3881 1153 3943 Ι,
1204 3879 1447 3948 agnoscit
1489 3879 1540 3933 in
1572 3879 1734 3933 Petro
1765 3888 1982 3948 aposto-

380 3950 528 4004 latus
560 3950 936 4020 principatum.
974 3948 1172 4004 Bawz.

459 4020 645 4075 Unitas
672 4019 1020 4074 sacerdotalis.
1058 4021 1203 4074 Hanc
1232 4020 1530 4075 doctrinam
1562 4019 1874 4079 frequenter
1904 4022 1984 4074 in-

378 4094 555 4148 culrat
581 4090 901 4160 Cyprianus,
949 4093 1244 4161 przrscrtim
1290 4093 1338 4144 in
1374 4092 1510 4147 libro
1542 4095 1603 4146 (le
1646 4092 1851 4147 Unitate
1883 4093 1983 4151 Ec-

377 4164 569 4220 clesiae.
601 4165 690 4217 Sic
722 4164 880 4216 etiam
914 4166 1135 4230 ()ptatus
1167 4162 1520 4217 Milevitanus.
1546 4164 1743 4218 Bawz.

457 4238 688 4303 Quorum
716 4237 856 4302 fides.
892 4234 946 4288 Ial
980 4246 1060 4287 c~t
1113 4234 1495 4307 Romanorum.
1545 4236 1903 4307 Hieronymus
1935 4237 1985 4291 in

379 4309 649 4377 prooemio
676 4308 793 4377 libri
836 4306 1052 4359 secundi
1080 4306 1585 4360 commentariorum
1611 4308 1659 4359 in
1694 4307 1987 4369 Epistulam

2080 2160 2298 2227 scripsit
2332 2178 2345 2215 :
2381 2160 2493 2214 Soli
2525 2176 2638 2214 cum
2665 2161 2918 2231 episcopis
2950 2177 3050 2216 non
3093 2161 3214 2226 sint,
3265 2160 3353 2227 qui
3387 2168 3566 2215 contra
3597 2161 3708 2231 epi-

2082 2248 2263 2304 scopos
2289 2232 2618 2287 rebellarunt.
2660 2232 2768 2288 Sed
2803 2232 3023 2300 tropica:
3067 2232 3381 2304 ltujusmodi
3438 2234 3700 2290 locutioni

2081 2301 2263 2360 minus
2288 2320 2588 2371 congruere
2618 2305 2832 2359 videtur
2854 2304 2940 2359 bic
2971 2301 3153 2360 locus.
3189 2301 3508 2362 Consum.

2156 2377 2231 2430 Ab
2264 2377 2514 2430 omnibus.
2542 2376 2599 2430 In
2638 2377 2867 2447 vulgatis
2891 2376 3229 2431 desideratur
3256 2376 3568 2446 prmpositio
3615 2378 3698 2445 ab,

2084 2463 2243 2517 quam
2261 2447 2426 2501 nostri
2444 2464 2572 2503 mss.
2595 2463 2715 2502 cum
2732 2457 2856 2501 octo
2872 2449 3079 2516 Anglic.
3098 2449 3370 2503 exhibent.
3394 2448 3490 2503 llic
3515 2447 3698 2504 decre«

2088 2529 2198 2571 tum
2217 2520 2488 2573 communi
2508 2519 2762 2575 Afrorum
2781 2533 3050 2573 censensu
3071 2521 3426 2574 constitutum
3457 2528 3696 2577 n0tatur.

2082 2588 2613 2663 Cousraur.+Nattt
2636 2608 2750 2645 cum
2771 2599 3037 2663 statutum.
3058 2591 3342 2663 Baropius,
3359 2593 3446 2663 qui
3468 2592 3701 2653 similem

2085 2661 2411 2717 sententiam
2441 2662 2653 2732 legebat
2686 2664 2735 2717 in
2759 2662 2987 2732 epistola
3012 2663 3166 2716 tertia
3185 2661 3405 2716 Fabiani
3438 2663 3597 2733 Papa:
3629 2663 3699 2718 ad

2086 2733 2348 2787 llilnriutn
2376 2736 2709 2801 cpisc0pum,
2746 2752 2850 2788 non
2871 2733 3152 2788 dubitabat
3172 2733 3298 2803 quin
3319 2733 3383 2785 ad
3410 2733 3550 2787 banc
3574 2735 3695 2804 epi-

2085 2805 2280 2859 stolam
2316 2806 2607 2877 respiceret
2628 2807 2929 2877 Cyprianus
2964 2820 3085 2877 eum
3143 2805 3239 2859 ista
3264 2805 3578 2877 scribebat.
3635 2805 3694 2859 ln

2085 2890 2194 2945 quo
2219 2885 2366 2930 certe
2398 2874 2566 2931 falsus
2604 2874 2685 2932 esi
2719 2882 2802 2931 vir
2851 2876 3220 2932 doctissimus.
3252 2875 3470 2930 Certum
3497 2877 3699 2945 quippe

2086 2959 2169 3002 est
2192 2948 2477 3014 epistolam
2503 2949 2645 3005 illam
2669 2948 2890 3005 Fabiani
2914 2963 3137 3018 prorsus
3168 2948 3496 3018 incognitam
3528 2946 3698 3018 fuisse

2087 3030 2278 3073 sancto
2311 3019 2558 3091 martyri.
2599 3020 2752 3088 Apttd
2783 3017 3102 3091 Gratianum
3149 3020 3205 3085 5,
3236 3017 3378 3089 q.'6,
3404 3033 3565 3091 Neap.
3601 3017 3700 3073 Pe-

2083 3092 2310 3161 regrina,
2343 3092 2598 3145 tribuitur
2624 3091 2777 3146 Sixto
2803 3090 2964 3160 Papa:
2993 3093 3045 3145 in
3069 3090 3307 3160 antiquis
3346 3090 3696 3145 editionibus.

2084 3161 2436 3217 Cor-rectores
2484 3163 2710 3218 Romani
2744 3162 3071 3219 addiderunt
3121 3172 3399 3231 sumptum
3455 3176 3578 3221 esse
3631 3177 3699 3217 ex

2084 3234 2313 3305 epistola
2358 3234 2493 3290 Sixti
2572 3235 2730 3307 Papae
2790 3250 2867 3301 ιιι,
2922 3235 2989 3290 ad
3035 3236 3325 3307 episcopos
3382 3232 3698 3360 plrientales.

3434 3321 3588 3360 ALUZ.

3434 3321 3588 3361 Αιυῑ.

2160 3376 2327 3433 Causa
2352 3377 2459 3433 illic
2510 3377 2771 3432 audiatur.
2826 3379 3037 3448 Quippe
3088 3377 3201 3433 Afri
3244 3379 3560 3444 censebant,
3624 3376 3703 3432 ιιιί

2086 3460 2275 3521 postea
2307 3450 2407 3521 ipsi
2458 3451 2728 3520 scripsere
2777 3450 2841 3506 ad
2894 3450 3241 3506 Ctelestinum
3283 3449 3503 3519 Papam,
3546 3464 3698 3521 qua:-

2086 3520 2561 3593 Cumqueucgmia
2597 3524 2646 3576 in
2676 3524 2788 3577 suis
2815 3524 2945 3577 locis
2976 3523 3062 3577 tibi
3114 3531 3229 3577 orta
3256 3531 3383 3576 sunt
3437 3520 3690 3593 linienda,

2088 3609 2188 3651 nec
2214 3591 2504 3663 unicuique
2556 3596 2845 3664 provinciae
2862 3596 3087 3659 gratiam
3117 3594 3289 3648 sancti
3338 3592 3570 3662 Spiritus
3599 3591 3697 3647 de-

2087 3665 2343 3719 futuram.
2376 3664 2734 3735 Imperatores
2766 3665 3171 3721 Valentinianus
3222 3676 3271 3720 et
3306 3664 3526 3732 Valens,
3554 3664 3604 3735 Vl.
3639 3679 3693 3716 χ.

2087 3735 2220 3792 Cod.
2254 3733 2535 3792 Theodos-
2557 3737 2624 3793 de
2655 3748 2894 3805 accusat,
2924 3749 2977 3793 ct
3001 3737 3444 3808 inscriptionibus
3471 3755 3483 3791 :
3546 3733 3697 3791 Ultra

2090 3811 2367 3878 provincia:
2385 3810 2627 3862 terminos
2654 3810 2926 3862 accusandi
2950 3808 3155 3862 licentia
3177 3826 3276 3862 non
3309 3808 3691 3880 progrediatur.

2092 3880 2307 3945 Oportet
2329 3881 2462 3934 enim
2493 3880 2599 3935 illic
2626 3880 2893 3935 criminum
2924 3881 3127 3951 judicia
3157 3881 3346 3951 agitari
3382 3879 3464 3934 ubi
3495 3879 3694 3948 facinus

2089 3952 2277 4005 dicitur
2302 3952 2604 4016 admissum;
2632 3960 2683 4004 et
2712 3952 2749 4007 l.
2776 3968 2867 4006 xut
2896 3970 2909 4007 :
2948 3950 3109 4005 Extra
3137 3950 3408 4021 provincia:
3455 3952 3698 4021 terminos

2089 4024 2375 4104 accusatori
2408 4040 2511 4104 non
2530 4023 2625 4104 erit
2646 4022 2859 4104 licentia
2889 4020 3150 4104 progredi,
3180 4022 3319 4104 .puia
3360 4031 3559 4104 oportet
3588 4020 3696 4073 illic

2090 4095 2361 4148 criminum
2400 4094 2593 4158 iudicia
2633 4093 2747 4161 ﬁeri
2776 4094 2859 4146 ubi
2890 4091 3099 4165 facinus
3126 4093 3343 4165 dicitur
3385 4091 3694 4146 admissum.

2094 4166 2226 4221 Vide
2250 4165 2517 4220 Jttliauum
2542 4162 2942 4220 atttecessorcin
2968 4180 3087 4233 cap.
3112 4164 3241 4221 210.
3275 4162 3473 4219 Bawz.

2170 4236 2360 4291 Paucis
2389 4238 2667 4306 desperatis
2695 4246 2741 4290 et
2773 4237 3005 4304 perditis.
3052 4236 3165 4291 Hoc
3200 4246 3303 4300 est,
3357 4234 3693 4291 Felicissimo

2091 4319 2147 4364 et
2169 4310 2289 4365 aliis
2318 4309 2554 4378 quicum
2586 4308 2675 4361 illo
2714 4308 2939 4363 Romam
2977 4309 3349 4373 convolarant,
3406 4317 3690 4378 postquam

377 4376 450 4464 ad
481 4379 701 4464 Galatas
726 4397 737 4430 :
766 4376 1011 4464 liomame
1032 4379 1175 4464 prliis
1206 4377 1444 4464 laudatur
1497 4378 1643 4445 ﬁdes.
1690 4376 1986 4464 Nom-quod
2014 4387 2063 4447 ι)
2091 4376 2442 4464 Fortunatum
2486 4380 3003 4464 pseutloepiscppum
3045 4376 3493 4464 constilttisse‘ut,’
3528 4387 3601 4460 et.
3625 4376 3695 4431 de

376 4453 536 4504 aliam
553 4450 769 4504 habeant
789 4449 1003 4503 Romani
1021 4449 1171 4519 ﬁdem
1190 4450 1287 4500 nisi
1304 4450 1435 4501 llllllc
1448 4466 1598 4514 quam
1612 4467 1781 4503 omnes
1794 4448 1984 4504 Christi

382 4522 647 4584 Ecclesiae,
667 4521 756 4576 sed
778 4522 912 4590 quod
943 4521 1135 4573 det-otio
1166 4523 1218 4573 in
1247 4522 1320 4573 eis
1352 4522 1517 4588 iunior
1533 4526 1595 4575 sit
1619 4532 1663 4575 ct
1682 4523 1984 4583 simplicitas

382 4593 452 4646 ad
473 4594 800 4648 credendam.
820 4592 1129 4647 Bat'hiarius
1146 4593 1195 4645 in
1216 4592 1454 4659 :tpologia
1473 4610 1565 4645 sua
1580 4608 1672 4647 seu
1691 4592 1983 4648 Catholicae

385 4664 508 4721 ﬁdei
560 4665 783 4721 formula
832 4665 970 4717 edita
1027 4665 1075 4716 iu
1118 4676 1263 4716 tumo
1319 4665 1555 4717 :CCtltltit)
1614 4665 1979 4720 analeetortttn

380 4736 656 4792 Mitratorii
691 4753 702 4786 ε
739 4736 798 4790 Si
827 4754 917 4802 pro
941 4734 1094 4801 culpa
1124 4735 1272 4789 unius
1328 4737 1477 4788 totius
1516 4737 1790 4806 provincia:
1855 4754 1982 4791 ana-

380 4806 765 4862 tltematizauda
800 4808 1055 4877 generatio
1082 4817 1175 4873 est,
1207 4809 1473 4860 damnetur
1500 4820 1546 4860 rt
1573 4809 1665 4862 illa
1696 4811 1983 4863 beatissima

378 4882 657 4949 discipula,
680 4880 775 4932 hoc
802 4889 873 4933 est
904 4878 1090 4942 Roma,
1109 4879 1169 4931 de
1195 4896 1294 4948 qua
1320 4896 1451 4932 nunc
1475 4898 1573 4932 non
1604 4897 1725 4950 una,
1756 4882 1844 4934 sed
1866 4882 1983 4936 dare

378 4951 461 5006 vel
490 4963 590 5005 (res
621 4962 707 5004 aut
736 4967 792 5004 eo
818 4950 1045 5017 amplius
1094 4950 1309 5003 htcreses
1357 4951 1698 5019 pullularunt,
1729 4963 1772 5006 et
1815 4963 1981 5007 tamen

379 5024 527 5077 nulla
557 5039 732 5077 eorum
764 5021 1057 5074 cathedram
1092 5022 1229 5094 Petri
1259 5023 1353 5075 Itoc
1404 5033 1473 5076 cst
1522 5023 1705 5079 Sedeat
1745 5025 1866 5094 ﬁdei
1895 5035 1980 5077 aut

381 5106 551 5148 tenere
582 5094 746 5161 potuit
772 5104 858 5144 aut
882 5109 1099 5147 movere.
1128 5093 1324 5148 BALuz.

454 5164 645 5247 Contra
666 5166 979 5247 episcopatu.
1007 5166 1059 5247 in
1079 5166 1327 5235 vulgatis,
1359 5178 1536 5247 contra
1555 5168 1838 5239 ερῑδσοροδ,
1863 5184 1980 5247 qua:

381 5240 545 5291 verba
564 5237 760 5290 absunt
783 5254 808 5286 :t
830 5236 989 5307 C(ll‘ll.
1012 5235 1067 5290 ln
1091 5248 1301 5290 Vi-tttstu
1318 5239 1467 5293 Coll).
1486 5251 1657 5291 exsuit
1682 5235 1859 5293 contra
1876 5235 1982 5307 cpi-

379 5325 536 5376 scopo
579 5306 1189 5382 ΙιιτςοιιιὶιιιιιιοίιὶηςιιιιυΓ
1204 5319 1379 5382 contra
1400 5311 1715 5382 episcopum,
1746 5314 1859 5366 scil.
1880 5306 1983 5382 Cy-

381 5383 654 5450 prianum.
673 5382 762 5454 qui
779 5395 836 5454 se
859 5380 1097 5448 legitime
1117 5381 1415 5454 ιιιμιίιιιτιιιιι
1436 5380 1614 5454 acpro
1630 5399 1755 5435 vero
1773 5380 1982 5454 episco-

383 5452 938 5522 pOSt‘lllperilliilllllltt
959 5466 1118 5520 supra
1149 5469 1292 5505 tium.
1326 5451 1379 5517 6,
1409 5453 1670 5520 probatit,
1693 5451 1980 5508 cteaisdcm

385 5526 741 5594 presbyteros
763 5523 920 5585 epist.
956 5538 1044 5584 XL,
1077 5539 1196 5579 seu.
1226 5524 1312 5585 45,
1339 5534 1713 5592 rvpi-:rseutat,
1758 5536 1810 5578 ut
1850 5527 1984 5579 anti-

380 5612 487 5664 qua
514 5605 696 5647 contra
723 5594 1065 5663 episcopatum
1094 5612 1281 5660 meum,
1312 5596 1502 5666 inquit,
1535 5611 1722 5649 venena
1761 5600 1983 5651 retium-

382 5679 480 5719 tes.
512 5668 788 5739 Antcertc
819 5678 1088 5739 oratorum
1123 5667 1335 5720 licentia
1359 5670 1624 5739 episcopos
1655 5669 1739 5721 hic
1762 5670 1977 5739 dixerit,

386 5734 673 5805 quomodo
698 5735 748 5786 in
769 5750 883 5789 mox
900 5737 1111 5793 laudata
1135 5739 1355 5809 cpistola
1381 5734 1445 5794 ad
1468 5739 1679 5809 plebem
1703 5739 1771 5797 de
1791 5734 1979 5798 iisdem

2088 4454 2283 4524 quibus
2310 4453 2418 4506 Al'ri
2451 4453 2774 4506 sententiam
2822 4449 3091 4508 duxerant.
3141 4451 3187 4508 Α
3241 4450 3495 4524 Cypriani
3536 4449 3697 4524 igitur

2090 4518 2270 4578 mente
2302 4526 2517 4579 aberrat
2545 4524 2871 4579 Oxnniensis
2908 4525 3105 4586 editor,
3140 4524 3223 4580 cui
3253 4518 3397 4577 beato
3424 4522 3516 4577 illo
3550 4518 3700 4575 Mar-

2089 4605 2199 4667 lyre
2216 4597 2393 4666 judice
2422 4613 2515 4669 pro
2540 4611 2864 4669 DESPERATIS
2890 4612 2957 4651 ET
2981 4610 3227 4652 PEBDITIS
3281 4594 3511 4669 habendi
3540 4600 3694 4669 sunt,

2086 4664 2268 4737 quibus
2290 4664 2457 4721 minor
2488 4668 2684 4721 videtur
2703 4669 2983 4722 auctoritas
3009 4670 3361 4738 episcoporum
3387 4668 3439 4719 in
3476 4664 3655 4738 Africa
3677 4679 3697 4726 ;

2086 4736 2239 4809 quain
2261 4742 2336 4794 vel
2361 4738 2582 4794 Cornelii
2614 4740 2775 4807 ipsius
2805 4738 3005 4793 inPetri
3031 4736 3275 4794 eatliedra
3304 4736 3483 4793 Roma:
3508 4736 3694 4809 seden-

2088 4808 2169 4866 tis-
2203 4813 2368 4867 lmmo
2417 4828 2514 4866 nec
2546 4810 2908 4865 Felicissintus
2951 4825 3014 4864 ac
3070 4810 3201 4864 socii
3249 4810 3369 4864 ideo
3396 4809 3538 4880 quod
3579 4808 3695 4862 Ro-

2085 4899 2227 4937 mam
2261 4893 2667 4953 provocassent,
2693 4882 2789 4938 sed
2841 4892 3058 4952 prepter
3086 4883 3319 4936 scbisma
3372 4886 3581 4949 aliaque
3610 4881 3694 4953 in-

2088 4955 2244 5009 famia
2263 4951 2492 5009 crimina
2522 4954 2780 5023 desperati
2807 4951 2853 5007 et
2874 4951 3064 5025 perditi
3081 4954 3441 5025 appellantur.
3462 4951 3695 5025 Cypria-

2087 5043 2188 5081 nus
2223 5028 2383 5098 igitur
2412 5021 2836 5098 ClllllﬂAi‘l‘lCtllllSA
2874 5021 3306 5098 episcopis—“non
3356 5021 3692 5098 Cornelium,

2086 5099 2180 5153 sed
2207 5094 2502 5161 Privatum,
2527 5097 2785 5162 Felicem,
2811 5094 3136 5152 Jovinum'et
3160 5096 3467 5160 Maximum,
3502 5094 3695 5147 adver-

2086 5186 2179 5225 sus
2207 5188 2340 5239 quos
2363 5169 2739 5224 Africanorum
2764 5169 2960 5233 judicia
2987 5169 3144 5239 paulo
3173 5176 3300 5222 ante
3343 5173 3698 5239 recensuerat

2086 5236 2371 5298 conferens
2421 5242 2496 5295 ait
2537 5255 2551 5298 :
2602 5239 2714 5295 Nisi
2769 5240 2905 5295 forte
2951 5236 3326 5308 episcoporum
3394 5239 3445 5291 in
3513 5236 3695 5291 Africa

2086 5315 2503 5367 constitutorum
2534 5312 2825 5366 auctoritas
2855 5326 3150 5381 paucorum
3182 5311 3400 5366 illorum
3430 5309 3691 5378 despera-

2087 5394 2262 5439 torttm
2290 5385 2610 5440 auctoritate
2639 5382 2813 5437 minor
2834 5384 3097 5437 videatur.
3121 5381 3438 5439 Consum.

2170 5455 2422 5511 Vinctam.
2456 5456 2714 5510 Erasmus
2774 5456 2825 5508 in
2861 5454 3102 5524 margine
3129 5470 3242 5507 sua:
3284 5451 3541 5524 editionis
3572 5464 3697 5524 mo-

2086 5529 2201 5582 nuit
2231 5529 2356 5582 alibi
2392 5529 2493 5599 legi
2526 5526 2923 5599 involutamﬁic
2950 5520 3112 5599 etiam
3142 5526 3399 5581 habuisse
3418 5520 3696 5599 sciuchi-

2087 5615 2203 5655 cem
2257 5592 2647 5655 Vcronénscm.
2685 5598 3061 5653 Eademlectio
3094 5601 3373 5665 reperitur
3417 5595 3471 5647 in
3517 5592 3709 5665 codice

2084 5670 2402 5726 Corbeiensi
2425 5680 2481 5725 et
2512 5673 2564 5726 in
2587 5669 2911 5727 Turonettsi.
2939 5662 3286 5740 Lactantius,
3306 5666 3405 5725 lib.
3429 5679 3507 5734 tv,
3529 5677 3581 5719 c.
3612 5662 3712 5730 Π,

2084 5744 2371 5799 involutum
2400 5752 2594 5814 pectus.
2622 5741 2822 5807 BALUZ.
