4250 6224
552 237 659 290 825

1554 228 1987 287 ROMANORUM
2026 226 2440 285 PONTIFICUM
2480 224 2861 284 EPISTOLIE.

3763 223 3872 284 824

557 362 703 418 runt,
734 364 988 407 numerus
1017 364 1136 405 cum
1163 348 1490 421 presbyteris
1510 356 1563 403 et
1585 347 1828 402 diacouis
1863 354 2145 417 compute-
2178 347 2231 408 Α
2254 343 2355 400 Vix
2385 342 2526 414 plebi
2555 343 2873 415 persuadeo,
2920 343 3086 400 immo
3114 352 3435 413 extorqueo,
3494 350 3551 396 ut
3606 342 3741 396 tales
3770 356 3866 412 pa-

553 455 662 511 tnr,
724 445 902 514 plures
955 452 1079 498 tunc
1128 442 1419 496 adfuerunt
1454 441 1659 511 judicio
1707 451 1758 496 et
1831 440 2151 511 cognitioni,

552 554 711 611 quam
740 545 866 591 sunt
896 537 1055 591 iidem
1082 536 1189 601 isti,
1219 535 1449 604 quicum
1474 534 1770 590 Fortunato
1797 549 1936 588 mmc
1970 534 2154 588 viden-

553 642 641 687 tur
669 646 789 687 esse
820 630 1114 699 conjuncti.
1146 628 1297 684 Scire
1328 627 1473 683 enim
1515 628 1707 691 debes,
1755 628 1918 683 frater
1945 628 2152 684 charis—

549 727 877 790 rime,eum,
910 732 1276 794 posteaquam
1332 722 1819 792 pseudnepiscopus
1871 724 1938 778 ab
1983 721 2154 779 luere-

550 818 670 873 ticis
698 820 866 872 factus
891 825 991 880 est,
1022 816 1132 887 jam
1156 830 1294 887 pene
1322 815 1388 869 ab
1416 816 1666 869 omnibus
1712 831 1833 870 esse
1854 815 2148 871 desertum.

548 911 869 982 Namqueii,
896 910 1088 980 quibus
1124 910 1174 963 in
1210 910 1540 979 prieteritum
1570 909 1853 979 praeStigia:
1894 910 2154 966 obtende-

548 1008 767 1070 bautur,
809 1015 864 1059 et
905 1003 1171 1058 dabantur
1201 1003 1362 1058 verba
1411 1002 1638 1068 fallacia,
1689 1003 1829 1073 quod
1880 1004 2037 1059 simul
2085 1005 2153 1059 ad

550 1100 847 1157 Ecclesiam
874 1098 1172 1169 regressuri
1202 1100 1544 1161 dieerentur;
1580 1109 1766 1168 postea
1797 1114 1956 1169 quam
1999 1100 2146 1155 vide«

548 1204 680 1249 runt
719 1194 826 1247 illic
883 1191 1403 1263 pseudoepiscopum
1474 1190 1691 1254 factum,
1765 1190 2048 1247 frustratos
2099 1202 2153 1247 et

550 1286 805 1355 deceptos
834 1301 890 1340 se
913 1300 1034 1340 esse
1064 1284 1390 1344 didicerunt,
1423 1294 1475 1338 ct
1497 1291 1743 1338 remeant
1777 1284 2034 1354 quotidie,
2075 1293 2154 1339 at-

548 1400 652 1454 que
681 1384 745 1437 ad
782 1384 1077 1436 Ereti-siam
1124 1383 1333 1451 pulsant
1368 1398 1380 1434 ε
1415 1382 1568 1436 nobis
1623 1391 1826 1445 tamen,
1876 1396 1905 1434 a
1958 1380 2153 1450 quibus

555 1476 691 1529 ratio
721 1475 947 1529 Domino
973 1474 1243 1529 reddenda
1278 1483 1379 1540 est,
1414 1473 1573 1527 anxie
1619 1471 2046 1540 ponderantibus
2100 1481 2156 1526 et

550 1567 782 1622 sollicite
836 1568 1288 1632 examinantilms,
1354 1567 1442 1634 qui
1496 1566 1663 1636 recipi
1717 1574 1769 1621 et
1824 1565 2030 1620 admitti
2088 1565 2156 1621 ad

550 1659 847 1715 Ecclesiam
885 1660 1136 1716 debeant.
1160 1659 1491 1728 Quibusdam
1516 1659 1658 1713 enim
1692 1659 1759 1713 ita
1790 1669 1882 1712 aut
1930 1659 2155 1713 crimina

2264 439 2464 493 tiantur
2484 438 2691 493 admitti
2727 457 2741 495 :
2766 449 2819 493 ct
2843 438 3038 507 justior
3078 438 3248 493 factus
3272 444 3356 491 est
3379 434 3737 491 fraternitatis
3765 434 3864 490 do-

2259 531 2343 587 lor
2367 548 2431 587 ex
2460 548 2548 599 eo,
2581 531 2724 603 quod
2764 548 2898 587 unus
2927 541 3091 603 atque
3103 531 3262 595 alius,
3286 529 3564 585 obnitente
3587 528 3747 601 plebe
3771 539 3795 576 ε
3816 538 3877 585 ει

2256 625 2685 689 contradicente,
2717 641 2837 680 mea
2871 633 3051 679 tamen
3082 623 3335 679 facilitate
3357 625 3616 694 suscepti,
3655 623 3869 694 pejores

2255 720 2748 789 exstiteruntquam
2771 721 2919 789 prius
2943 718 3153 774 fuerant
3170 717 3219 785 ιι,
3251 732 3349 773 nec
3366 716 3524 773 [idem
3542 719 3875 789 ptenitentiaz

2258 827 2477 867 servare
2509 820 2820 883 potuerunt,
2874 812 3000 882 quia
3044 826 3143 867 nec
3194 826 3317 867 cum
3362 826 3489 867 vera
3554 812 3872 883 ptenitentia

2261 915 2545 961 venerant.

2331 1000 2472 1055 XVI.
2505 1001 2577 1056 De
2600 1001 2718 1055 istis
2738 1015 2867 1056 vero
2896 1000 3023 1072 quid
3053 1000 3251 1067 dicam,
3284 1002 3373 1071 qui
3402 1016 3544 1055 nunc
3572 1000 3636 1055 ad
3661 1010 3712 1055 te
3736 1014 3863 1056 cum

2263 1092 2603 1148 Felicissimo
2638 1093 2877 1148 omnium
2910 1093 3196 1148 criminum
3231 1107 3326 1147 reo
3356 1093 3754 1164 navigaverunt,
3792 1093 3877 1150 le-

2257 1188 2367 1260 gati
2416 1205 2443 1241 a
2494 1187 2790 1243 Fortunato
2823 1187 3293 1259 pseudnepiscopo
3334 1189 3504 1255 missi,
3551 1200 3656 1243 tam
3710 1187 3881 1244 falsas

2259 1281 2324 1335 ad
2354 1290 2406 1337 te
2437 1281 2645 1336 litteras
2663 1280 2979 1346 afferentes,
3011 1296 3173 1351 quam
3200 1292 3279 1335 eSt
3311 1290 3365 1336 et
3396 1282 3533 1351 ipse,
3553 1281 3707 1352 cujus
3733 1280 3877 1335 litte-

2258 1388 2346 1428 ras
2368 1373 2565 1435 ferunt,
2596 1373 2764 1428 falsus
2786 1390 2800 1437 ;
2825 1388 2985 1444 quam
3010 1383 3093 1427 est
3112 1373 3230 1444 ejus
3264 1386 3607 1442 peccatorum
3644 1373 3661 1411 ί
3697 1374 3879 1429 multi—

2262 1465 2382 1534 plex
2409 1465 2761 1529 conscientia,
2783 1480 2941 1536 quam
2967 1466 3286 1521 execrabilis
3312 1468 3443 1531 vita,
3468 1482 3630 1537 quam
3661 1467 3833 1538 turpis
3858 1485 3871 1520 :

2263 1566 2319 1613 ut
2347 1560 2463 1614 etsi
2487 1559 2539 1613 in
2575 1560 2814 1615 Ecclesia
2840 1571 3045 1626 essent,
3074 1560 3197 1630 ejici
3232 1561 3365 1617 tales
3406 1563 3475 1617 de
3516 1561 3753 1617 Ecclesia
3779 1562 3879 1619 de-

2261 1652 2542 1708 buissent?
2578 1654 2818 1724 Denique
2856 1654 2982 1726 quia
3012 1654 3402 1709 conscientiam
3443 1670 3597 1709 suam
3649 1665 3873 1723 norunt,

548 1767 645 1808 sua
669 1753 956 1817 obsistunt,
987 1766 1073 1807 aut
1106 1752 1300 1807 fratres
1331 1761 1357 1790 ει
1389 1752 1657 1806 obstinate
1706 1762 1759 1806 et
1798 1752 2022 1807 firmiter
2069 1768 2155 1805 re-
2186 1762 2234 1821 Β
2263 1763 2364 1803 nec
2397 1747 2410 1798 t'
2452 1748 2988 1813 audentvenire,aut
3013 1748 3079 1803 ad
3101 1748 3357 1803 Ecclesia:
3386 1748 3550 1803 limen
3579 1747 3873 1810 accedere;

548 1845 813 1913 nituntur,
842 1854 897 1900 ut
929 1846 1090 1916 recipi
1121 1845 1341 1899 omnino
1381 1859 1486 1899 non
1538 1844 1743 1914 possint
1782 1842 1810 1881 ι)
1840 1859 1961 1898 eum
1997 1860 2155 1900 scan-

545 1936 669 1991 dalo
698 1947 747 1992 et
782 1938 1018 2008 periculo
1048 1938 1422 2007 plurimorum.
1476 1935 1661 2006 Neque
1701 1936 1844 1992 enim
1891 1939 1968 1992 sic
2001 1947 2159 2008 puta-

545 2030 690 2084 mina
722 2040 744 2067 α
772 2030 1015 2099 qtt:edant
1066 2030 1365 2100 colligenda
1417 2041 1561 2096 sunt,
1591 2039 1648 2084 tit
1695 2046 1813 2101 qua:
1858 2031 2063 2101 integra
2106 2040 2161 2087 et

546 2135 677 2176 sana
728 2132 852 2176 sunt
901 2123 1252 2176 vulnerentur
1312 2139 1326 2178 :
1382 2138 1482 2177 uec
1547 2124 1690 2177 utilis
1734 2132 1827 2179 aut
1880 2126 2160 2180 consultus

543 2225 628 2269 est
664 2225 867 2286 pastor,
931 2216 1018 2285 qui
1074 2215 1144 2270 ita
1205 2215 1477 2270 morbidus
1524 2229 1575 2271 et
1606 2215 1633 2252 ιι
1673 2226 1949 2274 contactus
2024 2235 2159 2276 oves

550 2310 696 2381 gregi
747 2309 1030 2377 admiscet,
1071 2320 1127 2365 ut
1164 2326 1378 2381 gregem
1437 2321 1607 2366 totum
1670 2312 1794 2367 mali
1832 2313 2158 2369 cobmrentis

546 2401 897 2457 aftlictatioue
926 2404 1257 2458 contaminet
1288 2413 1332 2456 ο.
1370 2402 1414 2457 Ο
1439 2404 1483 2458 si
1513 2418 1719 2473 posses,
1756 2406 1918 2461 frater
1951 2407 2158 2463 charis-

508 2538 511 2541 λ
556 2496 714 2560 sime,
744 2496 862 2551 istic
894 2497 1157 2551 interesse
1184 2496 1487 2559 nobiscmn,
1512 2512 1631 2552 cum
1657 2500 1801 2567 pravi
1836 2500 1920 2554 isti
1954 2511 2009 2555 et
2037 2517 2158 2571 per-

545 2589 689 2643 versi
725 2586 834 2643 fde
862 2590 1153 2644 schismate
1184 2591 1561 2644 revertuntur!
1609 2590 1819 2647 videres
1854 2593 1977 2663 quis
2026 2594 2157 2649 mihi

547 2680 703 2736 labor
732 2682 800 2736 sit
843 2682 1168 2751 persuadere
1201 2682 1792 2752 patientiamfratribus
1816 2686 2038 2754 neStris,
2075 2696 2154 2751 ut,

546 2774 715 2828 animi
757 2773 947 2830 dolore
999 2775 1195 2845 sopito,
1235 2776 1556 2846 recipiendis
1601 2778 1755 2832 malis
1800 2779 2159 2849 curandisque

548 2866 911 2921 consentiant.
940 2866 1185 2936 Namque
1217 2877 1274 2921 ut
1297 2868 1534 2939 gaudent
1560 2877 1616 2923 et
1644 2870 1893 2925 laetantur
1922 2887 2043 2925 cum
2075 2879 2157 2925 to-

545 2962 794 3017 lerabiles
843 2972 896 3017 et
946 2963 1122 3017 minus
1179 2962 1473 3033 culpabiles
1527 2963 1753 3018 redeunt
1784 3006 1796 3030 ,
1857 2965 1927 3019 ita
1970 2974 2156 3021 contra

551 3053 788 3108 fremunt
832 3063 888 3107 et
946 3054 1302 3120 reluctantur,
1356 3055 1567 3124 quoties
1626 3057 2053 3114 inemendabiles
2104 3067 2160 3113 et

2265 1842 2359 1898 sed
2390 1841 2523 1897 foris
2551 1858 2648 1913 per
2689 1843 3019 1913 provinciam
3074 1842 3568 1898 circumveniendis
3621 1842 3877 1899 fratribus

2262 1945 2315 1990 et
2346 1936 2648 2005 spoliandis
2708 1943 2990 2007 pererrant
3019 1953 3034 1989 :
3065 1946 3118 1990 et
3154 1936 3405 1991 omnibus
3432 1935 3545 2005 jam
3572 1936 3705 1991 satis
3732 1936 3868 2000 noti,

2264 2037 2427 2099 atque
2480 2029 2721 2100 undique
2776 2044 2874 2099 pro
2932 2029 3044 2084 suis
3085 2027 3415 2083 facinoribus
3449 2029 3692 2094 exclusi,
3748 2028 3880 2083 illuc

2267 2126 2428 2177 etiam
2457 2123 2522 2177 ad
2554 2138 2650 2178 vos
2689 2124 2960 2194 navigant.
2996 2121 3179 2193 Neque
3206 2122 3350 2176 enim
3380 2122 3481 2176 illis
3510 2131 3683 2191 potest
3719 2120 3878 2178 frons

2265 2232 2387 2274 esse
2414 2217 2481 2273 ad
2523 2233 2621 2273 nos
2666 2217 2979 2284 accedendi,
3015 2227 3107 2272 aut
3157 2217 3299 2288 apud
3347 2231 3442 2272 nos
3495 2215 3863 2281 consistendi;

2268 2328 2390 2368 eum
2425 2313 2533 2367 sint
2560 2313 2906 2369 acerbissima
2930 2321 2984 2367 et
3007 2310 3321 2382 gravissima
3354 2312 3600 2373 crimina,
3629 2325 3747 2380 quae
3798 2310 3886 2365 eis
3962 2302 3975 2309 “

2263 2420 2291 2458 a
2326 2405 2578 2460 fratribus
2620 2406 2953 2477 ingerantur.
2988 2404 3047 2460 Si
3073 2405 3336 2473 judicium
3393 2413 3637 2459 nostrum
3683 2402 3875 2457 voluc-

2265 2498 2649 2568 rintcxperiri,
2693 2498 2933 2553 veniant.
2981 2498 3219 2569 Denique
3244 2500 3285 2552 si
3321 2512 3425 2567 qua
3454 2497 3559 2551 illis
3593 2496 3877 2552 excusatio

2263 2602 2315 2647 et
2344 2591 2589 2647 defensio
2620 2600 2795 2662 potest
2820 2606 2961 2654 esse,
3016 2590 3293 2646 videamus
3320 2606 3480 2658 quem
3524 2589 3759 2645 habeant
3784 2604 3871 2643 sa-

2269 2686 2589 2741 tisfactionis
2618 2702 2729 2741 sum
2752 2701 2993 2750 sensum,
3056 2701 3215 2755 quem
3255 2684 3486 2739 afferant
3535 2682 3874 2754 paenitentia:

2266 2779 2495 2835 fructum
2532 2794 2671 2835 :nec
2694 2779 2936 2833 Ecclesia
2979 2779 3098 2833 istic
3141 2778 3387 2848 cuiquam
3419 2776 3441 2813 ¹κ
3488 2775 3744 2840 cluditur,
3772 2789 3875 2829 nec

2262 2873 2549 2943 episcopus
2586 2869 2603 2908 ι
2638 2872 2797 2926 alicui
2828 2871 3122 2942 denegatur
3150 2887 3165 2934 ;
3196 2869 3446 2940 patientia
3473 2879 3522 2924 et
3561 2867 3792 2924 facilitas
3822 2874 3881 2923 et

2264 2969 2575 3023 humanitas
2596 2976 2778 3022 nostra
2805 2968 3145 3021 venientibus
3174 2973 3369 3036 praesto
3396 2974 3497 3021 est.
3524 2963 3667 3033 Opto
3689 2978 3885 3019 omnes

2265 3062 2316 3116 in
2338 3061 2632 3117 Ecclesiam
2660 3059 2890 3131 regredi,
2914 3068 3041 3129 Opto
3061 3059 3344 3113 universos
3362 3056 3762 3111 commilitones
3788 3072 3886 3109 no-

550 3148 806 3218 protervi,
842 3157 896 3203 et
928 3148 1009 3204 vel
1038 3149 1317 3205 adulteriis
1350 3151 1434 3205 vel
1463 3149 1744 3206 sacrificiis
1776 3153 2152 3219 contaminati,
2185 3166 2231 3229 ρ
2266 3153 2529 3209 trosintra
2547 3151 2938 3209 ChriSticastra
2955 3160 3009 3207 et
3026 3152 3115 3206 Dei
3130 3150 3304 3205 Patris
3323 3147 3885 3204 domiciliaconcludi:

553 3251 609 3295 et
637 3252 754 3310 post
787 3240 900 3296 hare
932 3241 1108 3298 adhuc
1137 3244 1357 3314 insuper
1388 3252 1442 3297 et
1468 3245 1709 3313 superbi,
1743 3246 1821 3299 sic
1866 3244 1932 3298 ad
1970 3245 2157 3301 Eccle-

555 3337 690 3391 siam
717 3345 979 3405 remeant,
1037 3348 1093 3392 Ill
1148 3338 1286 3392 bona
1328 3340 1471 3392 iuttts
1529 3339 1739 3409 ingenia
1790 3349 2158 3410 corrumpant.

2260 3247 2498 3303 Remitto
2527 3246 2728 3312 omnia,
2754 3245 2921 3301 multa
2944 3243 3248 3306 dissimulo,
3279 3242 3457 3297 Studio
3481 3251 3529 3296 et
3553 3250 3681 3296 voto
3719 3239 3881 3295 colli-

2260 3342 2451 3413 genita:
2480 3339 2853 3408 fraternitatis,
2868 3338 3029 3394 etiam
3043 3354 3161 3409 qua:
3185 3337 3237 3391 in
3261 3336 3426 3392 Deum
3446 3333 3731 3391 commissa
3751 3341 3883 3387 sunt

1702 3434 1707 3437 ’
1784 3452 2164 3513 LECTIONES
2228 3454 2647 3512 VARIANTES.

625 3571 651 3598 ⁸
677 3570 774 3618 Aut
795 3567 1029 3617 fratribus
1053 3568 1187 3617 Lam.
1214 3565 1341 3617 Bod.
1366 3568 1415 3616 ‘2.
1454 3568 1599 3619 Ebor.
1628 3568 1737 3619 ΝΟ.
1759 3570 1805 3617 1.

592 3629 655 3741 ‘bb
684 3631 1058 3741 Nq‘trtcpqssunt,
1110 3630 1207 3679 nisi
1246 3644 1355 3679 cum
1393 3630 1621 3680 seandalo
1648 3632 1781 3682 Lam.
1811 3632 1932 3682 Bod.
1964 3634 2008 3694 1,
2046 3634 2092 3696 2,
2119 3634 2167 3683 5.

592 3706 707 3741 .or.
833 3732 842 3741 .
907 3729 919 3741 .

562 3693 963 3827 Ifgrfiti‘titgu‘u'iita
1018 3757 1133 3804 Ver.
1165 3753 1401 3817 fragmina
1442 3758 1573 3805 Lam,
1623 3757 1739 3807 Ben,
1772 3758 1897 3808 Βοα,
1942 3760 1987 3820 1,
2032 3759 2080 3820 2’
2119 3760 2167 3808 δ’

568 3818 977 3932 Μίῗρξξίνξὲωε.
1008 3879 1269 3938 Compend.
1301 3893 1392 3931 ms.
1420 3880 1563 3930 Idem
1592 3879 1757 3933 habuit
1797 3890 1839 3933 et
1892 3883 2034 3934 Corb.
2078 3884 2164 3934 sed

564 3944 767 3995 subinde
788 3942 839 3994 in
876 3955 933 3993 eo
956 3939 1116 4006 littera
1140 3958 1162 3991 r
1188 3949 1430 4006 expuncto
1453 3950 1537 3994 est.

637 4010 660 4038 θ
688 4007 794 4055 Non
810 4004 1037 4055 attendas
1058 4004 1316 4056 numerum
1350 4006 1561 4057 illorum.
1582 4006 1758 4057 Melior
1785 4014 1864 4058 est
1888 4011 2019 4058 enim
2039 4022 2167 4058 unus

566 4072 766 4129 timens,
791 4082 933 4131 quam
972 4066 1105 4131 mille
1144 4067 1226 4117 filii
1256 4070 1406 4130 impii,
1445 4071 1574 4119 sicut
1609 4070 1801 4119 locutus
1833 4079 1911 4119 est
1930 4072 2166 4122 Dominus

570 4145 664 4194 per
688 4130 986 4195 Prophetam
1009 4130 1183 4195 dicens
1207 4144 1217 4179 :
1250 4131 1359 4194 Fili,
1385 4145 1451 4181 ne
1469 4134 1755 4195 jocundcris
1781 4135 1827 4182 iu
1855 4133 1965 4184 ﬁliis
1985 4135 2163 4195 impiis,

574 4196 615 4243 si
642 4193 1032 4256 multiplicemur
1062 4194 1177 4253 tibi,
1219 4208 1327 4244 cum
1346 4193 1641 4244 ’non'fuerit
1669 4199 1811 4245 timor
1834 4196 1930 4244 Dei
1963 4198 2013 4245 in
2046 4193 2167 4261 ipsis

2269 3573 2411 3623 Foss.

2338 3631 2359 3670 ἲ
2386 3634 2518 3684 Subv
2526 3636 2623 3683 ersi
2655 3636 2832 3684 Benev.

2337 3700 2363 3738 κ
2388 3697 2707 3747 Obtcudente
2734 3696 2860 3746 Bod.
2885 3697 2933 3745 5.

2334 3758 2364 3823 h
2388 3759 2628 3823 Fuerunt,
2653 3762 2737 3823 qui
2765 3774 2856 3808 nec
2878 3758 3023 3808 fidem
3052 3760 3183 3823 Lam.
3214 3757 3363 3823 Ebor.
3390 3756 3517 3808 Bod.
3539 3756 3581 3806 2.
3609 3758 3718 3807 ΝΟ.
3750 3761 3793 3809 t.

2341 3822 2357 3861 i
2390 3822 2555 3871 Testis
2581 3820 2688 3883 ejus
2714 3830 3023 3883 peceatorum
3054 3820 3179 3872 Bod.
3205 3821 3250 3869 ‘2.

2339 3888 2353 3937 t'
2388 3885 2471 3934 Ita
2493 3881 2646 3934 nostri
2667 3881 2780 3935 mss.
2808 3885 2870 3933 At
2895 3881 3033 3942 editi,
3056 3898 3151 3933 nec
3175 3896 3263 3932 nos
3285 3883 3472 3932 audent
3492 3883 3651 3933 adire.

2337 3949 2363 3987 κ
2392 3944 2525 4012 Ettiti
2560 3945 2829 3995 clauditur:
2855 3945 3213 4012 refragantibus
3240 3959 3381 4012 mss.
3406 3943 3596 4012 Deinde
3633 3945 3683 3997 in
3717 3958 3885 4012 recen-

2270 4007 2395 4061 tiore
2421 4009 2551 4062 (ἴσω.
2576 4023 2671 4059 ttec
2697 4006 2947 4073 episc0po,
2969 4006 3019 4060 in
3042 4007 3331 4072 quibusdam
3351 4006 3545 4074 Anglic.
3572 4023 3666 4059 nec
3692 4011 3883 4072 episco-

2304 4082 2433 4123 atus.

2272 4087 2706 4200 paiulflpiscOpatus
2736 4136 2909 4185 Heneti.
2946 4138 3086 4187 Voss.
3112 4135 3158 4184 ‘2.
3187 4134 3311 4185 Bod.
3338 4136 3385 4183 5.

1869 4301 2233 4360 VARIORUM
2271 4302 2497 4359 NOTAE.

650 4420 769 4494 Non
802 4422 1013 4489 possint.
1048 4416 1104 4473 In
1124 4433 1221 4473 sex
1254 4435 1383 4474 mss.
1411 4421 1622 4494 Anglic.
1654 4419 2178 4494 bieadjiciturnisi:
2209 4435 2257 4494 υ
2283 4420 2434 4494 libris
2461 4420 2759 4494 veteribus.
2798 4421 3063 4475 Prmterea
3090 4421 3350 4491 Rigaltius
3371 4420 3625 4494 :tdmonet
3650 4433 3707 4494 se
3734 4418 3887 4494 illam

575 4492 716 4562 quod
766 4495 912 4547 abest
942 4510 971 4546 a
1026 4495 1225 4546 nostris
1276 4507 1411 4549 mss.
1443 4492 1563 4547 Mox
1616 4491 1837 4546 totidem
1890 4492 2182 4559 praeferunt

577 4566 834 4635 fragmina
866 4579 966 4633 pro
988 4579 1122 4618 voce
1144 4566 1433 4635 putamina,
1467 4566 1621 4631 cujus
1650 4563 1769 4616 loco
1812 4577 1943 4635 mss.
1978 4563 2179 4617 Veron.

575 4634 683 4689 dtto
703 4636 857 4691 (:olb.
891 4651 1101 4690 necnon
1129 4634 1293 4691 Corb.
1332 4652 1359 4688 τι
1391 4634 1563 4706 prima
1602 4649 1762 4689 manu
1790 4634 2047 4691 exhibent
2080 4652 2181 4706 pu-

575 4708 815 4760 tramina.
856 4707 1161 4762 Consum.

647 4776 763 4831 XV.
784 4778 988 4832 -—N.isi
1016 4795 1130 4832 cum
1157 4778 1631 4834 scandaloNocem
1662 4778 1783 4842 nisi,
1812 4793 1929 4843 quat
1957 4775 2176 4833 videba-

576 4857 664 4903 tur
690 4849 882 4904 deesse
930 4851 979 4903 in
1017 4849 1117 4904 hoc
1145 4851 1280 4915 loco,
1316 4851 1658 4919 reposuimus
1687 4848 1855 4904 secuti
1884 4852 2174 4904 auctorita-

574 4930 680 4975 tem
709 4933 940 4991 quatuor
964 4931 1214 4977 Veterum
1243 4923 1659 4992 exemplarium.
1692 4921 1891 4976 BALUZ.

644 4994 966 5048 Putramina.
998 4994 1136 5049 infra
1169 4997 1219 5047 in
1250 4993 1388 5047 libro
1415 4991 1486 5048 de
1514 4992 1719 5062 Lapsis,
1769 5007 1889 5062 pag.
1923 4991 2048 5056 186,
2075 5010 2172 5061 pu-

565 5068 869 5119 traminitms
895 5066 1198 5136 amputatis.
1225 5065 1488 5131 Quicquid
1519 5066 1608 5119 alii
1634 5072 1891 5129 sentiant,
1912 5080 2013 5134 ego
2042 5076 2169 5133 ptth

563 5136 703 5191 hanc
728 5138 1011 5191 lectionem
1044 5152 1164 5192 esst-
1206 5137 1566 5198 retinendam,
1613 5151 1734 5190 cum
1783 5145 2084 5204 reperiatur
2115 5137 2165 5191 in

558 5207 613 5260 iu
639 5209 891 5263 nnunbus
918 5209 1155 5275 antiquis
1185 5209 1592 5277 exemplaribus
1619 5218 1669 5261 et
1702 5208 1752 5262 in
1786 5209 2020 5275 antiquis
2048 5207 2166 5262 edi-

560 5281 815 5353 tiouibus.
866 5278 923 5335 1n
972 5279 1160 5353 codice
1200 5281 1443 5337 Lautonii
1493 5280 1703 5353 legitur,
1743 5280 1820 5335 vel
1850 5283 2158 5350 fragmenta,

554 5350 981 5423 velisputamina.
1019 5350 1220 5407 BALUZ.

626 5422 949 5495 Cotligenda.
1016 5424 1422 5495 illustrissimus
1477 5426 1765 5494 episcopus
1835 5422 2159 5478 Oxoniensis

552 5497 774 5559 putabat
800 5497 963 5551 scribi
995 5494 1196 5551 debere
1232 5497 1549 5567 colliganda.
1582 5496 1781 5552 Verum
1812 5509 2005 5551 omnes
2034 5495 2156 5549 libri

556 5576 779 5639 veteres
799 5579 851 5639 et
875 5584 1067 5622 omnes
1085 5568 1355 5626 editiones
1384 5568 2048 5639 repugnant.lteinhartus
2073 5582 2159 5634 po-

554 5635 1149 5712 sui_t_collidenda,forte
1166 5654 1259 5706 per
1299 5635 1544 5712 errori-ni
1574 5638 1914 5712 typographi.
1950 5638 2154 5712 BALUz.

625 5705 740 5782 Non
780 5712 1030 5766 attendas.
1072 5705 1418 5772 Retinuimus
1464 5705 1989 5782 hanciperic’open,
2024 5711 2150 5778 quia

538 5767 684 5831 illam
722 5779 1017 5842 invenimus
1063 5782 1116 5835 in
1147 5767 1384 5864 antiquis
1410 5767 1740 5842 editiouilius
1790 5767 1929 5845 ρι’ἰῇ
1958 5767 2143 5836 decem

2290 4492 2561 4547 invenisse
2603 4493 2653 4546 in
2698 4507 2805 4547 uno
2854 4494 3146 4563 exemplari
3190 4493 3443 4548 editioais
3475 4492 3794 4545 Manutiaua:
3838 4493 3898 4547 in

2289 4580 2395 4634 quo
2421 4579 2484 4619 ea
2509 4564 2692 4618 addita
2722 4564 2894 4618 fuerat
2933 4580 2997 4618 ex
3020 4562 3264 4633 quodam
3317 4564 3457 4617 libro
3489 4564 3677 4617 veteri.
3711 4562 3774 4615 lit
3802 4572 3857 4615 ta
3880 4595 3896 4605 ο

2287 4652 2408 4690 men
2443 4652 2558 4690 eam
2585 4650 2688 4690 nun
2717 4637 2892 4700 posuit
2923 4637 2975 4689 iu
3006 4644 3289 4699 contextu,
3323 4635 3416 4689 sed
3446 4637 3586 4689 inter
3611 4634 3883 4688 observa-

2286 4708 2480 4762 tiones.
2512 4706 2788 4763 Manucius
2811 4723 2927 4763 eam
2959 4707 3241 4778 rejecerat,
3300 4707 3546 4761 lzutdatus
3602 4718 3904 4776 propterea

2282 4795 2309 4831 a
2383 4779 2643 4838 Pamelio.
2710 4789 2819 4833 tum
2877 4780 3022 4850 quia,
3055 4788 3111 4833 ut
3159 4778 3247 4834 ille
3303 4781 3398 4842 ait,
3448 4778 3789 4833 desideratur
3839 4779 3901 4832 in

2282 4852 2664 4919 manuscriptis
2691 4851 2961 4917 omnibus,
3008 4864 3119 4904 tum
3150 4850 3294 4921 quod
3342 4850 3473 4903 nihil
3505 4850 3609 4904 ltoc
3658 4851 3775 4903 loco
3822 4852 3904 4904 :ul

2280 4922 2585 4977 institutum
2617 4922 2795 4978 facere
2819 4923 3050 4978 videtur.
3081 4923 3339 4977 lllutasset
3368 4922 3504 4976 forte
3557 4923 3901 4975 sententiam

2275 5006 2427 5048 suam
2474 4993 2766 5054 Pamelius,
2813 4995 2856 5049 si
2889 4994 3138 5050 scivisset
3183 4995 3327 5049 illam
3353 5004 3568 5049 eitstare
3609 4993 3661 5045 in
3698 4990 3906 5047 decem

2273 5066 2509 5136 antiquis
2541 5064 2818 5121 codicibus
2872 5075 2925 5119 et
2971 5067 3022 5120 in
3077 5081 3143 5120 eo
3183 5081 3344 5136 quem
3404 5066 3534 5120 citat
3594 5063 3901 5133 Rigaltins.

2272 5134 2549 5191 Murellius
2577 5154 2682 5190 nou
2729 5138 2980 5206 probavit
3006 5137 3148 5207 quod
3179 5134 3377 5191 factum
3427 5138 3602 5207 fuerat
3627 5150 3657 5188 a
3695 5136 3904 5190 Manu-

2270 5206 2367 5263 tio.
2397 5209 2461 5263 Et
2486 5209 2630 5262 enim
2657 5210 2759 5263 hoc
2782 5206 3121 5271 segmentum
3154 5209 3377 5263 retinuit
3401 5209 3451 5262 in
3481 5206 3725 5262 editione
3760 5223 3899 5261 sua.

2268 5278 2425 5345 Auin
2469 5281 2793 5333 omiserunt.
2828 5280 3097 5334 Caeterum
3145 5280 3411 5334 silendum
3466 5294 3570 5333 nou
3618 5286 3703 5333 est
3752 5277 3903 5334 illud

2264 5350 2563 5406 desiderari
2606 5352 2657 5404 in
2693 5351 2957 5406 tredecim
2988 5351 3141 5406 libris
3168 5352 3463 5406 veteribus.
3496 5351 3695 5405 BALlIl.

2334 5422 2475 5477 XVI.
2518 5451 2587 5463 -—
2617 5420 2933 5495 Colligenda:
2961 5423 3314 5495 fraternitatis.
3359 5420 3575 5495 Codex_
3596 5420 3907 5477 Gratiano.

2262 5496 2534 5563 politauus
2589 5494 2819 5548 unitatis.
2854 5492 2972 5550 Sed
2992 5495 3094 5549 alia
3127 5494 3285 5549 lectio
3314 5494 3523 5550 melior.
3556 5492 3660 5548 Ista
3704 5503 3905 5551 tamen

2259 5583 2366 5621 non
2398 5575 2515 5621 erat
2544 5565 2884 5636 negligenda.
2918 5566 3119 5622 ΒΑιυΖ.

2329 5637 2434 5692 Per
2462 5634 2762 5708 prophetam
2808 5638 2861 5691 In
2892 5654 2998 5692 uno
3029 5638 3166 5692 libro
3199 5652 3320 5693 meo
3349 5648 3551 5697 vetere.
3582 5634 3909 5708 perﬂSalo-

2254 5706 2475 5763 manem.
2506 5711 2691 5766 Recte.
2716 5708 2847 5763 Nam
2883 5711 2979 5765 i5ta
3012 5718 3227 5779 sumpta
3258 5719 3381 5766 sunt
3411 5725 3473 5765 ex
3505 5709 3644 5764 libro
3690 5706 3909 5764 Eccle-

2251 5780 2474 5837 siastici.
2506 5783 2705 5839 BALUZ.
