4250 6224
358 220 467 277 825

1121 224 1453 283 EPISTULA
1495 225 1614 285 XII.
1647 228 1703 286 S.
1740 227 2063 288 CYPRIANI
2103 232 2196 289 AD
2232 232 2636 295 CORNELIUM
2675 240 2928 301 ΡΑΡΛΜ.

3547 251 3657 307 820
3676 258 3679 263 ’

353 356 459 397 non
474 341 636 413 pleno
653 341 854 413 judicio
870 343 1144 416 religionis
1158 348 1644 414 examino,delictis
1659 351 1946 423 plusquam
1976 358 2026 416 Α
2054 366 2309 422 na,quam
2325 355 2466 428 quod
2483 366 2507 404 ε
2522 356 2588 411 ad
2609 362 2995 431 protegendum
3010 365 3266 434 praevalet
3278 367 3457 424 divina
3479 370 3640 427 tutela
3652 406 3668 426 .

353 438 925 506 uportetremiuendis
975 455 1115 511 pene
1154 442 1268 512 ipse
1306 442 1559 514 delinquo
1602 463 1615 499 :
1663 446 1961 516 amplector

354 543 604 602 prompta
638 543 692 589 et
735 534 888 603 plena
923 535 1210 593 dilectione
1237 554 1360 594 cum
1412 542 1726 610 poenitentia
1780 557 1961 597 rever-

352 636 555 693 tentes,
579 636 850 697 peccatum
874 644 1029 685 suum
1058 632 1418 690 satisfacrione
1449 634 1634 690 humili
1656 644 1705 690 et
1733 635 1960 706 simplici

346 721 693 776 conﬁtentes.
762 756 765 759 ι

424 812 590 868 XVII.
619 813 675 870 Si
706 815 795 886 qui
825 825 1005 872 autem
1034 828 1184 887 Sunt,
1210 822 1300 891 qui
1330 828 1517 890 putant
1557 835 1616 877 se
1657 821 1724 877 ad
1775 822 1960 878 Eccle-

343 906 481 961 siam
543 923 650 961 non
694 910 963 979 precibus,
1023 914 1116 968 sed
1162 916 1318 970 minis
1363 918 1572 987 regredi
1617 931 1813 987 posse;
1869 926 1961 974 aut

344 1000 661 1055 existimant
683 1002 885 1057 aditum
914 1019 972 1060 se
1003 1005 1104 1060 sibi
1135 1020 1242 1060 non
1274 1007 1752 1064 lamentationibus
1782 1017 1837 1065 et
1874 1024 1961 1064 sa-

343 1092 758 1164 tisfactionibus,
793 1098 888 1153 sed
927 1100 1223 1156 terroribus
1275 1102 1455 1160 facere
1494 1120 1508 1158 :
1562 1119 1661 1174 pro
1687 1113 1836 1160 certo
1865 1104 1960 1159 ba-

346 1185 530 1253 beant,
555 1200 745 1244 contra
775 1191 909 1247 tales
930 1193 1135 1248 elusam
1175 1206 1322 1251 stare
1370 1195 1666 1252 Ecclesiam
1717 1198 1953 1264 Domini,

342 1297 444 1336 nec.
464 1293 641 1337 castra
667 1284 867 1340 Christi
920 1286 1113 1341 invicta
1138 1297 1192 1343 et
1220 1288 1398 1353 fortia,
1431 1299 1486 1344 et
1517 1290 1747 1344 Domino
1775 1299 1959 1346 tuente

343 1381 572 1443 munita,
605 1381 767 1437 minis
796 1382 1015 1439 cedere.
1050 1384 1318 1440 Sacerdos
1358 1385 1450 1441 Dei
1497 1386 1844 1457 Evangelinm
1881 1396 1959 1442 te-

344 1489 504 1541 nens,
524 1484 580 1529 et
600 1474 798 1530 Christi
817 1486 1084 1548 praecepta
1107 1478 1441 1542 custodiens,
1457 1479 1630 1534 occidi
1651 1490 1958 1550 potest,non

345 1579 521 1639 potest
552 1570 719 1626 vinci.
752 1571 1001 1641 Suggerit
1031 1581 1087 1628 et
1111 1574 1487 1629 subministrat
1511 1575 1665 1631 nobis
1705 1567 1956 1645 exempla

346 1666 561 1721 virtutis
578 1680 640 1721 ac
655 1665 777 1721 fidei
791 1666 1079 1722 Zacharias
1095 1676 1120 1705 ο
1137 1672 1363 1724 antistes
1382 1669 1473 1724 Dei
1485 1712 1498 1732 .
1520 1671 1609 1741 qui
1626 1686 1747 1725 cum
1765 1668 1957 1726 terreri

2134 447 2323 504 XVIII.
2359 450 2439 505 An
2463 450 2529 505 ad
2561 450 2683 516 hoc,
2729 453 2893 510 frater
2926 458 3287 529 charissime‘,
3346 463 3666 534 deponenda

2062 551 2143 594 est
2168 540 2446 597 catltolicm
2472 543 2727 600 Ecclesia:
2746 546 2998 617 dignitas,
3028 560 3083 606 et
3108 551 3279 621 plebis
3310 554 3452 609 intus
3475 557 3664 627 positae

2064 635 2237 691 ﬁdelis
2258 646 2417 708 atque
2450 640 2754 710 ineorrupta
2787 644 3061 714 majestas,
3087 655 3142 701 et
3163 649 3512 704 sacerdotalis
3534 665 3670 721 quo-

2063 744 2166 798 que
2194 731 2482 785 auctoritas
2508 747 2571 787 ac
2602 743 2857 803 potestas,
2886 746 2941 791 ut
2966 737 3212 808 judicare
3233 741 3372 798 velle
3402 757 3463 797 sc
3488 742 3674 801 dicant

2061 822 2128 878 de
2153 823 2408 879 Ecclesiae
2439 828 2724 895 prmposito
2769 839 2919 883 ex-tra
2966 831 3262 889 Ecclesium
3311 837 3586 893 constituti
3614 834 3667 906 ¹ι,

2061 918 2129 973 de
2177 918 2481 977 Christiano
2514 921 2776 988 ltzeretici,
2811 925 2879 981 de
2910 942 3043 983 sano
3095 929 3285 997 saucii,
3340 931 3407 987 de
3462 933 3673 1003 integro

2064 1015 2348 1083 vulnerati,
2398 1016 2468 1072 de
2508 1027 2684 1075 stante
2714 1019 2868 1090 lapsi,
2925 1021 2991 1075 de
3027 1022 3209 1089 judice
3234 1025 3334 1089 rei,
3384 1024 3452 1081 de
3494 1040 3675 1082 sacer-

2061 1108 2186 1163 dote
2214 1110 2500 1180 sacrilegi?
2526 1111 2664 1178 Quid
2696 1125 2965 1182 superest,
3001 1131 3159 1186 quatn
3193 1126 3252 1172 ut
3294 1117 3528 1173 Ecclesia
3570 1117 3674 1174 Ca-

2063 1200 2247 1270 pitolio
2277 1202 2433 1256 cedat
2482 1214 2533 1257 et
2588 1205 2965 1261 recedentibus
3009 1208 3403 1274 sacerdotibus,
3449 1224 3514 1265 ac
3564 1210 3671 1265 Do-

2064 1292 2192 1346 mini
2223 1294 2393 1349 altare
2436 1298 2846 1354 removentibus
2884 1299 2931 1367 ί,
2979 1302 3031 1355 in
3059 1303 3190 1358 cleri
3241 1305 3413 1359 nostri
3463 1319 3674 1361 sacrum

2062 1389 2530 1460 venerandtnnqne
2568 1408 2880 1448 consessum
2932 1396 3254 1453 simulacbra
3311 1407 3474 1470 atque
3526 1398 3667 1455 idola

2060 1492 2180 1532 cum
2219 1480 2328 1534 aris
2364 1482 2475 1536 suis
2534 1492 2828 1552 transeant,
2873 1496 2928 1541 et
2979 1486 3280 1545 Novatiano
3331 1489 3672 1547 declamandi

2060 1570 2348 1627 adversum
2403 1588 2501 1627 nos
2542 1585 2700 1646 atque
2744 1578 3055 1648 increpandi
3110 1581 3308 1650 largior
3357 1591 3411 1637 et
3456 1583 3670 1654 plenior

2062 1667 2284 1720 materia
2347 1680 2667 1738 prmstetur;
2730 1672 2774 1725 si
2836 1673 2870 1726 ii
2929 1674 3018 1744 qui
3093 1674 3552 1742 sacriﬁcaverunt,
3612 1686 3669 1733 et

344 1760 506 1815 minis
529 1769 584 1815 et
605 1760 933 1831 lapidatione
961 1761 989 1801 ι)
1020 1777 1125 1817 non
1152 1772 1359 1835 posset,
1392 1764 1445 1818 iu
1470 1765 1670 1836 templo
1722 1765 1814 1821 Dei
1861 1781 1956 1822 oc-
1987 1764 2036 1824 Β
2063 1756 2337 1813 Christum
2366 1762 2585 1831 publice
2616 1778 2971 1833 negaverunt,
3007 1782 3111 1820 non
3138 1777 3341 1823 tantum
3387 1770 3587 1840 rogari,
3618 1778 3673 1825 et

341 1856 494 1911 cisns
524 1867 638 1920 est;
681 1858 917 1913 clamans
937 1868 991 1913 et
1035 1858 1326 1915 identidem
1378 1859 1603 1927 dicens,
1654 1860 1798 1931 quod
1856 1877 1957 1919 nos

346 1965 568 2019 quoque
593 1960 774 2005 contra
808 1952 1094 2008 hmreticos
1123 1954 1423 2009 clamamus
1442 1964 1497 2009 et
1516 1954 1743 2009 dicimus
1777 1971 1791 2007 :
1828 1954 1956 2008 Ha'c

344 2043 470 2096 dicit
503 2042 750 2098 Dominus
782 2056 828 2111 ε,
861 2046 1202 2118 dereliqnistis
1230 2048 1337 2101 vias
1371 2048 1600 2115 Domini,
1628 2060 1672 2103 et
1700 2048 1952 2106 Dominus

303 2124 314 2137 ’
343 2137 754 2206 derelinquetvos
784 2136 810 2174 ά
842 2137 911 2211 (ll
941 2138 1125 2194 Paral.
1161 2140 1626 2213 satv,ﬂl).Neque
1644 2143 1807 2209 enim,
1832 2144 1955 2214 quia

345 2231 495 2300 pauci
519 2232 791 2286 temerarii
814 2242 868 2287 et
889 2234 1139 2301 improbi,
1162 2236 1416 2290 cmlestes
1440 2244 1462 2273 ο
1487 2245 1541 2290 et
1561 2237 1824 2292 salutares
1842 2236 1957 2293 vias

347 2322 562 2379 Domini
595 2324 1039 2397 derelinquunt‘,
1066 2337 1120 2384 et
1146 2338 1330 2385 sancta
1350 2346 1456 2385 non
1471 2339 1692 2401 agentes
1718 2346 1745 2384 a
1769 2340 1956 2388 sancto

340 2418 547 2488 Spiritu
597 2419 952 2490 deseruntur;
1006 2423 1129 2480 ideo
1187 2435 1238 2480 et
1280 2441 1379 2482 nos
1418 2425 1614 2483 divinae
1646 2427 1955 2482 traditionis

341 2512 688 2571 immemores
719 2532 841 2572 esse
868 2519 1148 2585 debemus,
1179 2530 1230 2575 ut
1261 2521 1463 2591 majora
1509 2538 1629 2578 esse
1657 2522 1950 2578 furentium

342 2607 568 2672 scelera,
588 2625 749 2678 quam
770 2612 1111 2669 sacerdotum
1138 2615 1333 2685 judicia
1352 2630 1692 2681 censeamus;
1714 2626 1805 2673 aut
1836 2618 1955 2687 plus

339 2699 788 2759 existimemusad
819 2705 1237 2777 impugnandum
1268 2723 1427 2779 posse
1457 2708 1687 2765 humana
1718 2710 1957 2765 conami-

2060 1851 2179 1906 sine
2205 1861 2321 1906 acta
2354 1855 2669 1922 paenitentia
2702 1855 2937 1922 admitti,
2980 1857 3073 1912 sed
3104 1858 3278 1914 adhuc
3304 1860 3524 1931 insuper
3558 1876 3671 1917 cm-

2061 1948 2237 2016 perint
2260 1949 2480 2003 terroris
2501 1950 2581 2003 Sui
2608 1959 2870 2020 potesratc
2895 1951 3204 2008 dominari?

2131 2040 2276 2095 XIX.
2302 2040 2359 2097 Si
2391 2057 2576 2111 pacem
2622 2044 2916 2113 postulant,
2946 2061 3095 2100 arma
3138 2046 3451 2116 deponant:
3495 2048 3540 2103 si
3584 2063 3668 2105 sa-

2063 2138 2351 2201 tisfaciunt,
2411 2138 2538 2208 quid
2613 2139 2921 2194 minantur?
2972 2140 3078 2196 Aut
3136 2142 3179 2196 si
3249 2143 3664 2209 comminantur,

2061 2234 2234 2289 sciant
2283 2234 2406 2304 quia
2437 2250 2465 2286 a
2507 2234 2876 2291 sacerdotibus
2911 2236 3001 2291 Dei
3028 2251 3132 2292 non
3175 2236 3451 2293 timentur.
3478 2232 3669 2309 Neque

2061 2327 2203 2381 enim
2233 2335 2289 2381 et
2335 2325 2698 2381 Antichristus
2727 2342 2849 2381 cum
2896 2328 3082 2384 venire
3125 2331 3372 2399 cmperit,
3426 2330 3671 2387 introibit

2062 2421 2114 2475 in
2141 2420 2605 2492 Ecclesiam,qnia
2638 2422 2909 2486 minatur;
2949 2434 3039 2477 ant
3088 2425 3255 2478 armis
3301 2425 3418 2495 ejus
3460 2435 3512 2481 et
3553 2425 3669 2481 vio-

2064 2514 2243 2569 lentiae
2296 2513 2523 2581 ceditur,
2591 2513 2713 2584 quia
2776 2515 3086 2570 resistentes
3136 2525 3537 2587 perempturum
3607 2531 3669 2574 se

2062 2623 2184 2665 esse
2213 2607 2508 2678 proﬁtetur.
2553 2610 2777 2662 Armant
2815 2623 2912 2662 nos
2942 2607 3203 2674 lucretici,
3256 2611 3382 2664 dum
3424 2626 3522 2666 nos
3568 2627 3667 2682 pu-

2063 2714 2175 2761 tant
2204 2720 2296 2760 sua
2326 2701 2743 2758 comminatione
2767 2702 2955 2757 terreri
2988 2719 3001 2755 :
3030 2718 3130 2758 nec
3159 2703 3208 2757 in
3236 2701 3248 2754 i
3280 2718 3410 2774 pace
3444 2718 3542 2759 nos
3570 2702 3666 2760 de-

1565 2825 1952 2883 LECTIONES
2010 2818 2425 2881 VARIANTES.

407 2956 434 2986 δ
457 2956 662 3009 Virtutis
693 2961 819 3011 acris
841 2960 1099 3011 Zacharias
1122 2964 1244 3015 Bod.
1267 2967 1317 3014 5.

402 3015 432 3093 ξι
454 3019 1004 3093 Eariilatjonih‘nsjarm.
1030 3026 1138 3093 NQ,
1164 3028 1211 3078 1.
1236 3027 1358 3093 Boil.
1388 3027 1434 3093 ‘3,
1463 3030 1511 3093 5.
1540 3028 1683 3080 Ebor.

353 3111 374 3127 .
402 3086 425 3155 εξ
453 3084 542 3155 sic
556 3084 682 3155 Ded.
711 3084 891 3155 1,3,3.
912 3087 1050 3155 _L_am.
1081 3087 1225 3155 Elter.
1254 3090 1363 3140 NC.
1391 3084 1507 3149 1,2.
1532 3093 1656 3141 dixit
1696 3091 1854 3155 Impr.

401 3145 429 3215 «ξ
453 3145 552 3215 gic
564 3148 699 3197 Lam.
726 3148 873 3215 iiber.
904 3148 1007 3201 Lin.
1036 3152 1287 3215 relinquet
1313 3145 1471 3207 Oxon.

406 3212 429 3241 ε
453 3208 698 3259 (‘mlestes
720 3211 978 3263 thesauros
1004 3216 1136 3265 Lam.
1166 3208 1309 3267 Ebor.
1337 3216 1463 3268 Bod.
1488 3218 1537 3266 ‘2.
1564 3220 1610 3269 Ν
1619 3219 1673 3269 C.
1702 3218 1749 3267 1.

405 3270 426 3308 τ
454 3271 848 3334 Dercliquerunt
872 3275 993 3326 Red.
1014 3278 1063 3327 ὅ.

399 3336 429 3437 ξ
451 3336 1482 3465 ‘62’2‘pigioiﬁ‘i'éef’ﬁl‘c‘ilidﬁlii.
1502 3342 1940 3457 ἓὲῗὲἶὶἓὲῗὲὖὲἷτὸῑ

2040 2966 2083 3012 ct
2128 2962 2247 3010 Ver.
2272 2984 2334 2993 ——
2357 2956 2616 3008 Constituti
2640 2955 2878 3006 haeretici.
2913 2959 3052 3009 Voss.
3081 2956 3129 3007 Ξ.

2112 3023 2127 3062 i
2162 3022 2237 3071 De
2259 3019 2397 3069 altari
2416 3018 2608 3069 Domini
2632 3015 2754 3069 Fab.

2117 3086 2130 3137 i
2173 3084 2227 3134 In
2254 3083 2428 3132 facient
2454 3096 2542 3131 nos
2574 3079 2701 3132 Etlit.
2743 3083 2901 3133 Oxon.
2934 3094 2998 3132 ex
3040 3082 3185 3133 codd.
3238 3085 3377 3133 Voss.
3422 3082 3471 3132 2.
3523 3083 3654 3134 Laut.

2050 3149 2191 3199 Ebor.
2224 3145 2348 3198 Bod.
2380 3148 2423 3199 1,
2451 3145 2496 3193 Et.
2528 3142 2631 3196 Lin.
2661 3146 2767 3195 ΝΟ.
2815 3148 2857 3201 1.
2886 3146 2935 3195 2.
2968 3144 3092 3195 Tim.
3140 3142 3256 3196 Mitt.
3307 3144 3436 3197 Vict.
3482 3148 3656 3197 Vetus-

2047 3210 2142 3280 tior
2173 3224 2261 3262 ms.
2290 3206 2422 3280 σοιιξ.
2448 3204 2696 3280 ριιηιμιὶἱε
2742 3222 2773 3257 a
2818 3206 3042 3280 Pamelio
3072 3206 3359 3280 appellatis,
3413 3210 3469 3280 in_
3507 3207 3654 3258 facio.

2051 3273 2285 3338 Subnexa
2300 3269 2539 3338 postulant
2567 3272 2617 3321 in
2655 3284 2777 3334 pace
2800 3286 2811 3320 :
2838 3271 2966 3336 quod
2988 3276 3033 3322 et
3054 3269 3221 3323 ca’tcri
3266 3284 3292 3322 ε
3316 3269 3494 3323 nostris
3533 3285 3646 3323 mss.

2050 3335 2295 3392 exhibent.

1621 3512 1981 3573 VARIORUM
2026 3510 2259 3568 ΝΟΤᾹΞ.

412 3641 539 3718 Citm
564 3660 679 3700 vera
708 3647 885 3718 pmnit.
916 3647 1096 3703 Codex
1132 3649 1411 3713 Fuxeusis,
1445 3651 1657 3704 necdum
1679 3666 1846 3705 verum
1867 3650 1936 3704 ad

341 3716 717 3781 paenitentiam.
728 3718 926 3774 Bawz.

416 3784 647 3841 XVII.—
670 3789 848 3844 Occidi
877 3801 1057 3856 potest.
1092 3791 1252 3858 Infra,
1285 3793 1436 3863 epist.
1479 3809 1586 3854 LVI,
1619 3809 1671 3861 p.
1700 3792 1796 3848 91:
1821 3791 1933 3847 Nec

333 3873 603 3936 vereamur
628 3863 808 3936 occidi,
837 3879 961 3932 quos
988 3874 1186 3917 constat
1220 3866 1426 3936 quando
1473 3866 1751 3919 occidimur
1776 3881 1925 3917 coro.

334 3931 485 4004 nari;
515 3939 568 3985 et
595 3933 818 3998 epistola
851 3931 974 3998 Lvn,
1001 3931 1244 4004 pag.95§
1282 3936 1540 3990 Intellcxit
1567 3938 1749 3990 milites
1780 3937 1930 3989 Clui-

334 4002 401 4079 s_t_i
425 4003 555 4079 uinci
576 4020 676 4079 non
704 4022 868 4079 posse,
902 4002 1031 4059 inuri
1060 4012 1226 4075 posse.
1279 4009 1637 4079 "it‘l‘OltylllllS
1687 4008 1932 4079 inimice

332 4072 453 4127 libri
503 4074 567 4127 de
609 4073 721 4127 Vita
762 4075 952 4131 Male/ti
985 4072 1231 4133 monachi
1265 4080 1337 4134 ait
1372 4097 1383 4130 :
1421 4072 1694 4133 Hominem
1732 4078 1933 4134 Christo

334 4144 558 4221 deditum
588 4161 735 4215 posse
762 4152 909 4221 mori,
946 4167 1044 4203 non
1076 4166 1222 4221 posse
1272 4153 1524 4218 superari.
1569 4152 1932 4205 'l‘ertullianus

333 4216 385 4268 in
411 4216 764 4287 Apologetico
795 4238 807 4273 :
844 4216 1103 4276 Vincimus
1128 4240 1243 4276 cum
1272 4216 1571 4276 occidimur.
1610 4222 1934 4278 Prudentius

334 4287 386 4341 in
411 4294 652 4344 carmine
682 4291 749 4346 de
776 4291 1019 4347 Romano
1042 4303 1278 4381 martyr;
1318 4315 1329 4347 :

484 4405 537 4455 Si
565 4418 650 4455 vos
674 4407 859 4463 sinatis,
889 4410 1152 4459 incruente
1179 4410 1402 4458 vivimus.

479 4474 547 4521 At
569 4472 610 4519 si
636 4479 847 4520 cruente
868 4472 1142 4534 puniantur,
1174 4473 1431 4522 vincimus.

324 4579 589 4647 Snlpilius
644 4579 879 4632 Severus
929 4578 980 4629 in
1029 4577 1254 4644 epistola
1304 4578 1372 4632 ad
1427 4577 1700 4633 Eusebium
1743 4579 1931 4635 scribit

317 4652 520 4721 justas,
549 4648 615 4707 ,id
667 4658 752 4721 est
807 4658 1092 4721 martyres,
1135 4651 1312 4703 omnia
1362 4658 1626 4704 tormenta
1665 4652 1930 4719 patientes

322 4719 547 4791 Semper
577 4720 804 4793 invictus
824 4763 837 4785 ,
870 4719 1019 4793 tanto
1049 4719 1240 4793 fortius
1267 4721 1460 4776 vicisse
1490 4733 1691 4791 quanto
1717 4724 1930 4793 gravius

320 4794 694 4863 pertulissent.
756 4791 898 4846 Idem
958 4791 1046 4844 lib.
1082 4806 1115 4844 ll
1160 4791 1409 4846 Historia:
1452 4793 1633 4848 Sacra}
1678 4812 1690 4844 :
1726 4791 1932 4863 ‘Neqne

318 4868 524 4937 majore
564 4879 806 4937 umquam
844 4863 1102 4937 triumpho
1143 4865 1353 4918 vicimus
1391 4882 1545 4934 quant
1596 4882 1712 4918 cum
1761 4866 1932 4937 decem

316 4934 579 4990 annorum
607 4934 861 5004 stragibus
904 4935 1038 5007 ringi
1075 4951 1176 4989 non
1210 4938 1488 5007 potuimus.
1528 4938 1841 5007 Agobardus
1874 4936 1925 4990 in

319 5009 468 5063 libro
493 5007 757 5063 adieretis
784 5007 955 5073 legem
980 5004 1320 5070 Gnmlobadi,
1342 5024 1461 5076 cap.
1488 5009 1521 5064 9
1547 5004 1796 5074 :Quando
1817 5018 1927 5063 erat

317 5081 530 5150 publica
550 5078 802 5150 contentio
829 5077 892 5129 de
911 5080 1115 5131 veritate
1137 5079 1415 5148 religionis,
1439 5097 1552 5133 cum
1578 5080 1670 5133 alii
1693 5089 1926 5147 putarent

319 5148 590 5204 colendam
638 5166 730 5219 pro
781 5148 885 5201 Deo
934 5158 1219 5203 creaturam
1250 5151 1545 5220 quamlibet,
1580 5153 1670 5205 alii
1700 5152 1925 5206 dicerent

320 5226 491 5275 solum
524 5221 810 5274 Creatorem
862 5221 1150 5282 culcnduut,
1193 5222 1273 5275 illi
1326 5228 1530 5289 [uerunt
1580 5225 1790 5277 victores
1839 5224 1927 5293 qui

323 5295 483 5365 occisi
530 5303 665 5355 stmt,
700 5307 799 5345 non
844 5293 933 5365 qui
980 5292 1292 5365 occiderunt.
1331 5293 1533 5365 Seneca
1584 5311 1701 5365 cap.
1732 5296 1824 5359 ‘27,
1852 5292 1925 5348 de

329 5363 455 5416 Vita
486 5365 640 5436 licata
671 5382 682 5421 :
720 5363 939 5429 Assilitc,
976 5364 1127 5429 facile
1147 5365 1404 5436 impetum.
1436 5363 1667 5420 Ferentio
1700 5382 1785 5419 vos
1812 5368 1924 5419 vin-

335 5450 465 5508 cant.
522 5434 663 5490 Idem
706 5436 756 5487 iu
806 5435 1178 5508 consolatimrc
1220 5434 1287 5489 ad
1325 5437 1601 5508 l’olybitun
1638 5457 1648 5490 :
1679 5437 1931 5506 lntelligit

345 5506 455 5557 tanti
484 5523 557 5559 me
586 5522 733 5576 posse
754 5546 766 5567 ,
802 5506 933 5559 vinci
961 5523 1063 5561 non
1112 5523 1276 5575 posse.
1313 5506 1445 5563 Vide
1472 5509 1606 5563 infra
1643 5526 1759 5576 pag.
1795 5508 1923 5563 465.

1618 5581 1816 5635 ΒΑιυκ.

420 5645 715 5722 Idemidem.
747 5646 803 5701 lu
829 5648 1015 5704 codice
1056 5651 1224 5704 sancti
1254 5650 1530 5706 Michaelis
1557 5654 1815 5722 soriptnut
1839 5662 1926 5708 est

351 5717 636 5788 antiquitus
662 5734 742 5784 sui
764 5733 819 5772 ra
848 5721 1067 5788 lineam,
1092 5722 1146 5775 id
1168 5733 1239 5776 est
1262 5723 1515 5778 similiter.
1545 5717 1817 5780 Lubenter
1846 5724 1924 5778 iu-

354 5787 553 5840 tordum
580 5797 780 5842 annoto
808 5789 903 5845 ista
936 5787 1182 5861 levieula,
1212 5796 1334 5864 quia
1365 5810 1428 5850 ex
1467 5796 1532 5849 iis
1589 5807 1679 5851 aut
1734 5795 1924 5851 simili-

2038 3647 2138 3702 bus
2167 3645 2402 3700 fontibus
2429 3645 2532 3699 orti
2563 3655 2688 3701 sunt
2714 3645 2954 3717 plerique
2984 3660 3199 3702 errores
3226 3647 3314 3717 qui
3343 3656 3558 3703 exstant
3583 3649 3634 3703 in

2039 3718 2318 3772 codicibus
2344 3734 2565 3783 operum
2595 3719 2763 3772 sancti
2793 3717 3044 3789 Cypriani
3072 3729 3122 3773 et
3146 3720 3373 3773 aliorum
3399 3729 3643 3775 veterum

2040 3791 2385 3854 scriptorum.
2429 3789 2627 3843 B.\Lt:z.

2112 3860 2294 3915 XVIII.
2326 3890 2395 3900 -—
2420 3861 2707 3913 Auctoritas
2740 3875 2800 3912 ac
2832 3870 3073 3927 potestas.
3104 3860 3221 3915 Duo
3251 3868 3520 3928 postrema
3551 3878 3646 3917 vo-

2037 3932 2224 3985 calmla
2283 3932 2474 4004 desunt
2516 3934 2566 3984 in
2614 3947 2721 3983 uno
2747 3932 2933 3984 codice
2979 3932 3146 4001 regio.
3177 3931 3441 3986 Fortassis
3489 3935 3648 4004 igitur

2041 4002 2180 4057 istud
2225 4002 2568 4057 referendum
2620 4012 2703 4055 est
2753 4003 2889 4055 intr-r
2916 4018 3214 4073 synonyma
3244 4005 3439 4073 quibus
3468 4002 3642 4059 abun-

2040 4075 2169 4128 dant
2196 4089 2264 4140 op
2286 4089 2356 4126 'ra
2398 4074 2564 4127 sancti
2595 4072 2863 4143 Martyris.
2901 4073 3097 4128 Bawz.

2114 4145 2190 4198 De
2229 4145 2542 4198 Christiano.
2579 4142 2757 4199 Codex
2801 4142 3148 4209 Veronensis,
3188 4145 3251 4197 tle
3280 4146 3542 4214 episcopo.
3570 4145 3643 4201 ita

2039 4219 2199 4271 etiam
2236 4214 2652 4271 Fuxensis.Voa:
2678 4216 2955 4269 christiana
2985 4234 3087 4270 non
3124 4216 3349 4270 habetur
3381 4218 3431 4270 in
3455 4215 3643 4272 codice

2043 4292 2188 4348 regio
2219 4303 2393 4351 neque
2426 4289 2476 4342 in
2507 4287 2753 4342 Thuano.
2792 4288 2845 4341 lu
2889 4287 3390 4357 Gratianopolitauo
3421 4297 3505 4343 est
3548 4305 3636 4343 ca-

2041 4362 2250 4415 tholico.
2284 4360 2479 4414 Bswz.
2650 4398 2655 4401 .

2116 4431 2351 4487 Ecclesia
2380 4433 2623 4503 capitolia
2645 4431 2813 4503 cedat.
2835 4430 3195 4503 llieronymus
3223 4430 3272 4484 in
3302 4430 3517 4501 dialogo
3543 4431 3641 4486 ad-

1959 4480 2013 4539 Ῐ)
2042 4480 2239 4558 versus
2262 4480 2629 4559 Lucifeiianos
2656 4502 2791 4557 dixit
2821 4480 3149 4575 :Homojiam
3176 4502 3383 4557 edoctus
3406 4480 3478 4557 ina
3494 4505 3641 4574 capi-

2035 4576 2179 4630 tolia.
2207 4576 2401 4630 Bawz.

2106 4647 2433 4717 Congestum.
2455 4648 2564 4716 Ego
2586 4661 2690 4702 non
2713 4646 2902 4702 dubito
2920 4647 3044 4717 quin
3073 4646 3231 4701 lectio
3254 4648 3487 4718 vulgata,
3516 4662 3642 4718 qure

2039 4718 2199 4773 liabet
2226 4735 2537 4784 consessum,
2589 4720 2758 4773 mttlto
2801 4719 2993 4774 melior
3022 4719 3264 4773 videatur
3313 4735 3473 4789 quam
3510 4720 3636 4774 ista.

2039 4789 2237 4845 Vertnn
2272 4806 2394 4843 eum
2427 4793 2661 4861 antiqua:
2710 4791 2978 4846 editiones
3025 4800 3079 4844 et
3126 4791 3427 4845 octodecim
3454 4800 3638 4846 vetera

2038 4862 2370 4931 exetnplaria
2420 4863 2652 4918 habeant
2699 4874 2961 4925 nostram,
3022 4876 3126 4915 non
3181 4864 3384 4931 alisque
3430 4864 3639 4917 ratione

2038 4948 2154 4987 eam
2186 4933 2434 5003 praefero.
2462 4934 2640 4989 Facile
2659 4943 2838 4988 autem
2864 4935 2975 4989 ﬁeri
3006 4934 3175 5002 potuit
3204 4944 3259 4987 ut
3280 4952 3339 4988 ea
3370 4950 3493 4995 vox.
3519 4952 3640 5004 qmc

2032 5005 2189 5059 aliam
2244 5006 2690 5075 signiﬁcationem
2751 5005 2912 5060 habet
2959 5007 3007 5059 in
3054 5021 3182 5074 pttra
3228 5006 3510 5065 latinitate,
3541 5005 3636 5060 de-

2034 5075 2243 5131 ﬂexerit
2284 5079 2422 5147 apud
2460 5076 2634 5141 Afros,
2672 5087 2723 5130 ut
2763 5079 2927 5131 inulta
2973 5078 3073 5130 alia
3105 5076 3386 5131 voeabula.
3421 5077 3631 5131 Primus

2036 5149 2290 5203 Et-asmus
2321 5149 2498 5219 posuit
2527 5165 2840 5215 concessum,
2872 5150 3119 5204 fortassis
3171 5164 3239 5203 ex
3298 5148 3634 5274 canectura.

2954 5245 2959 5248 ι
3366 5236 3525 5274 Αιυῑ.

2954 5245 2959 5248 ’
3320 5236 3525 5275 ϋᾹιυΖ.

2104 5289 2668 5347 ΧΙΧ.-Αιιιῑεήνίειιιε
2700 5291 2943 5347 minatur.
2961 5292 3107 5346 Multi
3134 5291 3297 5347 multa
3318 5301 3373 5346 et
3397 5293 3545 5346 varia
3570 5291 3639 5346 de

2039 5364 2369 5418 Antichristi)
2392 5363 2660 5418 dixerunt.
2680 5363 2833 5433 Szt'pe
2860 5365 3122 5419 creditum
3158 5374 3240 5416 est
3270 5365 3420 5418 illum
3439 5363 3641 5417 adven-

2037 5444 2170 5500 tare,
2198 5436 2362 5488 immo
2395 5446 2574 5488 natum
2605 5452 2746 5490 esSe.
2768 5436 2964 5500 Fuere,
2987 5440 3059 5490 uti
3087 5437 3320 5490 diximus
3348 5436 3412 5489 ad
3438 5436 3637 5489 librum

2030 5505 2295 5560 Laelantii
2325 5507 2387 5560 de
2418 5506 2666 5561 .ilortibus
2692 5520 3089 5577 persccutorum,
3116 5509 3202 5575 qui
3221 5508 3515 5562 crederent.
3534 5506 3639 5560 Ne-

2035 5594 2221 5632 ronem
2266 5597 2368 5631 non
2398 5594 2518 5633 esse
2544 5594 2836 5644 mortuum,
2865 5582 2959 5634 sed
2989 5579 3164 5632 adhuc
3191 5580 3398 5640 vivere,
3429 5585 3484 5629 et
3509 5592 3641 5631 vcn-

2031 5659 2209 5703 turum
2240 5660 2363 5704 ante
2390 5653 2570 5705 szeculi
2606 5653 2784 5715 linem,
2809 5651 3051 5714 etipsutn
3080 5649 3192 5703 fore
3220 5648 3639 5704 Antichristum.

2036 5720 2166 5776 Vide
2194 5720 2535 5776 Ctttecltesim
2556 5725 2625 5778 15
2644 5724 2828 5791 Cyrilli
2869 5723 3383 5792 lliertiSonuiitani.
3404 5717 3610 5792 851.07..

2101 5793 2516 5865 Perempturnm.
2538 5797 2651 5851 Duo
2676 5786 2798 5850 libri
2826 5803 3058 5861 veteres,
3077 5786 3653 5862 perditttrutuﬁawz.
