4250 6224
612 204 720 271 827

1621 217 2052 278 ROMANORUM
2095 218 2341 279 PONTIF
2346 218 2508 277 [CUM
2544 215 2924 279 EPISTULA}.

3827 221 3931 279 828

611 332 824 410 iiciunt,
852 335 946 392 sed
998 336 1166 409 magis
1188 337 1401 410 erigunt
1429 347 1483 400 et
1520 339 1840 407 accendunt,
1889 339 2017 396 dum
2047 341 2216 410 ipsam
2248 343 2297 407 Α
2400 337 2932 410 XX.thuamqttam
2950 336 3321 404 sciam,frater
3337 336 3681 400 charissime.
3703 352 3801 407 pro
3818 354 3935 395 tnu-

615 444 803 504 pacem
858 433 1235 505 persecutione
1281 433 1518 505 pejorem
1582 433 1838 491 fratribus
1893 434 2114 492 faciunt.
2156 436 2225 491 Et

617 538 867 600 optamus
914 528 1151 600 quidem,
1198 544 1265 586 ne
1310 529 1448 599 quod
1505 529 1799 601 loquuntur
1862 529 2061 596 furore,
2125 531 2223 585 im-

618 623 802 695 pleant
821 622 1079 683 crimine;
1109 637 1207 679 nec
1232 623 1321 692 qui
1345 622 1523 678 verbis
1555 623 1774 692 perfidis
1794 632 1817 660 α
1847 632 1898 677 et
1919 622 2223 678 crudelibus

618 725 864 789 peccant,
916 714 1067 769 factis
1097 730 1307 785 quoque
1335 715 1663 782 delinquant.
1728 715 1958 771 Oramus
2020 731 2081 769 ac
2126 714 2223 770 de»

619 822 903 881 precamur
936 808 1302 879 Deum,qnem
1359 823 1651 879 provocare
1683 807 1756 863 illi
1808 817 1863 865 et
1896 808 2225 865 (exacerbare

619 917 729 960 non
758 900 1033 967 desinunt,
1059 912 1114 955 nt
1160 916 1346 957 eorum
1398 902 1559 958 corda
1592 902 1893 966 mitescant,
1924 911 1999 967 ut,
2044 902 2223 959 lurore

619 995 888 1065 deposito,
912 995 977 1049 ad
1007 994 1290 1050 sanitatem
1323 995 1518 1049 mentis
1548 992 1575 1032 ι)
1604 994 1845 1057 redeant,
1893 1004 1950 1049 ut
2009 1002 2224 1065 pectora

621 1099 808 1159 Operta
846 1098 868 1126 ο
898 1087 1220 1144 delictorqu
1243 1086 1479 1142 tenebris
1506 1086 2031 1157 pmttitentiaelumen
2060 1102 2225 1157 agno-

621 1191 807 1247 scnnt;
853 1188 906 1235 ct
938 1182 1105 1250 magis
1147 1188 1327 1251 putant
1377 1179 1522 1235 fundi
1564 1196 1662 1251 pro
1716 1196 1775 1235 se
1830 1196 2016 1249 prcces
2065 1191 2226 1251 atque

622 1274 894 1332 orationes
936 1274 1191 1333 antistitis
1220 1316 1234 1341 ,
1278 1289 1437 1345 quam
1492 1274 1592 1345 ipsi
1635 1272 1859 1329 fundant
1913 1275 2224 1344 sanguinem

623 1369 941 1426 sacerdotis.
995 1368 1051 1425 Si
1099 1378 1277 1423 autem
1335 1368 1386 1423 in
1428 1384 1528 1423 suo
1575 1366 1757 1424 lurore
1807 1370 2222 1439 permanserint,

622 1472 783 1533 atque
836 1462 887 1519 in
940 1462 1055 1517 istis
1104 1461 1311 1517 insidiis
1338 1476 1402 1517 ac
1453 1460 1612 1517 minis
1659 1463 1769 1517 suis
1824 1461 2228 1532 parricidalibus

624 1557 917 1616 crudeliter
973 1558 1454 1628 perseveraverint,
1489 1557 1667 1613 nullus
1715 1558 1805 1612 Dei
1855 1557 2110 1613 sacerdos
2150 1560 2230 1613 sic

625 1648 870 1708 infirmus
889 1659 994 1718 est,
1023 1652 1099 1707 sic
1141 1651 1329 1721 jacens
1357 1658 1411 1706 et
1449 1650 1713 1720 abiectus,
1746 1651 1826 1707 sic
1862 1650 2228 1707 imbecillitate

2331 439 2419 485 tua
2442 429 2730 487 dilectione
2756 446 2914 501 quam
2937 430 3196 486 debemus
3212 440 3258 488 8.
3275 440 3331 487 et
3356 430 3675 487 exhibemus
3697 432 3927 489 invicem

2330 524 2511 589 nobis,
2542 522 2927 580 florentissimo
2956 525 3068 581 illic
3120 521 3317 580 cleroh
3353 534 3527 581 tecum
3572 526 3881 596 praesidenti
3914 570 3929 596 ,

2329 628 2382 676 et
2420 620 2774 675 sanctissima:
2841 628 3002 690 atque
3050 619 3398 689 amplissima:
3451 622 3591 691 plebi
3648 623 3830 694 legere
3877 634 3930 680 te

2329 732 2545 787 semper
2574 718 2782 771 litteras
2818 726 3032 772 nostras
3059 758 3073 782 ,
3110 728 3289 772 tamen
3319 732 3461 771 nunc
3487 726 3539 772 et
3586 718 3854 775 admoneo
3882 728 3937 775 et

2330 821 2475 881 peto.
2514 820 2572 865 ut
2610 810 2753 882 quod
2803 812 2936 866 alias
2982 819 3175 880 sponte
3227 819 3389 881 atque
3440 808 3739 868 honorifice
3781 812 3932 881 facis,

2329 907 2492 962 etiam
2521 916 2739 975 petente
2769 922 2854 961 me
2887 905 3074 973 facias,
3098 914 3155 960 ut
3198 904 3299 961 hac
3342 904 3572 974 epistola
3623 921 3742 961 mea
3776 907 3933 971 lecta,

2329 998 2376 1055 si
2407 999 2548 1070 quod
2579 998 2688 1055 illic
2717 998 3024 1070 contagium
3082 998 3331 1054 venenati
3379 1000 3646 1054 sermonis
3675 1008 3728 1055 et
3769 1000 3942 1068 pesti-

2330 1093 2463 1150 fera:
2505 1094 2882 1151 seminationis
2916 1094 3229 1164 irrepserat,
3265 1092 3315 1146 id
3373 1106 3534 1147 omne
3586 1091 3652 1146 de
3701 1090 3940 1149 fratrum

2328 1187 2549 1245 auribus
2580 1196 2635 1241 et
2681 1185 2987 1256 pectoribus
3044 1196 3290 1252 eruatur,
3324 1194 3378 1240 et
3424 1186 3686 1241 bonormn
3720 1186 3937 1256 integra

2331 1294 2395 1334 ac
2419 1278 2628 1335 sincera
2650 1278 2871 1333 dilectio
2892 1275 2906 1314 ί
2934 1277 3006 1333 ah
3024 1278 3277 1333 omnibus
3302 1278 3571 1335 haeretica:
3588 1277 3942 1334 detractionis

2332 1371 2587 1427 sordibus
2618 1381 2965 1441 repnrgetur.

2407 1463 2548 1521 XXI.
2598 1464 2882 1521 Decliuent
2926 1473 3107 1519 autem
3153 1462 3221 1517 de
3260 1473 3458 1519 caetero
3488 1461 3721 1530 fortiter,
3749 1473 3801 1517 et
3827 1465 3941 1519 cvi.

2337 1568 2453 1616 tent
2479 1559 2819 1616 dilectissimi
2850 1558 3045 1615 fratres
3074 1558 3243 1613 nostri
3276 1557 3441 1617 verba
3470 1568 3525 1613 et
3550 1558 3820 1627 cnlloquia
3843 1573 3942 1613 eo-

2335 1668 2479 1715 rum,
2511 1666 2740 1722 quorum
2785 1665 2967 1707 sermo
2992 1658 3051 1707 ut
3078 1664 3273 1706 cancer
3296 1647 3497 1718 serpit:
3530 1649 3672 1704 sicut
3707 1650 3946 1718 Aposto-

628 1744 875 1807 ltumana:
941 1744 1327 1800 mediocritatis
1371 1743 1656 1807 invalidus,
1705 1746 1794 1815 qui
1860 1760 1964 1800 non
2043 1755 2230 1800 contra
2264 1752 2312 1812 Β
2341 1743 2426 1799 lus
2476 1742 2653 1799 dicit:
2697 1741 3042 1813 Corrumpunt
3087 1740 3293 1812 ingenia
3332 1739 3466 1799 bona
3506 1741 3947 1813 confabulationes

628 1838 812 1893 hostes
837 1848 891 1895 et
919 1838 1319 1909 impugnatores
1350 1838 1442 1892 Dei
1473 1837 1727 1892 divinitus
1770 1838 2030 1908 erigatur,
2077 1840 2231 1907 cujus

626 1947 734 1988 non
764 1931 1035 1986 humilitas
1082 1941 1135 1987 et
1159 1930 1443 1986 inﬁrmitas
1486 1931 1671 2001 vigore
1700 1939 1754 1985 et
1781 1931 1972 1985 robore
2021 1932 2230 1988 Domini

625 2024 959 2097 protegentis
985 2019 1012 2063 ἀ
1040 2024 1326 2080 animetur.
1384 2023 1573 2079 Nosna
1625 2022 1759 2078 nihil
1791 2024 2032 2090 interest,
2080 2035 2171 2079 aut
2202 2040 2232 2079 a

629 2132 756 2188 quo,
794 2128 886 2171 aut
923 2115 1138 2186 quando
1192 2118 1526 2186 perimantur
1554 2124 1602 2183 ε,
1631 2116 1819 2172 mortis
1855 2126 1909 2171 et
1961 2115 2235 2187 Sanguinis

626 2209 906 2281 prtemium
937 2209 1005 2264 de
1038 2209 1265 2265 Domino
1290 2210 1578 2280 recepturi.
1610 2209 1828 2267 Illorum
1858 2209 2031 2266 ﬂenda
2063 2221 2116 2266 ct
2159 2210 2235 2266 la-

628 2290 917 2360 mentanda
950 2301 971 2343 ί
1004 2302 1243 2359 conditio
1264 2312 1364 2370 est,
1386 2319 1520 2373 quos
1546 2305 1623 2358 sic
1663 2305 1910 2361 diabolus
1959 2316 2229 2374 excatcat,

628 2406 688 2453 ut
732 2407 933 2455 atterna
964 2397 1224 2469 gehenua:
1255 2399 1515 2468 supplicia
1555 2413 1660 2453 non
1708 2400 2029 2470 cogitantes,
2078 2400 2232 2457 Anti-

628 2490 815 2548 christi
839 2492 949 2563 jam
977 2493 1389 2565 propinquantis
1415 2490 1704 2548 adventum
1730 2500 1992 2548 conentur
2011 2493 2226 2549 imitari.

1852 2605 2240 2666 LECTIONES

696 2722 805 2787 fEt
826 2724 909 2787 qui
934 2723 1103 2773 verbis
1128 2722 1328 2787 perﬁdis
1354 2722 1485 2771 Lam.
1518 2717 1642 2771 Bod.
1667 2720 1715 2769 2.

692 2783 724 2823 ι)
750 2787 821 2836 Ad
846 2783 1109 2837 sanitatem
1130 2783 1333 2835 mentes
1365 2789 1484 2834 Ver.

695 2851 719 2880 ο
751 2851 955 2899 Pectora
978 2851 1179 2898 obsessa
1194 2844 1728 2899 Bod.3.Lin.Benev.ut
1743 2855 2053 2908 peccatorum
2069 2854 2121 2896 et
2135 2846 2224 2895 de-

631 2911 855 2974 lictorum
874 2911 1055 2962 Fab.ut
1071 2920 1191 2974 pecta
1205 2926 1267 2961 .ra
1279 2925 1306 2961 a
1318 2912 1610 2974 d-‘lictnrum
1637 2911 1857 2974 tenebris
1869 2911 2029 2961 soluta
2049 2909 2225 2962 Bodi.

695 2972 724 3013 εὶ
749 2975 961 3024 Domino
987 2972 1284 3037 protegente
1312 2972 1433 3023 Bod.
1460 2975 1507 3023 5.
1546 2977 1683 3027 Voss.
1710 2972 1757 3022 2.

698 3043 721 3069 ε
747 3038 949 3097 Quando
971 3035 1233 3097 pereamus
1261 3039 1397 3088 Pam.
1430 3037 1554 3091 Bod.
1609 3039 1649 3087 t.
1707 3035 1946 3089 Vetustior
1990 3050 2076 3088 ms.
2119 3050 2230 3089 cum

633 3096 817 3170 duobus
851 3096 1353 3170 A_nglic._l’e_reamns.

697 3161 718 3199 τ
745 3159 847 3215 Sic.
876 3159 1005 3213 Ltirn.
1036 3161 1158 3213 Bod.
1190 3164 1231 3212 l.
1268 3171 1396 3216 νεεδ.
1422 3163 1469 3214 2.
1493 3162 1799 3213 lamentanda
1837 3164 2096 3215 consensio
2122 3159 2228 3214 Litt.

635 3226 743 3277 ΝΟ.
768 3226 816 3276 2.
841 3226 1071 3287 conditio,
1104 3223 1226 3281 Tltu.
1256 3223 1398 3278 Corb.
1432 3225 1596 3277 flenda
1640 3228 1800 3290 potius
1826 3234 1878 3277 et
1916 3224 2230 3277 lamentanda

2338 1840 2573 1910 pessima:
2604 1837 2667 1909 (ll
2689 1835 2851 1901 Tim.,
2881 1852 2942 1901 ιι,
2980 1837 3082 1901 17;
3115 1835 3305 1902 lCor.,
3338 1851 3430 1899 xv,
3459 1833 3577 1908 55).
3603 1834 3673 1891 Et
3698 1835 3895 1892 iterum
3926 1855 3945 1892 ι

2342 1931 2657 1989 Han-elicuit:
2707 1930 2962 1985 hominem
3011 1939 3123 2001 post
3153 1946 3310 1987 unam
3364 1929 3734 1997 correptionem
3789 1929 3945 1996 evita,

2338 2026 2502 2083 sciens
2527 2024 2646 2092 quia
2670 2039 2932 2094 perversus
2970 2030 3042 2078 est
3074 2020 3371 2095 liujusmodi
3403 2021 3451 2087 i,
3478 2031 3527 2076 et
3554 2031 3754 2092 peccat,
3792 2032 3843 2076 et
3872 2029 3951 2078 est

2340 2134 2374 2172 α
2401 2116 2668 2189 semetipso
2695 2116 2967 2171 damnatus
3008 2120 3036 2160 ιε
3077 2113 3263 2182 (Tim.,
3294 2130 3374 2181 tu,
3407 2113 3474 2169 l0
3506 2124 3559 2169 et
3588 2114 3697 2184 ll).
3735 2113 3807 2169 Et
3847 2130 3955 2184 per

2342 2209 2686 2270 Salomoncm
2748 2209 2986 2279 loquitur
3030 2209 3268 2280 Spiritus
3317 2216 3576 2265 sanctus:
3632 2206 3952 2279 Perversus,

2340 2305 2533 2381 inquit,
2560 2307 2720 2361 inore
2747 2321 2838 2359 suo
2864 2313 3033 2374 portat
3063 2304 3396 2375 perditionem
3426 2300 3474 2370 ι,
3501 2310 3549 2358 et
3568 2303 3621 2358 in
3654 2302 3805 2358 labiis
3840 2305 3955 2360 suis

2339 2400 2507 2474 ignem
2534 2400 2706 2455 condit
2735 2399 2943 2471 (Proin,
2992 2414 3101 2463 xvi,
3123 2396 3240 2469 27).
3271 2397 3403 2453 Item
3435 2396 3615 2455 dcuno
3648 2406 3839 2457 monet
3861 2399 3954 2455 di-

2338 2511 2506 2553 cens:
2538 2495 2666 2567 Sepi
2711 2511 2862 2551 aures
2898 2504 3010 2550 tuas
3052 2494 3235 2566 spinis,
3267 2502 3313 2551 et
3359 2491 3468 2548 noli
3495 2494 3677 2549 audire
3704 2494 3941 2567 linguam

2302 2609 2715 2669 VABIANTES.

2255 2736 2300 2799 ρ
2334 2728 2516 2799 Deiter}.

2400 2790 2426 2833 8
2454 2788 2705 2838 Habemus
2736 2789 2853 2836 Ver.

2398 2848 2429 2889 ιι
2454 2851 2642 2901 Tecum
2663 2849 2895 2911 prtesenti
2920 2849 3051 2897 Lam.
3082 2846 3365 2911 Ebor._N_C.
3396 2848 3442 2897 l.
3469 2846 3596 2899 Bod.
3616 2847 3666 2896 2.

2403 2913 2421 2953 i
2449 2909 2937 2963 Sincera—dilectione
2966 2912 3096 2960 Lam.
3135 2909 3259 2961 Bod.
3282 2909 3329 2960 Ξ.

2404 2976 2418 3029 i
2462 2976 2770 3038 Huiusmodi,
2796 2988 2904 3023 cum
2932 2974 3096 3023 sciens
3120 2981 3292 3038 peccat
3316 2972 3424 3024 NG.
3454 2974 3502 3022 2.

2400 3041 2428 3079 ιί
2456 3040 2551 3088 Per
2576 3038 2899 3099 semetipsum
2930 3038 3107 3086 Benev.

2401 3103 2421 3141 1
2452 3102 2508 3152 In
2547 3113 2636 3149 ore
2667 3097 2944 3163 suo'liortat
2980 3112 3246 3163 perversa,
3286 3097 3588 3163 perditionis
3632 3109 3738 3163 suae
3782 3099 3948 3163 ignem

2333 3166 2549 3216 condens
2576 3164 2708 3212 Lam.
2738 3158 2861 3213 Bod.
2892 3163 2939 3227 27.
2962 3158 3111 3213 Ebor.
3144 3162 3248 3227 ΝΟ.
3282 3158 3322 3227 1ί.
3356 3159 3474 3212 Hic.
3500 3158 3639 3227 fiet.
3674 3158 3949 3227 Compend.

2334 3230 2389 3279 In
2414 3241 2501 3277 ore
2525 3240 2614 3276 suo
2641 3232 2801 3289 portat
2828 3226 3033 3275 verbum
3054 3225 3345 3289 perditionis
3366 3237 3470 3274 sua:
3491 3223 3614 3275 Fab.

1993 3357 2354 3415 νΑῐιιοιιυιι
2391 3356 2619 3416 ΝΟΤΛΕ.

708 3479 996 3536 Sanitatem
1024 3478 1224 3533 ruentis.
1250 3475 1587 3532 Theodosius
1613 3474 1745 3544 Imp.
1774 3475 1814 3530 1.
1844 3491 1890 3540 ι,
1921 3474 1986 3529 de
2015 3475 2235 3540 Judmis,

634 3551 987 3607 Samaritauis
1006 3592 1020 3611 ,
1051 3560 1181 3603 etc.:
1216 3549 1357 3616 Quos
1380 3550 1421 3601 si
1440 3547 1507 3599 ad
1528 3548 1798 3601 sanitate»:
1824 3548 2003 3601 mentis
2026 3551 2241 3616 egregia:

636 3626 744 3693 lege
769 3623 963 3677 medica
991 3637 1228 3676 revocare
1243 3636 1501 3674 conemur.
1522 3618 1695 3677 Julius
1717 3618 1918 3693 Czesar,
1950 3620 2240 3693 Ιί1ιε-ισιιιιε

636 3690 777 3751 bello
818 3693 1055 3751 Gallico:
1087 3692 1162 3747 Ad
1193 3693 1460 3746 sanitatem
1490 3693 1667 3745 reverti
1708 3691 1911 3761 pudeat.
1946 3694 2007 3746 A.
2043 3690 2242 3746 Hirtius

637 3767 689 3821 in
724 3767 860 3821 libro
888 3765 955 3821 de
983 3765 1121 3819 bello
1148 3762 1359 3819 Africo:
1393 3764 1579 3833 Aliqua
1610 3772 1806 3816 ratione
1836 3763 2043 3832 perduci
2069 3762 2136 3815 ad
2163 3780 2245 3817 sa-

637 3840 864 3893 nitatem.
912 3838 1217 3893 Lactantius
1255 3851 1373 3903 cap.
1408 3835 1509 3900 54,
1541 3833 1609 3888 de
1639 3833 1895 3888 Mortibus
1928 3843 2240 3904 persecuto-

639 3926 799 3964 rum:
844 3908 911 3965 Ut
949 3908 1104 3963 etiam
1141 3907 1421 3964 Christiani
1465 3905 1534 3960 ad
1573 3904 1730 3960 bonas
1772 3920 1961 3961 mentes
1996 3905 2241 3961 redirent.

638 3980 950 4037 Iuvenalis:
988 3978 1286 4049 Optandum
1316 3989 1388 4035 est
1426 3988 1480 4032 ut
1518 3977 1583 4031 sit
1626 3994 1763 4032 mens
1793 3994 1921 4033 sana
1948 3979 2001 4032 in
2033 3993 2247 4048 corpore

640 4070 784 4109 sano.
822 4056 1019 4108 ΒΑιυῑ.

716 4147 938 4202 Pectora
984 4158 1179 4216 operta.
1228 4147 1301 4202 [ta
1352 4147 1650 4214 Manutius,
1700 4147 1839 4201 haud
1883 4148 1995 4201 scio
2034 4163 2101 4201 an
2142 4147 2244 4200 ulla

641 4230 980 4275 auctoritate.
1014 4220 1147 4274 Eum
1180 4228 1354 4274 tamen
1388 4222 1654 4274 l’antelius
1680 4231 1731 4274 ct
1756 4220 1930 4273 Oxon.
1961 4218 2136 4273 editur
2162 4234 2247 4272 se-

641 4293 749 4346 ettti
768 4300 912 4346 sunt.
930 4290 1183 4345 Morelius
1210 4307 1328 4345 cum
1355 4308 1461 4345 uno
1486 4308 1584 4345 ins.
1604 4292 1809 4361 Anglic.
1837 4311 1849 4344 :
1882 4302 2085 4353 pectora
2109 4308 2140 4342 a
2166 4290 2248 4343 de-

643 4365 874 4418 lictorum
897 4364 1110 4416 tenebris
1132 4364 1320 4417 soluta.
1346 4365 1478 4417 Tres
1495 4364 1581 4417 alii
1607 4380 1733 4417 mss.
1765 4364 1970 4429 Anglic.
1993 4405 2007 4424 ,
2041 4373 2245 4429 pectora

644 4437 844 4489 obsessa
889 4434 1189 4487 delictorum
1234 4436 1470 4491 tenebris.
1520 4436 1679 4490 Natat
1726 4435 1990 4489 Paniclins
2033 4434 2085 4489 itt
2126 4434 2244 4486 aliis
2274 4438 2322 4497 ι)

643 4508 854 4561 excusis
879 4516 932 4562 et
961 4507 1173 4574 scriptis
1197 4506 1557 4569 circumferri,
1576 4517 1863 4574 peccatores
1884 4524 1914 4559 a
1941 4506 2244 4560 delictorum

647 4578 879 4632 tenebris.
916 4578 1007 4631 llis
1034 4576 1323 4631 concinnnt
1353 4594 1480 4633 mss.
1507 4578 1697 4647 Comp.
1725 4581 1991 4631 recentior
2010 4577 2164 4630 Colb.
2195 4586 2249 4629 et

645 4649 806 4704 Cnrh.
833 4652 931 4705 nisi
958 4648 1099 4718 quod
1120 4650 1170 4701 in
1193 4652 1409 4704 hucnon
1430 4661 1605 4704 exsnit
1633 4649 1941 4717 pnepositio
1960 4665 1990 4701 a
2011 4658 2135 4702 ante
2157 4663 2250 4699 vo-

646 4736 763 4775 cem
796 4723 1113 4774 delictorum.
1153 4721 1203 4775 In
1237 4723 1529 4776 vetustiore
1557 4722 1705 4776 (.‘olh.
1743 4722 1971 4782 legimus
1995 4761 2008 4781 ,
2044 4728 2251 4789 pectora

648 4792 947 4845 delictorum
976 4794 1209 4847 tenebris.
1244 4794 1455 4863 Integra
1488 4802 1631 4847 esset
1675 4794 1790 4846 h:rc
1819 4792 2010 4858 lectio,
2046 4792 2088 4844 si
2132 4791 2250 4845 loco

649 4863 795 4917 vocis
817 4867 1431 4932 pectora,restitueretur
1456 4864 1759 4932 praepotitio
1792 4881 1903 4933 pro.
1939 4865 2246 4917 Consum.

649 4964 722 4975 -
744 4934 950 4993 Onerta.
979 4934 1140 4989 Vetus
1161 4938 1328 4991 codex
1352 4935 1527 5005 regius
1553 4935 1707 4989 habet
1731 4938 1932 4994 obruta.
1956 4950 2091 4989 unus
2114 4934 2252 4988 Bod-

651 5007 854 5063 leianus
895 5007 1116 5062 obsessa.
1163 5008 1254 5064 Sic
1284 5008 1442 5061 etiam
1483 5006 1648 5062 editio
1689 5006 1932 5063 Murellii.
1980 5007 2034 5060 In
2067 5005 2252 5059 codice

649 5080 821 5134 sani-ti
851 5079 1112 5148 Arnulphi
1143 5081 1397 5149 scriptum
1418 5093 1497 5134 est
1516 5122 1531 5141 ,
1558 5089 1760 5145 pectora
1785 5078 2010 5133 excussis
2041 5075 2252 5131 delicto-

649 5168 764 5204 rum
793 5153 1038 5206 tenebris:
1083 5152 1132 5203 in
1176 5151 1432 5207 Beccensi
1454 5192 1468 5216 ,
1493 5161 1548 5205 ut
1578 5152 1863 5205 recedentes
1893 5169 1922 5204 ιι
1954 5149 2254 5204 delictorum

652 5224 886 5278 tenebris.
920 5223 1116 5277 ΒΑιυΖ.

723 5317 931 5393 Domini
964 5317 1289 5393 protegentis.
1324 5317 1501 5393 Gades
1535 5318 1875 5393 Corbeicnsis
1902 5360 1913 5381 ,
1953 5316 2058 5393 Deo
2089 5328 2259 5388 prote-

650 5388 817 5461 gente.
848 5390 935 5444 Sic
961 5388 1122 5442 etiam
1155 5391 1204 5443 in
1235 5405 1342 5443 uno
1371 5390 1662 5445 Bodleiano
1692 5400 1745 5444 et
1774 5391 1824 5443 in
1856 5406 1964 5444 uno
1991 5390 2257 5446 Vossiano

652 5461 910 5529 scriptum
938 5474 1058 5515 esse
1088 5471 1316 5516 testatur
1340 5462 1505 5515 editio
1528 5463 1840 5531 Anglicaua.
1874 5464 2073 5517 UALUZ.

721 5551 990 5626 Conditio.
1012 5553 1083 5608 Ita
1112 5554 1321 5611 Erasm.
1353 5570 1472 5609 cum
1501 5554 1683 5626 codice
1710 5555 2025 5622 Cambron.,
2048 5554 2185 5626 quod
2208 5566 2262 5610 et

650 5624 761 5681 duo
794 5640 925 5680 mss.
955 5625 1109 5682 (jolh.
1141 5635 1197 5680 et
1224 5626 1385 5680 Cnrb.
1416 5625 1758 5681 conﬁrmant.
1794 5628 1846 5683 ltt
1877 5645 1981 5681 uno
2009 5624 2261 5681 ct'altero

648 5697 858 5767 Ang7ir.
891 5707 1061 5751 exstat
1087 5698 1374 5767 consensio,
1395 5702 1445 5753 in
1472 5699 1684 5753 exteris
1705 5707 1881 5753 autem
1912 5699 2060 5756 libris
2085 5699 2261 5753 conci-

643 5769 723 5825 sio
741 5783 760 5823 :
779 5784 937 5838 quam
966 5770 1253 5828 lectionem
1278 5768 1401 5829 ideo
1427 5768 1528 5823 sibi
1558 5771 1724 5843 magis
1748 5768 1964 5839 placere
1989 5780 2139 5827 notat
2160 5771 2263 5824 Pa-

2342 3476 2533 3531 melius
2551 3516 2565 3539 ,
2590 3475 2710 3546 quia
2737 3473 3063 3546 Cyprianum
3094 3472 3336 3529 alludere
3364 3482 3511 3543 putet
3536 3472 3600 3546 ad
3628 3471 3761 3526 illud
3787 3469 3951 3528 Paull

2343 3547 2536 3618 Philip.
2568 3562 2622 3601 Ill
2655 3587 2669 3612 ,
2700 3545 2985 3600 erVidete
3001 3562 3157 3618 canes
3178 3586 3193 3611 ,
3236 3546 3401 3598 videte
3452 3545 3603 3598 malos
3640 3546 3911 3618 operarios
3933 3586 3949 3607 ,

2344 3616 2508 3677 videte
2530 3619 2886 3673 concisionem.
2907 3616 3013 3671 Sed
3038 3618 3105 3670 ibi
3130 3619 3352 3671 concisio
3369 3617 3827 3677 circtuncisioucin
3853 3631 3956 3669 seu

2346 3689 2562 3745 Jndros
2592 3700 2777 3743 sonat:
2812 3691 2951 3741 unde
2983 3688 3224 3757 proxime
3256 3694 3523 3755 sequitur.
3559 3686 3668 3743 Nos
3697 3687 3830 3741 enim
3862 3704 3957 3743 su-

2347 3778 2458 3817 mus
2489 3762 2825 3823 circumcisio,
2859 3762 2946 3829 qui
2976 3761 3159 3828 spiritu
3190 3762 3435 3814 servimus
3458 3758 3639 3827 Deo,et
3668 3760 3959 3831 gloriamur

2348 3834 2401 3888 in
2432 3831 2635 3888 Christo
2655 3832 2800 3899 Jesu,
2831 3842 2878 3885 et
2906 3849 3004 3885 non
3033 3832 3083 3885 in
3113 3844 3411 3897 carne,etc.
3437 3831 3757 3901 llnjustnodi
3783 3841 3960 3901 autem

2356 3905 2705 3972 intelligentia
2740 3905 2823 3959 hic
2851 3904 3023 3958 locum
3056 3918 3160 3958 non
3191 3904 3366 3957 habet.
3396 3900 3704 3959 Consum.
3728 3932 3800 3972 έ-
3821 3900 3961 3956 Con-

2353 3978 2497 4031 mio.
2534 3971 2624 4031 Sic
2660 3976 2857 4029 habent
2887 3987 3095 4030 veteres
3125 3974 3387 4041 editiones
3417 3986 3467 4030 et
3503 3977 3683 4028 omnia
3714 3971 3825 4029 fere
3865 3989 3963 4027 vc-

2356 4059 2469 4103 tera
2500 4047 2849 4117 exemplaria.
2882 4045 2938 4102 ln
2972 4063 3078 4100 uno
3108 4046 3244 4100 lihrn
3276 4061 3397 4101 meo
3430 4042 3624 4118 legitur
3653 4045 3874 4118 concisio
3903 4054 3963 4099 et

2353 4133 2515 4186 supra
2542 4120 2735 4174 lineam
2767 4119 2843 4173 vel
2869 4118 3110 4173 conditio.
3146 4118 3280 4172 llinc
3305 4134 3453 4186 ergo,
3491 4117 3541 4171 id
3571 4128 3655 4173 est
3686 4132 3753 4171 ex
3784 4117 3965 4188 aliquo

2346 4190 2517 4246 'situili
2557 4190 2851 4255 exeutplat‘i
2877 4233 2890 4254 ,
2933 4190 3127 4259 prodiit
3169 4190 3433 4255 scriptura
3476 4204 3634 4259 quam
3667 4188 3967 4258 pra'leruul

2356 4273 2582 4323 quatuor
2612 4262 2727 4317 libri
2756 4275 2967 4317 veteres
2992 4272 3045 4316 et
3071 4261 3336 4317 editiOnes
3366 4262 3569 4315 Erasmi
3591 4302 3606 4327 ,
3631 4260 3676 4313 ill
3701 4260 3849 4314 nmtii
3870 4302 3883 4321 ,
3911 4268 3969 4314 et

2351 4333 2596 4397 Murcllii,
2632 4336 2681 4387 in
2714 4333 2908 4401 quibus
2938 4334 3196 4403 scriptum
3229 4330 3311 4385 est
3342 4334 3587 4387 conditio.
3638 4332 3753 4384 [ὶιιο
3782 4343 3967 4386 vetera

2353 4406 2403 4460 itt
2434 4406 2666 4459 editione
2694 4406 2985 4474 Anglicana
3016 4402 3229 4459 laudata
3262 4403 3463 4459 habent
3488 4405 3778 4458 consensio.
3815 4402 3968 4458 Unus

2353 4494 2502 4531 meus
2537 4487 2689 4531 virtus
2727 4488 2779 4529 ct
2820 4476 3351 4545 Gratianopolitanus
3385 4476 3720 4529 conscientia.
3750 4474 3839 4527 Sic
3868 4489 3970 4525 va—

2352 4549 2491 4607 riant
2522 4548 2643 4605 libri
2673 4559 2903 4605 veteres.
2938 4554 3111 4613 Atque
3142 4557 3198 4601 ul.
3234 4547 3374 4602 varia
3407 4556 3533 4602 sunt
3566 4547 3837 4600 hominum
3870 4545 3967 4600 in-

2349 4622 2506 4690 genia
2548 4630 2600 4674 et
2639 4620 2865 4674 diversa:
2896 4619 3214 4689 opiniones,
3248 4618 3520 4673 Pamelius
3549 4618 3829 4690 Ini-liorem
3864 4632 3970 4684 pu-

2352 4689 2483 4748 tavit
2513 4692 2795 4746 lectlonem
2821 4709 2939 4762 quae
2963 4692 3123 4745 habet
3147 4690 3393 4762 concisio.
3416 4689 3678 4762 Rigaltins
3699 4706 3819 4762 eam
3845 4702 3971 4762 qua:

2353 4767 2568 4837 pra-fert
2598 4759 2850 4837 conditio.
2881 4763 2945 4818 Et
2979 4772 3157 4837 lautcn
3192 4763 3330 4837 idem
3361 4760 3621 4837 iiigaltins
3662 4760 3882 4837 rctinni_t
3912 4759 3967 4837 in

2354 4831 2589 4891 editione
2647 4849 2741 4888 sua
2774 4834 3057 4890 lectionem
3085 4833 3329 4890 Panielii.
3366 4833 3727 4904 Hieronymus
3760 4833 3811 4887 in
3845 4831 3974 4899 Epi-

2354 4908 2492 4963 stola
2512 4906 2580 4960 ad
2616 4905 3004 4960 Pammachinm
3034 4916 3079 4961 et
3115 4905 3412 4961 Oceanum:
3446 4904 3582 4958 Miro
3613 4905 3735 4959 odio
3763 4918 3973 4957 aversor

2356 4980 2715 5035 concisionem.
2750 4978 2948 5034 Bawz.

2428 5050 2627 5106 XX.—
2647 5048 3049 5105 Florentissimo.
3074 5048 3382 5116 Epithetnm
3406 5047 3544 5102 istud
3569 5056 3718 5103 recte
3738 5046 3977 5101 illustrat

2358 5124 2440 5181 Vir
2478 5123 2807 5177 clarissimus
2846 5122 3081 5179 Joannes
3106 5120 3440 5176 Maltillonins
3472 5120 3521 5174 in
3559 5121 3873 5187 [tractatione
3902 5116 3973 5171 ad

2363 5206 2566 5251 tomum
2596 5210 2631 5248 tt
2676 5193 2856 5249 Musaei
2888 5194 3077 5259 Italici,
3111 5208 3228 5262 pag.
3262 5193 3348 5246 l3.
3383 5192 3580 5247 BALUZ.

2434 5266 2797 5322 Detractionis.
2826 5267 3008 5321 Baluz.
3043 5283 3056 5318 :
3090 5260 3522 5318 detrectationem.
3566 5262 3638 5317 lla
3680 5263 3787 5317 vidi
3814 5260 3975 5316 scri-

2360 5348 2511 5411 ptum
2554 5340 2603 5394 in
2650 5339 2891 5407 pluribus
2922 5336 3154 5406 antiquis
3201 5334 3695 5411 codicibus.‘llanc
3728 5350 3869 5411 ergo
3900 5334 3980 5411 le-

2363 5405 2595 5466 ctionem
2641 5405 2768 5479 puto
2816 5425 2937 5465 esse
2970 5405 3247 5464 meliorem
3277 5424 3337 5463 ea
3368 5424 3488 5479 quae
3516 5406 3678 5461 habet
3705 5405 3981 5460 detractio—

2365 5485 2463 5537 nis.
2492 5483 2557 5537 Τ.
2589 5482 2766 5536 Livius
2795 5482 2885 5537 lib.
2917 5498 2989 5536 tt:
3018 5480 3161 5535 cha
3190 5479 3382 5533 invidia
3423 5488 3493 5533 est
3513 5520 3527 5541 ,
3576 5495 3668 5532 nec
3703 5480 3978 5549 quicquam

2366 5555 2511 5609 aliud
2551 5555 2646 5608 scit
2685 5570 2838 5619 quam
2881 5554 3160 5606 detrectare
3191 5553 3428 5615 virtutes,
3456 5566 3782 5615 corrumpere
3806 5551 3979 5602 Itono-

2365 5645 2444 5682 res
2471 5644 2529 5680 ac
2562 5627 2771 5692 prmtnia
2797 5642 2991 5679 earnm.
3024 5625 3221 5679 Bswz.

2425 5696 2834 5754 XXI.~Portat
2849 5697 3201 5769 perditionem.
3214 5695 3339 5748 Duce
3356 5702 3481 5769 sunt
3498 5692 3651 5749 istius
3668 5693 3768 5769 loci
3785 5692 3888 5747 lect
3902 5693 3983 5747 io-

2372 5785 2471 5827 nes
2489 5771 2539 5826 in
2559 5770 2715 5829 libris
2729 5766 3020 5827 veteribus.
3039 5766 3238 5823 Earum
3263 5783 3365 5823 una
3392 5768 3503 5823 hate
3515 5775 3600 5825 est
3628 5784 3643 5821 ε
3676 5766 3975 5829 Perversus,
