4252 6258
375 292 485 351 829

1188 279 1534 342 EPISTOI.A
1571 278 1691 338 XII.
1725 279 1784 338 S.
1824 274 2152 336 CYPRIANI
2192 275 2284 332 AD
2320 271 2726 332 CORNELIUM
2766 272 3022 331 PAPAM.

3596 273 3702 332 850

376 422 597 479 nequam
629 401 822 479 (Eccl.,
868 414 1052 475 ιχγιυ,
1083 397 1199 471 28).
1233 398 1301 454 Et
1350 399 1541 453 iterum
1573 413 1587 451 :
1614 395 1789 451 Malus
1819 395 1981 450 obau-
2009 395 2059 458 Α
2087 394 2486 451 Aaouueuruu.
2519 391 2811 465 Cyprianus
2830 390 3067 447 Cornelio
3086 392 3375 464 gratulatus
3401 392 3540 466 quod
3561 394 3683 465 forti

377 504 453 559 dit
485 501 678 574 lingua
704 496 1020 567 iniquorum,
1036 495 1205 564 justus
1237 500 1404 545 autent
1446 508 1547 545 non
1576 488 1793 543 intendit
1834 488 1985 542 labiis

379 593 714 651 mendacibus
743 588 956 662 (Prata,
981 602 1112 652 xvu,
1146 584 1221 657 4).
1261 583 1412 653 Quod
1457 597 1780 654 quamquam
1817 581 1982 636 sciam

378 692 492 748 illic
518 686 903 745 fraternitatem
937 693 1195 747 nostram,
1228 691 1406 735 vestra
1449 678 1654 733 scilicet
1693 676 1982 747 providen-

378 787 452 840 tia
483 781 739 839 munitam
754 788 802 840 ι.
841 777 935 831 sed
962 787 1016 828 et
1037 790 1130 829 sua
1162 772 1432 845 vigilantia
1464 772 1594 827 satis
1618 778 1852 834 cautam,
1883 784 1982 824 nec

377 879 494 949 capi
514 877 889 931 haereticorum
907 868 1127 925 venenis
1147 881 1323 938 posse,
1346 879 1443 920 nec
1459 864 1648 936 decipi,
1672 872 1982 933 tantumque

379 972 518 1044 apud
553 970 677 1026 illos
708 966 1003 1040 pra-valere
1044 961 1347 1032 magisteria
1379 968 1434 1015 et
1478 970 1746 1030 praecepta
1774 958 1977 1023 divina,

378 1072 613 1137 quantus
646 1061 754 1116 illis
782 1060 836 1113 iu
864 1059 1028 1112 Deum
1050 1056 1211 1109 timor
1238 1064 1320 1109 est
1347 1071 1360 1108 :
1384 1062 1561 1107 tamen
1592 1067 1655 1106 ex
1689 1050 1980 1106 abundanti

381 1159 466 1214 vel
521 1152 830 1211 sollicitudo
864 1161 1071 1216 nostra,
1100 1150 1184 1204 vel
1234 1147 1469 1202 charitas
1525 1144 1761 1200 scribere
1790 1143 1855 1198 ad
1884 1157 1981 1197 vos

378 1252 482 1307 ista
515 1250 804 1320 persuasit,
841 1256 899 1301 ut
939 1246 1085 1298 nulla
1140 1258 1261 1297 cum
1307 1241 1503 1296 talibus
1531 1238 1853 1295 conuuercia
1882 1253 1979 1292 co-

381 1344 654 1415 pulcntur,
682 1339 826 1393 nulla
854 1352 974 1393 cum
1007 1335 1162 1389 malis
1189 1334 1433 1388 convivia
1477 1334 1561 1388 vel
1588 1332 1851 1402 colloquia
1881 1331 1980 1384 mi-

379 1448 651 1499 sceantur,
686 1435 963 1503 simusque
990 1430 1058 1486 ab
1096 1431 1175 1485 eis
1208 1438 1315 1484 tam
1358 1427 1614 1496 separati,
1666 1441 1825 1497 quant
1854 1433 1981 1479 sunt

377 1532 454 1589 illi
487 1534 553 1587 de
575 1529 817 1587 Ecclesia
853 1525 1064 1598 profugi
1087 1524 1114 1564 ι)
1146 1525 1308 1595 :quia
1342 1521 1602 1593 scriptum
1632 1530 1715 1576 est
1748 1538 1761 1575 :
1794 1519 1853 1575 Si
1880 1535 1980 1572 au-

379 1636 478 1683 tem
510 1636 556 1681 et
588 1624 875 1680 Ecclesium
897 1621 1275 1693 contempserit,
1306 1619 1370 1673 sit
1400 1619 1491 1673 tibi
1524 1628 1781 1688 tamquam
1810 1615 1977 1670 ethni-

378 1737 470 1775 cus
500 1730 546 1774 et
573 1719 876 1790 publicanus
905 1714 1121 1787 (Matth.
1175 1728 1330 1778 xvttt,
1370 1710 1458 1784 l7)
1494 1729 1507 1764 :
1538 1720 1585 1766 et
1611 1711 1800 1765 beatus
1830 1710 1976 1778 Apo-

2160 490 2477 560 confessione
2492 505 2555 560 po
2560 488 2681 558 pulo
2692 503 2784 541 suo
2800 487 2868 541 ad
2885 487 3226 556 confitendum
3239 503 3345 542 sese
3360 486 3539 543 ducem
3559 504 3699 556 prte-

2162 583 2343 647 buerit,
2363 584 2416 637 in
2433 582 2779 637 Romanorum
2807 581 2985 635 laudes
3009 580 3251 635 excurrit.
3269 579 3399 635 Tum
3423 581 3688 636 adversam
3752 618 3757 621 ι

2162 676 2442 732 Novatiani
2463 688 2646 731 sortem
2672 675 2983 746 perstringit.
3031 673 3249 728 Demum
3292 674 3361 729 ad
3400 674 3693 744 proximum

2158 787 2373 840 agonem
2428 772 2512 842 qui
2537 787 2645 825 sese
2672 786 2964 842 prceparare
2988 780 3163 823 mutuo
3202 768 3414 825 debeant
3454 771 3685 843 exponit.

2300 943 2591 987 CYPBIANUS
2629 942 2892 985 CORNELIO
2938 945 3135 987 FRATRI
3173 945 3436 988 SALUTBI.

2155 1083 2194 1140 I.
2224 1082 2611 1156 Cognovimus,
2641 1084 2804 1139 frater
2826 1084 3167 1151 charissitne,
3218 1085 3341 1141 fidei
3384 1102 3448 1142 ac
3477 1086 3693 1144 virtutis

2085 1185 2279 1232 vestrae
2312 1177 2619 1232 testimonia
2664 1177 2899 1247 gloriosa
2946 1194 2959 1229 :
3008 1187 3062 1231 et
3104 1178 3459 1235 confessionis
3499 1190 3692 1236 vestrm

2084 1271 2345 1326 honorem
2374 1271 2452 1326 sic
2482 1271 2818 1327 exsultanter
2860 1271 3167 1341 accepimus
3197 1316 3212 1339 ,
3272 1282 3331 1327 ut
3384 1274 3435 1328 iu
3474 1273 3683 1329 meritis

2083 1380 2147 1420 ac
2179 1364 2427 1420 laudibus
2472 1365 2668 1419 vestris
2714 1379 2814 1418 nos
2844 1381 3057 1435 quoque
3090 1364 3377 1433 participes
3418 1376 3472 1420 et
3500 1366 3681 1422 socios

2084 1467 2479 1529 computemus.
2514 1456 2645 1512 Nam
2678 1472 2798 1512 cum
2832 1458 2987 1511 nobis
3013 1467 3065 1513 et
3095 1458 3331 1513 Ecclesia
3366 1474 3468 1513 una
3498 1459 3585 1527 sit,
3620 1468 3676 1515 et

2084 1567 2235 1607 mens
2260 1550 2465 1621 juncta,
2508 1560 2561 1605 et
2589 1550 2858 1605 individua
2888 1552 3173 1606 concordia
3201 1570 3215 1616 ;
3242 1553 3362 1623 quis
3398 1567 3503 1607 non
3540 1562 3563 1591 θ
3589 1567 3682 1607 sa-

2082 1646 2274 1702 cerdos
2298 1647 2347 1700 in
2377 1645 2781 1701 consacet'dotis
2808 1646 2890 1700 sui
2915 1646 3161 1701 laudibus
3195 1660 3464 1716 tamquam
3492 1650 3542 1703 in
3574 1648 3685 1704 suis

2081 1740 2315 1811 propriis
2338 1739 2682 1810 gratuletur?
2707 1748 2798 1793 aut
2842 1754 2961 1810 quae
3008 1738 3311 1794 fraternitas
3340 1755 3443 1793 non
3486 1739 3537 1794 in
3572 1739 3684 1794 fra-

376 1813 589 1869 stolusc
624 1827 731 1866 non
763 1819 947 1864 monet
979 1804 1317 1873 tantum,sed
1341 1815 1394 1859 et
1419 1804 1572 1874 jubet
1598 1818 1626 1857 a
1660 1802 1854 1856 talibus
1883 1815 1965 1856 re-

2082 1802 2223 1886 irum
2252 1831 2448 1903 gaudio
2473 1832 2669 1903 ubique
2700 1832 2911 1886 ltrtetur
2936 1831 2959 1884 ἒ
2987 1829 3227 1902 Exprimi
3259 1832 3390 1886 satis
3426 1847 3531 1887 non
3583 1847 3683 1903 po-

350 1930 355 1936 ε
387 1904 634 1961 cedatur.
667 1902 1025 1973 Praecipimus,
1056 1900 1249 1970 inquit,
1274 1898 1409 1952 vobis
1435 1899 1489 1951 in
1536 1897 1739 1951 nomine
1768 1893 1975 1948 Domini

380 1996 509 2051 Jesu
539 1995 747 2059 Christi,
766 2005 820 2048 ut
838 1992 1090 2048 recedatis
1116 1992 1178 2045 ab
1200 1990 1431 2044 omnibus
1453 1988 1695 2060 fratribus
1707 1987 1973 2041 ambulan-

381 2090 514 2143 tibus
541 2088 849 2151 inordinate,
884 2096 930 2139 ct
980 2101 1079 2138 non
1131 2082 1408 2138 secundum
1461 2082 1785 2136 traditionem
1812 2095 1968 2148 quam

376 2190 682 2251 acceperunt
724 2198 756 2234 a
801 2180 965 2234 nobis.
995 2177 1152 2232 Nulla
1198 2177 1430 2231 societas
1478 2174 1598 2230 lidci
1650 2184 1705 2227 et
1733 2171 1973 2242 perfidia:

375 2286 551 2347 pmest
579 2289 719 2330 esse.
751 2274 851 2340 Qui
885 2289 1004 2327 eum
1032 2271 1247 2327 Christo
1271 2287 1376 2325 non
1406 2278 1491 2324 est
1512 2265 1562 2334 ἀ,
1594 2268 1685 2339 qui
1717 2268 1973 2322 adversa-

376 2370 489 2425 rius
514 2369 710 2425 Christi
738 2380 842 2436 est,
872 2370 960 2440 qui
993 2370 1179 2424 unitati
1210 2380 1261 2422 et
1292 2367 1407 2438 paci
1437 2366 1554 2435 ejus
1592 2364 1840 2418 inimicus
1863 2371 1968 2429 cst,

376 2464 656 2519 nobiscum
690 2481 793 2517 non
823 2473 1002 2534 potest
1040 2463 1333 2518 cohaerere.
1380 2460 1437 2515 Si
1488 2474 1610 2514 cum
1643 2456 1888 2528 precibus
1918 2463 1973 2510 et

372 2555 827 2612 satislamionibus
858 2556 1106 2621 veniunt,
1161 2554 1445 2610 audiantur
1478 2569 1490 2607 :
1523 2550 1571 2607 si
1603 2549 1882 2606 maledicta
1916 2558 1971 2603 et

368 2647 542 2703 minas
571 2650 840 2720 ingerunt,
868 2660 1210 2719 reSpuantur.
1232 2645 1375 2719 Opto
1424 2657 1508 2713 te,
1562 2643 1729 2699 frater
1759 2640 1970 2698 charis-

366 2740 523 2809 sime,
554 2757 774 2815 semper
800 2742 937 2801 bene
960 2742 1161 2797 valere.

887 2872 1026 2912 ANNO
1052 2870 1265 2911 CHRISTI
1290 2869 1448 2910 CCLII.

897 2969 1230 3026 EPISTOLA
1276 2968 1411 3025 XIII.

580 3079 763 3120 SANCTI
791 3079 1034 3119 CYPRIANI
1082 3079 1150 3119 AD
1188 3078 1233 3117 S.
1263 3078 1563 3119 CORNELIUI
1587 3080 1780 3119 PM‘AII.

365 3174 1439 3241 (Erasm.t,l;l‘amel.Rigalt.Baluz.Lvu;
1482 3176 1641 3227 Paris.
1686 3179 1763 3241 56;
1814 3176 1965 3229 Cous-

426 3248 545 3292 tant.
568 3254 600 3304 t,
620 3241 715 3291 col.
745 3240 854 3302 190;
880 3238 1100 3290 Galland.
1128 3254 1196 3299 tu,
1217 3254 1262 3306 [ι.
1286 3240 1423 3303 560.)

2079 1938 2202 1997 test,
2227 1939 2423 2001 quanta
2474 1929 2594 1984 istic
2623 1929 2913 1984 exsultatio
2954 1927 3113 1983 fuerit
3144 1939 3197 1983 et
3236 1937 3429 1998 quanta
3476 1929 3680 1996 la-titia,

2076 2036 2197 2076 cum
2224 2020 2292 2076 dc
2319 2022 2473 2076 vobis
2504 2036 2757 2092 proSpera
2797 2030 2852 2075 et
2881 2020 3035 2075 fortia
3062 2021 3538 2090 comperissemus,
3567 2020 3670 2075 du-

1998 2155 2003 2160 -
2076 2130 2191 2171 cem
2218 2126 2269 2171 te
2299 2115 2407 2171 illic
2448 2114 2806 2171 Confessionis
2857 2114 3114 2169 fratribus
3142 2115 3417 2170 exsutisse
3445 2130 3460 2180 ;
3491 2114 3583 2170 sed
3615 2122 3672 2172 et

2076 2208 2470 2265 confessionem
2490 2208 2643 2263 ducis
2665 2207 2733 2263 de
2752 2208 2978 2262 fratrum
2997 2206 3338 2261 confessione
3358 2205 3598 2261 crevisse
3625 2204 3645 2245 ί
3659 2224 3673 2261 :

2076 2310 2135 2357 ut
2160 2300 2287 2356 dum
2324 2300 2586 2370 praecedis
2648 2299 2714 2354 ad
2746 2299 2995 2369 gloriam,
3030 2290 3247 2353 multos
3271 2298 3463 2353 feceris
3488 2298 3677 2369 glorias

2076 2395 2321 2456 comites,
2347 2404 2400 2447 et
2427 2393 2791 2448 confessorem
2821 2391 3074 2460 populum
3100 2391 3338 2446 suaseris
3368 2392 3506 2458 fieri,
3541 2391 3665 2447 dum

2078 2486 2282 2555 primus
2312 2494 2525 2554 paratus
2556 2500 2614 2540 es
2634 2499 2730 2555 pro
2757 2483 3011 2538 omnibus
3032 2484 3278 2537 confiteri
3309 2497 3325 2538 :
3361 2493 3418 2538 ut
3448 2500 3552 2540 non
3588 2486 3671 2539 iu-

2075 2579 2357 2634 veuiamus
2379 2578 2502 2649 quid
2539 2579 2685 2649 prius
2718 2577 3014 2648 praedicare
3067 2577 3119 2631 in
3163 2575 3319 2633 vobis
3360 2575 3675 2646 debeamus,

2077 2684 2328 2728 utrumne
2358 2681 2502 2727 tuam
2534 2681 2834 2742 promptam
2863 2680 2920 2725 et
2945 2669 3192 2725 stabilem
3224 2667 3409 2737 ﬁdem,
3432 2685 3499 2724 an
3532 2670 3678 2725 inse-

2074 2766 2367 2837 parabilem
2419 2764 2641 2819 fratrum
2669 2762 3015 2818 charitatcm.
3042 2760 3226 2819 Virtus
3269 2760 3381 2815 illic
3433 2760 3675 2831 episcopi

2074 2859 2430 2931 pra‘cedentis
2473 2858 2685 2928 publice
2740 2855 3089 2926 comprobata
3136 2864 3251 2920 est,
3300 2854 3558 2909 adunatio
3588 2869 3673 2909 se-

2074 2953 2287 3027 quentis
2316 2951 2669 3007 fraternitatis
2691 2959 2906 3004 ostensa
2931 2958 3032 3003 est.
3079 2947 3210 3002 Dum
3252 2946 3391 3017 apud
3421 2963 3513 3001 vos
3534 2962 3670 3001 unus

2074 3046 2285 3099 animus
2311 3056 2363 3099 et
2391 3060 2493 3099 una
2522 3059 2621 3099 vox
2653 3053 2756 3107 est,
2791 3042 3028 3097 Ecclesia
3061 3042 3237 3097 onmis
3265 3040 3503 3095 [loutana
3530 3057 3663 3095 cou-

2068 3140 2203 3197 fessa
2234 3148 2338 3195 est.

2137 3231 2204 3289 ll.
2231 3229 2459 3299 Clarttit,
2487 3240 2512 3279 ε
2542 3230 2706 3286 frater
2736 3226 3074 3297 charissime,
3123 3225 3260 3285 fides
3286 3242 3447 3301 quam
3476 3226 3542 3284 dc
3574 3242 3664 3284 vo-

1585 3365 1874 3423 LECTION
1882 3365 1959 3423 ES
1996 3365 2085 3423 VA
2095 3365 2410 3426 BIANTES.

426 3509 451 3539 ⁸
480 3503 566 3557 Sic
590 3508 729 3559 Pent.
760 3506 886 3556 Bod.
914 3506 962 3557 1.
992 3507 1136 3558 Voss.
1156 3506 1203 3554 2.
1231 3504 1338 3556 ΝΟ.
1364 3503 1412 3554 2.
1440 3504 1544 3556 Lin.
1575 3503 1697 3556 Tha.
1719 3506 1856 3558 Foss.

416 3568 444 3608 δ
467 3572 593 3621 Sunt.
616 3570 694 3632 isti
716 3569 778 3618 ab
804 3568 1024 3618 Frclesia
1048 3568 1243 3632 profugi
1274 3572 1391 3618 Ver.
1424 3570 1542 3619 Ben.

419 3638 441 3666 θ
464 3631 725 3696 Apostolus
749 3632 930 3685 Paulus
958 3631 1256 3696 omnem.
1284 3632 1388 3682 ΝΕ.
1422 3633 1463 3696 1.

355 3696 449 3813 L_d
605 3702 709 3805 αἰεὶ,
731 3697 1042 3746 adversarius
1079 3694 1254 3748 Christi
1296 3702 1372 3746 est
1398 3695 1534 3746 Lam.
1562 3693 1706 3746 Ebor.
1746 3694 1873 3747 Bod.
1898 3696 1945 3746 2.

399 3774 466 3811 nt.
586 3794 595 3804 .
652 3796 663 3806 .

399 3774 466 3811 ιη.
487 3774 595 3810 NU-
616 3774 663 3806 1.

2125 3508 2148 3536 θ
2175 3503 2297 3565 Quis
2318 3518 2413 3555 non
2438 3506 2485 3556 in
2516 3506 2658 3556 Pent.
2694 3507 2833 3558 Voss.
2860 3504 2905 3556 2.

2125 3565 2146 3604 ί
2178 3567 2237 3619 Et
2262 3567 2466 3618 fratrum
2485 3568 3029 3619 confessiiiueerevisse
3050 3568 3183 3619 Lam.
3216 3566 3342 3619 Bod.
3369 3567 3415 3619 2.
3448 3581 3658 3623 consen-

2056 3631 2201 3695 sione
2220 3629 2355 3681 Coll).
2386 3630 2552 3695 comp.
2587 3630 2705 3682 Tim.
2737 3632 2873 3683 F038.
2908 3628 3034 3683 Vict.

2124 3695 2148 3733 κ
2173 3692 2373 3754 Claruit,
2399 3692 2556 3744 frater
2580 3697 2831 3745 carissime
2860 3696 2993 3744 Laut.
3023 3692 3127 3745 Litt.
3157 3695 3264 3748 ΝΟ.
3291 3695 3335 3755 1,
3361 3695 3410 3746 2.

1684 3888 2045 3946 VARIORUM
2082 3887 2309 3946 NOTAE.

354 4049 537 4127 inquit,
580 4050 635 4104 in
665 4068 751 4127 ore
792 4069 888 4127 suo
916 4061 1084 4123 portat
1111 4053 1464 4127 perditionem,
1498 4060 1542 4106 et
1573 4052 1625 4127 in
1667 4050 1815 4127 labiis
1841 4051 1946 4105 suis

352 4123 518 4193 ignem
548 4123 739 4176 condit.
772 4123 889 4180 Alia
925 4142 1051 4180 vero
1090 4123 1166 4179 sic
1191 4142 1203 4178 :
1234 4124 1539 4190 Perversus,
1569 4123 1749 4191 inquit,
1782 4125 1831 4175 in
1860 4139 1947 4177 ore

354 4211 444 4248 suo
475 4211 705 4263 perversa
732 4206 917 4265 portat,
953 4207 999 4250 et
1030 4201 1081 4252 in
1117 4198 1263 4252 labiis
1296 4196 1592 4266 perditionis
1630 4210 1739 4248 sua!
1775 4195 1945 4266 ignem

353 4266 521 4340 condit
548 4269 628 4320 vel
659 4264 902 4322 condens.
932 4268 1221 4340 Utramque
1247 4264 1404 4324 habet
1433 4266 1789 4340 Fussalensis.
1818 4264 1943 4340 ΕΗ»

352 4352 445 4391 rus
475 4336 527 4411 in
557 4353 654 4391 Stto
684 4340 869 4392 codice
899 4336 1328 4411 leuehatfportat
1356 4355 1609 4411 perversa,
1642 4337 1943 4411 perditionis

352 4424 460 4462 sua:
486 4409 652 4478 ignem
675 4411 914 4464 condens.
952 4412 1041 4467 Sic
1068 4409 1228 4466 etiam
1262 4412 1430 4464 codex
1478 4410 1782 4464 Βειιοθιικίε.
1810 4409 1944 4463 Gra-

354 4480 1004 4562 tianopoli't‘anus,_portat
1032 4483 1326 4546 perditionis
1347 4482 1711 4562 sitwOiqnencet
1750 4481 1938 4562 condit.
1976 4502 2023 4562 ι)

349 4548 408 4603 In
438 4551 573 4624 libro
601 4551 1013 4624 Proverbiorum
1058 4571 1177 4624 cap.
1230 4571 1337 4617 xvt,
1371 4553 1566 4622 legitur
1594 4571 1604 4606 :
1648 4551 1734 4606 Vir
1760 4553 1947 4619 impius

352 4623 481 4697 fodit
514 4623 725 4697 malum,
757 4635 802 4678 et
825 4626 875 4677 in
910 4626 1056 4679 labiis
1085 4623 1191 4697 ejus
1214 4626 1345 4697 ignis
1372 4625 1607 4678 ardescit.
1638 4624 1835 4697 Batvz.

429 4692 597 4767 Quod,
621 4712 949 4764 quamquam.
1005 4692 1117 4750 Non
1154 4692 1285 4749 satis
1317 4696 1556 4765 intelligo
1603 4695 1729 4767 quid
1763 4697 1811 4748 in
1847 4695 1948 4767 hoc

351 4762 475 4818 loco
506 4762 665 4820 faciat
708 4768 1030 4823 vocabulum
1076 4769 1233 4836 quod.
1281 4762 1547 4822 Manutius
1576 4762 1800 4832 addidit,
1832 4765 1946 4820 Mo-

351 4835 536 4908 rellins
569 4841 850 4906 expunxit.
880 4838 1148 4894 Pamclius
1173 4841 1429 4907 reposuit.
1463 4838 1587 4894 Scio
1632 4839 1759 4892 illud
1803 4853 1948 4908 repe-

350 4907 441 4960 riri
497 4907 548 4960 in
610 4925 799 4963 novem
851 4910 1003 4964 libris
1057 4912 1349 4966 veteribus.
1399 4910 1503 4966 Sed
1535 4907 1946 4964 desideraturin

351 4978 599 5032 omnibus
630 4980 770 5035 aliis.
804 4980 918 5049 Ego
966 4983 1211 5037 IUIN‘IIICI‘
1253 4982 1379 5036 illud
1428 4982 1689 5036 delerent.
1725 4980 1839 5035 Non
1872 4983 1949 5035 vi-

346 5049 450 5123 deo
473 5051 617 5104 enim
647 5069 766 5104 rum
789 5069 894 5119 quo
917 5055 1177 5108 vocabulo
1210 5054 1366 5121 hujus
1390 5054 1591 5122 periodi
1627 5056 1793 5122 possit
1820 5055 1947 5123 jun-

346 5122 416 5196 εἰ,
471 5137 578 5196 quo
631 5125 899 5196 respiciat.
951 5124 1041 5178 Sic
1094 5126 1531 5196 Iliel'mtymusin
1590 5122 1835 5196 Epistola
1879 5124 1945 5178 atl

347 5191 615 5261 Algasiam
646 5191 730 5265 dei
761 5195 996 5249 undecim
1039 5191 1404 5265 qua'stionibus
1455 5194 1586 5249 Novi
1641 5194 1947 5250 Testamenti

345 5279 462 5338 cap.
490 5279 544 5328 χ,
576 5264 819 5320 referens
849 5268 1024 5321 locmu
1052 5264 1116 5322 ex
1148 5269 1317 5338 capite
1347 5284 1401 5322 Ill
1425 5268 1677 5335 Epistulae
1710 5267 1855 5320 Pauli
1880 5268 1944 5321 ad

339 5333 715 5407 (Σοιηςεριιδεε.
761 5353 873 5407 qua:
898 5348 1014 5391 sunt
1059 5333 1257 5404 QUIDE'I
1308 5333 1553 5393 rationem
1596 5338 1831 5391 habentia
1857 5348 1944 5392 sti-

343 5406 567 5476 pientiaz.
598 5409 679 5482 ait
713 5427 724 5461 :
774 5406 890 5482 Hoc
943 5410 1054 5482 loco
1096 5412 1300 5480 quidem
1346 5410 1642 5482 conjunctio
1675 5409 1947 5482 superﬂua

341 5487 435 5538 est,
467 5480 605 5547 quod
632 5482 683 5531 in
737 5481 989 5552 plerisque
1034 5481 1159 5535 locis
1206 5494 1413 5549 propter
1439 5479 1769 5552 imperitiam
1820 5481 1946 5534 artis

340 5552 695 5625 grammatice
727 5551 1023 5625 .‘lpostalum
1056 5554 1238 5624 fecisse
1266 5556 1564 5625 reperimus.
1602 5551 1796 5604 BALITZ.

422 5618 696 5693 Manlium.
741 5618 815 5675 Ila
860 5618 1117 5693 scriptum
1160 5632 1242 5678 et~l.
1281 5618 1334 5677 iii
1377 5627 1613 5693 quinque
1667 5622 1943 5676 cothcihtls

343 5691 555 5765 nostris
580 5704 631 5747 ct
671 5694 720 5747 in
751 5691 982 5763 quatuor
1013 5695 1341 5765 Anglicauis,
1368 5691 1476 5748 tum
1507 5694 1679 5765 etiam
1718 5695 1768 5747 in
1798 5694 1942 5747 auti-

341 5762 467 5831 quis
496 5762 841 5837 cditiombus.
872 5762 1137 5821 Manutius
1172 5768 1348 5837 posuit
1372 5765 1637 5820 monitunt.
1669 5764 1941 5821 Morcllius

339 5835 615 5893 revocavit
635 5847 871 5894 veterem
900 5835 1209 5895 lectionem.
1240 5838 1505 5894 Pamelius
1531 5846 1585 5893 et
1614 5838 1794 5893 creteri
1826 5849 1941 5892 ma-

2048 4050 2263 4105 luerunt
2294 4049 2559 4105 monitum.

2052 4121 2279 4177 habetur
2308 4124 2356 4174 in
2391 4131 2597 4192 septem
2627 4122 3025 4192 exemplaribus
3054 4121 3270 4177 nostris.
3309 4123 3506 4179 Bacuz.

2609 4050 2742 4120 Qure
2791 4049 2971 4125 lectio,
3014 4066 3081 4107 ne
3136 4051 3261 4123 quid
3297 4051 3652 4125 dissimulem,

2124 4194 2302 4248 Ertsr.
2338 4191 2479 4247 XIII.
2508 4195 2634 4247 --l.
2671 4192 2855 4247 Frater
2874 4194 3189 4248 charissima.
3214 4194 3434 4250 Multum
3458 4211 3514 4249 se
3542 4195 3663 4252 heic

2050 4262 2246 4319 frustra
2273 4275 2483 4333 torquet
2512 4264 2557 4318 is
2584 4265 2674 4333 qui
2703 4276 2857 4320 notas
2880 4265 3074 4334 adjecit
3121 4265 3186 4319 ad
3217 4265 3508 4320 editionem
3546 4267 3657 4321 Ma-

2049 4337 2319 4408 nutiauam
2347 4345 2430 4408 ut
2483 4337 2713 4408 molliat
2734 4336 3077 4408 asperitatem
3098 4354 3254 4407 quam
3284 4337 3380 4391 sibi
3411 4338 3556 4393 visus
3580 4348 3663 4394 est

2048 4406 2470 4471 denm-hendisse
2496 4410 2544 4461 in
2577 4410 2657 4461 his
2682 4406 2933 4479 Cypriani
2971 4406 3166 4471 verbis,
3194 4420 3463 4479 tamquam
3496 4427 3558 4463 ex
3592 4412 3656 4464 iis

2050 4479 2225 4548 Colligi
2262 4488 2440 4549 posset
2467 4480 2611 4533 illum
2639 4495 2744 4535 non
2779 4482 3018 4549 posuisse
3040 4481 3328 4536 discrimen
3362 4483 3499 4536 inter
3542 4482 3658 4549 epi-

2051 4564 2273 4617 seopum
2298 4551 2594 4605 Romanum
2613 4562 2667 4606 et
2688 4565 2933 4607 caeteros.
2965 4552 3018 4608 Si
3039 4564 3252 4606 notatur
3278 4553 3368 4607 ille
3396 4552 3462 4607 ad
3483 4568 3660 4608 lllttl‘eS

2051 4631 2289 4677 veterum
2351 4633 2650 4689 temporum
2685 4625 3029 4692 respexisset.
3061 4625 3212 4679 facile
3248 4642 3305 4678 se
3334 4625 3401 4677 ab
3422 4640 3481 4678 ea
3519 4624 3664 4678 diffl-

2053 4695 2251 4747 cultatc
2266 4711 2329 4747 ex
2344 4694 2810 4762 plicat-issi-tNide
2834 4712 2950 4764 qutc
2966 4698 3033 4751 de
3061 4696 3160 4749 hoc
3177 4704 3494 4759 argumento
3518 4695 3659 4750 dicta

2055 4779 2084 4817 a
2115 4766 2270 4819 nobis
2300 4779 2418 4820 sunt
2450 4767 2516 4819 ad
2542 4767 2835 4832 Epistulam
2869 4784 2975 4824 xu.
3007 4782 3123 4837 pag.
3160 4766 3286 4821 A29.
3319 4767 3511 4822 Bswz.

2131 4837 2483 4907 Confessione,
2506 4849 2561 4892 at
2575 4839 3335 4906 BaIuzius,consensione.Cutn
3353 4841 3518 4893 editio
3535 4840 3657 4907 Spi-

2052 4912 2228 4963 rensis
2257 4919 2309 4962 et
2343 4907 2541 4963 Veneta
2577 4922 2747 4974 vetus,
2787 4912 2977 4977 inquit,
3012 4911 3080 4963 ita
3106 4911 3361 4979 scriptum
3396 4911 3647 4977 habeant,

2051 4982 2208 5050 eique
2234 4981 2593 5040 consentiant.
2622 4997 2725 5034 non
2750 4983 2921 5036 solum
2946 4981 3216 5036 Erautixca
3246 4994 3298 5035 et
3319 4982 3649 5050 Mureniana,

2053 5052 2147 5106 sed
2177 5052 2335 5119 etiam
2368 5052 2673 5119 quindecim
2727 5065 2905 5108 vetera
2939 5054 3262 5121 exemplaria
3294 5064 3347 5107 ct
3397 5062 3649 5119 execr-pta

2053 5121 2221 5187 Flori,
2250 5124 2424 5189 putavi
2448 5122 2648 5178 debere
2666 5139 2751 5177 me
2775 5125 2843 5177 ita
2869 5140 3152 5192 reponere.
3182 5124 3388 5177 Primus
3414 5124 3654 5177 omnium

2053 5193 2370 5247 llembultus
2420 5194 2586 5248 edidit
2634 5194 2970 5261 confessione.
3017 5194 3156 5249 Infra
3186 5197 3237 5249 in
3267 5196 3402 5249 libro
3429 5195 3492 5247 de
3521 5194 3653 5248 Ura-

2050 5266 2187 5317 lione
2214 5263 2480 5317 Duminica
2511 5280 2610 5334 pag
2659 5262 2765 5319 206
2792 5283 2804 5319 :
2833 5267 3060 5335 Spiritus
3090 5266 3419 5319 consensione
3444 5266 3654 5334 confor-

2050 5352 2175 5407 mes,
2228 5351 2321 5407 pro
2353 5350 2460 5404 quo
2486 5339 2653 5390 codex
2685 5337 3095 5406 Moyssiaceusis
3129 5337 3285 5391 habet
3313 5339 3649 5407 confessione.

2051 5406 2181 5480 Item
2216 5406 2375 5470 infra,
2401 5407 2754 5480 Epist.vau.
2787 5424 2905 5477 pag.
2930 5410 3053 5473 Hii,
3084 5410 3275 5478 legitur
3298 5410 3506 5480 spiritus
3531 5425 3654 5463 cott-

2048 5477 2279 5531 sensione
2307 5479 2621 5543 concordes;
2652 5480 2739 5532 ubi
2768 5482 2940 5535 codex
2968 5477 3499 5535 (iorbcicusis'haltet
3525 5496 3650 5534 cou-

2049 5549 2287 5620 fessione.
2343 5548 2412 5603 Ut
2457 5549 2579 5602 hinc
2611 5560 2867 5620 appareat
2910 5554 3003 5605 ltus
3034 5554 3166 5605 duas
3196 5568 3354 5606 voces
3381 5552 3648 5607 interdum

2049 5628 2377 5689 pertuutatis
2424 5620 2575 5677 facile
2621 5623 2785 5677 fuisse
2833 5639 2862 5677 a
2915 5625 3190 5678 veteribus
3243 5624 3494 5678 librariis.

2120 5761 2184 5818 Il.
2220 5762 2409 5821 Frater
2433 5765 2749 5823 cltarissinte.
2773 5767 2851 5823 lla
2877 5769 2928 5824 in
2958 5697 3377 5824 lattdiitiitgtitlice
3399 5766 3575 5836 Colb.,
3594 5775 3652 5824 ut

2044 5835 2102 5895 in
2131 5845 2360 5906 quatuor
2381 5838 2593 5909 Anglic.
2618 5838 2699 5915 plu
2739 5840 2860 5897 aliis
2889 5851 3092 5906 autem,
3124 5841 3311 5910 fratres
3337 5835 3647 5895 charissimi.
