4250 6224
670 184 769 239 831

1667 182 2100 241 ROMANORUM
2142 184 2557 243 PONTIFICUM
2599 186 2981 246 EPISTOLAE.

3876 191 3982 248 852

671 301 753 357 bis
778 302 967 358 beatus
996 300 1288 372 Apostolus
1335 300 1667 372 prtedicavit.
1720 300 1867 356 Hanc
1912 302 2123 357 laudem
2154 303 2263 357 vir-
2293 311 2346 367 Α
2373 317 2624 373 separare
2672 314 2975 361 tentaverat
3007 303 3026 342 ῖ
3068 320 3234 361 :nam
3287 307 3375 363 cui
3428 322 3535 364 non
3591 317 3675 365 est
3720 308 3985 368 adversus

671 398 800 454 tutis
829 407 884 454 et
908 397 1122 453 roboris
1149 398 1454 453 ﬁrmitatem
1482 398 1592 467 jam
1626 407 1750 451 tunc
1775 397 1826 451 in
1856 398 2046 467 spiritu
2080 400 2278 468 praevi-

672 491 856 558 debat,
890 501 945 548 et
972 494 1247 562 praeconio
1290 490 1589 546 futurorum
1639 492 1827 545 merita
1869 501 2045 547 vestra
2091 503 2275 547 conte-

670 596 839 652 stans,
866 586 989 642 dtnn
1014 595 1265 657 parentes
1291 586 1491 653 laudat,
1528 586 1664 640 lilios
1696 588 2022 656 provocabat
2056 596 2103 641 ει.
2138 588 2270 642 Dum

670 685 749 739 sic
780 685 1059 739 unanimes
1089 683 1138 750 δ,
1173 684 1299 738 dum
1342 684 1421 740 sic
1472 682 1639 740 fortes
1669 684 1819 749 estis,
1853 701 2046 755 magna
2076 698 2129 742 et
2164 703 2273 742 cac-

673 780 806 835 teris
862 779 1114 833 fratribus
1159 779 1531 833 unanitnitatis
1585 787 1639 833 et
1671 778 1998 834 fortitudinis
2026 784 2271 849 exempta

674 870 958 926 tribuistis.
993 871 1259 925 Docttistis
1303 871 1580 941 granditer
1610 872 1777 927 Deum
1809 874 2019 937 timere,
2059 873 2272 929 Christo

678 968 904 1022 firmiter
925 966 1228 1029 adhmrere,
1258 967 1471 1038 plebem
1520 967 1892 1022 sacerdotibus
1939 969 1991 1023 itt
2037 969 2274 1037 periculo

666 1062 841 1134 jungi,
862 1063 913 1116 in
939 1062 1311 1132 persecutione
1338 1063 1530 1117 fratres
1548 1079 1574 1117 a
1598 1061 1851 1117 fratribus
1874 1077 1978 1117 non
2009 1064 2270 1133 separari;

673 1155 1017 1211 concordiam
1070 1155 1229 1209 simul
1254 1156 1493 1224 junctam
1531 1156 1670 1210 vinci
1703 1159 1925 1211 omnino
1944 1172 2048 1210 non
2073 1173 2270 1227 posse;

674 1249 927 1321 quidquid
961 1248 1119 1302 simul
1155 1249 1350 1317 petitur
1379 1265 1406 1302 a
1449 1251 1679 1314 cunctis,
1713 1251 1882 1305 Deum
1933 1252 2080 1322 pacis
2126 1253 2273 1322 paci-

680 1340 796 1396 ficis
820 1341 1099 1398 exhibere.
1136 1341 1451 1397 Prosilierat
1506 1342 1848 1399 adversarius
1889 1352 2096 1399 terrore
2151 1345 2271 1400 vio-

678 1433 823 1488 lento
862 1433 1060 1489 Christi
1091 1442 1264 1489 castra
1300 1434 1552 1499 turbare;
1582 1435 1677 1489 sed
1709 1451 1817 1505 quo
1872 1436 2073 1507 impetu
2106 1453 2272 1494 vene.

675 1536 776 1591 rat,
801 1525 991 1582 eodem
1040 1527 1244 1598 impetu
1275 1527 1461 1597 pulsus
1488 1538 1569 1583 est
1603 1538 1624 1565 ε
1654 1545 1669 1593 ;
1699 1540 1754 1583 et
1782 1540 2038 1599 quantum
2085 1530 2273 1585 formi-

679 1621 818 1675 dinis
848 1629 904 1675 et
933 1621 1154 1675 terroris
1201 1620 1402 1685 attulit,
1435 1630 1636 1675 tantum
1691 1619 2018 1677 fortitudinis
2067 1623 2275 1678 invenit

676 1722 733 1767 et
771 1712 1002 1768 roboris.
1038 1712 1398 1783 Supplantare
1446 1728 1505 1769 se
1547 1714 1739 1769 iterum
1782 1729 1939 1785 posse
1969 1715 2277 1773 crediderat

681 1808 773 1863 Dei
817 1821 1022 1872 servos,
1054 1815 1110 1862 et
1152 1807 1299 1863 velut
1350 1816 1569 1879 tyrones
1595 1816 1651 1863 et
1677 1807 1859 1876 rudes,
1893 1810 2043 1879 quasi
2096 1811 2276 1865 minus

674 1900 927 1973 paratos‘l
958 1912 1013 1958 et
1041 1902 1219 1957 minus
1248 1914 1455 1968 cautos,
1477 1903 1638 1957 solito
1655 1918 1753 1958 suo
1780 1918 1932 1958 more
1959 1911 2273 1960 concutere.

674 1996 849 2054 Unum
878 1997 1054 2067 primo
1084 2012 1371 2068 aggressus
1401 2008 1449 2065 ο,
1479 2008 1534 2053 ut
1560 1999 1715 2069 lupus
1743 2015 1899 2055 ovem
1928 2014 2215 2057 secernere
2244 2016 2272 2054 a

671 2106 857 2162 grege,
900 2098 958 2146 ut
983 2089 1239 2161 accipiter
1277 2091 1582 2147 columbam
1615 2092 1683 2146 ab
1712 2091 1927 2163 agmine
1972 2092 2272 2148 volantium

2382 411 2571 451 omnes
2601 398 2732 453 satis
2753 398 2969 465 virium,
2995 398 3389 457 circumvenire
3413 401 3607 472 qumrit
3633 402 3979 460 solitudinem

2379 494 2736 564 singulorum.
2772 495 2876 551 Sed
2935 505 3151 552 retusus
3186 497 3404 552 adunati
3434 498 3709 554 exercitus
3749 499 3856 555 ﬁde
3884 516 3984 570 pa-

2382 587 2511 641 riter
2537 598 2591 642 et
2623 589 2823 658 vigore,
2852 589 3117 645 intellexit
3155 591 3355 647 milites
3380 588 3583 646 Christi
3612 593 3838 665 vigilare
3862 594 3974 665 jam

2381 681 2612 747 Sobrius,
2671 692 2725 735 ct
2766 692 3007 738 armatos
3054 683 3121 738 ad
3185 684 3426 754 praelium
3482 695 3668 752 stare;
3700 687 3844 742 vinci
3877 702 3983 743 non

2378 791 2560 846 posse,
2594 778 2731 834 muri
2764 793 2958 847 posse;
2990 788 3044 834 et
3074 779 3177 834 hoc
3226 778 3345 849 ipso
3396 780 3626 836 invictos
3676 796 3821 847 esse,
3854 783 3981 854 quia

2380 870 2516 924 mori
2548 887 2654 925 non
2705 872 2893 927 timent
2919 890 2933 938 ;
2967 888 3068 929 nec
3099 889 3398 945 repugnare
3429 885 3617 930 contra
3665 876 3990 947 impugnan-

2383 972 2480 1029 tes,
2515 980 2635 1019 cum
2661 965 2909 1021 occidere
2938 968 3315 1023 innocentibus
3339 983 3439 1023 nec
3467 969 3903 1025 nocentesliceat
3935 981 3984 1038 ες,

2381 1057 2473 1113 sed
2497 1068 2746 1129 prompte
2767 1068 2820 1113 et
2845 1060 3054 1115 animas
3077 1069 3132 1115 et
3153 1061 3467 1133 sanguinem
3493 1061 3699 1117 tradere
3733 1079 3747 1117 :
3771 1072 3826 1117 ut
3854 1077 3985 1119 eum

2383 1160 2531 1207 tanta
2561 1152 2613 1206 in
2645 1153 2848 1208 sacculo
2879 1154 3082 1209 malitia
3110 1164 3166 1210 et
3207 1156 3410 1211 saevitia
3442 1166 3738 1228 grassetur,
3769 1172 3798 1211 a
3826 1158 3988 1215 malis

2375 1261 2424 1304 et
2453 1250 2610 1304 szevis
2642 1252 2879 1306 velocius
2908 1250 3212 1307 recedatur.
3232 1251 3406 1319 Quale
3435 1250 3565 1306 illud
3592 1251 3692 1306 l‘uit
3721 1251 3823 1308 sub
3851 1268 3985 1309 ocu-

2378 1341 2444 1395 lis
2474 1342 2567 1396 Dei
2597 1344 2964 1413 spectantium
3023 1344 3318 1415 gloriosum
3348 1344 3371 1398 ?
3399 1344 3577 1416 quale,
3610 1345 3661 1399 in
3691 1356 3981 1416 conspectu

2378 1438 2575 1493 (hristi
2608 1439 2635 1474 ιι
2667 1438 2784 1508 ejus
2830 1439 3085 1495 Ecclesia:
3128 1455 3240 1495 sua:
3283 1439 3537 1511 gaudium
3572 1483 3588 1506 ,
3637 1439 3703 1495 ad
3753 1456 3981 1512 pugnam

2380 1547 2540 1601 quam
2568 1542 2866 1588 tentaverat
2899 1532 3070 1589 hostis
3101 1534 3323 1597 inferre,
3356 1550 3463 1590 non
3492 1534 3735 1606 singulos
3761 1537 3979 1603 milites,

2380 1625 2474 1681 sed
2506 1632 2610 1680 tota
2641 1626 2802 1681 simul
2830 1637 3005 1681 castra
3035 1628 3331 1698 prodisse?
3361 1626 3563 1684 Omnes
3590 1630 3735 1685 enim
3767 1640 3981 1686 constat

2384 1727 2635 1774 venturos
2667 1718 2852 1783 fuisse,
2882 1720 2926 1775 si
2951 1719 3139 1776 audire
3170 1720 3471 1792 potuissent
3498 1740 3511 1787 ;
3540 1721 3759 1793 quando
3801 1738 3986 1780 accur-

2381 1812 2511 1865 rerit
2566 1811 2971 1881 properanteri
3032 1822 3089 1869 et
3141 1815 3395 1880 venerit,
3455 1816 3702 1887 quisquis
3754 1817 3979 1872 audivit.

2379 1903 2556 1972 Quoti
2602 1905 2710 1961 illic
2745 1906 2879 1977 lapsi
2905 1905 3138 1977 gloriosa
3166 1906 3507 1965 confessione
3533 1917 3657 1964 sunt
3700 1910 3983 1965 restituti?

2381 2000 2660 2054 Steterunt
2708 1997 2894 2067 fortes,
2928 2010 2983 2055 et
3013 2001 3131 2070 ipso
3161 1999 3348 2057 dolore
3380 2003 3709 2072 ptenitentite
3752 2002 3883 2057 facti
3914 2003 3983 2059 ad

2382 2093 2622 2164 praelium
2657 2091 2908 2149 fortiores
2938 2110 2954 2161 ;
2986 2102 3043 2150 ut
3066 2103 3327 2164 appareat
3354 2110 3521 2166 nuper
3548 2092 3811 2150 subitatos
3834 2110 3987 2160 esse,

1853 2252 2231 2310 LECTIONES
2268 2254 2685 2312 VARIANTES.

733 2398 759 2427 α
783 2396 935 2447 Filios
959 2403 1188 2457 provocat
1214 2392 1415 2457 Vindel,
1438 2396 1579 2447 Foss.
1611 2395 1756 2446 Corb.

735 2457 764 2497 δ
789 2458 874 2512 Sic
899 2461 1034 2511 Fovs.
1071 2458 1186 2509 Mic.
1221 2458 1348 2510 Vict.

733 2526 757 2555 ο
786 2523 968 2573 Eodem
995 2523 1222 2572 turbatus
1256 2531 1309 2572 et

670 2587 789 2636 Lam
835 2586 978 2637 Ebor.
1008 2585 1133 2636 Bod.
1159 2584 1205 2634 2.

733 2647 762 2688 εἰ
790 2650 849 2712 lit
868 2650 1005 2712 quasi
1029 2649 1188 2698 minus
1213 2655 1408 2712 paratos
1431 2648 1569 2712 Lam.
1594 2644 1743 2699 Ebor.
1777 2648 1898 2699 Bod.
1925 2647 1971 2697 ‘2.

733 2717 759 2775 ιζ
786 2709 905 2775 Nam
928 2713 1083 2775 primo
1099 2709 1305 2773 agressa
1337 2709 1458 2775 Βοίιτ
1478 2713 1526 2759 5.

733 2771 755 2813 ἲ
783 2771 1034 2839 Supei-are
1054 2771 1330 2826 tentaverat
1354 2774 1477 2826 Bod.
1503 2776 1552 2823 5.

1350 2520 1516 2585 pulsus
1549 2520 1674 2572 Bod.
1716 2521 1764 2570 3.
1802 2521 1994 2586 Impetu
2036 2522 2269 2586 repulsus

2439 2398 2465 2437 ε
2489 2396 2747 2446 Innocenti
2774 2397 2906 2445 Lam.
2936 2396 3061 2447 Bod.
3086 2396 3135 2447 2.

2436 2458 2464 2497 ιι
2492 2458 2550 2509 Et
2591 2459 2699 2520 ejus
2746 2459 2980 2508 Ecclesia!
3019 2460 3254 2519 gaudium
3296 2471 3539 2508 summum
3578 2456 3723 2509 Corb.
3754 2457 3881 2509 Bod.
3930 2460 3986 2511 5.

2372 2521 2520 2574 Ebor.
2552 2520 2654 2574 Lin.
2686 2522 2795 2571 Νη.
2827 2523 2869 2577 t,
2897 2522 2945 2569 2.
2989 2522 3170 2572 Christi
3208 2529 3260 2571 et
3285 2522 3521 2572 Ecclesiae
3557 2534 3661 2573 sua:
3697 2522 3839 2572 Foss.
3864 2524 3985 2573 illic.

2442 2586 2457 2623 ί
2489 2586 2575 2636 Sic
2598 2595 2729 2636 Iv‘oss.
2759 2582 2901 2635 Corb.
2932 2582 3048 2634 Mic.
3084 2584 3215 2636 Vict.
3256 2585 3453 2649 quando
3491 2586 3716 2635 cucurrit
3766 2583 3892 2635 Bod.
3933 2586 3987 2639 '5.

2381 2650 2653 2699 occurrerit
2696 2650 2821 2703 Imp.

2443 2712 2455 2763 i
2492 2712 2582 2777 Qui
2611 2712 2709 2777 illic
2750 2712 2811 2760 In
2833 2725 2925 2777 ms.
2970 2711 3238 2771 Conzpcntl.
3281 2723 3410 2777 quas
3434 2708 3579 2763 lectio
3613 2718 3770 2777 potest
3791 2710 3983 2762 admitti

2381 2787 2493 2825 cum
2515 2773 2607 2825 hac
2629 2775 3032 2839 interpunctioue,
3062 2782 3175 2826 sunt
3197 2773 3445 2835 restituti,
3472 2773 3723 2825 steterunt
3746 2774 3920 2825 fortes.

1989 2925 2352 2984 VARIORUM
2393 2924 2618 2982 NOTJE.

668 3094 803 3149 Tum
834 3092 886 3147 in
909 3091 1071 3148 Corb.

667 3165 788 3222 Mox
822 3166 872 3220 in
899 3163 1197 3233 Compeud.
1218 3164 1530 3236 providebat,
1565 3180 1669 3218 non
1699 3165 2025 3236 prteuidebat.
2057 3163 2255 3236 Eadem

668 3240 877 3293 ratione
895 3236 1119 3292 Romani
1149 3234 1327 3299 exeo,
1356 3235 1497 3304 quod
1529 3234 1716 3289 eorum
1749 3235 1881 3290 lides
1910 3235 1977 3289 ab
1997 3234 2257 3292 Apostolo

668 3309 881 3364 laudata
910 3318 1027 3373 est,
1061 3307 1512 3362 commendantur
1538 3305 1709 3373 Epist.
1768 3323 1877 3371 xu,
1927 3322 1981 3359 η.
2018 3307 2085 3362 15
2143 3306 2258 3374 Ipse

668 3380 846 3436 clerus
876 3380 1150 3434 Romanus
1177 3378 1260 3431 his
1293 3378 1530 3444 Apostoli
1571 3375 1817 3432 laudibus
1845 3379 2171 3441 stimulatus,
2192 3376 2256 3429 ad

669 3450 998 3524 Cyprianum
1024 3450 1194 3524 Epist.
1222 3450 1633 3524 xxxtrescribit
1663 3467 1676 3501 :
1707 3448 1817 3504 Nec
1836 3448 2093 3524 tantas‘de
2118 3447 2259 3501 nobis

672 3520 850 3577 laudes
877 3521 1151 3592 Apostolus
1184 3521 1473 3592 protulisset
1519 3520 1756 3586 dicendo,
1786 3522 1904 3588 quia
1946 3521 2070 3585 ﬁdes
2094 3529 2261 3574 vestra

671 3591 981 3667 prwdicatur
998 3596 1053 3667 in
1070 3602 1172 3645 toto
1202 3591 1535 3667 ntundo,_nisi
1549 3595 1657 3653 iant
1689 3592 1883 3667 exinde
1898 3593 2041 3662 vigor
2063 3593 2155 3645 iste
2180 3608 2264 3643 ru-

668 3663 806 3720 dices
825 3666 945 3733 fidei
972 3666 1035 3719 de
1056 3664 1364 3733 temporibus
1391 3663 1496 3716 illis
1520 3673 1778 3716 mutuatus
1808 3664 2020 3733 fuisset;
2048 3680 2265 3729 quarunt

671 3738 880 3809 laudum
909 3748 953 3792 el
978 3737 1157 3809 gloria:
1173 3735 1468 3809 degenerem
1488 3734 1642 3809 fuisse
1662 3736 1938 3809 maximum
1967 3737 2153 3809 crimen
2171 3744 2263 3787 est.

668 3806 1044 3864 Cousrau'r.l—
1056 3806 1266 3861 Fratres
1282 3807 1586 3859 cltarissimi.
1599 3807 1790 3861 Decem
1809 3807 1923 3861 libri
1943 3808 2104 3859 nostri
2121 3818 2271 3860 vete-

667 3896 776 3941 res.
802 3891 911 3935 tres
936 3880 1234 3948 Anglicani,
1260 3889 1313 3932 et
1335 3888 1584 3946 excerpta
1614 3878 1779 3944 Flori,
1798 3888 1907 3932 tum
1923 3878 2082 3931 etiam
2105 3877 2268 3932 editio

668 3950 912 4017 Manutii,
942 3950 1233 4021 pra-ferunt
1256 3951 1415 4021 frater
1441 3949 1757 4021 charissime.
1789 3950 2063 4021 Quodjam
2103 3949 2263 4003 adno-

669 4024 899 4077 tavimus
918 4019 1226 4093 fieqttenler
1250 4019 1524 4075 actitatum
1556 4019 1721 4076 fuisse
1744 4022 1811 4074 ah
1841 4020 2076 4093 antiquis
2105 4020 2264 4074 libra-

671 4095 766 4149 riis
797 4095 846 4148 in
876 4091 1273 4162 exeuiplarilms
1298 4108 1521 4162 operum
1552 4094 1718 4145 sancti
1737 4093 2013 4164 Cypriani.
2035 4091 2269 4164 Utraque

666 4165 827 4221 lectio
848 4164 985 4220 bona
1005 4165 1243 4221 est.Nam
1259 4165 1503 4235 quamvis
1516 4164 1740 4233 epismla
1756 4163 1951 4232 Scripta
1971 4164 2034 4216 sit
2053 4163 2127 4216 ad
2138 4163 2266 4217 (3ον⁴

668 4238 879 4301 nelium,
907 4246 1084 4291 tamen
1107 4236 1406 4309 Cypriatms
1442 4235 1736 4309 identidem
1779 4250 2087 4309 sermonem
2113 4250 2266 4309 suum

666 4310 934 4363 convertit
978 4308 1043 4361 ad
1079 4307 1295 4363 omnem
1330 4307 1628 4361 Ecclesium
1660 4307 1977 4360 Romanam.
2012 4307 2101 4360 Sic
2128 4307 2268 4375 apud

666 4391 912 4433 sanctum
932 4378 1273 4449 Gregorium.
1292 4378 1383 4433 lib.
1408 4395 1444 4443 ι,
1466 4378 1770 4445 Epistmxv,
1789 4381 1983 4445 scripta
2009 4378 2077 4429 ad
2106 4378 2272 4431 Joan-

667 4467 781 4505 nem
807 4450 1448 4521 Constantinopolitauum,
1479 4449 1750 4520 Eulogium
1768 4450 2195 4513 Alextmdrinum,
2225 4462 2271 4503 et

666 4534 895 4583 crateras.
951 4538 1047 4592 pro
1088 4519 1153 4577 eo
1203 4521 1342 4591 quod
1386 4519 1650 4575 editiones
1698 4521 1896 4574 habent
1924 4521 2056 4574 unde
2084 4521 2272 4590 fratres

666 4594 955 4648 cltarissinu'
984 4593 1155 4648 eodev
1186 4593 1595 4664 MnyssiaCensis
1626 4592 1845 4661 pnefert
1873 4594 2031 4659 {mter
2072 4595 2269 4647 charis-

666 4667 811 4719 sime.
847 4672 1022 4732 Atque
1055 4665 1123 4719 ita
1153 4665 1434 4730 legendum
1458 4678 1579 4718 esse
1606 4665 1729 4718 hinc
1749 4676 1961 4717 constat
1983 4664 2122 4727 quod
2147 4680 2267 4719 cum

666 4736 893 4805 epistola
926 4738 1014 4791 illa
1058 4738 1256 4808 scripta
1286 4738 1355 4790 sit
1380 4753 1407 4787 at
1440 4737 1658 4803 paribus
1688 4736 1752 4789 ad
1795 4738 2080 4805 episcopos
2123 4737 2265 4801 illos,

669 4822 894 4862 necesse
923 4818 1039 4862 erat
1067 4822 1506 4877 unumquemque
1537 4823 1723 4861 etu'um
1756 4808 2013 4875 appellari
2062 4809 2111 4860 in
2159 4808 2272 4862 sin-

662 4880 862 4949 gulari.
895 4879 1081 4934 Obiter
1113 4880 1230 4934 heic
1260 4880 1529 4933 admoneo
1563 4879 1856 4945 Epistulam
1890 4878 2177 4933 Alexandri
2204 4880 2270 4933 ΙΙΙ

668 4968 765 5022 pro
814 4952 1143 5006 monasterio
1173 4949 1492 5022 Piscaticnsi
1538 4951 1650 5022 sive
1694 4952 2033 5022 Casauriensi
2066 4950 2264 5004 editam

666 5020 718 5077 in
751 5032 897 5078 torno
942 5023 1131 5094 quinto
1174 5022 1433 5093 spicilegii
1472 5020 1789 5094 Dacht-riani
1842 5038 1957 5091 pag.
1987 5021 2139 5086 ⁸525,
2195 5023 2265 5075 ita

665 5096 943 5151 emendari
963 5092 1174 5149 debere
1212 5092 1285 5147 'ut
1332 5102 1451 5162 post
1494 5092 1744 5147 Firmano
1791 5095 2029 5162 epiSt‘OPO
2062 5094 2268 5161 legatur

664 5176 1057 5237 consequenter
1111 5168 1326 5237 salutem
1375 5174 1418 5217 et
1468 5166 1796 5232 apostolicam
1850 5165 2261 5220 benedictionem.

668 5240 887 5305 Quanto,
922 5249 973 5293 et
1002 5253 1063 5292 ea
1091 5255 1209 5308 qua:
1238 5236 1562 5305 iuterjacent
1592 5238 1899 5305 reponenda
1928 5248 2052 5291 sunt
2085 5238 2264 5292 statim

665 5320 784 5382 post
814 5310 1121 5380 epistolam,
1153 5310 1521 5382 prout,_etiam
1552 5326 1579 5362 a
1607 5309 1813 5382 Joanne
1844 5308 2064 5382 Berardi
2095 5311 2265 5364 aduo-

664 5380 831 5437 latum
860 5394 944 5438 est
971 5384 1021 5436 in
1048 5382 1306 5436 chronica.
1344 5380 1497 5436 Unde
1528 5391 1581 5435 et
1614 5383 1665 5435 in
1694 5381 2024 5435 chartulario
2051 5397 2117 5436 ex
2159 5396 2266 5451 quo

659 5458 887 5525 epistola
916 5454 1001 5508 illa
1032 5456 1172 5508 edita
1199 5462 1303 5518 est,
1329 5470 1427 5509 vox
1461 5452 1693 5508 similiter
1717 5468 1931 5523 semper
1957 5455 2158 5523 scripta
2184 5462 2266 5509 est

663 5542 784 5581 cunt
816 5527 1001 5581 minio.
1038 5525 1237 5582 Bawz.

747 5616 890 5671 Vinci
917 5618 1146 5676 omnino.
1182 5615 1305 5671 ﬂu‘c
1336 5625 1604 5688 postrema
1633 5632 1762 5676 vox,
1793 5633 1914 5686 quae
1959 5616 2087 5671 mihi
2119 5616 2266 5671 vide-

658 5694 747 5741 tttr
793 5688 1079 5759 superﬂua,
1115 5690 1272 5747 deest
1298 5688 1349 5746 in
1381 5689 1522 5747 libro
1553 5688 1808 5747 Beccensi
1859 5702 1914 5747 et
1962 5688 2014 5743 in
2067 5688 2261 5743 editio-

1105 3092 1233 3163 ﬁtles
1262 3108 1414 3159 quam
1443 3091 1603 3155 vobis,
1637 3091 1752 3146 sine
1776 3092 2152 3161 prmpositione
2174 3090 2252 3142 de.
2287 3088 2330 3150 ί]
2366 3087 2766 3163 nilittshlanutii
2796 3096 2852 3143 et
2877 3086 3123 3163 Morellii.
3157 3087 3368 3163 Bacuz.

2447 3159 2635 3213 Pulsus
2664 3169 2813 3213 estet
2860 3160 3041 3213 rictus.
3091 3159 3411 3214 Addidimus
3458 3156 3600 3213 istud
3652 3159 3976 3215 auctoritate

2365 3234 2523 3286 trium
2581 3242 2821 3285 veterum
2887 3231 3302 3298 exeniplarium.
3362 3229 3539 3286 Unttm
3614 3229 3972 3287 Bodleiauum

2367 3305 2528 3358 habet
2551 3304 2783 3357 turbatus
2808 3312 2852 3356 et
2879 3303 3079 3373 pulsus.
3115 3302 3316 3357 ΒΑιυΖ.

2443 3376 2713 3443 Accipiter.
2754 3375 2865 3428 lluo
2891 3374 3009 3427 libri
3043 3383 3250 3428 veteres
3282 3373 3485 3428 habent
3511 3382 3759 3441 acceptor.
3815 3373 3976 3441 Quod

2368 3446 2506 3499 idem
2533 3457 2635 3501 est.
2680 3446 2811 3501 Vide
2845 3455 2974 3501 tom.
3002 3463 3035 3501 tt
3073 3444 3471 3518 Capitulart'ttm,
3528 3460 3642 3515 pag.
3665 3444 3796 3506 684,
3835 3446 3972 3511 750,

2369 3519 2497 3575 8.30.
2529 3518 2727 3573 Bawz.

2445 3588 2556 3644 Nec
2583 3605 2886 3662 repugnare.
2919 3589 3051 3644 illud
3087 3607 3175 3644 nec
3201 3606 3509 3662 repugnare,
3542 3588 3752 3662 nonad
3782 3591 3975 3657 proxi—

2372 3677 2516 3716 mum
2543 3663 2767 3716 verbum
2803 3662 2996 3727 timent,
3027 3662 3120 3715 sed
3150 3662 3214 3715 ad
3244 3663 3494 3730 superius
3525 3661 3771 3715 intellexit
3797 3662 3981 3719 reler-

2373 3743 2455 3785 tur
2483 3750 2493 3786 :
2523 3733 2625 3787 hoc
2652 3741 2754 3791 est.
2783 3734 3046 3787 intellexit
3073 3734 3268 3787 milites
3287 3734 3484 3788 Christi
3506 3749 3847 3802 nequaquam
3869 3735 3981 3788 vim

2373 3805 2420 3856 vi
2454 3806 2741 3873 repellere.
2790 3805 3028 3859 Subinde.
3081 3807 3131 3857 in
3168 3806 3398 3876 vulgatis
3451 3815 3738 3867 nocentem,
3771 3805 3821 3859 itt
3873 3822 3984 3860 tus.

2371 3876 2526 3929 (Iulli.
2556 3888 2785 3931 nocente.
2820 3876 3061 3944 Reliquzv
3100 3878 3331 3931 orationi
3367 3879 3538 3945 magis
3566 3880 3811 3946 Congruit
3834 3878 3985 3945 quod

2376 3947 2427 4000 in
2461 3949 2620 4001 Corb.
2651 3957 2903 4020 nocentes.
2934 3947 3058 4002 ll:ec
3084 3946 3337 4020 Cypriani
3372 3950 3532 4003 verba
3558 3949 3855 4020 attendant,
3884 3951 3984 4012 qui

2377 4033 2633 4073 nocentes
2654 4088 2657 4089 ν
2681 4019 2930 4075 cecidere
2961 4019 3283 4076 Christianis
3317 4020 3509 4074 leviori
3539 4019 3609 4075 de
3661 4034 3818 4074 causa
3851 4035 3987 4089 per-

2376 4091 2615 4145 ntittunt.
2633 4088 2942 4146 Covsrasr.

2448 4161 2513 4215 In
2545 4174 2817 4227 conspectu
2842 4161 3055 4217 Christi.
3088 4164 3161 4216 lix
3198 4177 3328 4218 mss.
3354 4163 3511 4218 Coll).
3543 4173 3597 4218 et
3623 4161 3787 4219 Corb.
3817 4180 3989 4219 revo-

2375 4247 2561 4288 camus
2587 4236 2719 4303 ejus.
2750 4236 2890 4304 qnotl
2924 4236 2973 4287 in
3010 4236 3239 4305 vulgatis
3267 4235 3475 4290 deerat.
3505 4235 3638 4289 l‘luic
3669 4248 3847 4290 tamen
3876 4253 3988 4289 vo—

2374 4306 2566 4359 cabulo
2595 4307 2645 4358 in
2675 4304 2986 4377 Corbeiensi
3021 4304 3273 4361 secundis
3317 4308 3465 4361 curis
3518 4307 3861 4377 superaddita
3896 4320 3985 4363 est

2296 4408 2348 4468 D
2376 4377 2730 4468 p‘artieulaet.
2764 4376 2919 4468 lllttde
2956 4386 3004 4428 et
3036 4377 3087 4459 in
3119 4379 3241 4468 aliis
3271 4378 3512 4468 utrinque
3543 4376 3791 4461 obtinere
3825 4391 3990 4468 uolat

2374 4446 2699 4519 Oxouiensis
2730 4448 2907 4502 editor
2950 4458 2994 4500 cl
3023 4451 3132 4519 ejus
3162 4446 3439 4515 Ifcclesite,
3461 4453 3665 4505 omisso
3691 4465 3815 4504 suae.
3867 4452 3985 4506 Ea-

2375 4518 2498 4573 dem
2526 4520 2779 4590 loquendi
2809 4518 3047 4584 ratione,
3069 4520 3153 4573 ltic
3184 4520 3383 4575 dicitur
3412 4521 3604 4577 Christi
3629 4523 3755 4589 eius,
3785 4537 3891 4591 qua
3929 4528 3986 4578 in

2375 4591 2641 4659 superiori
2674 4591 2909 4667 Epistola
2965 4608 3121 4667 _x._n.
3149 4595 3202 4656 7,
3236 4592 3437 4667 dictum
3467 4602 3569 4660 est,
3604 4593 3867 4667 Cornelius
3894 4599 3986 4667 [u-

2374 4672 2484 4716 cttts
2525 4673 2595 4716 est
2634 4665 2902 4733 episcopus
2940 4663 3003 4716 de
3027 4662 3123 4717 Dei
3170 4674 3216 4718 et
3246 4662 3563 4735 C/tristicjus
3587 4666 3805 4735 judicio.

3423 4737 3733 4791 Cousrax'r.

2446 4804 2634 4861 Christi
2667 4805 2927 4861 Ecclesim.
2966 4806 3184 4860 Multum
3221 4808 3430 4861 variant
3462 4812 3511 4861 iu
3546 4811 3646 4862 hoc
3680 4811 3799 4862 loco
3841 4807 3976 4863 libri

2377 4887 2589 4932 veteres
2643 4888 2695 4932 et
2761 4890 2971 4933 vett-res
3029 4878 3316 4932 editiones.
3377 4878 3632 4946 Qumdatn
3706 4879 3987 4935 editiones

2373 4948 2606 5019 antiquae
2650 4951 2945 5019 ctqnidan
3004 4950 3120 5003 libri
3175 4962 3386 5004 veteres
3430 4953 3627 5005 habent
3676 4950 3869 5006 Citriin
3926 4965 3976 5006 et

2375 5018 2620 5093 Ecclesia:
2650 5018 2775 5075 ante.
2806 5024 2940 5075 Alibi
2970 5021 3227 5088 S"l'l;iitltll
3254 5035 3338 5076 est
3369 5023 3560 5076 (lu-isti
3587 5023 3763 5093 etrjus
3795 5021 3987 5077 Eccle-

2371 5092 2481 5165 siae,
2517 5091 2837 5165 C/tristisit-c
2874 5093 3115 5165 ltfct'lestte
3156 5095 3287 5165 ejus,
3334 5094 3525 5147 Christi
3552 5091 3794 5148 Ecclesia:
3841 5111 3981 5148 suae.

2374 5163 2636 5231 Em-crpta
2693 5164 2834 5219 Flnri
2889 5163 3077 5219 Christi
3126 5163 3370 5220 Ecclesia:
3398 5182 3506 5219 sua:
3536 5167 3800 5236 gaudium.
3862 5165 3986 5236 Ego

2372 5236 2590 5303 reposui
2616 5237 2899 5290 lectionem
2925 5254 3081 5304 quam
3102 5237 3406 5292 existimavi
3443 5241 3721 5292 meliorem
3750 5251 3983 5291 sensum

2370 5304 2549 5360 facere
2584 5316 2639 5361 et
2683 5324 2802 5372 «ιιιιιε
2847 5307 2975 5361 mihi
3038 5309 3249 5363 videtur
3280 5309 3473 5364 melius
3503 5309 3795 5364 convenire
3850 5324 3984 5364 eum

2370 5379 2510 5451 stylo
2532 5378 2710 5451 sancti
2734 5379 3002 5451 Martyris.
3036 5379 3237 5435 Bswz.

2443 5448 2725 5515 Subitalos,
2771 5450 2843 5524 id
2876 5448 2998 5511 est,
3029 5464 3111 5506 .ut
3142 5453 3322 5508 statim
3375 5453 3608 5524 esplicat
3644 5449 3985 5523 Cyprianus,

2369 5537 2522 5574 novte
2564 5533 2723 5588 atque
2769 5522 2992 5578 insueta:
3034 5525 3108 5577 rei
3163 5541 3361 5591 pavore
3412 5522 3764 5593 trepidantes,
3826 5527 3978 5580 sicut.

2369 5602 2591 5667 sanctus
2616 5594 2973 5667 Hieronymus
2999 5597 3049 5650 in
3079 5596 3317 5663 Epistula
3350 5600 3418 5651 ad
3445 5608 3675 5651 sanctum
3722 5596 3986 5667 Augusti-

2368 5680 2489 5737 num
2530 5664 2598 5720 de
2629 5664 3052 5736 reprehensione
3080 5667 3221 5722 Petri
3256 5670 3351 5724 ait:
3381 5667 3711 5724 Fortissintos
3749 5664 3993 5737 quosque

2370 5736 2552 5792 milites
2579 5737 2742 5795 subita
2769 5738 2899 5793 bella
2920 5739 3255 5806 conturbant;
3283 5751 3338 5796 et
3364 5740 3600 5807 Tacitus,
3638 5740 3732 5795 lib.
3764 5736 3842 5795 iv
3870 5743 3992 5798 Att-
