4252 6258
296 369 405 427 857

1010 369 1359 430 APPENDIX
1398 369 1634 430 ptum.
1679 365 2041 436 Eetsroma
2081 381 2424 443 CORNELIO
2468 377 2860 446 secuturus.

3511 394 3616 460 858

299 487 668 556 pl'JtﬂCSSGt‘il,
697 493 1170 560 perscveretapud
1195 492 1476 547 Dominum
1505 502 1684 547 nostra
1702 492 1922 552 dilectio
1951 501 2000 560 Α
2029 497 2202 556 Patris
2227 519 2332 559 non
2361 517 2533 560 cesset
2565 507 2758 561 oratio.
2803 505 2941 577 Opto
2971 513 3020 564 te
3041 549 3054 576 ,
3083 507 3249 566 frater
3277 509 3613 591 citatissime,

297 596 398 652 pro
429 581 685 638 fratribus
704 591 756 638 et
782 583 1062 640 sororibus
1085 587 1283 640 nostris
1305 586 1443 656 apud
1473 587 1900 643 misericordiam

2011 620 2226 674 semper
2247 604 2383 658 bene
2412 602 2610 655 valere.

1621 772 1984 832 VARIORULI
2014 769 2242 828 NOTAE.

295 928 437 984 aliud
467 937 570 1004 est,
606 939 912 1004 sanctorum
938 932 1511 988 commemorationem
1539 947 1702 1004 agere
1733 943 1787 988 ut
1808 949 1902 990 eo-

296 1019 412 1057 rum
466 1002 944 1057 iutercessinnibus
989 1004 1408 1057 misei'iCordiam
1462 1002 1894 1073 coiisequamur;

296 1091 456 1143 quam
487 1073 715 1128 Sanctus
748 1075 995 1129 iuvoc:ire
1026 1084 1080 1126 ut
1129 1091 1224 1143 pro
1255 1075 1410 1130 nobis
1456 1076 1789 1132 intercedant
1835 1079 1902 1134 ad

298 1146 722 1199 misericordiam
805 1145 1276 1210 c0n5equemlam?
1353 1145 1557 1202 l’AueL.
1611 1178 1682 1188 —
1741 1148 1803 1202 Et
1857 1152 1903 1204 si

294 1217 452 1289 quis.
485 1216 546 1289 lu
593 1217 724 1270 edit.
778 1218 959 1273 Oxon.
1012 1215 1075 1270 Et
1099 1219 1232 1286 quis,
1275 1233 1545 1287 expuncto
1586 1221 1663 1282 si,
1703 1237 1898 1289 quam-

300 1288 549 1362 vis__illtril
592 1298 714 1342 octo
743 1305 870 1343 mss.
914 1291 1120 1358 Anglic.
1156 1306 1285 1362 non
1331 1307 1486 1345 secus
1529 1304 1690 1362 atque
1725 1288 1893 1348 Curb.

298 1359 458 1413 Colb.
493 1359 645 1413 Pass.
687 1370 737 1412 et
771 1365 1010 1428 pristinae
1039 1361 1305 1415 editiones
1333 1359 1644 1416 exhibeani.
1693 1364 1814 1419 Mox
1849 1367 1899 1419 in

297 1446 400 1484 ms.
437 1429 740 1500 Compend.
793 1432 931 1500 apud
989 1431 1180 1498 Deum,
1231 1450 1335 1486 nou
1388 1435 1530 1500 apud
1599 1434 1896 1490 Dominum.

297 1503 374 1556 Ex
410 1503 511 1555 huc
545 1505 660 1553 lora
696 1503 961 1556 l’amelius
988 1504 1216 1558 Sanctus
1245 1514 1364 1574 post
1409 1509 1612 1560 exitum
1659 1524 1686 1559 a
1742 1510 1898 1563 nobis

295 1585 478 1627 nostra
511 1590 706 1628 curare
731 1613 746 1634 .
799 1590 1004 1645 nosque
1035 1576 1151 1630 suis
1175 1578 1313 1646 apud
1351 1579 1514 1632 licunt
1559 1579 1898 1635 orationibus

295 1661 359 1699 ac
392 1647 974 1714 ptltt‘ttClllllSatljthul'e
1001 1650 1191 1700 merito
1216 1648 1450 1702 coniicit.
1489 1650 1727 1704 Violenta
1750 1662 1897 1707 certe

297 1726 352 1771 et
381 1715 566 1770 alit-sua
625 1730 704 1770 eSt
754 1716 1140 1772 Oxoniensium
1201 1721 1576 1784 interpretatio
1631 1721 1771 1775 hunc
1826 1726 1898 1778 ita

296 1789 776 1864 corripientantium
806 1808 815 1842 :
851 1791 1112 1864 Alterutro
1145 1808 1206 1844 ea:
1229 1793 1370 1845 nobis
1396 1791 1626 1858 abeunte,
1662 1795 1764 1846 sive
1803 1811 1896 1864 ego

295 1862 382 1929 qui
412 1858 710 1929 Carthagini
739 1877 956 1931 primum
979 1902 993 1926 ,
1036 1863 1138 1916 sive
1181 1873 1231 1915 tu
1265 1865 1350 1929 qui
1379 1864 1556 1918 Roma:
1610 1858 1854 1934 pra'sidcs
1878 1909 1893 1933 ,

295 1943 566 2004 superstes
581 1934 751 2004 fuerit,
783 1935 864 1986 cui
887 1935 938 1986 in
967 1935 1088 1987 rivis
1120 1935 1311 1988 diutius
1342 1953 1448 1989 esse
1484 1942 1770 2004 contigerit.
1801 1956 1894 2004 pro

298 2015 517 2077 utraque
551 2003 772 2077 Ecclesia
803 2017 1078 2070 perseveret
1106 2018 1149 2058 et
1178 2007 1396 2077 supersit
1426 2009 1565 2076 apud
1595 2003 1758 2062 Deam
1779 2003 1894 2063 ora—

299 2075 389 2150 tio.
427 2074 542 2150 Non
575 2076 714 2127 enim
739 2077 854 2150 ejus
886 2077 974 2145 qui
1001 2074 1276 2144 superstes
1305 2074 1468 2133 fuerit
1521 2080 1614 2133 sed
1647 2080 1765 2148 ejus
1805 2083 1895 2150 qui

298 2145 423 2199 hinc
447 2147 680 2214 migrans
708 2148 772 2200 ad
821 2150 982 2202 Deum
1029 2152 1385 2215 praecesserit,
1417 2152 1591 2204 oratiu
1624 2145 1692 2204 ibi
1747 2145 1896 2207 coin-

300 2218 600 2272 mendatur.
645 2220 810 2272 Porro
842 2221 1160 2274 Sanctorum
1196 2237 1245 2274 in
1301 2223 1440 2277 caelo
1489 2224 1776 2276 fraternam
1819 2225 1893 2278 di-

296 2289 581 2364 lectionem
611 2289 872 2360 integram
907 2307 1258 2364 perseverare
1287 2311 1443 2347 neum
1475 2297 1768 2363 negaverit.
1789 2295 1891 2364 Ipsi

297 2361 631 2414 Uxonieuses
648 2363 886 2416 editores
906 2364 1124 2416 minime
1146 2363 1393 2419 dubitare
1417 2382 1472 2418 se
1501 2361 1664 2428 aiunt,
1693 2361 1891 2420 (minias

296 2433 351 2484 in
374 2432 499 2484 caelo
537 2444 761 2502 reci-ptas
792 2436 1027 2500 precibus
1055 2434 1217 2488 Deam
1245 2437 1552 2500 sollicitare,
1582 2448 1632 2489 ut
1664 2439 1714 2489 in
1744 2440 1892 2492 terris

297 2506 555 2572 agentium
587 2507 902 2558 misereatur.
937 2507 1089 2572 Quod
1125 2524 1244 2559 (sum
1281 2524 1592 2574 persuasum
1626 2511 1886 2571 habeant,

298 2591 634 2648 consequor“
665 2577 894 2648 videtur,
923 2590 977 2648 ut
1006 2589 1058 2632 et
1087 2577 1216 2647 ipsis
1244 2597 1556 2647 persuasum
1581 2581 1669 2641 sit,
1705 2597 1890 2648 preces

297 2647 361 2699 ad
417 2647 630 2699 eo~dem
677 2647 822 2701 fundi
872 2647 1088 2703 debere.
1145 2649 1222 2702 Illi
1278 2661 1452 2705 tamen
1489 2651 1568 2703 his
1599 2647 1890 2718 pr:eiui~sis

298 2718 602 2792 subjiciunt,
639 2718 745 2772 Sed
785 2736 884 2772 non
919 2722 1036 2773 inde
1062 2723 1331 2785 con/icitur
1377 2739 1545 2792 preces
1571 2725 1638 2774 ait
1672 2723 1891 2776 Sanctos

300 2791 448 2864 [undi
478 2792 673 2864 debere.
715 2792 849 2858 Quid
882 2808 1008 2864 vero
1035 2793 1173 2846 istud
1207 2804 1346 2846 vetat
1368 2791 1389 2845 ?
1417 2794 1550 2860 Quia
1571 2835 1582 2852 .
1611 2795 1888 2864 inquiunt,

299 2861 435 2914 Deos
474 2862 560 2928 qui
612 2873 793 2932 ragat,
828 2862 969 2932 facit.
1008 2867 1110 2930 An,
1159 2881 1362 2932 qua-so.
1418 2867 1556 2919 Deos
1604 2861 1776 2919 facere
1831 2882 1890 2921 se

299 2934 640 3005 existimabat
669 2933 861 2986 Paulus
892 2935 1076 2990 lidelcs
1097 2979 1110 2998 ,
1141 2951 1366 3003 quorum
1399 2953 1492 3005 pro
1527 2953 1584 2990 se
1617 2935 1890 3005 ﬂagitabat

299 3004 530 3073 preces?
558 3005 636 3057 An
666 3007 825 3059 lleum
848 3004 1740 3077 faciebatCyprianusCornelium,
1766 3024 1888 3062 cum

300 3090 425 3148 eum
452 3077 691 3140 rogabat,
716 3091 768 3131 ιιι
794 3079 837 3131 si
870 3079 1016 3146 prior
1044 3081 1109 3131 ad
1144 3079 1308 3131 Deum
1329 3081 1580 3147 migraret
1613 3080 1775 3146 ipsius
1797 3095 1890 3148 pro

297 3147 552 3201 fratribus
605 3151 742 3217 apud
798 3149 970 3203 Patris
1023 3151 1443 3205 miserictirdiam
1498 3169 1601 3205 nun
1655 3147 1891 3206 cessaret

298 3221 496 3291 oratio?
514 3221 847 3286 Sijustorum
874 3222 923 3274 in
957 3223 1111 3275 terris
1134 3224 1436 3290 degentium
1465 3239 1649 3291 ωερε-ε
1667 3239 1889 3280 exorare

299 3290 457 3353 licet,
516 3306 610 3344 cur
639 3307 743 3345 n0n
787 3303 840 3347 et
879 3308 1064 3348 eorum
1095 3293 1182 3358 qui
1206 3297 1315 3361 jam
1351 3295 1401 3348 in
1433 3290 1583 3348 cirris
1618 3294 1725 3348 Deo
1758 3297 1887 3349 vici-

300 3363 478 3435 niores
508 3365 670 3416 sunt?
701 3363 747 3419 Α
795 3364 1048 3435 Cypriani
1098 3365 1338 3418 doctrina
1382 3366 1634 3420 recedere
1679 3383 1735 3419 se
1786 3381 1891 3422 non

297 3433 620 3488 existimavit
659 3433 1026 3504 Augustinus,
1087 3452 1207 3490 cum
1257 3438 1351 3491 lib.
1399 3453 1469 3491 vu
1525 3443 1588 3491 de
1631 3437 1892 3504 Baptismo

298 3517 433 3558 cont.
459 3505 722 3582 Donat‘._,c.
751 3510 803 3575 l,
831 3510 1001 3582 ipsum
1026 3509 1277 3582 iuvamus
1302 3510 1464 3582 dixit:
1490 3511 1701 3579 Adjuvet
1721 3512 1892 3582 itaque

301 3593 392 3630 nos
416 3578 725 3632 orationibus
754 3582 858 3633 suis
889 3581 939 3634 in
985 3581 1129 3633 istius
1179 3581 1346 3635 carnis
1378 3578 1686 3634 mortalitate
1706 3624 1718 3644 ,
1757 3578 1888 3635 tam-

293 3664 446 3718 quam
465 3649 516 3702 in
533 3652 812 3720 caliginosa
832 3653 958 3705 nnbc
980 3652 1289 3716 laborantes,
1324 3662 1373 3704 at
1393 3653 1616 3706 donante
1647 3653 1885 3722 Domino,

295 3733 547 3788 quantum
604 3739 890 3789 possumus,
940 3725 1069 3777 bona
1115 3725 1224 3791 ejus
1287 3725 1558 3779 imitemur.
1606 3727 1703 3792 Qui
1760 3742 1887 3781 vero

294 3792 571 3847 Orationes
603 3805 810 3864 nostras
831 3798 895 3848 ad
925 3798 1154 3850 Sanctus
1187 3799 1466 3862 pervenire
1507 3813 1661 3864 posse
1691 3797 1882 3862 desire-

293 3863 627 3937 r_a_tit,_quid
679 3866 747 3917 sit
788 3865 1056 3928 Ecclesia,
1103 3867 1226 3936 quid
1269 3867 1465 3921 Christi
1495 3863 1710 3936 corpus,
1758 3868 1885 3937 quid

294 3935 442 3988 illius
465 3934 715 4003 Spiritus,
749 3953 854 4005 qtto
875 3938 1005 4006 juin
1028 3934 1213 3992 omnes
1233 3981 1246 4000 ,
1273 3942 1384 3992 sive
1409 3940 1458 3991 in
1480 3934 1658 4002 terris,
1679 3934 1790 3993 sive
1840 3942 1890 3995 in

293 4007 468 4069 caelis,
489 4007 539 4059 in
561 4023 720 4080 unum
755 4012 1193 4080 constringuntur
1213 4049 1226 4076 ,
1248 4012 1513 4079 ignorant.
1543 4010 1708 4065 Unius
1735 4011 1887 4080 quip-

299 4094 365 4146 pe
396 4080 629 4152 Spiritus
663 4079 923 4152 beneﬁcio
955 4079 1135 4136 mutua
1182 4095 1264 4136 est
1297 4082 1663 4136 membrorum
1708 4098 1884 4152 quttu-

299 4150 492 4224 tumvis
506 4151 823 4224 distantium
850 4154 1282 4224 cetnmuuicatio.
1319 4152 1499 4224 Neque
1526 4154 1681 4217 enim,
1716 4150 1890 4224 inquit

300 4221 646 4290 Augustinus,
679 4223 770 4276 lib.
801 4239 868 4278 xx
899 4225 960 4277 de
983 4224 1091 4280 Civ.
1127 4223 1237 4289 Dei,
1268 4242 1312 4278 c.
1359 4221 1424 4286 9;
1457 4226 1656 4288 piorum
1702 4221 1889 4278 nntiate

297 4304 611 4348 mortuorum
633 4306 938 4363 separantur
968 4297 1030 4350 ab
1054 4295 1305 4365 Ecclesia,
1352 4313 1466 4368 qua:
1486 4298 1793 4352 etiamnunc
1815 4306 1889 4352 est

2008 947 2219 1002 regnum
2249 928 2457 983 Christi.
2493 927 2730 1002 Alioquin
2757 944 2845 1002 nec
2879 932 3224 1002 eorum/iere!
3269 939 3514 992 memoria
3557 941 3612 995 in

2010 999 2469 1074 communicatione
2496 1001 2722 1074 corporis
2753 999 3012 1054 Christi...
3047 1001 3152 1074 Cur
3175 1007 3304 1058 enim
3324 1009 3452 1074 [iant
3481 1012 3574 1064 ista
3593 1054 3606 1073 ,

2007 1076 2110 1127 nisi
2130 1075 2249 1139 quia
2276 1073 2448 1136 ﬁdeles
2477 1072 2625 1124 etiam
2651 1073 2875 1141 defuncti
2909 1073 3130 1126 membra
3185 1077 3295 1144 ejus
3325 1072 3462 1132 sunt
3490 1082 3514 1134 .9
3557 1072 3610 1138 Si

2009 1156 2186 1199 autem
2215 1145 2280 1198 ab
2310 1144 2552 1198 Ecclesia
2602 1159 2708 1197 utin
2741 1157 3078 1212 separantur.
3115 1148 3156 1198 si
3188 1149 3389 1204 Christi
3440 1167 3609 1207 mem-

2010 1217 2101 1271 bra
2154 1225 2307 1274 sunt.
2344 1225 2397 1269 et
2435 1232 2500 1270 ea
2557 1216 2769 1283 quidem
2818 1219 2971 1279 viva,
3023 1220 3143 1287 quis
3174 1220 3466 1275 absurdum
3519 1237 3609 1279 aut

2009 1306 2114 1343 non
2150 1291 2320 1358 ρίιιίιις
2355 1299 2514 1342 recta:
2541 1287 2748 1361 rationi
2779 1298 3204 1343 consentaneum
3255 1294 3460 1360 judieet
3482 1337 3497 1361 ,
3552 1305 3611 1350 ut

2006 1362 2337 1431 reliquorum
2393 1359 2757 1435 membrorum
2789 1370 2993 1435 _ino_tus
3034 1359 3397 1434 all‘eetusque,
3453 1359 3611 1435 prout

2011 1430 2152 1486 Deus
2195 1433 2460 1495 voluerit,
2492 1430 2754 1491 sentiant,
2788 1431 3042 1485 Ecelesim
3091 1443 3250 1487 voces
3279 1430 3521 1502 audiam,
3546 1455 3608 1494 ac

2008 1519 2276 1572 propenso
2304 1505 2484 1554 :miuiu
2513 1503 2578 1554 ad
2609 1503 3038 1557 subveniendum
3065 1506 3110 1559 ei
3146 1506 3508 1562 inclinentur?
3551 1509 3608 1566 Si

2005 1577 2164 1629 etiam
2196 1575 2263 1628 ita
2300 1574 2504 1649 placet,
2540 1576 2711 1649 “ratio
2737 1585 2915 1649 nostra
2945 1576 3190 1649 quaedam
3223 1589 3306 1632 est
3339 1581 3604 1649 Episrola,

2005 1663 2146 1716 qur,
2180 1646 2503 1722 Augetur-uin
2535 1661 2635 1722 one
2663 1648 2711 1698 iu
2737 1647 2931 1722 coalum
2966 1647 3190 1716 perlata,
3221 1649 3452 1713 Sani-tis,
3475 1646 3609 1722 quo-

2007 1735 2121 1771 rtun
2157 1719 2448 1784 pttll'ticlltltt
2484 1718 2854 1786 imploramus,
2900 1719 3207 1784 innotescit,
3257 1722 3364 1775 Deo
3396 1724 3474 1777 sic
3493 1718 3605 1778 'or-

2003 1789 2224 1844 dinante
2245 1801 2296 1842 et
2353 1789 2608 1842 Ecclesia:
2650 1804 2760 1842 sua:
2789 1791 3103 1858 inspirante,
3136 1801 3191 1846 ut
3233 1807 3352 1847 cum
3378 1794 3605 1851 Sauctos

1929 1874 1975 1933 Β
2006 1862 2346 1922 itivocmnus,
2375 1875 2493 1941 quas
2522 1863 2607 1941 pie
2635 1861 2936 1941 viventibus
2966 1865 3242 1941 peudeuda
3273 1868 3342 1919 sit
3369 1883 3608 1938 merces,

2006 1935 2204 1986 animis
2247 1934 2445 1986 nostris
2489 1935 2647 1984 altius
2687 1933 3040 1996 imminuitur.
3075 1935 3273 1990 BALUZ.

2076 2005 2387 2059 I’erseveret.
2442 2002 2635 2058 Nescio
2661 2003 2857 2073 quibus
2903 2007 3200 2062 rationibus
3221 2008 3481 2063 adductus
3512 2010 3606 2065 Ri-

1997 2077 2193 2146 galtitts
2244 2077 2476 2151 CXJIgllill.
2519 2077 2655 2129 lianc
2704 2077 3049 2151 sententiam,
3102 2094 3165 2133 ac
3212 2080 3256 2132 si
3302 2080 3604 2151 Cyprianus

1997 2151 2199 2202 sentire
2241 2158 2292 2202 et
2323 2149 2544 2202 credere
2579 2163 2684 2201 non
2718 2149 2953 2216 potuerit
2976 2152 3204 2204 Sanctus
3229 2149 3606 2207 etiaindetuu-

1997 2231 2112 2274 ctos
2136 2235 2233 2290 pro
2277 2221 2408 2272 vivis
2436 2237 2614 2282 orare,
2646 2221 2959 2290 ulidixerat
2993 2220 3263 2277 Pamelius
3293 2225 3342 2276 iu
3371 2235 3604 2278 annota-

2000 2288 2150 2345 tione
2171 2291 2234 2344 ad
2263 2291 2400 2343 lnmc
2429 2291 2626 2345 locum.
2695 2288 2826 2344 Nam
2879 2294 3018 2359 quod
3055 2296 3128 2346 ait
3161 2299 3238 2347 vir
3261 2296 3604 2351 dortissimus

1999 2361 2113 2417 baac
2146 2364 2306 2416 verba
2341 2363 2591 2431 Cypriani
2624 2377 2729 2415 nun
2779 2377 2899 2416 esse
2930 2365 3241 2432 accipienda
3292 2367 3360 2420 dc
3404 2383 3470 2422 eo
3513 2370 3604 2436 qui

1998 2449 2094 2502 per
2141 2436 2381 2504 martyrii
2429 2449 2684 2487 COl'tlllalll
2742 2437 3112 2502 praet-essi-rit,
3159 2453 3278 2491 cum
3339 2441 3604 2495 orandmn

1997 2523 2101 2559 non
2131 2509 2198 2559 sit
2229 2522 2321 2572 pro
2353 2518 2608 2576 martyre,
2652 2507 2806 2572 cujus
2836 2509 3070 2576 Sanguis,
3124 2518 3183 2562 ut
3212 2509 3285 2562 ait
3316 2510 3605 2568 Tertullia—

1999 2594 2096 2628 nus
2131 2582 2178 2628 in
2213 2578 2562 2644 Apologutica,
2595 2587 2700 2630 tota
2759 2578 2988 2644 paradisu
3042 2580 3208 2632 clavis
3255 2592 3370 2645 est;
3405 2582 3470 2635 fal
3497 2581 3604 2637 itur

1998 2651 2255 2717 proiecto.
2292 2665 2427 2723 cuiu,
2452 2650 2748 2718 Cyprianus
2776 2666 2878 2700 non
2915 2659 3059 2723 petat
3089 2661 3144 2703 ut
3177 2653 3328 2705 vivus
3359 2664 3476 2706 oret
3507 2671 3603 2723 pro

1997 2735 2257 2793 prin-iyre,
2287 2721 2379 2772 Sl'tl
2415 2729 2470 2793 ut
2499 2729 2698 2789 martyr
2729 2735 2826 2793 pro
2861 2723 2978 2773 vivo
3009 2721 3290 2774 [)niuinum
3321 2721 3598 2793 precetur.

1997 2791 2398 2845 Illustrissimus
2426 2791 2749 2844 Uxomensis
2781 2791 2921 2844 hunc
2943 2795 3092 2845 istius
3113 2794 3214 2846 loci
3239 2791 3456 2848 seti~um
3481 2812 3602 2851 esse

1994 2865 2222 2932 putavit,
2247 2877 2294 2914 ιιι
2325 2865 2366 2915 ιη
2385 2860 2722 2933 Clu-istianus
2745 2865 2832 2931 qui
2863 2864 3016 2918 alteri
3042 2874 3315 2933 superstes
3337 2865 3513 2928 fuerit,
3539 2868 3604 2920 si-

1998 2931 2058 2986 ve
2083 2936 2402 3004 Cyprianus,
2436 2931 2545 2986 sive
2572 2932 2878 2998 Cornelius,
2925 2931 3232 3004 perseveret
3278 2940 3328 2990 in
3360 2940 3602 2994 oratione

1993 3023 2094 3075 pro
2145 3015 2365 3075 utraque
2414 3006 2685 3070 Ecclesia,
2730 3022 2900 3074 neque
2941 3007 3147 3060 dubitat
3203 3009 3410 3061 animas
3463 3011 3602 3066 οωιο

1997 3093 2240 3148 ιυριιριειδ
2271 3079 2435 3130 [leum
2460 3090 2572 3147 opt.
2607 3089 2746 3130 max.
2770 3078 3062 3132 sollicitare
3091 3089 3144 3133 ut
3169 3081 3218 3133 in
3251 3082 3409 3134 terris
3435 3097 3602 3148 agen-

1997 3151 2126 3223 tium
2159 3149 2495 3223 inrisereatur.
2534 3149 2894 3223 llierunymus
2919 3151 2968 3202 iu
3006 3151 3142 3204 libro
3169 3153 3429 3207 adversus
3461 3153 3604 3223 Vigi-

1995 3221 2218 3274 lantiam
2251 3238 2262 3274 :
2300 3221 2359 3274 Si
2391 3221 2623 3290 Apostoli
2664 3231 2710 3273 et
2761 3232 3008 3292 martyres
3062 3223 3231 3276 adhuc
3281 3223 3332 3275 in
3388 3221 3602 3294 corpore

1999 3294 2259 3346 constituti
2282 3305 2492 3361 possunt
2516 3309 2663 3345 orare
2683 3309 2774 3360 pro
2795 3295 3008 3359 rwteris,
3033 3295 3234 3362 quando
3251 3312 3344 3363 pro
3368 3314 3418 3349 se
3434 3299 3604 3350 adhuc

1999 3364 2175 3417 debent
2207 3380 2312 3417 esse
2347 3365 2572 3430 solliciti,
2606 3372 2794 3431 quanto
2829 3366 2988 3435 magis
3031 3377 3143 3435 pust
3175 3383 3413 3434 coronas,
3445 3369 3603 3421 ricta-

1998 3438 2122 3500 rins,
2156 3445 2202 3489 et
2243 3439 2550 3502 triumphos.
2606 3436 2904 3508 lpseietiam
2939 3439 3237 3508 Cyprianus
3279 3442 3328 3492 in
3359 3441 3508 3495 calce
3537 3439 3602 3494 li-

1997 3509 2077 3563 bri
2107 3510 2170 3560 de
2200 3509 2534 3572 Mortatttate,
2567 3524 2684 3577 pag.
2714 3507 2849 3573 256,
2898 3511 3085 3564 scribit
3111 3511 3319 3564 mutuas
3340 3513 3480 3566 cano
3513 3527 3602 3567 re-

1996 3590 2200 3647 ceptas,
2228 3581 2294 3632 de
2326 3596 2420 3632 sua
2457 3581 2822 3634 incolumitate
2851 3595 3090 3650 securas,
3115 3581 3294 3638 adhuc
3319 3584 3387 3638 de
3419 3595 3605 3641 nostra

1995 3652 2170 3706 Salute
2201 3667 2321 3704 esse
2347 3652 2627 3704 Sullit'itas.
2652 3650 2848 3705 Bswz.

2068 3723 2218 3794 Aput!
2249 3722 2545 3779 Dominam.
2590 3722 2709 3778 Noli
2743 3734 2950 3796 mutare
2975 3725 3112 3781 hanc
3140 3725 3451 3794 lectionem,
3477 3728 3603 3796 quia

1995 3795 2132 3869 bona
2159 3804 2264 3869 est,
2294 3805 2346 3869 et
2378 3797 2720 3869 reperiturin
2740 3795 3028 3851 dutidccim
3063 3801 3288 3853 vetustis
3313 3795 3596 3869 exciitplav

1993 3865 2161 3920 ribus.
2217 3865 2348 3918 lllud
2382 3876 2582 3918 tantum
2612 3867 2810 3928 dicam,
2847 3880 3058 3923 veteres
3087 3871 3354 3924 editiones
3382 3881 3434 3926 et
3467 3865 3594 3926 octo

1995 3937 2158 3991 libros
2189 3947 2395 3990 veteres
2430 3939 2628 3989 habere
2662 3936 2845 3990 Deam.
2897 3937 3075 3994 Manet.
3101 3952 3279 3995 autent
3306 3939 3447 3996 idem
3478 3958 3604 3998 scn-

1993 4024 2084 4063 sus
2111 4008 2615 4077 quomoducmnque
2654 4009 2818 4076 legas.
2853 4007 3052 4064 BALUZ.

2069 4079 2174 4132 Pro
2223 4079 2484 4154 fratribus.
2538 4077 2675 4132 llutc
2706 4083 2866 4154 otiati}
2911 4083 3090 4152 colligi
3121 4097 3279 4151 posse
3327 4093 3458 4152 puto
3485 4085 3597 4154 Cy-

1995 4153 2239 4222 priamun
2264 4149 2559 4206 credidisse
2584 4162 2800 4206 sanetos
2845 4150 2898 4208 in
2925 4149 3065 4210 coelo
3108 4149 3266 4278 oraée
3292 4149 3385 4223 pro
3409 4149 3565 4214 vivis.
3591 4209 3596 4215 .

3235 4241 3389 4278 ALUZ.

3235 4241 3389 4281 ALUZ.

578 4516 1248 4526 _._____..._.____.

307 4513 3604 4569 Eam

1090 4725 2096 4870 APPENDIX
2154 4723 2834 4868 PRIMA.

956 5071 1508 5237 EPISTllIiM
1613 5075 1928 5233 CllllN]

1997 5073 2156 5230 L10
2240 5072 2930 5230 ADSCRIPTill.

1389 5401 2493 5444 ——~————-E====3‘}i======-'—'—-_'

570 5641 809 5683 IONITUM
850 5641 902 5681 ΙΝ
943 5637 1234 5680 EPISTOLA!
1275 5633 1614 5684 SEQUENTE“.

367 5783 445 5838 Ex
473 5781 691 5836 archivo
714 5779 1040 5838 Viennensis
1060 5776 1309 5834 ecclesizc
1340 5783 1512 5841 eruta,
1545 5780 1599 5828 et
1629 5769 1894 5827 Johannis

292 5895 320 5934 a
355 5877 530 5934 Bosco
552 5891 714 5946 opera
749 5877 800 5932 in
829 5873 1157 5933 bibliotheca
1185 5866 1519 5928 Floriacensi
1547 5867 1712 5933 edita,
1741 5874 1890 5937 post-

883 6077 911 6092 ο

1920 5589 1974 5651 D
2003 5588 2218 5643 modum
2258 5603 2286 5642 ει
2338 5589 2568 5644 Baronio
2616 5591 2683 5647 ad
2731 5607 2856 5648 aun.
2892 5596 3020 5666 555,
3075 5609 3129 5654 et
3184 5601 3322 5658 inter
3375 5606 3605 5665 concilia

2001 5699 2190 5738 recusa
2214 5691 2329 5737 est:
2355 5682 2450 5737 sed
2476 5682 2646 5740 nihilo
2680 5687 2940 5756 majorem
2976 5707 3086 5762 prie
3131 5707 3191 5748 se
3223 5695 3327 5750 fert
3371 5698 3604 5754 sinceri-

2002 5776 2126 5831 tatis
2176 5775 2437 5846 speciem,
2486 5793 2644 5848 quam
2676 5781 2988 5852 superiores
3034 5801 3101 5841 ex
3143 5789 3334 5846 eodem
3380 5792 3604 5852 archivo

2001 5869 2306 5940 descriptae.
2366 5870 2547 5927 t'ritno
2579 5874 2798 5942 quidem
2849 5876 2903 5934 iu
2939 5879 3052 5949 ipsa
3084 5882 3408 5943 salutatione
3447 5887 3608 5960 ιυρι-
