4250 6224
707 242 812 301 859
1443 239 1804 300 'APPENDIX
1843 240 2075 298 PRIMA.
2121 241 2482 300 EPISTULA;
2523 241 2866 299 CORNELIO
2907 241 3332 300 ADSCRIPTA-I.
3917 242 4014 300 διε)

706 362 884 428 ciuus,
940 366 1125 415 contra
1177 373 1383 415 morem
1436 359 1595 430 hujus
1640 361 1844 426 szeculi,
1889 361 2308 430 archiepiscopus
2340 365 2388 422 Λ
2417 360 2673 412 adornata
2721 360 2946 426 primum
2975 374 3037 412 ea:
3085 375 3210 412 mss.
3256 354 3569 411 Bohieriano
3621 364 3670 410 et
3718 354 4017 426 Remigiono

705 453 1030 525 appellatur.
1065 453 1115 507 ld
1141 452 1356 523 quidem
1411 453 1675 508 Baronius
1718 453 2010 508 emendare
2058 455 2267 508 euravit
2297 497 2312 519 ,
2421 453 2632 522 prodiit.
2672 451 2865 505 Mirum
2893 462 2965 505 est
2995 468 3106 505 eam
3155 451 3218 503 ab
3247 451 3445 504 erudito
3471 452 3580 504 viro
3623 451 3702 503 uel
3733 461 3786 503 ut
3818 451 4019 505 dubiam

715 557 768 602 et
793 562 890 617 pro
921 546 1328 615 archiepiscopo,
1392 546 1670 601 substituit
1717 547 1991 616 episcopo:
2046 547 2139 600 sed
2191 563 2312 601 cum
2420 546 2639 616 proponi
2667 547 2909 614 potuisse,
2942 562 3057 599 cum
3091 546 3291 599 nullum
3333 544 3434 599 veri
3465 545 3812 599 characterem
3843 562 3948 615 pra:
3970 563 4020 601 se

713 638 914 696 nullius
944 639 1142 692 veteris
1163 638 1365 692 codicis
1393 640 1717 694 auctoritate
1744 641 2137 695 correctionem
2161 655 2310 694 suam
2423 641 2573 707 (erat.
2605 637 2831 711 Indigna
2852 650 2925 693 est
2943 639 3198 704 amicitia,
3230 655 3345 709 qua:
3373 636 3610 693 Cornelio
3627 655 3745 692 cum
3767 636 4020 709 Cypriano

714 730 1010 795 fuleiverit,
1061 742 1244 786 manet
1297 732 1410 800 ipsa
1463 733 1854 803 suppositionis
1925 745 2073 789 nota.
2131 734 2314 806 Neque
2415 731 2484 784 ad
2515 741 2727 785 mortem
2753 748 2908 798 usque
2938 732 3055 802 fuit.
3088 731 3270 800 Neque
3299 731 3469 784 minus
3497 740 3692 801 pugnat
3719 748 3834 785 cum
3863 733 4018 788 histo-

708 827 881 897 magis
907 826 1098 880 eodem
1127 841 1242 880 (nvo
1274 827 1525 880 usitatum
1550 836 1633 882 est
1660 826 1834 882 Missa:
1861 843 2079 893 nomen,
2101 830 2175 884 uti
2202 831 2311 898 jam
2414 824 2524 876 rica
2560 825 2788 885 veritate,
2823 840 2887 876 ea:
2915 840 3016 892 qua
3043 824 3444 878 controversiam
3477 825 3540 876 de
3564 823 3832 893 Baptismo
3857 829 4023 883 hwre-

713 920 765 975 in
801 919 1170 989 suppositilias
1200 919 1277 972 Pii
1325 919 1585 989 epistolas
1629 932 1710 975 est
1761 922 2132 976 observatum.
2182 923 2314 988 Quis
2419 918 2635 971 ticorum
2672 928 2869 970 tantum
2919 928 3034 986 post
3065 917 3288 971 Cornelii
3319 928 3530 971 mortem
3571 919 3703 972 inter
3732 917 4021 975 Romanum

711 1013 873 1068 etiam
935 1022 1060 1067 ante
1105 1013 1562 1082 persecutionem,
1614 1029 1716 1083 qua
1761 1014 1966 1069 interiit
2004 1015 2309 1080 Cornelius,
2419 1012 2713 1079 pontiﬁcem
2761 1023 2807 1063 et
2857 1008 3315 1081 Carthaginensem
3365 1020 3540 1064 natant
3587 1028 3712 1078 esse,
3765 1023 3921 1082 atque
3965 1031 4021 1068 ex

711 1103 904 1159 Missas
935 1104 1135 1172 publice
1171 1119 1332 1174 agere
1381 1104 1704 1159 Christianis
1757 1107 1970 1161 licuisse
2013 1109 2314 1177 largiatur?
2415 1104 2647 1172 epistola:
2673 1104 2913 1158 secunda:
2938 1102 3188 1174 Cypriani
3217 1104 3286 1157 ad
3316 1105 3639 1175 Stephanum
3657 1123 3842 1175 papam
3874 1124 4023 1162 occa-

713 1199 826 1254 lloe
860 1208 1036 1254 tamen
1069 1209 1286 1266 sonant,
1318 1215 1437 1268 qum
1467 1200 1517 1254 in
1548 1199 1786 1254 subnexa
1811 1203 2040 1271 epistola
2069 1203 2309 1257 Cornelii
2416 1195 2559 1248 δῑοηε
2585 1196 2744 1265 fuisse
2765 1197 3058 1260 επείῑαιαηιν
3083 1195 3162 1249 νει
3187 1213 3250 1249 επ
3265 1193 3592 1268 Cyprianij
3609 1198 3764 1268 huius
3791 1201 4019 1269 epistola!

710 1295 927 1349 nomine
955 1295 1282 1349 scribtmtur.
1312 1294 1578 1349 Praeterea
1612 1297 1912 1351 secundmn
1942 1297 2245 1352 Johannem
2279 1313 2307 1351 a
2415 1290 2632 1343 Ιεεῑῑοιιθ
2661 1289 2837 1358 ίίίιιιειι
2874 1289 2972 1344 ΠΜ
2999 1290 3158 1360 ίθίιιιν
3184 1290 3431 1360 Ruﬁnus.
3455 1292 3545 1345 ίίίι-
3568 1292 4020 1360 “bc-3.60m"?-

703 1387 878 1444 ltosco
909 1387 1216 1443 Florentius
1243 1387 1492 1457 Lupicini
1539 1391 1796 1445 decessor
1834 1410 1853 1443 ι
1884 1403 2123 1460 tempora
2175 1391 2312 1446 Gor-
2343 1447 2384 1460 ἢ
2415 1383 2630 1438 versiam
2660 1382 2722 1436 de
2738 1380 3003 1455 Baptismo
3043 1384 3399 1439 hwreticorum
3419 1385 3510 1440 sub
3558 1386 3784 1441 Cornelii
3815 1389 4017 1458 ponti/i-

700 1482 865 1545 diani,
900 1482 1154 1552 Philippi,
1184 1482 1326 1537 Decii
1360 1481 1496 1537 Galli
1527 1493 1581 1537 et
1619 1483 1894 1537 Volusiani
1923 1484 2253 1538 decucurrit.
2283 1503 2302 1538 ›
2340 1481 2386 1505 υ
2415 1488 2532 1532 catu
2564 1481 2775 1549 omnisse
2802 1482 2998 1546 scribit,
3047 1492 3224 1534 contra
3250 1492 3536 1551 temporum
3563 1493 3861 1537 accuratam
3890 1485 4018 1538 noti-

700 1578 770 1633 At
793 1577 884 1648 qui
903 1577 1227 1633 Volusianus
1276 1586 1482 1631 tantum
1510 1592 1656 1632 anno
1677 1576 1785 1633 252
1813 1588 1937 1632 ante
1959 1578 2077 1647 julii
2109 1579 2310 1632 mensis
2413 1573 2555 1638 (iam,
2588 1573 2726 1642 quod
2756 1574 2980 1627 insolens
3028 1575 3075 1627 ei
3119 1591 3220 1629 non
3270 1585 3364 1641 est,
3400 1592 3613 1645 peccare
3650 1577 3899 1631 dicendus
3925 1588 4011 1633 est.

705 1671 914 1725 exitum
946 1680 1160 1726 creatus
1213 1677 1298 1724 est
1343 1669 1636 1739 Augustus,
1689 1679 1744 1724 et
1795 1669 2076 1724 Cornelius
2130 1671 2309 1724 medio
2416 1665 2553 1719 Eum
2576 1683 2692 1720 vero
2722 1667 2830 1720 illic
2852 1668 2906 1720 id
2930 1669 3067 1738 quod
3093 1667 3348 1736 Stephani
3376 1679 3468 1734 est,
3509 1668 3750 1725 Cornelio
3780 1672 4015 1738 tribuere,

695 1779 886 1820 mense
910 1764 1220 1832 septembre
1262 1762 1388 1816 anni
1420 1761 1662 1831 ejusdem
1694 1761 1912 1817 vivendi
1944 1765 2104 1817 finem
2158 1761 2305 1830 fecit,
2413 1760 2525 1813 sola
2576 1760 2843 1813 verborum
2895 1761 3038 1815 illius
3105 1762 3351 1815 relatione
3400 1765 3636 1817 omnibus
3685 1765 3858 1834 palam
3908 1766 4010 1833 ﬁet.

697 1872 817 1912 cum
844 1857 1122 1927 aliquanto
1145 1867 1300 1911 antea
1325 1855 1770 1924 comprehensus,
1800 1858 1967 1912 Deum
2000 1855 2305 1923 confessus,
2410 1851 2673 1922 Cumque.
2707 1855 2893 1925 inquit,
2943 1853 2995 1909 id
3025 1871 3055 1909 a
3084 1853 3354 1926 Cypriano
3399 1865 3455 1911 et
3473 1857 3687 1912 caeteris
3719 1874 3857 1928 pene
3889 1876 4006 1913 om—

699 1965 764 2005 ac
790 1950 1062 2019 relegatus
1090 1949 1316 2014 fuisset;
1366 1951 1503 2005 adeo
1531 1960 1587 2004 ut
1610 1950 1880 2021 Cypriane
1909 1950 2304 2005 confessionem
2415 1950 2574 2004 nibus
2606 1967 2699 2020 per
2723 1952 2957 2006 Africam
2991 1953 3364 2007 sacerdotibus
3404 1962 3658 2023 oportere
3688 1955 3803 2008 fieri
3829 1955 3920 2024 (id
3950 1964 4016 2008 est

700 2043 819 2112 ejus
853 2043 1077 2108 rescire,
1111 2044 1561 2114 etgratulatorias
1589 2044 1656 2100 de
1682 2044 1770 2097 illa
1794 2044 2000 2098 litteras
2029 2044 2095 2097 ad
2131 2046 2303 2114 ipsum
2411 2044 2674 2097 han-etieos
2734 2043 3044 2115 rebaptizari
3072 2044 3091 2115 )
3147 2044 3561 2110 decerneretur;
3621 2044 3918 2101 Cornelius
3968 2053 4021 2101 et

697 2137 940 2192 scribere
973 2138 1207 2193 licuerit.
1239 2138 1595 2206 Quandouam
1630 2139 1791 2207 igitur
1823 2137 1984 2193 scribi
2040 2139 2154 2192 hare
2186 2139 2303 2208 epi-
2409 2138 2590 2192 caueri
2611 2154 2798 2193 omnes
2817 2155 2912 2209 per
2932 2139 3137 2195 Italiam
3160 2141 3477 2197 sacerdotes
3495 2141 3794 2210 huiusmodi
3814 2143 4019 2198 decre-

693 2232 828 2287 stola
855 2234 1060 2302 potuit?
1085 2245 1177 2288 aut
1199 2249 1295 2288 cur
1318 2235 1604 2289 Cornelius
1633 2234 1767 2288 nihil
1801 2237 1849 2288 in
1883 2250 1944 2288 ea
1965 2234 2030 2288 de
2060 2250 2308 2302 compre-
2412 2239 2549 2294 tum,
2587 2239 2840 2286 manente
2871 2233 3184 2300 concordia,
3217 2235 3539 2300 refutarunt,
3571 2245 3872 2290 statuentes
3925 2253 4022 2290 an-

695 2325 961 2382 hensione
989 2338 1041 2381 et
1064 2328 1410 2384 confessione
1437 2345 1551 2394 sua,
1577 2329 1707 2383 nihil
1737 2329 1803 2383 de
1830 2330 2032 2384 recenti
2063 2327 2303 2398 Lupicini
2417 2321 2639 2391 liquitus
2657 2337 2685 2376 ει
2721 2323 2963 2392 patrihus
2987 2339 3150 2394 super
3168 2325 3535 2381 hoctraditam
3555 2327 3797 2397 regulam
3817 2327 4018 2384 debere

693 2413 1041 2472 ordinatione
1071 2417 1348 2487 loquitur?
2419 2418 2661 2472 servari:
2693 2434 2811 2488 qua:
2838 2419 3170 2482 continebat,
3204 2431 3327 2490 post
3354 2421 3716 2490 abjectionem
3762 2422 3913 2491 pravi
3966 2431 4018 2477 et

2411 2511 2814 2566 confessionem
2847 2513 2981 2568 recti
3013 2513 3301 2584 dogmatis,
3335 2516 3449 2568 sola
3471 2530 3568 2570 eos
3593 2531 3784 2570 manus
3838 2518 4016 2588 impo-

1288 2574 1622 2632 EP'STOLA
1666 2575 1706 2628 Ι·
2409 2607 2607 2662 sitione
2646 2607 2968 2678 purgandos.
3017 2574 3114 2662 lbi
3147 2574 3355 2664 enim'si
3398 2609 3624 2666 Cornelii
3668 2613 3782 2667 loco
3831 2574 4019 2668 saliui-

765 2725 1060 2768 conNngs
1086 2724 1368 2766 Episcopus
1417 2727 1611 2764 enim
1661 2726 1904 2766 ιωηριιςο
1950 2727 2227 2767 manus.
2409 2711 2582 2756 tuatur
2611 2702 2931 2772 Stephanus,
2971 2721 3087 2758 cum
3130 2704 3398 2776 Cypriani,
3433 2708 3735 2778 Augustini,
3768 2710 4018 2763 aliorum-

1145 2819 1550 2861 ABCBIEPls‘CUPU
1591 2814 1615 2841 ιι
1657 2820 1921 2861 SALUTEM.
2331 2847 2375 2910 Ο
2407 2815 2503 2869 que
2529 2799 2855 2869 Scriptorum
2882 2801 3033 2854 dictis
3064 2801 3286 2871 Ruﬁnus
3316 2820 3528 2874 prorsus
3556 2806 3909 2860 concordabit.

768 2939 939 3005 Scias,
971 2940 1133 2994 frater
1161 2939 1475 2994 beatissime
1497 2937 1546 3004 ι),
1568 2954 1750 2995 aream
1780 2940 2114 2996 Dominicam
2149 2952 2308 2997 vento

2484 2955 2802 3012 Dilectionis
2851 2967 2954 3012 tute
3007 2974 3114 3014 non
3161 2958 3501 3015 delectabilia
3554 2970 3609 3018 et
3651 2972 3840 3018 contra
3894 2961 4017 3018 fidei

703 3033 1096 3106 persecutionis
1120 3036 1382 3090 acerrime
1421 3036 1775 3100 commoveri,
1825 3045 1880 3091 et
1907 3037 2098 3092 edictis
2130 3039 2300 3107 impe-
2410 3049 2654 3120 regulam
2678 3050 2878 3120 scripta
2897 3053 3135 3122 suscepi,
3161 3054 3211 3107 in
3234 3054 3429 3124 quibus
3447 3071 3677 3112 nauseas
3700 3059 4018 3128 recognovi,

696 3139 936 3184 ratorum
975 3126 1309 3182 Christianos
1351 3127 1550 3198 ubique
1598 3129 1882 3183 tormentis
1913 3130 2078 3184 variis
2131 3129 2297 3184 affici.

2409 3153 2464 3198 et
2493 3160 2699 3199 venena
2729 3161 3042 3201 sermonum
3069 3148 3330 3203 adversus
3361 3149 3685 3206 catholicam
3719 3167 3816 3223 per
3842 3163 4022 3206 totum

698 3221 835 3277 Nam
864 3223 915 3276 in
941 3221 1072 3276 urbe
1091 3221 1259 3275 Roma
1288 3220 1604 3291 praefectusc
1629 3221 1696 3276 ad
1721 3221 1822 3276 hoc
1843 3221 2171 3276 constitutus
2199 3233 2300 3277 est.

2409 3240 2596 3294 orbem
2621 3238 2867 3296 diffusam
2899 3240 3200 3297 Ecclesium
3231 3241 3584 3299 horribilibus
3613 3260 3642 3298 a
3666 3255 3716 3300 te
3737 3248 4025 3314 supersuri

701 3315 855 3371 Unde
912 3330 1085 3385 neque
1136 3315 1364 3385 publice,
1422 3331 1595 3384 neque
1644 3316 1724 3374 in.
1758 3317 1959 3388 cryptis
2005 3317 2303 3372 notioribus

2408 3335 2626 3389 zizaniis
2675 3350 2780 3390 non
2816 3335 3051 3390 laudavi.
3104 3337 3235 3404 Quae
3272 3347 3393 3406 peto
3440 3338 3696 3392 velociter
3745 3338 3910 3392 tollas
3959 3354 4029 3394 ac

696 3408 888 3464 Missas
945 3423 1106 3476 agere
1157 3407 1481 3462 Christianis
1537 3407 1680 3462 licet.
1739 3407 2072 3463 Exhortctur
2126 3410 2303 3481 itaque
2409 3428 2764 3498 ρηηδωηηρς,
2794 3430 2945 3496 Quod
2983 3431 3370 3501 priusquidcm
3405 3441 3455 3486 le
3481 3431 3652 3486 facere
3689 3431 4031 3499 oporlcba,’

697 3502 947 3558 Charitas
980 3515 1156 3557 vestra
1207 3518 1398 3557 omnes
1451 3503 1736 3557 credentes
1772 3505 1824 3558 in
1883 3503 2181 3574 Christum,
2237 3524 2303 3563 ne

2407 3537 2566 3592 quam
2597 3524 2646 3576 in
2675 3522 2877 3578 inundo
2914 3523 3111 3579 lethale
3141 3525 3286 3580 virus
3314 3525 3622 3596 adspersam
3672 3525 4031 3593 simplicium

697 3596 923 3651 timeant
955 3611 1051 3650 eos
1077 3596 1166 3665 qui
1200 3595 1458 3650 occidunt
1486 3612 1704 3666 corpus,
1736 3598 1830 3652 sed
1861 3600 2038 3668 potius
2061 3614 2184 3654 eum
2214 3601 2302 3670 qui

2407 3623 2460 3668 et
2491 3616 2852 3670 innocentium
2879 3617 3211 3673 interficeret
3242 3629 3475 3674 mentes.
3504 3617 3618 3673 Non
3643 3633 3768 3688 ergo
3784 3618 4037 3687 dignum

698 3688 865 3743 habet
894 3703 1092 3758 corpus
1109 3697 1163 3743 et
1191 3689 1426 3744 animam
1450 3700 1768 3759 potestatem
1790 3693 2047 3760 perdendi
2071 3693 2088 3765 (
2114 3692 2300 3748 Matth.
2407 3719 2489 3762 εει
2519 3708 2876 3778 re|,ap.izare_
2899 3710 3267 3780 Ergoeradica
3309 3721 3365 3766 οι
3395 3712 3624 3776 θχιιιῖρθ’
3664 3721 3721 3766 ιη
3745 3711 4033 3778 diximus.

695 3797 730 3838 Χ
761 3825 776 3851 ,
833 3779 967 3853 28)·
1049 3781 1168 3837 ³³1111
1222 3783 1406 3852 Plures
1463 3785 1688 3838 fratrum
1746 3785 2006 3856 martyrio
2059 3788 2301 3842 εοΐυηθιί
2408 3798 2710 3856 floruleutis
2738 3779 3079 3857 sermonibus
3121 3811 3280 3873 atque
3329 3802 3504 3873 dignis
3536 3818 3630 3872 per
3657 3804 4036 3873 posteriorem

695 3889 840 3936 sunt.
894 3879 1000 3935 Ora
1053 3891 1110 3934 ut
1161 3879 1506 3950 perficiamus
1546 3897 1764 3937 cursum
1800 3892 2044 3938 nostrmn
2079 3886 2232 3939 nobis
2265 3902 2296 3941 a
2409 3895 2694 3964 epistolam
2745 3893 2928 3964 priora
2981 3895 3207 3964 scripta,
3261 3911 3383 3966 qua:
3442 3905 3633 3951 centra
3685 3895 4036 3951 callmlicum

697 3972 927 4027 Domino
956 3972 1277 4028 revelatum.
1307 3973 1460 4040 Vale,
1507 3974 1673 4029 frater
1696 3975 1749 4030 in
1775 3976 2019 4044 Domino,
2043 3986 2096 4033 et
2129 3980 2306 4033 saluta
2411 3988 2572 4042 [idem
2610 4004 2830 4044 servare
2858 3998 3188 4044 censuerunt,
3214 3989 3488 4059 genimina
3518 3989 3848 4059 viperarum.
3902 3988 4044 4044 Non

693 4079 884 4122 omnes
906 4067 994 4136 (Ιυῖ
1028 4082 1126 4122 "05
1153 4076 1335 4122 aulam
1362 4068 1413 4122 ίη
1453 4066 1690 4124 Chl‘iSlO-
2409 4082 2552 4136 enim
2583 4084 2740 4137 decet
2767 4093 2928 4138 tanta:
2955 4084 3104 4138 urbis
3132 4084 3428 4138 antistitem
3455 4084 4041 4140 excellentissimum.

1282 4225 1620 4283 Εριδτοιλ
1659 4226 1702 4282 υ
2338 4171 2391 4230 Ι)
2417 4193 2526 4248 que
2555 4177 2853 4246 doctorem,
2885 4188 2942 4233 ut
2965 4177 3092 4233 dum
3119 4189 3274 4249 putas
3298 4178 3522 4234 hmresis
3550 4177 3824 4248 Baptisma
3882 4195 4046 4249 pra:-

1578 4268 1620 4282 ’⁸
1659 4268 1725 4283 ³⁸⁸
2411 4271 2804 4338 damnandum,
2827 4287 3012 4328 verum
3035 4271 3307 4342 Baptisma
3321 4271 3668 4326 sermOuibus
3691 4271 3999 4325 maculare
4015 4268 4046 4306 ιι

2399 4368 2610 4434 audias,
2639 4382 2760 4437 quae
2802 4365 2954 4421 doles
2998 4372 3187 4419 contra
3233 4364 3553 4432 Apostolnm
3601 4363 3815 4418 scilicet
3864 4379 4053 4432 repu-

2397 4475 2565 4530 gnare
2590 4459 2895 4514 dicentem:
2937 4455 3080 4512 Unus
3107 4453 3270 4522 Deus,
3300 4472 3402 4509 una
3432 4455 3580 4525 ﬁdes,
3613 4471 3767 4511 unum
3799 4453 4051 4524 Baptis-

763 4544 831 4602 In
855 4549 1129 4606 novissima
1159 4550 1413 4622 Cypriani
1430 4552 1654 4610 editione
1676 4551 1859 4623 Steph.
1886 4552 2092 4606 Baluzii
2123 4552 2292 4608 studio
2398 4570 2556 4608 mum.

1055 4401 1302 4443 CORNELU
1330 4404 1478 4444 ΡΔΡίε
1509 4406 1576 4444 ΑΙ)
1609 4405 1931 4446 οἲΡΙίΙΑΝυΜ.

1908 4720 2290 4780 LECTIONES
2357 4720 2775 4778 VARIANTES.

757 4872 783 4945 ξι
808 4871 1052 4945 Episcopo
1077 4879 1257 4945 B_aron.
1765 4894 1773 4898 ”
2474 4884 2498 4945 εἷ
2522 4881 2796 4945 Imperator
2823 4883 3000 4932 Baron.

750 4933 780 4974 δ
806 4933 1070 4992 Carissime
1093 4943 1280 4992 Baron.
2475 4943 2503 4983 ιι
2522 4933 2718 4996 Audeas
2739 4958 2849 5009 quae
2872 4945 3012 4997 vides
3029 4945 3169 5006 forte.
