4252 6258
313 297 412 355 8M

317 467 1279 492 Μ

1621 285 1966 347 APPENDIX
2006 285 2340 346 SECUNDA.

3525 279 3631 338 84⁸2

917 600 1938 757 APPENDIX
2012 603 2662 754 SECUN
2669 601 2998 746 DA.

321 932 1092 1024 DECRETALES
1131 927 1730 1015 EPISTOLE
1772 928 1862 1011 S.
1902 914 2507 1009 CORNELIO
2555 920 2882 1003 ΡΑΡλἘ
2916 906 3638 1003 ADSCRIPT/E.

1749 1150 2226 1208 @NEDIQO-

826 1337 1165 1396 EPISTOLA
1197 1334 1433 1392 PRIMA.

329 1495 395 1537 DE
441 1491 844 1534 TRANSLATIONE
891 1488 1167 1531 οοιιροιιυιι
1224 1483 1604 1527 APOSTOLORUM
1661 1482 1817 1523 PETRI
1869 1481 1936 1520 ΕΤ

401 1589 582 1630 PAULI:
618 1589 687 1628 ΕΤ
718 1587 787 1627 DE
816 1584 1058 1634 NOVATO,
1095 1581 1338 1630 ALIISQUE
1369 1577 1687 1620 HERETICIS.

332 1729 659 1787 C/tarissimis
680 1736 828 1796 atque
850 1723 1190 1780 dilectissimis
1217 1721 1483 1792 fratribus,
1503 1727 1695 1774 sancta:
1716 1715 1810 1770 Dei
1832 1714 1937 1770 Ec-

406 1823 577 1878 clesia:
607 1821 758 1889 ﬁliis,
792 1829 838 1874 et
868 1817 1101 1873 omnibus
1127 1813 1351 1869 Domino
1378 1822 1514 1867 recta
1545 1811 1648 1878 ﬁde
1677 1807 1941 1879 {anmlan-

416 1913 578 1980 tibus,
609 1911 872 1969 Cornelius
899 1910 1184 1981 episcoPus.

413 2068 670 2125 Videtisa
709 2065 981 2122 charitatis
1036 2071 1229 2118 vestrae
1297 2060 1763 2124 benevolentiam,
1822 2058 1946 2129 quia

336 2164 724 2238 Apostolorum
764 2168 1037 2215 amatores
1076 2158 1237 2222 estis,
1271 2170 1564 2225 eorumque
1592 2153 1748 2208 ﬁdem
1775 2163 1827 2207 et
1854 2152 1950 2207 do-

336 2258 567 2314 ctrinam
596 2254 813 2319 tenetis,
848 2251 1062 2308 decrevi
1092 2250 1243 2305 vobis
1271 2249 1541 2310 scribere,
1585 2246 1813 2300 Domino
1856 2262 1952 2300 au-

339 2363 511 2414 ctore,
543 2347 790 2419 quazdam
822 2361 888 2400 ex
919 2344 999 2399 his
1031 2360 1150 2412 quae
1176 2359 1317 2398 nunc
1359 2341 1617 2411 temporis
1648 2339 1951 2395 necessaria

341 2452 470 2498 sunt
495 2441 654 2506 sciri,
679 2449 734 2494 et
761 2454 882 2509 qua:
911 2435 1052 2507 apud
1086 2451 1184 2490 nos
1216 2436 1266 2489 in
1300 2433 1538 2489 Ecclesia
1569 2432 1831 2497 Romana,
1861 2446 1956 2485 au-

342 2535 567 2590 xiliante
588 2531 836 2596 Domino,
862 2530 1068 2585 meritis
1090 2530 1472 2598 Apostolorum
1498 2541 1669 2596 nuper
1691 2535 1808 2579 acta
1831 2533 1958 2579 sunt

344 2629 456 2686 sive
474 2636 764 2700 geruntur:
783 2625 1060 2696 quoniam,
1087 2623 1456 2694 patrocinante
1483 2619 1768 2688 charitate,
1791 2617 1958 2674 credo

350 2735 444 2774 vos
471 2729 693 2790 paterna
733 2716 904 2787 gratia
946 2716 1143 2785 scripta
1185 2713 1330 2768 sedis
1373 2711 1684 2782 apostolicae
1727 2711 1957 2766 libenter

349 2813 625 2883 suscipere
646 2854 661 2877 ,
704 2820 760 2866 et
797 2809 1042 2866 mandata
1083 2809 1199 2878 ejus
1227 2821 1485 2878 peragere
1505 2847 1519 2874 ,
1552 2814 1713 2876 atque
1744 2805 1812 2860 de
1839 2804 1957 2874 ejus

356 2904 684 2976 profectibus
707 2902 1000 2974 gratulari:
1031 2902 1153 2972 quia
1182 2899 1423 2971 quisquis
1451 2913 1510 2954 se
1541 2898 1592 2952 in
1622 2897 1800 2953 radice
1831 2895 1960 2952 cha-

351 3000 528 3055 ritatis
574 2997 796 3062 inserit,
845 3011 944 3052 nec
986 3011 1016 3049 a
1061 2993 1332 3049 viriditate
1374 2991 1591 3058 deficit,
1640 3007 1740 3047 nec
1785 3006 1814 3044 a
1848 2988 1959 3044 fru-

353 3093 528 3150 ctibus
559 3091 838 3154 inanescit,
871 3105 970 3144 nec
999 3103 1183 3143 amore
1215 3085 1577 3143 fmcunditatis
1607 3099 1742 3154 opus
1771 3083 1961 3139 efficax

353 3186 566 3240 amittit.
619 3185 736 3254 Ipsa
782 3184 924 3238 enim
957 3181 1195 3237 Charitas
1227 3189 1444 3235 exercet
1487 3179 1649 3234 corda
1685 3179 1921 3234 ﬁdelium
1945 3220 1958 3242 ,

355 3293 546 3334 sensus
575 3277 926 3340 corroborat,
959 3283 1018 3329 ut
1051 3273 1184 3328 nihil
1214 3288 1400 3344 grave,
1435 3271 1566 3326 nihil
1599 3271 1834 3332 difﬁcile.
1868 3269 1963 3325 sed

357 3373 452 3428 fiat
482 3379 651 3429 totum
682 3371 844 3427 dulce
880 3367 1025 3440 quod
1048 3369 1243 3439 agitur,
1273 3367 1400 3422 dum
1430 3366 1546 3438 ejus
1576 3365 1850 3438 preprinm
1871 3366 1962 3431 sit,

360 3466 568 3521 nutrire
594 3463 941 3520 concordiam
964 3503 979 3529 ,
1009 3476 1226 3516 servare
1258 3459 1506 3515 mandata
1525 3500 1540 3526 ,
1580 3468 1740 3530 atque
1782 3457 1960 3512 disso-

359 3559 496 3615 ciata
521 3558 884 3629 conjungere,
916 3569 1076 3626 prava
1108 3553 1342 3625 dirigere
1361 3595 1376 3617 ,
1404 3561 1460 3608 et
1483 3561 1708 3607 cmteras
1737 3551 1964 3606 virtutes

361 3652 711 3726 perfectionis
741 3667 853 3707 suae
882 3649 1180 3705 munimine
1210 3647 1465 3704 solidare.

437 3746 774 3816 Quapropter
802 3759 936 3814 rogo
967 3758 1064 3799 vos
1100 3742 1254 3798 nobis
1282 3741 1676 3812 congratulari,
1713 3738 1840 3810 quia
1878 3754 1964 3795 ro-

363 3846 494 3910 gatu
521 3837 798 3909 cujusdam
825 3836 1038 3892 devota:
1065 3834 1279 3891 femina:
1301 3844 1460 3904 atque
1485 3831 1830 3888 nobilissimae
1857 3849 1966 3888 ma-

1586 3941 1974 4006 LECTIONES

430 4070 458 4102 ³
490 4068 674 4123 Fidens
694 4070 944 4145 charitatis
963 4073 1146 4119 vestrae
1171 4062 1523 4116 benevolentia
1552 4063 1698 4114 Labb.

1963 1329 2015 1388 Α
2042 1333 2211 1380 tronae
2233 1323 2448 1379 Lucina:
2477 1325 2652 1380 levata
2684 1335 2808 1380 sunt
2834 1341 3059 1396 corpora
3090 1329 3469 1398 Apostolorum
3506 1331 3652 1388 Petri

2038 1425 2092 1472 et
2121 1414 2271 1470 Pauli
2299 1415 2367 1470 de
2393 1415 2750 1471 Catatumbis.
2783 1417 2851 1472 Et
2879 1419 3053 1487 primo
3081 1420 3298 1490 quidem
3334 1421 3473 1477 beati
3497 1422 3651 1478 Pauli

2040 1525 2262 1579 corpus,
2308 1511 2540 1566 levatum
2565 1511 2803 1578 silentio,
2832 1516 3066 1583 positum
3095 1527 3176 1570 est
3203 1518 3252 1570 in
3282 1518 3484 1587 praedio
3510 1536 3652 1590 prae—

2042 1601 2199 1657 dicta:
2215 1611 2498 1667 matronae,
2527 1604 2606 1658 via
2621 1603 2855 1660 Ostiensi
2875 1607 2940 1660 ad
2963 1607 3102 1662 latus
3132 1609 3218 1663 ubi
3236 1609 3534 1668 decollatus
3548 1623 3652 1669 est.

2045 1696 2240 1752 Postea
2281 1712 2410 1752 vero
2447 1698 2590 1753 beati
2619 1699 2999 1769 Apostolorum
3041 1703 3297 1773 principis
3327 1705 3469 1761 Petri
3501 1723 3656 1764 acce—

2043 1790 2220 1861 pimus
2264 1805 2482 1860 corpns,
2524 1800 2579 1846 et
2620 1780 2984 1848 condccenter
3023 1798 3299 1864 posuimus
3337 1797 3466 1853 illud
3505 1800 3658 1869 juxta

2047 1881 2228 1938 locum
2275 1883 2365 1938 ubi
2414 1883 2708 1939 cruciﬁxus
2749 1895 2866 1952 est,
2914 1886 3053 1942 inter
3083 1903 3308 1959 corpora
3351 1904 3660 1950 sanctorum

2049 1974 2426 2045 episcoporum
2463 1980 2514 2030 in
2545 1978 2747 2047 templo
2771 1980 3055 2048 Apollinis,
3082 1981 3134 2036 in
3160 1993 3342 2039 monte
3373 1986 3573 2053 Aureo,
3607 1989 3660 2044 in

2051 2070 2312 2125 Vaticano
2359 2074 2536 2141 palatii
2579 2071 2899 2140 Neroniani,
2937 2077 3095 2131 tertio
3125 2075 3474 2134 kalendarum
3500 2082 3664 2151 julia-

2053 2179 2172 2218 rum
2202 2163 2289 2219 die
2310 2206 2325 2230 ,
2357 2173 2574 2220 orantes
2606 2165 2776 2220 Deum
2805 2178 2858 2221 et
2891 2168 3173 2223 Dominum
3207 2181 3448 2226 nostrum
3479 2172 3665 2229 Jesum

2052 2255 2360 2324 Christum,
2400 2266 2484 2322 ut,
2511 2257 2971 2313 intercedentibus
3004 2264 3116 2316 suis
3145 2264 3344 2318 sanctis
3367 2267 3664 2335 Apostolis,

2056 2350 2296 2404 maculas
2323 2359 2625 2405 vestrorum
2656 2363 2848 2421 purget
2876 2362 3248 2423 peccatorum,
3278 2368 3331 2411 et
3363 2359 3413 2412 in
3447 2375 3542 2414 sua
3576 2376 3672 2416 vos

2057 2457 2345 2500 conservet
2376 2445 2654 2500 voluntate
2684 2445 2877 2500 diebus
2908 2447 3030 2502 vita:
3061 2460 3291 2519 vestrm,
3323 2462 3376 2507 et
3406 2455 3457 2507 in
3487 2454 3668 2512 fructu

2059 2539 2186 2594 boni
2217 2539 2396 2607 operis
2438 2554 2532 2594 vos
2579 2541 3002 2609 perseverabiles
3041 2543 3250 2600 reddat.
3287 2545 3396 2602 Vos
3427 2564 3557 2604 vero
3587 2549 3673 2606 his

2060 2632 2426 2703 congaudete,
2468 2632 2590 2701 quia
2633 2643 2687 2687 et
2725 2633 2827 2702 ipsi
2870 2634 3042 2689 sancti
3089 2636 3330 2705 Apostoli
3375 2641 3442 2694 de
3487 2651 3673 2700 vestro

1985 2742 2034 2802 Β
2062 2727 2504 2797 congratulantur
2532 2726 2750 2797 gaudio.
2782 2725 2893 2781 Vos
2920 2743 3134 2797 semper
3166 2729 3328 2785 Deum
3360 2733 3592 2802 laudate,
3623 2744 3680 2792 et

2062 2820 2176 2892 ipse
2214 2821 2545 2891 gloriﬁcetur
2587 2821 2641 2874 in
2680 2820 2851 2876 vobis.
2896 2820 3165 2891 Scriptum
3205 2834 3288 2878 est
3327 2829 3504 2883 enim:
3539 2829 3679 2894 Quid

2061 2912 2339 2968 retribuam
2364 2911 2585 2968 Domino
2611 2930 2703 2982 pro
2732 2913 2966 2968 omnibus
2991 2931 3105 2984 quw
3131 2917 3365 2971 retribuit
3390 2920 3555 2973 milii?
3582 2919 3683 2976 Ca—

2063 3005 2503 3060 licemsalutaris
2547 3006 2823 3075 accipiam,
2855 3017 2901 3061 et
2947 3025 3128 3064 nomen
3159 3008 3373 3065 Domini
3417 3015 3682 3070 invocabo.

2065 3096 2240 3169 (Psal.
2269 3096 2402 3170 cxv)
2433 3097 2536 3170 (6).
2563 3097 2791 3153 Tantum
2822 3100 2964 3154 enim
2993 3116 3020 3154 a
3050 3101 3204 3155 nobis
3231 3105 3483 3174 exigitur,
3516 3123 3688 3177 quan-

2067 3198 2178 3244 tum
2221 3206 2510 3260 possumus
2553 3189 2845 3246 famulatus
2889 3195 3056 3248 nostri
3101 3195 3363 3267 obsequio
3402 3215 3683 3258 commen-

2067 3283 2197 3338 dare
2220 3281 2269 3336 ιι.
2299 3283 2454 3340 Unde
2475 3283 2690 3354 quidem
2719 3295 2866 3339 tanto
2889 3301 2987 3340 nos
3011 3302 3234 3344 necesse
3258 3301 3338 3345 est
3362 3293 3685 3362 importunis

2068 3375 2546 3445 przedicationibus
2604 3377 2890 3444 insistere,
2945 3389 3148 3450 quanto
3204 3382 3361 3437 nobis
3424 3387 3684 3457 perfectae

2069 3467 2449 3538 negotiationis
2471 3467 2710 3524 creditur
2727 3469 2999 3539 duplicata
3026 3472 3350 3530 talentorum
3370 3479 3684 3550 assignatio,

2067 3567 2231 3630 atque
2260 3559 2545 3616 dominica:
2576 3561 2726 3617 vocis
2754 3563 2820 3617 ad
2863 3564 3263 3634 suscipiendam
3297 3568 3414 3638 ejus
3445 3574 3684 3643 requiem

2069 3653 2260 3709 suadet
2286 3655 2536 3710 assertio.

2141 3745 2269 3801 Haec
2322 3747 2568 3802 invidens
2599 3749 2851 3820 antiquus
2879 3749 3050 3806 hostis
3083 3755 3361 3810 suscitavit
3391 3759 3547 3815 nobis
3596 3761 3692 3817 ad-

2070 3839 2364 3895 versarium
2403 3839 2692 3911 Novatum,
2749 3853 2910 3899 rectae
2946 3843 3070 3900 ﬁdei
3099 3855 3154 3902 et
3200 3858 3398 3905 sanctae
3429 3851 3689 3913 doctrina:

2040 3949 2462 4010 VARIANTES.

2142 4065 2172 4103 1)
2206 4066 2527 4120 Commodare
2556 4069 2701 4122 Labb.

1650 4201 1654 4206 η
1693 4160 2058 4253 vanioauu
2094 4195 2323 4254 nom.

447 4319 681 4392 Epistola
712 4335 748 4374 ι.
781 4317 1006 4375 Cornelii
1042 4331 1208 4392 papie.
1259 4314 1457 4369 Baron.
1507 4311 1750 4392 aliisque
1777 4311 1972 4392 merito
2001 4313 2045 4376 C
2081 4313 2302 4392 lib:.vu.
2335 4311 2552 4392 Vide_et
2575 4316 2667 4392 με),
2697 4316 2931 4392 Ιίὺηιὶϋε
2953 4335 3065 4392 νηιί
3097 4319 3258 4377 Lana.

375 4383 645 4462 suspecta,
677 4407 798 4446 cum
826 4383 1120 4462 sequenti,
1144 4402 1264 4462 quae
1293 4401 1398 4440 non
1441 4393 1531 4462 est
1561 4383 1784 4462 majoris
1828 4383 1970 4462 apud

378 4454 639 4521 eruditos
683 4461 826 4518 ﬁdei.
883 4454 1048 4516 ΕΑΒΒ.
1080 4454 1442 4513 ’-’5;ηι‹;ιυιιι
1492 4454 1804 4510 Cornelium
1864 4455 1974 4523 plu-

376 4551 464 4591 res
516 4534 776 4605 epistolas
821 4535 1106 4605 scripsisse
1180 4528 1674 4605 testatur_l_lieron.
1731 4525 1868 4605 libro
1911 4528 1978 4605 _de

380 4597 616 4676 Scriptor
671 4604 852 4660 eccles.
899 4597 951 4658 in
1001 4602 1304 4676 Cornelio,_
1334 4599 1513 4676 verbis
1556 4613 1718 4676 supra
1764 4597 1975 4676 allatis.

380 4669 637 4744 Primam,
658 4677 812 4747 cujus
841 4675 1107 4737 meminit,
1139 4690 1261 4728 cum
1292 4671 1600 4747 ipsi_s__Actis
1622 4669 1979 4747 conciliorum

383 4740 660 4804 excidisse
691 4740 1142 4803 refertBaronius
1173 4740 1476 4805 anno—9.55,
1507 4756 1656 4796 num.
1689 4742 1743 4797 5.
1779 4740 1984 4796 Secun-

381 4819 525 4881 dam,
551 4821 706 4889 cujus
737 4820 939 4874 ibidem
979 4814 1489 4889 mentionemfacit,
1524 4813 1662 4889 hanc
1689 4829 1812 4868 esse
1834 4813 1983 4868 ideo-

386 4908 490 4961 que
519 4885 792 4947 immerito
818 4891 885 4946 de
922 4890 1028 4945 fide
1057 4898 1111 4961 et
1130 4887 1450 4944 auctoritate
1491 4885 1658 4961 tartari
1686 4894 1830 4953 puto,
1863 4900 1984 4954 qua:

386 4956 625 5032 probata:
674 4962 795 5016 ﬁdei
851 4970 1042 5017 testem
1093 4960 1478 5030 Hieronymum
1535 4956 1727 5032 adepta
1777 4969 1881 5032 est,
1931 4967 1986 5032 et

387 5028 542 5105 cujus
573 5035 772 5103 scripta
805 5049 926 5088 Clllll
980 5048 1158 5086 rerum
1190 5028 1412 5105 historia
1457 5030 1804 5105 conveniunt.
1835 5028 1989 5096 Quod

387 5100 516 5161 vero
537 5100 852 5160 sanctorum
893 5111 1181 5172 corpOrnm
1211 5102 1356 5156 Petri
1387 5110 1440 5156 et
1484 5100 1634 5172 Pauli
1663 5116 1693 5172 e
1719 5109 1991 5172 catacum-

387 5177 472 5232 bis
495 5177 898 5231 translationem
927 5170 1456 5234 Cdrnelioattribnit,
1483 5171 1534 5226 id
1561 5186 1626 5226 ex
1654 5170 1797 5225 Libri
1820 5172 1990 5237 ponti—

391 5249 557 5316 ﬁcalis
578 5249 856 5303 erroribus
873 5247 925 5301 in
943 5248 1080 5300 hanc
1096 5245 1378 5314 epistolam
1407 5244 1662 5300 mendose
1686 5245 1989 5312 irrepsisse,

391 5321 673 5390 probabile
700 5334 821 5375 esse
858 5319 1069 5374 videtur
1105 5337 1116 5371 :
1153 5334 1273 5372 nam
1302 5332 1364 5371 ea
1389 5317 1566 5390 verius
1593 5316 1766 5385 primo
1792 5316 1994 5390 sternte

394 5386 556 5462 paulo
586 5400 708 5462 post
738 5392 976 5460 ipsorum
1009 5391 1314 5462 passionem
1341 5386 1569 5462 accedit,
1605 5396 1662 5440 ut
1686 5387 1991 5440 testimonio
2019 5396 2070 5456 ι)

393 5459 851 5532 ὲθηαιίΌινθεὸτίἰ
891 5460 1158 5531 pontiﬁcis
1199 5475 1359 5529 supra
1406 5459 1832 5532 demonstratum
1877 5467 1989 5532 est.

396 5537 599 5591 Seven.
630 5529 835 5589 BtNius.
859 5529 927 5572 4
954 5534 1064 5586 lloc
1093 5532 1282 5585 falsum
1313 5545 1487 5600 neque
1512 5531 1654 5584 enim
1679 5529 1992 5598 quisquilias

393 5607 528 5661 istas
567 5621 820 5675 umquam
854 5604 984 5658 vidit
1031 5603 1412 5675 Hieronymus.
1437 5601 1744 5675 'l'ranslatio
1779 5612 1992 5675 sancto-

391 5692 514 5731 rum
547 5670 836 5746 corporum
864 5677 1007 5732 Petri
1041 5685 1094 5731 et
1116 5670 1291 5739 Pauli,
1323 5670 1838 5743 quando?Novatus
1869 5673 1993 5742 quis

391 5757 448 5804 ct
476 5748 651 5816 qualis
674 5749 698 5802 ’ἔ
721 5747 884 5816 Lites;

464 5813 578 5876 Nec
619 5836 649 5874 α
694 5815 967 5892 fructibus.
1010 5819 1240 5874 Sanctus
1289 5815 1586 5888 Gregorius
1634 5813 1806 5887 Epist.
1861 5815 1986 5886 114,

881 5915 1162 5976 Paeon.
1212 5911 1323 5973 lli.

2153 4384 2425 4476 ﬁlatronre.
2458 4383 2722 4476 Ciliciam.”
2745 4390 2862 4472 Ado
2909 4391 2974 4445 in
3021 4389 3276 4476 Clironico
3314 4406 3367 4452 et
3400 4399 3452 4453 in
3489 4401 3691 4476 Marty-

2077 4458 2356 4539 i'ologicﬁis
2383 4458 2943 4539 sin1i_lia_s_cribit,quje
2961 4465 3278 4539 refelluntur
3302 4484 3328 4521 a
3347 4485 3532 4529 sancto
3553 4458 3685 4533 Cre-

2078 4531 2232 4600 gorio
2261 4529 2430 4598 Epist.
2459 4531 2549 4594 50,
2581 4531 2675 4586 lib.
2707 4549 2783 4597 nt,
2803 4529 2865 4587 ac
2886 4535 3138 4592 Baronio.
3169 4538 3329 4594 Lana.

2130 4599 2344 4685 ⁸Ιτευαςα
2373 4611 2492 4685 sunt
2517 4618 2756 4685 corpora.
2806 4605 2938 4685 Vide
2965 4623 3087 4685 quas
3115 4614 3394 4667 annotavit
3437 4616 3688 4676 Severin.

2383 4673 2525 4730 notis
2547 4675 2614 4729 ad
2646 4678 2809 4731 vitam
2849 4672 3111 4747 Cornelii,
3151 4685 3338 4750 verbo,
3371 4686 3451 4741 hic
3499 4672 3696 4761 (enipi);

2084 4760 2247 4807 ribus,
2279 4760 2385 4799 etc.

2159 4814 2382 4898 _Tantu_m
2444 4819 2579 4872 enim
2636 4837 2670 4898 ᾳ
2739 4821 2902 4898 nobis.
2968 4823 3198 4898 Sanctus
3240 4825 3496 4888 Martinus
3542 4834 3590 4898 Ι,
3637 4837 3689 4892 in

2085 4888 2245 4958 θρίδῑ·
2274 4888 2341 4942 ad
2370 4900 2614 4944 Sanctum
2645 4893 2968 4946 Amandum.
2999 4892 3161 4948 Lm}.
3542 4878 3590 4903 -.

2154 4958 2442 5041 .Siis'citavit
2503 4963 2647 5041 nobis
2710 4964 3070 5041 adversarium
3123 4965 3403 5026 Novatum.
3455 4975 3692 5034 Novatus

2092 5029 2192 5112 fuit
2214 5029 2484 5085 Africanae
2511 5033 2771 5112 Ecclesia:
2800 5038 3126 5112 episcopus,
3158 5043 3245 5109 qni
3293 5029 3689 5106 Felieissiniuni

2091 5104 2377 5186 diaconum
2430 5104 2937 5186 etns'ehisnialicum
2998 5104 3355 5168 Monte—nsium
3410 5117 3511 5186 (sic
3539 5104 3663 5176 dicti

2091 5173 2234 5261 quod
2258 5176 2472 5261 sectarii
2505 5176 2648 5229 illius
2685 5176 2738 5261 in
2787 5188 2954 5232 monte
2985 5185 3358 5261 convenirent)
3389 5169 3686 5261 auctorem:

2093 5239 2262 5328 iiivito
2296 5245 2964 5328 Cypriandprdinaverat,
2992 5261 3045 5306 et
3074 5253 3139 5307 ad
3168 5239 3402 5312 schisma
3431 5239 3691 5319 "adlidi:

2095 5316 2244 5398 dum,
2262 5316 2501 5385 ejusdem
2517 5317 2961 5398 pdioetjnvidia,
2981 5325 3362 5398 antesignanus
3383 5316 3689 5390 exstiterit:

2096 5388 2272 5514 gttalis
2299 5403 2479 5444 autem
2514 5387 2692 5456 fuerit,
2717 5389 3016 5461 Cyprianus
3046 5387 3207 5463 epis't.
3241 5415 3363 5453 XLIX
3403 5401 3484 5457 his
3514 5387 3691 5462 verbis

2136 5459 2354 5514 eclarat.
2388 5461 2468 5514 De
2512 5459 2715 5514 Nouato
2746 5464 2874 5514 nihil
2904 5469 2972 5514 ad
3004 5482 3091 5514 nos
3121 5472 3285 5514 fuerat
3326 5475 3665 5514 ηηηιεηωιη...

2136 5459 2468 5538 eclarat._De
2512 5459 2972 5538 Nouato-nihilad
3004 5459 3096 5538 nos
3118 5472 3285 5538 fuerat
3325 5459 3665 5532 nuntiandiiin

2097 5547 2212 5584 cum
2240 5534 2402 5603 magis
2425 5548 2514 5603 per
2540 5550 2630 5586 nos
2653 5535 2790 5587 vobis
2812 5534 2986 5589 debeat
3015 5535 3067 5589 Ν
3073 5523 3249 5594 beatas
3270 5523 3690 5605 ostendi

2097 5619 2344 5688 novarum
2369 5619 2567 5688 semper
2595 5614 2640 5658 et
2678 5607 2915 5688 cupidus,
2939 5610 3168 5664 avaritia:
3193 5613 3488 5688 inexplebili
3531 5637 3689 5688 rapa-

2096 5676 2247 5747 citate
2292 5676 2617 5746 furibundus,
2648 5687 2753 5732 etc.
2787 5677 2890 5733 Sed
2945 5693 3168 5737 vacante
3219 5684 3284 5738 ad
3314 5676 3687 5747 evertendam

2098 5746 2396 5822 [iomauam
2443 5748 2741 5822 Ecclesiam
2776 5749 2998 5806 Romam
3043 5755 3282 5822 veniens,
3338 5746 3686 5818 Novalianun‘i

2096 5818 2396 5876 Romanum
2420 5820 2968 5893 presbyterunt,tnale
3001 5824 3051 5878 in
3082 5818 3388 5883 Cornelium
3420 5832 3545 5887 vitio
3572 5852 3691 5892 am-

3035 5917 3113 5980 27
