4252 6258
347 283 457 363 lilii

933 392 1266 469 EPISTOLA
1301 392 1363 463 ιι.

593 594 660 633 AD
689 589 866 632 nurus!
901 583 925 610 ο
956 587 1317 647 εοειδιδρᾳινυιι
1347 584 1712 631 οωΕΝτΛιιΕδι.

342 762 743 823 Anouueuruu.
777 790 845 800 —
878 758 961 813 Nc
1008 756 1294 827 sacerdotes
1326 754 1573 827 Domini,
1609 754 1740 811 sicut
1770 752 1953 824 vulgus

418 860 546 914 solet
599 857 790 929 facere,
837 864 1151 929 praesumant
1193 854 1380 924 jurare
1423 851 1503 907 vel
1554 848 1950 919 compellantur.

420 954 471 1007 l.
505 951 568 1008 Si
609 962 991 1009 sacramentum
1016 949 1078 1004 ab
1109 948 1363 1019 episcOpis
1405 946 1518 1014 ﬁeri
1564 946 1758 1000 debeat.
1791 944 1845 1003 2.
1878 942 1955 997 De

419 1044 586 1099 causis
612 1044 995 1121 episc0porum,
1027 1050 1072 1095 et
1100 1049 1153 1094 ut
1182 1038 1429 1119 quidquid
1452 1038 1694 1092 adversus
1723 1035 1954 1091 absentes

418 1140 611 1211 agitur,
645 1154 862 1195 vacuum
888 1136 1160 1193 habeatur.

344 1358 642 1413 CORNELIUS
680 1355 965 1406 EPlSCOPUS
1005 1356 1146 1401 RUFO
1170 1339 1200 1397 Ρ
1231 1355 1552 1400 οοενιεοορο
1592 1352 1616 1393 .c
1662 1354 1713 1397 IN
1754 1350 1954 1397 DOIINO

1014 1449 1286 1495 ελιιιηιι.

416 1593 595 1667 Exigit
620 1593 842 1665 dilectio
866 1602 978 1656 tua,
1009 1590 1177 1647 frater
1203 1591 1555 1658 charissime,
1587 1600 1645 1645 ut
1674 1606 1740 1649 ex
1769 1597 1955 1645 aucto-

341 1690 500 1745 ritate
551 1687 711 1744 Sedis
763 1686 1083 1759 apostolica:
1134 1686 1239 1741 tuis
1292 1685 1619 1741 deberemus
1689 1681 1954 1739 consulti-

1648 273 1686 328 Λ
1695 261 2026 342 ΡΡΕΝΒΙΧΞ
2036 267 2375 329 SECUNDA.

1978 388 2031 453 Α
2059 387 2343 458 prohibet,
2378 385 2432 447 id
2460 393 2564 453 est,
2617 400 2722 441 non
2755 385 2957 443 debere
3000 385 3205 457 iurare.
3251 384 3378 443 llzee
3422 387 3668 459 Apostoli

3559 273 3671 332 846

2060 482 2291 536 maxime
2321 494 2529 548 omnes,
2556 478 2671 535 haec
2693 480 2863 535 sancti
2888 480 2986 534 viri
3013 479 3440 550 prmdecessores
3469 485 3662 551 nostri,

2058 572 2146 643 qui
2181 571 2307 631 huic
2332 580 2533 627 saneta:
2566 572 2855 629 universali
2892 572 3202 642 apostolica:
3246 572 3501 631 Ecclesia:
3526 591 3670 646 prm-

2057 664 2276 721 fnerunt
2318 677 2443 722 ante
2495 682 2627 733 nos,
2684 666 2801 721 inec
2846 665 3132 737 Propheta)
3165 676 3219 723 et
3249 668 3439 738 reliqui
3496 670 3670 725 sancti

2059 756 2341 825 doctores,
2376 775 2491 829 per
2517 760 2826 815 universum
2867 759 3124 817 mundum
3154 758 3383 830 dispersi
3429 760 3496 816 ad
3528 777 3668 832 prm-

2059 848 2384 915 dieanduin,
2439 849 2745 920 juramenta
2800 850 2916 907 lieri
2982 859 3185 906 vetant.
3265 850 3505 918 Quorum
3563 869 3663 908 nos

2063 945 2309 1012 exempla
2336 942 2355 981 ί
2387 944 2432 999 si
2463 945 2789 1013 coeperimus
2814 960 3153 1009 enumerare,
3187 955 3277 999 aut
3304 947 3355 1000 in
3404 946 3659 1003 sehedula

2061 1034 2162 1104 hac
2190 1036 2466 1101 inserere,
2517 1047 2643 1095 ante
2691 1035 2907 1095 deﬁciet
2940 1036 3071 1093 hora
3113 1037 3252 1103 diei,
3286 1055 3445 1109 quam
3472 1055 3662 1095 eorum

2059 1130 2307 1200 exempla
2338 1130 2406 1186 de
2437 1128 2540 1185 hac
2566 1146 2726 1185 causa
2759 1128 3045 1200 prohibita.
3071 1130 3203 1199 Quae
3235 1148 3331 1186 nos
3353 1144 3662 1203 sequentes,

2060 1234 2367 1279 sanctorum
2391 1224 2797 1293 Apostolorum,
2821 1239 3119 1295 eorumque
3147 1239 3520 1281 successorum
3543 1227 3661 1296 jura

2059 1317 2376 1383 ﬁrmamus,
2418 1326 2472 1370 et
2507 1326 2844 1373 sacramenta
2875 1317 3088 1371 incauta
3138 1317 3254 1372 ﬁeri
3297 1316 3666 1387 prohibemus.

2057 1407 2215 1465 Unde
2259 1419 2315 1464 et
2383 1408 2498 1482 ipse
2560 1410 2819 1466 Dominus
2867 1409 2920 1463 in
2978 1409 3172 1467 tabulis
3214 1409 3475 1479 lapideis,
3536 1427 3671 1480 quas

2057 1502 2193 1558 Mosi
2222 1500 2407 1571 dedit,
2437 1502 2651 1572 propria
2685 1518 2844 1557 manu
2883 1502 3128 1571 scripsit,
3160 1502 3347 1558 dicens
3377 1518 3389 1552 :
3435 1501 3564 1557 Vide
3604 1520 3670 1557 ne

2058 1612 2292 1651 assumas
2318 1612 2502 1651 nomen
2534 1595 2743 1651 Domini
2773 1596 2849 1651 tui
2870 1596 2924 1651 in
2947 1611 3178 1651 vanum:
3209 1594 3411 1669 (Exod.
3441 1596 3564 1665 xx).
3596 1594 3668 1649 Et

2061 1690 2289 1761 reliqua.
2324 1690 2434 1746 Nos
2454 1702 2661 1759 autem,
2689 1698 2744 1744 ut
2766 1690 2925 1760 paulo
2963 1691 3214 1759 superins
3238 1689 3663 1760 prmlibavimus,

340 1783 441 1839 bus
468 1784 823 1857 respondere.
842 1781 997 1855 Quod
1019 1782 1272 1837 licetnon
1298 1779 1530 1852 prolixe,
1555 1778 1652 1836 sed
1676 1777 1955 1833 succincte
1984 1802 2032 1871 Β
2059 1793 2459 1840 sacramentum
2519 1794 2545 1832 ε
2596 1784 2865 1853 episcopis
2911 1783 3183 1839 nescimus
3236 1782 3474 1837 oblatum
3499 1821 3513 1847 ,
3566 1797 3668 1836 nec

340 1890 503 1948 agere
520 1876 920 1955 lestinaremus,
964 1883 1184 1955 propter
1201 1872 1460 1945 quasdam
1486 1871 1944 1943 importunitates,

342 1985 463 2041 quae
489 1970 687 2043 nostris
717 1968 1173 2045 pru'pedicntibus
1204 1967 1439 2038 peccatis
1459 2009 1474 2036 ,
1528 1967 1579 2021 in
1612 1982 1713 2043 nos
1758 1980 1947 2035 super—

341 2078 572 2137 venere,
632 2064 736 2139 tuis
766 2046 942 2131 tamen
971 2078 1066 2133 per
1117 2061 1325 2135 reliqua
1367 2070 1677 2131 sanctorum
1726 2059 1946 2115 Patrum

340 2148 587 2235 instituta
619 2156 813 2229 studiis
835 2156 1151 2228 perquirere
1175 2154 1336 2211 latius
1361 2164 1417 2223 et
1472 2154 1799 2231 investigare
1822 2168 1946 2222 per-

340 2250 626 2306 mittimus.
656 2248 777 2305 Non
808 2249 954 2306 enim
986 2258 1162 2325 potest
1192 2262 1349 2321 mens
1374 2248 1580 2328 attrita,
1609 2254 1664 2300 et
1690 2245 1948 2301 oneribus

339 2352 503 2413 atque
529 2344 1030 2413 importunitatibus
1065 2353 1288 2413 gravata
1310 2383 1325 2406 ,
1373 2350 1579 2396 tantum
1610 2339 1737 2393 boni
1794 2353 1949 2407 pera-

338 2452 504 2509 gere,
549 2446 805 2508 quantum
838 2436 1101 2493 delectata
1152 2446 1210 2495 et
1254 2433 1701 2506 oppressionibus
1744 2432 1943 2487 soluta.

336 2528 458 2595 Non
490 2545 622 2609 ergo
648 2530 748 2586 ista
777 2530 848 2586 ob
873 2530 926 2607 id
952 2528 1312 2609 prmtulimits,
1362 2538 1419 2605 ut
1446 2527 1567 2582 haec
1587 2535 1644 2599 et
1668 2525 1793 2599 alia,
1825 2539 1946 2599 qua:

337 2626 646 2682 necess:iria
687 2623 806 2679 fore
851 2625 1300 2695 cognoverimus,
1353 2630 1461 2677 tuae
1501 2618 1777 2674 sanctitati
1815 2618 1948 2673 veli.

337 2732 460 2774 mus
483 2718 793 2788 denegare:
826 2716 922 2783 sed
951 2719 1096 2788 quod
1128 2716 1216 2777 hic
1239 2716 1421 2791 minus
1445 2714 1748 2789 invenitur,
1786 2712 1949 2767 latius

338 2814 704 2887 perquiratur.

410 2907 453 2961 Ι.
506 2906 915 2963 Sacramentum
972 2915 1152 2971 autem
1184 2903 1446 2981 hactenus
1500 2918 1530 2969 τι
1585 2902 1813 2956 summis
1862 2914 1949 2955 sa-

340 3002 651 3077 cerdotibus
703 3003 785 3075 vel
842 3000 939 3075 Dei
975 2997 1003 3035 ἀ
1044 2999 1306 3077 ministris
1344 2995 1510 3077 exigi,
1545 2994 1647 3071 nisi
1693 3009 1793 3073 pro
1842 2991 1949 3055 ﬁde

338 3110 523 3167 recta,
564 3076 788 3153 minime
831 3093 1217 3165 cognovimus,
1266 3106 1365 3146 nec
1410 3099 1433 3124 ο
1489 3096 1820 3165 spontaneos
1863 3084 1949 3153 ju.

2062 1891 2316 1947 umquam
2346 1877 2461 1931 ﬁeri
2485 1875 2647 1932 debet
2677 1894 2690 1927 :
2724 1876 3005 1947 quoniam,
3038 1884 3094 1929 ut
3120 1890 3283 1946 supra
3312 1882 3667 1929 memoratum

2052 1979 2157 2037 est,
2210 1979 2543 2041 praeceptum
2592 1978 2677 2027 est
2702 1985 2731 2023 a
2756 1968 2986 2024 Domino
3014 1985 3117 2022 non
3137 1967 3457 2038 jurandum,
3508 1983 3671 2037 neque

2056 2080 2149 2133 per
2176 2063 2358 2117 caelum
2379 2106 2392 2124 .
2438 2063 2561 2133 quia
2611 2062 2827 2121 thronus
2854 2060 2951 2116 Dei
2974 2070 3049 2115 est
3078 2077 3096 2114 :
3128 2077 3291 2131 neque
3318 2076 3409 2132 per
3431 2068 3626 2114 terram
3646 2098 3664 2125 ,

2051 2156 2175 2224 quia
2196 2154 2475 2209 scabellum
2502 2164 2575 2208 est
2603 2153 2791 2224 pedum
2817 2155 2928 2223 ejus
2956 2169 2975 2205 :
3002 2169 3164 2223 neque
3190 2168 3279 2222 per
3308 2160 3462 2221 caput
3483 2166 3633 2205 suum
3651 2191 3667 2216 ,

2047 2252 2169 2323 quia
2195 2250 2371 2307 nullus
2403 2259 2567 2320 potest
2609 2266 2767 2303 unum
2807 2248 3061 2319 capillum
3107 2263 3282 2301 creare
3334 2246 3354 2318 (
3384 2244 3575 2300 Matth.
3608 2262 3661 2310 v;

2054 2343 2242 2399 Iacob.
2278 2345 2361 2415 v).
2394 2343 2781 2414 Uinisquisque
2810 2342 2955 2399 enim
2984 2341 3124 2397 sicut
3151 2350 3277 2397 ante
3306 2340 3474 2397 altare
3496 2351 3666 2405 stans,

2052 2436 2149 2493 Dei
2181 2438 2430 2493 timorem
2476 2436 2639 2499 habet
2672 2451 2781 2504 pra:
2834 2436 3045 2501 oculis,
3094 2442 3149 2489 et
3200 2434 3470 2504 propriam
3530 2450 3663 2489 con-

2051 2530 2335 2587 scientiam
2353 2530 2607 2585 mundam
2637 2537 2818 2587 servat
2850 2529 2959 2584 Deo
2978 2570 2994 2594 ,
3030 2527 3173 2598 quod
3204 2528 3258 2582 in
3288 2529 3548 2583 memoria
3577 2544 3664 2583 re-

2054 2624 2221 2691 tinet,
2279 2623 2587 2677 nullatenus
2622 2621 2786 2679 habet
2833 2620 3231 2685 intermittere,
3279 2622 3566 2689 quoniam,
3602 2637 3659 2676 os

2055 2715 2193 2787 quod
2224 2715 2486 2780 mentitur,
2536 2714 2721 2769 occidit
2762 2713 2993 2769 animam
3038 2710 3193 2784 (Sap.
3223 2713 3285 2781 ι).
3331 2712 3399 2766 Et
3429 2716 3660 2782 Aposto.

2051 2810 2137 2865 lus
2162 2810 2271 2863 ait:
2298 2806 2593 2879 Loquimini
2622 2808 2882 2865 veritatem
2915 2804 3261 2872 unusquisque
3279 2820 3393 2857 cum
3425 2806 3661 2875 proximo

2054 2918 2182 2969 suo,
2231 2901 2474 2971 quoniam
2523 2916 2701 2954 sumus
2750 2898 2966 2957 invicem
3014 2896 3239 2951 membra
3290 2894 3509 2967 (Ep/tes.
3565 2893 3663 2967 ιν).

2058 2993 2126 3049 Et
2151 2992 2279 3049 alibi
2313 3009 2326 3044 :
2359 2990 2540 3047 Nolite
2564 2992 2764 3049 mentiri
2785 2988 3241 3060 invicem(Coloss.
3271 2986 3375 3059 ιιι).

2130 3088 2399 3143 llaecsunt
2440 3097 2710 3156 praecepta
2749 3083 3070 3152 Salvatoris,
3098 3083 3218 3139 hate
3241 3082 3667 3154 Prophetarum,

338 3211 494 3254 rasse
545 3193 869 3264 reperimus.
919 3188 1277 3256 Summopere
1326 3198 1456 3254 ergo
1510 3188 1731 3236 sanctus
1785 3176 1949 3233 Jaco-
1979 3202 2025 3265 Ο
2058 3182 2177 3238 hmo
2226 3192 2541 3237 sanctorum
2585 3181 2807 3235 Patrum
2847 3180 3111 3234 instituta.
3166 3178 3300 3245 Qum.
3355 3178 3399 3232 si
3454 3178 3575 3249 quis
3613 3178 3669 3232 in

341 3291 441 3348 bus
485 3288 765 3360 apostolus
828 3282 1126 3355 prohibens
1189 3286 1626 3339 sacramentum,
1676 3273 1953 3343 loquitur,

338 3384 528 3441 dicens
584 3402 599 3439 :
642 3383 773 3437 Ante
825 3378 1030 3445 omnia,
1099 3378 1284 3448 fratres
1338 3373 1473 3437 mei,
1526 3368 1684 3424 nolite
1732 3368 1952 3438 jurare,

341 3494 504 3549 neque
546 3493 636 3546 per
685 3475 897 3541 ctelum,
953 3486 1112 3541 neque
1162 3484 1254 3539 per
1315 3476 1536 3531 terram,
1593 3476 1753 3531 neque
1808 3457 1955 3511 aliud

338 3572 688 3641 quodcumque
742 3570 1117 3639 juramentum.
1171 3562 1254 3616 Sit
1318 3569 1487 3614 autem
1541 3571 1704 3611 sermo
1748 3562 1909 3621 vester
1938 3591 1952 3616 ,

341 3674 456 3731 est,
508 3673 603 3728 est,
647 3661 791 3728 Non,
844 3667 1074 3714 non:ut
1122 3671 1225 3709 non
1285 3654 1380 3708 sub
1420 3651 1677 3723 judicium
1740 3645 1953 3701 decida-

342 3732 409 3813 tis
471 3753 698 3825 (Iacob.
734 3754 824 3823 v).
884 3751 954 3806 Et
978 3750 1236 3819 Dominus
1269 3747 1322 3800 in
1354 3743 1691 3815 Evangelio:
1724 3739 1956 3807 Audistis

340 3851 467 3923 quia
496 3849 687 3903 dictum
725 3856 796 3902 est
824 3846 1047 3916 antiquis
1074 3860 1091 3900 :
1119 3842 1239 3898 Non
1266 3830 1551 3913 pejergbis,
1571 3838 1753 3903 reddes
1783 3846 1953 3891 autem

341 3942 570 3998 Domino
598 3943 887 4007 iuramenta
927 3947 1035 3992 tua.
1075 3935 1191 4007 Ego
1223 3943 1394 3987 autem
1426 3932 1542 3984 dico
1565 3929 1705 3983 vobis
1735 3944 1835 3982 non
1855 3928 1952 4001 ju-

340 4050 461 4090 rare
486 4033 715 4098 omn-ine,
753 4047 912 4103 neque
939 4047 1031 4101 per
1058 4030 1243 4103 ctelum
1262 4069 1275 4092 ,
1306 4026 1424 4097 quia
1449 4022 1664 4079 thronus
1696 4019 1791 4074 Dei
1830 4030 1903 4074 est
1935 4036 1956 4072 :

342 4144 505 4200 neque
534 4143 623 4199 per
665 4098 884 4191 terram,
920 4098 1045 4193 quia
1096 4098 1372 4174 scabellum
1423 4124 1499 4171 est
1550 4113 1740 4185 pedum
1794 4111 1905 4181 ejus
1934 4126 1954 4163 :

340 4240 502 4295 neque
528 4239 618 4295 per
646 4219 1063 4291 Hierosolymam
1082 4258 1098 4283 ,
1130 4216 1251 4284 quia
1273 4214 1455 4269 civitas
1475 4208 1649 4281 magni
1675 4207 1809 4278 regis
1836 4215 1950 4259 est:

337 4336 505 4392 neque
530 4335 622 4391 per
649 4326 803 4388 caput
831 4324 974 4368 tuum
992 4311 1287 4383 juraveris,
1317 4308 1439 4380 quia
1465 4322 1568 4359 non
1599 4311 1742 4389 potes
1792 4315 1952 4353 unum

342 4402 591 4484 capillum
638 4408 811 4466 album
858 4413 1027 4482 facere
1072 4418 1162 4459 aut
1204 4406 1429 4476 nigrum.
1475 4400 1555 4455 Sit
1586 4408 1756 4451 autem
1785 4410 1953 4450 sermo

343 4518 521 4563 vester.
554 4504 680 4571 Est,
731 4514 835 4568 est,
863 4502 987 4556 Non
1007 4542 1022 4565 ,
1056 4516 1159 4553 non
1185 4515 1203 4551 :
1223 4496 1358 4569 quod
1380 4503 1547 4549 autem
1576 4492 1654 4545 his
1675 4488 1950 4543 abundan-

342 4601 445 4653 tius
474 4607 583 4665 est,
615 4597 805 4652 amulo
835 4605 942 4662 est,
975 4592 1191 4667 (Matth.
1228 4590 1308 4662 v).
1341 4589 1395 4645 Id
1436 4596 1547 4652 est,
1596 4585 1665 4640 ab
1702 4584 1953 4667 exigente

2061 3291 2257 3330 vanum
2310 3275 2547 3343 duxerit,
2596 3274 2769 3330 hostis
2810 3274 3109 3345 estanima:
3155 3287 3300 3327 suae:
3332 3272 3457 3343 quia
3510 3288 3669 3329 nemo

2059 3380 2248 3425 contra
2280 3370 2603 3439 Pr0piietas,
2635 3383 2797 3423 nemo
2824 3378 3013 3447 contra
3053 3367 3463 3443 Apostolorum,
3507 3383 3668 3424 nemo

2058 3478 2249 3519 contra
2322 3448 2675 3535 Evangelium
2727 3463 2856 3518 facit
2913 3462 3115 3533 aliquid
3167 3463 3370 3534 absque
3423 3464 3665 3533 periculo

2062 3557 2083 3628 (
2119 3556 2278 3613 Cone.
2320 3554 2499 3611 Carth.
2545 3572 2583 3611 I.
2628 3572 2742 3625 cap.
2770 3556 2839 3611 l5
2872 3556 2912 3626 ).
2973 3555 3038 3609 Et
3082 3570 3424 3625 summopere
3475 3554 3671 3625 pricvi-

2067 3647 2306 3703 dendnm
2331 3658 2434 3712 est,
2477 3663 2545 3702 ne
2574 3659 2848 3723 pasmrem
2876 3663 3031 3702 suum
3063 3662 3213 3723 oves,
3263 3663 3383 3718 qua:
3421 3647 3468 3703 ei
3514 3663 3667 3703 com—

2060 3742 2245 3795 missae
2280 3740 2527 3807 fuerant,
2582 3740 2988 3811 reprehendere
3039 3740 3180 3804 (nisi
3221 3756 3251 3794 a
3313 3740 3418 3795 [ide
3449 3741 3667 3797 exorbi-

2060 3834 2279 3907 taverit)
2339 3850 2513 3905 neque
2551 3849 2811 3890 accusare
2839 3843 3204 3905 prmsumant:
3236 3835 3489 3905 quoniam
3535 3835 3669 3891 tales

2059 3928 2436 3982 accusationes
2491 3926 2597 3980 vim
2656 3942 2763 3980 non
2818 3927 3035 3991 habent,
3093 3941 3269 3995 neque
3331 3927 3413 3982 eis
3468 3943 3667 3985 nocere

2059 4031 2306 4094 possunt.
2341 4021 2515 4077 Unum
2555 4037 2672 4076 vero
2695 4062 2708 4085 ,
2740 4020 3048 4086 charissimi,
3099 4029 3158 4079 ut
3205 4020 3279 4074 ait
3306 4019 3497 4075 beatus
3538 4038 3669 4091 apo-

2058 4116 2231 4171 stolus
2276 4115 2492 4177 Petrus,
2528 4112 2649 4166 Non
2692 4114 2846 4167 lateat
2900 4130 3007 4176 vos,
3040 4114 3162 4183 quia
3217 4130 3350 4166 unus
3376 4115 3483 4167 dies
3528 4116 3670 4184 apud

2060 4207 2343 4261 Dominum
2391 4207 2520 4259 sicut
2551 4205 2693 4258 mille
2735 4205 2877 4270 anni,
2910 4213 2957 4257 et
3007 4204 3149 4257 mille
3200 4204 3321 4257 anni
3376 4206 3507 4259 sicut
3536 4222 3671 4260 unus

2059 4300 2190 4354 dies.
2226 4296 2347 4375 Non
2392 4297 2565 4351 tardat
2609 4294 2855 4350 Dominus
2908 4294 3173 4366 promissis
3208 4294 3256 4360 ιι,
3287 4296 3377 4350 sed
3426 4297 3676 4367 patienter

2059 4393 2166 4463 agit
2195 4399 2400 4462 propter
2425 4405 2533 4452 vos,
2566 4388 2744 4442 nolens
2776 4388 2973 4458 aliquos
3016 4388 3199 4456 perire,
3251 4388 3339 4442 sed
3385 4405 3559 4442 omnes
3600 4390 3669 4442 ad

2061 4483 2410 4555 paenitentiam
2456 4481 2656 4535 reverti.
2706 4479 2951 4534 Adveniet
2997 4489 3168 4534 autem
3206 4480 3314 4535 dies
3353 4481 3565 4536 Domini
3614 4493 3671 4535 ut

2065 4579 2173 4646 fur,
2202 4576 2257 4628 in
2280 4591 2380 4642 qua
2401 4572 2514 4628 caeli
2536 4590 2721 4644 magno
2742 4573 2935 4645 impetu
2963 4573 3244 4639 transient,
3278 4574 3526 4628 elementa
3551 4590 3667 4629 vero

342 4703 405 4750 et
443 4708 472 4747 a
505 4654 740 4763 iurante.
772 4654 941 4758 Haac,
965 4654 1130 4745 frater
1158 4654 1516 4752 charissime,
1550 4683 1667 4753 ipse
1696 4664 1957 4757 Dominus
1980 4661 2037 4753 η
2066 4660 2240 4757 aptore
2288 4654 2567 4749 ‘solventur
2626 4669 2709 4741 (ll
2764 4667 2908 4723 Petri
2968 4665 3098 4738 ιιι).
3158 4667 3292 4724 Cum
3350 4669 3464 4726 haec
3513 4670 3677 4741 igitur

1570 4836 1957 4898 LECTIONES
2020 4829 2443 4888 VARIANTES.

411 4989 441 5017 ⁸
476 4987 723 5017 “nundinum
760 4987 831 5017 ΑΗ

409 4987 900 5123 ιῇἓέῧῖῖἕῗ

409 5112 715 5179 ῗΕιιίεορρο
739 5112 895 5179 uias-
1079 5172 1091 5179 .
1180 5174 1190 5179 -
1566 5170 1595 5179 ._
1672 5170 1682 5179 .
1809 5168 1871 5179 ..

408 5174 437 5243 αξ
472 5170 554 5243 ita
742 5174 1003 5243 Gratianus
1021 5186 1047 5243 ε
1072 5172 1227 5243 inpii.
1261 5186 1356 5243 ms,
1388 5172 1485 5225 Vel
1504 5170 1715 5243 reliquis
1737 5170 1892 5231 exigi.

408 5240 436 5270 ο
474 5238 539 5289 In
574 5234 829 5292 cit.‘iits.et
850 5236 983 5304 apud
1008 5234 1294 5289 Gratiarum:
1317 5236 1421 5287 Nec
1438 5242 1616 5300 sponte
1640 5246 1744 5286 eos.

2133 4965 2153 5003 ί
2191 4966 2293 5031 tios
2316 4974 2601 5017 sanctorum
2626 4975 2904 5031 sequentes
2926 4966 3084 5021 Alias.

2135 5031 2161 5071 8
2199 5029 2299 5080 Nos
2324 5038 2686 5079 sacramentum
2704 5027 2871 5081 'Alias.

2064 5110 2108 5165 νῇ
2128 5090 2162 5129 h
2196 5090 2394 5165 Sicins.
2436 5104 2487 5157 q.
2527 5089 2629 5143 alia
2652 5092 2889 5145 Promissi
2905 5131 2919 5156 ,
2946 5100 2998 5145 ut
3026 5097 3071 5146 et
3094 5095 3269 5148 erca
3292 5097 3488 5165 vulgata
3510 5102 3681 5157 Latina

2068 5155 2468 5206 Promissionem‘.

1678 5354 2047 5419 VARIORUM
2083 5353 2319 5411 ΝΟΤᾸΕ.

450 5492 767 5549 Auctoritate
792 5491 946 5547 sedis.
981 5490 1144 5561 Greg.
1179 5485 1345 5559 Epist.
1375 5486 1466 5553 32,
1501 5485 1595 5540 ιιι).
1623 5498 1718 5538 xu.

421 5630 939 5687 l.—Sacramentum
952 5635 1120 5681 autem
1139 5617 1639 5688 hactenus.Quando
1657 5615 1725 5671 ab
1739 5616 1957 5688 episcoj

351 5700 521 5774 pisae
542 5686 765 5774 reliquis
782 5701 998 5774 clericis
1007 5699 1376 5774 jurarpentuni
1391 5686 1534 5749 licito
1552 5686 1961 5774 prmsteturq'el

355 5766 630 5845 'exigatur,
658 5766 779 5830 vide
808 5766 1117 5830 cauoniStas
1144 5769 1200 5824 2.
1233 5783 1327 5840 qu.
1350 5766 1407 5833 4,
1429 5778 1551 5821 can.
1585 5768 1963 5817 sacramentum

2073 5473 2317 5526 hactenus
2343 5512 2357 5531 ,
2390 5469 2457 5525 de
2482 5484 2590 5541 quo
2615 5469 2823 5542 prolixe
2852 5469 3229 5557 Covarrpi'ias,
3263 5479 3460 5557 aliique
3483 5486 3685 5557 plures,

2141 5613 2363 5668 Patrum
2377 5613 2641 5688 instituta.
2671 5614 2771 5684 Ep.
2823 5617 2892 5688 ad
2921 5547 3418 5681 Oceaétft‘itfkdelilita
3465 5630 3690 5688 clerico-

2072 5703 2214 5750 rum,
2250 5685 2389 5754 apud
2423 5686 2825 5759 Hieronymum.
2865 5686 3026 5745 Lana.

2147 5757 2559 5829 Reprehendere.
2588 5757 2929 5817 COnc.Rom.
2955 5760 3020 5818 V.
3039 5763 3163 5820 sub.
3189 5768 3498 5838 Symmach.
3522 5773 3682 5835 Lua.
