4250 6224
577 251 684 308 847
1862 238 2204 303 APPENDIX

2294 239 2580 301 ECUNDA.
3785 234 3892 296 848

583 367 760 423 omnia
794 363 1136 420 dissolvenda
1165 364 1294 431 sint,
1325 377 1390 418 ex
1420 362 1505 418 his
1551 363 1776 433 potestis
1819 363 2180 428 considerare,
2214 365 2260 424 A
2291 360 2400 415 ulla
2457 359 2541 412 lex
2601 355 2840 411 damnat.
2898 353 3078 409 Facile
3121 367 3251 423 ergo
3288 352 3452 408 homo
3483 351 3757 409 hominem
3799 353 3892 410 fal-

583 461 773 531 qnales
805 466 1017 529 oportet
1068 472 1165 511 vos
1191 471 1311 511 esse
1346 456 1398 510 in
1431 455 1634 510 sanctis
1683 456 2185 510 conversationibus
2290 455 2400 509 lere
2443 459 2648 521 potest,
2685 464 2792 504 non
2837 456 3014 502 tamen
3046 447 3242 513 Deum,
3287 446 3441 514 cujus
3491 446 3666 501 oculis
3716 446 3894 502 omnia

585 559 641 608 et
663 550 972 622 pictatibus,
999 557 1380 619 exspectantes
1402 555 1458 603 et
1486 557 1840 618 properantes
1880 548 1930 600 in
1977 547 2183 601 adven-
2291 547 2428 601 nuda
2473 555 2596 600 sunt
2640 554 2694 600 et
2723 553 2932 614 aperta.
2984 541 3140 598 Unde
3184 541 3258 596 ait
3297 539 3600 612 propheta:
3649 539 3899 595 Dominus

587 655 700 699 tum
733 643 837 698 diei
865 643 977 710 Dei,
1027 657 1121 712 per
1143 657 1300 711 quem
1338 641 1460 696 caeli
1494 641 1748 695 ardentes
1791 640 2090 705 solventur,
2135 651 2190 693 et
2291 642 2426 696 novit
2456 640 2788 712 cogitationes
2825 637 3109 703 hominum,
3137 637 3378 706 quoniam
3407 652 3551 690 vana:
3582 645 3699 689 sunt
3722 633 3900 705 (Psal.

585 740 852 792 elementa
872 735 1009 804 ignis
1031 734 1536 789 ardorctabcscent.
1572 753 1590 784 ‹
1621 733 1945 799 Vosautem,
1980 732 2187 787 charis-
2294 739 2467 804 xcut).
2501 734 2728 802 Sapiens
2751 748 2880 803 ergo
2915 749 3020 786 non
3049 739 3132 786 est
3158 730 3248 800 qui
3275 739 3456 785 nocet.
3481 728 3591 784 Nec
3612 727 3904 800 quidquam

587 829 732 894 simi,
784 828 919 882 dixit
961 826 1129 881 Judas
1185 826 1462 896 apostolus
1517 824 1606 896 (In
1647 824 1880 895 Epistola
1917 843 2010 879 sua
2037 841 2192 879 cano—
2295 827 2422 881 mali
2446 828 2589 893 vult,
2623 828 2712 898 qui
2747 825 2924 882 fidelis
2953 835 3031 880 est
3057 867 3071 890 ,
3102 834 3192 878 aut
3229 824 3480 892 cuiquam
3524 822 3749 878 insidias
3785 837 3904 878 mae

590 922 724 983 nica,
760 935 889 973 vers.
917 919 1022 988 l7)
1055 933 1324 972 memores
1359 925 1535 972 estote
1558 917 1848 972 verborum
1893 933 2013 986 qua:
2056 932 2188 987 prat-
2295 921 2568 976 chinatur.
2594 919 2916 986 Hortamur,
2941 919 3137 988 frater,
3172 929 3225 973 et
3258 931 3540 972 monemus
3567 925 3710 970 tuam
3740 915 3909 971 dilec-

593 1014 734 1068 dicta
766 1020 892 1066 sunt
919 1013 987 1065 ab
1027 1011 1286 1081 apostolis
1318 1011 1525 1064 Domini
1560 1011 1729 1065 nostri
1779 1010 1908 1065 Jcsu
1965 1010 2186 1077 Christi,
2299 1017 2534 1081 tionem,
2585 1025 2642 1070 ui.
2688 1030 2878 1070 omnes
2919 1028 3155 1084 semper,
3208 1021 3369 1083 prout
3409 1011 3602 1066 melius
3630 1009 3907 1080 potueris,

591 1106 680 1174 qui
712 1103 964 1158 dicebant
1007 1103 1178 1167 vobis,
1207 1104 1462 1173 quoniam
1497 1103 1547 1156 in
1601 1104 1900 1158 novissimo
1952 1113 2196 1174 tempore
2298 1109 2554 1178 adjuves,
2583 1105 2856 1161 confortes
2881 1116 2933 1159 ct
2959 1103 3280 1159 consoleris.
3323 1103 3387 1158 Et
3423 1111 3753 1158 sacramenta
3774 1144 3788 1164 ,
3815 1116 3910 1170 su-

593 1198 815 1254 venicnt
860 1199 1130 1262 illusores,
1182 1197 1480 1252 secundum
1535 1213 1629 1252 sua
1686 1197 1954 1252 desideria
2010 1199 2199 1252 atnhu-
2302 1217 2398 1272 per
2421 1203 2614 1272 quibus
2642 1200 2782 1254 hanc
2812 1209 3053 1254 sanctam
3088 1197 3385 1252 Romanam
3409 1239 3424 1263 ,
3457 1211 3520 1251 ac
3548 1195 3913 1250 universalt'm

591 1293 765 1347 lantes
797 1301 821 1326 ιι
856 1292 1210 1360 impietatum.
1266 1290 1329 1344 Hi
1382 1300 1504 1345 sunt
1545 1292 1633 1360 qui
1684 1301 1973 1361 segregant
2017 1307 2196 1347 seme-
2302 1294 2601 1350 Ecclesiam
2634 1291 2923 1346 consulere
2952 1289 3201 1354 voluisti,
3239 1289 3351 1345 fieri
3381 1289 3703 1359 prohibeas,
3728 1298 3783 1343 et
3820 1303 3919 1342 ne-

596 1388 786 1456 tipsos,
821 1385 1099 1449 animales,
1143 1385 1394 1454 spiritum
1426 1402 1530 1439 non
1565 1385 1845 1441 habentes.
1886 1385 1993 1440 Vos
2018 1398 2200 1442 autem
2305 1387 2503 1442 minem
2536 1401 2788 1458 umquam
2819 1384 3042 1439 infestes
3068 1392 3160 1437 aut
3181 1398 3400 1438 noceas.
3430 1382 3555 1438 Hzec
3577 1422 3592 1449 ,
3625 1382 3819 1444 frater,
3848 1380 3915 1434 ad

591 1475 920 1542 charissimi,
950 1476 1449 1544 supermdilicantes
1469 1478 1828 1546 vosmetipsos
1845 1479 2202 1533 sanctissimae
2307 1481 2636 1551 reliquorum
2665 1478 2890 1532 fratrum
2927 1477 3169 1531 notitiam
3204 1486 3290 1530 tua
3325 1475 3486 1532 faciat
3515 1476 3774 1530 sanctitas
3798 1490 3919 1545 per-

594 1579 791 1622 vestrae
825 1568 970 1631 ﬁdei,
1018 1570 1069 1622 in
1101 1569 1291 1638 spiritu
1325 1579 1512 1623 sancto
1549 1581 1788 1637 orantes,
1839 1572 1984 1640 ipsos
2024 1587 2118 1626 vos
2151 1574 2202 1626 in
2306 1575 2513 1638 venire,
2540 1582 2596 1627 ut
2627 1586 2816 1626 omnes
2850 1571 2966 1624 hzec
2990 1570 3129 1624 mala
3158 1579 3402 1624 caveant.
3432 1568 3500 1623 Et
3530 1569 3667 1623 sicut
3693 1582 3920 1638 genera-

596 1660 889 1715 dilectione
944 1661 1035 1715 Dei
1087 1671 1319 1724 servate,
1372 1672 1749 1730 exspectantes
1776 1663 2201 1717 misericordiam
2308 1665 2430 1720 liter
2453 1673 2561 1718 tam
2593 1663 2660 1717 ab
2703 1664 2822 1732 ipso
2849 1661 3079 1716 Domino
3103 1702 3117 1724 ,
3148 1676 3307 1731 quam
3336 1675 3364 1713 a
3395 1659 3598 1714 sanctis
3620 1669 3675 1714 et
3700 1658 3923 1728 reliquis

599 1751 813 1807 Domini
872 1754 1039 1808 nostri
1117 1753 1243 1808 Jesu
1287 1754 1487 1808 tlln'isti
1528 1755 1578 1808 in
1613 1757 1772 1808 vitam
1825 1768 2106 1812 mlernam.
2139 1757 2204 1811 Et
2235 1766 2282 1825 Β
2311 1760 2622 1830 apostolicis
2649 1759 2779 1814 viris
2803 1801 2817 1825 ,
2847 1768 2902 1813 et
2929 1757 3144 1813 caeteris
3168 1757 3440 1823 Patribus,
3461 1764 3588 1811 sunt
3615 1753 3919 1826 prohibita,

600 1846 697 1901 hos
749 1848 967 1918 quidem
1010 1849 1218 1918 argnite
1248 1847 1534 1916 indicatos,
1573 1849 1693 1903 illos
1722 1865 1852 1904 vero
1883 1854 2088 1907 salvatc
2138 1853 2205 1907 de
2308 1853 2378 1906 ita
2408 1851 2734 1922 generaliter
2781 1850 2849 1905 ab
2902 1849 3156 1904 omnibus
3206 1847 3602 1904 custodiantur.
3638 1847 3786 1903 Bene
3837 1862 3926 1899 va-

597 1942 720 2011 igne
753 1943 1043 2010 rapientes.
1089 1942 1225 1995 Aliis
1272 1953 1450 1996 autem
1491 1943 1822 1997 miseremini
1874 1945 1925 1998 in
1982 1946 2202 2013 timore,
2309 1947 2422 2002 lere
2467 1945 2855 2001 beatitudinem
2899 1954 3042 1999 tuam
3090 1959 3305 2014 semper
3333 1953 3605 2014 optamus,
3656 1952 3711 1998 et
3757 1941 3928 1997 sacris

597 2035 846 2089 odicntes
874 2044 927 2088 et
953 2050 1095 2100 eam,
1127 2050 1248 2104 qua:
1274 2037 1509 2090 carnalis
1559 2045 1644 2092 est
1688 2038 2009 2092 maculatam
2062 2040 2205 2093 tunio
2309 2039 2598 2093 virtutibus
2625 2037 2891 2109 proﬁcere
2921 2048 2972 2092 tc
2989 2037 3383 2102 desideramus,
3416 2035 3581 2090 frater
3608 2034 3930 2090 charissimc

601 2143 735 2184 cam.
792 2148 809 2178 ι
871 2127 1063 2182 Nullus
1132 2128 1277 2182 enim
1361 2129 1704 2184 sacerdotum
1781 2147 1999 2187 causam
2055 2149 2206 2188 suam
2310 2142 2471 2202 atque
2514 2131 2904 2185 amantissime.
2953 2129 3084 2184 Data
3127 2128 3418 2185 undecimo
3455 2127 3714 2183 kalendas
3749 2127 3928 2197 junii,

598 2220 775 2274 alieno
800 2221 1104 2274 committat
1137 2220 1364 2290 judicio,
1397 2222 1498 2276 nisi
1528 2223 1593 2277 ad
1617 2222 1811 2279 Sedem
1854 2226 2206 2294 apostolicam
2314 2223 2548 2279 Maximo
2596 2233 2652 2278 et
2675 2224 2837 2280 Decio
2876 2223 3006 2279 viris
3027 2222 3348 2278 clarissimis
3370 2219 3700 2277 consulibus.

599 2313 762 2366 fuerit
786 2311 1147 2382 appellatum.
1193 2313 1298 2368 Sed
1327 2316 1694 2386 unusquisque
1724 2319 2210 2388 comprovinciales

596 2405 830 2474 judices,
863 2414 920 2460 et
964 2416 1120 2460 notos
1177 2406 1393 2474 haheat,
1449 2409 1551 2463 nisi
1598 2411 1833 2481 aliquam
1874 2414 1979 2466 vim
2035 2422 2206 2468 teme-

603 2498 761 2551 rariae
793 2497 1152 2552 multitudinis
1197 2499 1305 2553 illic
1355 2501 1615 2566 timuerit,
1663 2512 1755 2557 aut
1825 2503 2070 2572 infestos,
2117 2515 2210 2560 aut

601 2602 882 2660 suspectos
930 2592 1056 2647 inibi
1086 2593 1296 2662 jndices
1344 2594 1614 2662 habuerit,
1660 2612 1759 2667 pro
1790 2599 1985 2667 quibus
2030 2602 2208 2655 causis

603 2682 669 2736 ad
702 2683 921 2752 majoris
950 2686 1288 2740 auctoritatis
1308 2687 1538 2755 judices,
1578 2701 1632 2744 et
1659 2691 1725 2744 ad
1746 2691 1878 2748 alias
1904 2694 2207 2763 provincias

601 2777 875 2847 appellare
899 2785 954 2831 et
981 2779 1167 2833 venire
1194 2794 1512 2835 concessum
1547 2793 1648 2838 est.

676 2866 738 2921 ll.
769 2870 958 2923 Omnia
1007 2885 1135 2939 ergo
1179 2887 1297 2940 qua:
1326 2871 1586 2927 adversus
1610 2873 1636 2911 ὓ
1668 2875 1918 2931 absentes
1965 2878 2014 2932 in
2063 2879 2210 2933 omni

2878 2379 3275 2437 DECRETUM.

2374 2502 2446 2552 Ex
2475 2501 2692 2552 Gratiani
2719 2499 2793 2564 (l)
2818 2501 3026 2564 decreto
3045 2502 3376 2563 desumptum,
3404 2500 3452 2548 in
3473 2498 3722 2561 prioribus
3745 2495 3934 2546 Decre-

2814 2563 2997 2614 talibus
3029 2576 3129 2613 non
3152 2569 3373 2613 exstans.

2586 2668 2653 2723 Ut
2692 2687 2724 2722 a
2743 2668 2944 2740 jejunis
2963 2668 3256 2736 iuramenta
3277 2676 3608 2737 praeteritur.

2392 2787 2685 2842 Honestum
2729 2786 2891 2841 etiam
2931 2784 3146 2840 videtur
3183 2793 3241 2839 ut
3289 2785 3381 2854 qui
3428 2784 3480 2838 in
3523 2783 3726 2838 sanctis
3780 2781 3941 2836 audet

2315 2880 2531 2950 jurare,
2571 2883 2672 2936 hoc
2725 2881 2944 2950 jejunus
2995 2880 3158 2934 faciat
3201 2893 3323 2934 cum
3376 2877 3523 2933 omni
3557 2877 3856 2933 honestate
3888 2883 3940 2930 et

605 2962 820 3030 negotio
847 2971 938 3014 aut
967 2961 1086 3016 loco
1115 2974 1348 3033 aguntur
1364 2965 1803 3036 autjudicantur,
1839 2970 2059 3027 omnino
2089 2989 2215 3027 eva—

601 3063 877 3108 cuentur:
945 3055 1196 3123 quoniam
1259 3057 1537 3112 absentem
1599 3061 1780 3118 nullus
1829 3064 2063 3129 addicit,
2117 3082 2214 3122 nec

2322 2976 2517 3030 timore
2547 2975 2663 3038 Dei,
2705 2983 2759 3029 et
2787 2983 2845 3028 ut
2880 2974 3032 3044 pueri
3060 2981 3187 3030 ante
3211 2987 3386 3028 annos
3423 2969 3806 3042 quatordecim
3838 2983 3939 3023 non

2321 3079 2583 3140 cogantur
2605 3068 2809 3138 jurare.

1829 3197 2212 3256 LECTIONES
2273 3201 2696 3260 VARIANTES.

610 3364 617 3370 α
672 3301 822 3372 “'Sic
855 3315 1017 3372 mag).
1060 3302 1288 3372 editionis
1329 3305 1572 3372 Yalgatw,
1621 3309 1692 3360 sic
1730 3316 1775 3358 et
1805 3311 1994 3362 Graeca.
2021 3311 2135 3364 Alia
2159 3314 2214 3364 In

607 3366 882 3426 impietate.
912 3366 1109 3416 Ex'cusa
1133 3366 1307 3418 habent
1331 3369 1387 3418 In
1422 3366 1774 3432 impietatibus.

2385 3313 2416 3352 δ
2448 3316 2480 3366 5
2501 3330 2548 3380 q.
2574 3318 2622 3368 6.
2653 3316 2829 3370 Omnia
2851 3331 2962 3383 qua:
2985 3320 3240 3373 adversus.

1943 3511 2324 3578 VABIORUM.
2344 3514 2571 3572 NOTAE.

607 3638 612 3647 '
683 3635 902 3709 Nullus.
931 3639 1092 3694 Amb.
1125 3639 1226 3709 Ep.
1260 3640 1332 3696 29
1361 3641 1414 3694 in
1442 3642 1632 3696 decret.
1663 3645 1753 3700 [vo
1784 3647 1878 3701 lib.
1908 3665 1982 3702 tv.

679 3707 907 3782 Indices.
937 3711 1100 3782 Hadr.
1120 3707 1239 3765 coll.
1273 3713 1359 3768 17.
1387 3713 1516 3768 llent
1548 3715 1602 3781 5,
1633 3718 1686 3782 8,
1716 3719 1806 3781 '50,
1841 3719 1932 3782 3‘2,
1964 3731 2070 3775 etc.

683 3781 930 3835 Damnat.
963 3781 1126 3836 Conc.
1153 3782 1408 3839 Chalced.
1447 3786 1598 3840 initio
1627 3781 1851 3844 aelionis
1884 3791 1950 3846 Χ.

683 3851 865 3930 Deum.
927 3854 1064 3909 Sixti
1117 3855 1265 3910 Sent.
1326 3856 1470 3922 176,
1527 3867 1582 3912 et
1628 3861 1788 3929 paulo
1849 3872 1969 3930 post
2023 3864 2130 3920 Q92
2171 3877 2223 3922 et

612 3924 742 3978 205.

685 3994 826 4063 Ergo
851 4012 952 4051 non
989 4007 1083 4052 est.
1143 3999 1197 4053 6.
1249 4014 1303 4068 q.
1350 4000 1402 4054 1.
1447 3999 1672 4072 Sapiens
1708 4021 1808 4059 non
1859 4018 1949 4062 est.
2011 4008 2221 4080 Allega-

2245 3653 2290 3714 C
2327 3661 2412 3726 tur
2455 3663 2630 3708 tamen
2679 3655 2750 3710 ibi
2795 3654 2896 3709 sub
2941 3656 3161 3712 nomine
3206 3655 3360 3711 Lucii
3410 3669 3560 3726 papa:
3602 3652 3950 3712 successoris

2326 3725 2587 3787 Cornelii,
2618 3726 2706 3780 ubi
2738 3727 2897 3782 etiam
2929 3727 3179 3783 habetur.

2399 3795 2539 3870 Bene
2563 3798 2751 3852 valere.
2782 3800 2841 3855 S.
2872 3798 3050 3854 Bonif.
3080 3815 3167 3870 ep.
3199 3800 3252 3856 8.

2403 3867 2656 3940 ﬂaminio.
2693 3874 2849 3924 Anno
2875 3870 2986 3926 250
3022 3867 3133 3925 aut.
3164 3886 3279 3940 seq.

2400 3939 2488 3994 Ea:
2527 3939 2782 4013 Gratiani.
2816 3941 3057 3997 Gratian.
3109 3943 3200 4007 16,
3246 3943 3338 4012 22,
3379 3959 3434 4013 q.
3464 3944 3517 3998 5.
3555 3945 3749 4001 Verius
3791 3959 3824 4001 e
3852 3941 3961 3998 Ca-

2331 4012 2545 4079 pitutar.
2577 4012 2614 4066 l.
2648 4029 2686 4080 ι,
2719 4029 2768 4068 c.
2793 4013 2888 4069 65.
2920 4015 3251 4070 ΙΙΑιωωιωε.

2294 4307 3949 4366 “ﬂ

1841 4605 2712 4736 MONITUM.‘

704 4914 817 4975 Etsi
843 4937 992 4977 suam
1025 4922 1259 4979 habeant
1283 4923 1554 4995 propriam
1590 4923 2024 4994 peculiaremque
2052 4925 2430 4984 collectionem
2461 4929 2725 4997 Coneilia,
2749 4945 2850 4987 nec
2872 4946 2965 5002 per
2987 4946 3046 4988 se
3067 4935 3136 4990 ad
3166 4940 3406 4990 nostram
3436 4944 3699 4993 veterum
3735 4938 3969 4996 Patrum

622 5013 1011 5073 Bibliothecam
1043 5017 1365 5086 pertineant,
1418 5025 1601 5088 utpote
1645 5034 1764 5087 qua:
1793 5033 1912 5073 eam
1941 5017 2052 5088 jam
2078 5019 2210 5075 satis
2233 5021 2377 5078 mole
2418 5039 2511 5079 sua
2562 5024 2908 5094 grandiorem
2941 5025 2993 5080 in
3025 5027 3347 5084 immensum
3376 5027 3662 5097 afferrent,
3702 5032 3971 5089 nonnnlia

623 5121 803 5166 tamen
835 5113 1008 5168 obiter
1034 5116 1176 5168 inter
1197 5112 1393 5181 scripta
1422 5113 1638 5169 Patrum
1667 5113 1905 5171 inserere
1930 5117 2186 5186 Oportuit,
2217 5119 2431 5187 quoties
2461 5135 2658 5189 nempe
2679 5163 2692 5183 ,
2723 5121 2901 5193 qualia
2932 5129 3058 5176 sunt
3083 5136 3146 5178 ea
3174 5138 3295 5193 qua:
3339 5136 3670 5196 sequuntur,
3709 5141 3978 5183 necessa-

626 5202 761 5260 riam
789 5201 989 5260 habent
1015 5218 1078 5259 ac
1106 5203 1430 5261 indivulsam
1460 5222 1580 5263 cum
1603 5205 1857 5277 operibus
1890 5207 2109 5264 Patrum
2135 5210 2551 5269 connexionem.
2581 5211 2717 5268 Enn.
