4252 6258
473 520 924 654 CONCILIA
1010 527 1893 670 CARTHAGINENSIA
1977 549 2460 681 TEMPORE
2549 555 3010 688 CORNELII
3092 563 3134 688 Ι
3216 565 3510 693 PAPIE

578 779 690 851 IN
721 780 1064 857 CAUSA
1122 786 1702 864 LAPSORUM
1744 794 1942 868 SUB
1985 797 2067 870 S.
2127 801 2686 880 CYPBIANO
2733 812 3420 890 CELEBBATA.

1656 1166 1846 1224 ANNO
1886 1168 2118 1227 DOMINI
2159 1173 2334 1231 CCLI.

901 1298 1338 1364 CONCILIUM
1382 1304 2058 1370 CARTHAGINENSE
2111 1313 2252 1374 SUB
2299 1315 2707 1384 CYPRIANO
2751 1327 3089 1394 PRIMUM.

1186 1445 1280 1510 (Ex
1303 1447 1598 1500 collectione
1617 1449 1880 1503 Concilior.
1902 1454 2021 1505 edit.
2043 1455 2154 1507 Joh.
2174 1456 2416 1511 Dominic.
2444 1462 2641 1525 Mansi.,
2672 1472 2706 1516 t.
2729 1467 2798 1532 Ι.)

406 1602 833 1699 Carthaginiense
877 1604 1165 1699 concilium
1217 1606 1318 1661 hoc
1379 1608 1618 1664 habitum
1673 1619 1757 1666 est
1799 1609 1930 1667 Car-
1961 1617 2005 1675 B
2035 1612 2090 1666 Id
2139 1625 2326 1684 aperte
2379 1627 2594 1673 constat
2641 1636 2709 1675 ex
2759 1621 3000 1692 Epistola
3054 1628 3308 1699 Cypriani
3359 1632 3430 1686 52
3476 1643 3529 1688 et
3560 1635 3646 1698 33,

336 1694 557 1766 thagiue
589 1703 713 1764 post
761 1695 991 1764 Pascha,
1038 1712 1180 1752 anno
1228 1699 1440 1754 Domini
1482 1700 1591 1756 254
1630 1702 1943 1776 (l),estque

333 1786 606 1857 Cypriane
636 1789 892 1859 episcopo
931 1799 1154 1845 auclore
1190 1801 1564 1848 convocatum.
1611 1796 1766 1852 Ιιιίῑιο
1798 1799 1944 1855 illius

337 1879 519 1950 legati,
577 1896 711 1949 quos
759 1880 1087 1937 Novatianus
1131 1900 1252 1939 cum
1329 1887 1524 1943 litteris
1595 1889 1661 1943 ad
1733 1892 1941 1946 Africa-

337 1985 461 2025 nam
486 1971 767 2027 ecclesiam
790 1975 1004 2044 scriptis
1029 1976 1373 2047 allegaverat,
1395 1995 1422 2032 a
1442 1981 1710 2052 Cypriane
1725 2000 1942 2040 excom-

335 2065 682 2120 municantur
722 2066 952 2122 :Patres
998 2082 1178 2124 autem
1240 2071 1292 2125 in
1363 2075 1572 2144 synodo
1632 2081 1940 2148 congregati

339 2161 548 2215 litteras
603 2176 815 2229 eorum,
857 2179 991 2232 quas
1045 2165 1144 2234 ipsi
1201 2167 1486 2223 calumniis
1538 2179 1593 2224 et
1647 2172 1942 2228 mendaciis

333 2255 383 2308 iu
407 2263 654 2309 sanctum
678 2254 989 2311 Cornelium
1014 2258 1353 2327 plenissimas
1383 2261 1592 2330 publice
1621 2264 1672 2317 in
1705 2266 1939 2320 concilio

332 2349 432 2418 legi
477 2349 762 2418 urgebant,
810 2350 1116 2406 schismatis
1144 2368 1305 2408 causa
1339 2370 1407 2409 ex
1455 2357 1650 2412 litteris
1678 2355 1938 2423 Cornelii,

332 2439 600 2496 relatione
624 2442 980 2512 quorumdam
1006 2446 1254 2501 ecclesiae
1295 2447 1537 2517 ejusdem
1563 2453 1940 2520 l‘plSCOIlOI'llm

332 2532 502 2586 Roma
527 2537 910 2590 revertentium
944 2537 1101 2604 plene
1118 2541 1638 2612 cognita,rejiciunt,
1667 2554 1938 2616 tamquam

332 2629 577 2700 indignas
605 2645 724 2700 quae
755 2631 805 2684 in
835 2640 944 2686 tam
981 2647 1138 2689 sacro
1168 2635 1510 2691 sacerdotum
1543 2647 1815 2693 conventu
1857 2640 1937 2695 le—

329 2729 519 2790 gantur
549 2731 603 2776 et
639 2721 928 2778 audiantur
968 2723 1302 2798 (Cyprianus,
1333 2727 1504 2795 Epist.
1535 2732 1627 2796 41,
1657 2731 1728 2784 42
1753 2740 1805 2786 et
1825 2731 1938 2802 55).

332 2819 722 2885 Felicissimus,
756 2820 1065 2878 schismatis
1111 2823 1347 2879 Africani
1401 2824 1584 2881 infelix
1639 2839 1856 2892 auctor,
1889 2839 1941 2884 et

331 2915 568 2984 quinque
609 2914 691 2969 illi
737 2916 1041 2988 presbyteri
1089 2918 1546 2989 Carthagineuses
1590 2921 1711 2976 tidei
1755 2921 1940 2977 deser-

2049 1705 2174 1761 item
2201 1722 2267 1761 ex
2299 1708 2491 1764 litteris
2519 1713 2791 1783 synodicis
2816 1717 2881 1769 ad
2911 1717 3217 1774 Cornelium
3252 1723 3486 1793 sei-iptis,
3510 1742 3645 1796 qua~

2046 1815 2163 1854 rum
2186 1801 2402 1870 quidem
2422 1803 2478 1858 S.
2505 1805 2828 1876 Cyprianus,
2853 1809 3019 1878 Epist.
3045 1811 3135 1878 4‘2,
3157 1816 3418 1877 meminit.
3451 1818 3542 1872 sed
3570 1820 3651 1871 iu-

2040 1892 2181 1961 juria
2214 1905 2514 1963 temporum
2544 1898 2951 1957 interciderunt.
3011 1904 3293 1961 Decretum
3342 1917 3424 1962 est
3466 1910 3520 1963 in
3552 1909 3656 1964 hoc

2047 1985 2302 2052 concilio,
2335 1996 2389 2041 ut
2429 1989 2564 2058 lapsi
2613 1993 2979 2060 paenitentiam
3023 2007 3245 2066 agentes
3297 2002 3348 2053 in
3388 2000 3644 2056 Ecclesia:

2047 2082 2484 2137 communionem
2527 2084 2744 2153 quidem
2796 2087 3160 2155 recipiantur;
3214 2091 3308 2145 sed
3359 2109 3464 2147 non
3514 2095 3642 2149 citra

2048 2182 2328 2241 urgentem
2355 2176 2732 2231 necessitatem
2757 2187 2880 2234 ante
2905 2181 3288 2237 satisfactionis
3319 2193 3529 2255 tempus
3555 2187 3649 2239 im-

2048 2266 2251 2333 pletum
2285 2266 2658 2323 admittautur.
2714 2269 2836 2325 Haec
2886 2273 3184 2343 Cyprianus
3239 2275 3412 2346 Epist.
3445 2277 3534 2340 52,
3586 2281 3651 2332 ad

2049 2359 2414 2414 Antonianum
2459 2362 2703 2416 scribens
2729 2364 2810 2417 his
2843 2366 3021 2419 verbis
3065 2367 3331 2437 signiﬁcat
3361 2389 3373 2423 :
3407 2389 3426 2422 ‹
3455 2369 3659 2426 Secun-

2044 2451 2170 2506 dum
2209 2455 2350 2522 quod
2399 2463 2574 2510 tamen
2620 2466 2773 2511 antea
2806 2457 2978 2512 fuerat
3007 2459 3360 2528 deStiuatum,
3394 2479 3652 2530 persecu-

2048 2545 2193 2600 tione
2215 2548 2440 2616 sospita,
2472 2563 2590 2603 cum
2612 2549 2731 2603 data
2763 2562 2905 2605 esset
2929 2554 3153 2607 facultas
3185 2555 3234 2608 iu
3263 2572 3424 2610 unum
3440 2573 3645 2613 conve—

2045 2639 2248 2705 niendi,
2282 2640 2533 2709 copiosus
2549 2641 2924 2712 episcoporum
2951 2660 3223 2712 numerus,
3253 2663 3387 2716 quos
3414 2653 3652 2720 integros

2041 2743 2096 2787 et
2127 2733 2426 2788 incolumes
2459 2734 2595 2790 ﬁdes
2642 2751 2736 2789 sua
2784 2747 2837 2791 et
2870 2738 3079 2791 Domini
3115 2741 3277 2794 tutela
3308 2744 3558 2809 protexit,
3589 2745 3641 2797 iu

2045 2844 2206 2881 unum
2239 2829 2592 2883 convenimus
2618 2848 2629 2882 :
2656 2839 2710 2884 et
2737 2832 3016 2899 scripturis
3039 2829 3127 2884 diu
3151 2847 3219 2886 ex
3249 2842 3472 2902 utraque
3499 2845 3649 2904 parte

2044 2920 2291 2989 prolatis,
2338 2931 2822 2990 temperamentum
2853 2923 3053 2976 salubri
3089 2923 3458 2980 moderatione
3484 2925 3648 2980 libra-

332 3019 501 3076 tores,
551 3024 613 3064 ac
642 3010 964 3067 schismatici
1013 3013 1252 3079 sectarii,
1298 3013 1363 3068 de
1402 3015 1594 3084 quibus
1634 3015 1938 3087 Cyprianus
1965 3012 2010 3074 C
2044 3014 2220 3069 vimus
2247 3055 2261 3078 ,
2292 3025 2350 3068 ut
2371 3030 2470 3070 nec
2500 3018 2550 3068 in
2581 3024 2751 3069 totum
2781 3031 2905 3084 spes
2940 3017 3442 3073 communicationis
3469 3028 3521 3073 et
3549 3036 3644 3087 pa-

336 3100 530 3170 (Epist.
565 3103 684 3174 XL),
729 3104 838 3173 jam
865 3114 991 3160 ante
1020 3107 1098 3160 bis
1128 3109 1596 3174 exeommunicati,
1632 3111 1681 3162 in
1715 3109 1816 3164 hoc
1853 3124 1939 3163 sa—

331 3212 423 3251 cro
452 3198 834 3268 episcoporum
863 3211 1158 3267 conventu,
1192 3217 1407 3257 causam
1439 3217 1588 3259 suam
1637 3206 1805 3258 acturi
1846 3209 1944 3260 ad-

331 3301 476 3356 sunt,
511 3292 823 3358 audiuntur,
858 3302 909 3350 et
941 3294 1158 3349 demum
1193 3295 1355 3351 tertio
1386 3299 1940 3353 excommunicautur.

403 3492 894 3566 (I)ADoctissimus
948 3494 1076 3565 Pagi
1145 3497 1234 3566 qui
1301 3497 1613 3552 Cornelium
1668 3512 1936 3552 summum

334 3563 704 3638 Pontificatum
732 3565 984 3638 adeptum
1015 3563 1198 3620 statuit
1228 3583 1313 3621 au.
1346 3568 1469 3636 251,
1502 3579 1692 3638 quarto
1740 3569 1824 3623 die
1845 3570 1935 3638 ju-

333 3635 426 3710 nii,
459 3634 559 3710 hoc
585 3637 811 3702 primum
858 3637 1281 3706 Carthagineuse
1327 3644 1425 3695 sub
1459 3634 1731 3710 Cypriane
1757 3634 1936 3694 conci-

331 3706 459 3780 l_ium
498 3707 786 3780 inemptum
835 3717 1078 3762 autumat
1124 3727 1308 3766 mense
1335 3712 1475 3766 maio
1509 3706 1764 3780 ejusdem
1805 3728 1932 3768 ann.

235 3819 238 3822 Α
328 3776 459 3837 ⁸251,
513 3789 636 3831 ante
664 3779 894 3833 Cornelii
949 3781 1007 3834 P.
1059 3781 1450 3836 ordinationem
1494 3776 1652 3836 et’ad
1688 3797 1928 3838 mensem

331 3855 618 3916 augustum
647 3863 814 3919 usque
837 3862 1197 3920 prorogatum.
1231 3853 1452 3909 COLETI.

2047 3109 2125 3162 cis
2154 3109 2317 3177 lapsis
2369 3108 2746 3178 denegaretttr,
2784 3125 2850 3163 ne
2885 3110 3003 3179 plus
3039 3109 3420 3180 desperatione
3450 3112 3651 3167 delice-

2048 3211 2186 3262 rent,
2208 3209 2346 3255 eteo
2377 3201 2518 3271 quod
2550 3201 2648 3255 sibi
2684 3201 2920 3255 Ecclesia
2953 3202 3317 3265 clauderetur,
3343 3205 3512 3258 secuti
3546 3219 3648 3258 sre-

2047 3293 2252 3358 culum,
2310 3293 2582 3362 gentiliter
2631 3294 2912 3348 viverent:
2947 3311 3045 3348 nec
3089 3306 3264 3349 tamen
3310 3311 3495 3351 rursus
3525 3312 3653 3351 cen-

2049 3402 2174 3442 sura
2203 3387 2511 3457 evangelica
2555 3387 2856 3442 solveretur
2897 3397 2952 3440 ut
2992 3387 3057 3441 ad
3100 3389 3645 3444 communicationem

2049 3490 2254 3536 temere
2280 3481 2612 3551 prosilirent,
2641 3478 2737 3536 sed
2777 3479 3080 3536 traheretur
3103 3481 3191 3534 diu
3225 3482 3562 3551 paenitentia,
3595 3494 3651 3537 et

2041 3585 2321 3644 rogaretur
2361 3574 2607 3628 dolenter
2654 3582 2873 3642 paterna
2920 3574 3227 3640 clementia,
3273 3583 3329 3628 et
3373 3575 3648 3628 examina-

2042 3679 2228 3722 rentur
2267 3683 2442 3721 causa:
2496 3677 2548 3720 et
2606 3665 2911 3721 voluntates
2965 3676 3018 3720 et
3063 3667 3412 3720 necessitates
3459 3667 3643 3737 singu-

2040 3761 2234 3814 lorum.
2278 3780 2295 3811 ι
2328 3759 2463 3815 Vide
2491 3758 2689 3812 Baron.
2714 3773 2857 3812 anno
2883 3757 3083 3813 Christi
3109 3759 3237 3825 234,
3263 3775 3410 3813 ιιιιιιι.
3435 3760 3523 3822 85,
3559 3775 3647 3813 us-

2040 3868 2143 3924 que
2168 3853 2231 3906 ad
2258 3851 2328 3909 90
2354 3852 2648 3908 exclusive.
2697 3850 2972 3906 LABBJ‘SUS.

1658 3990 1839 4045 ANNO
1884 3989 2115 4045 DOMINI
2155 3987 2356 4044 CCLII.

424 4097 1016 4172 CONCILIUM
1072 4099 2024 4175 CARTHAGINENSE
2090 4101 2291 4173 SUB
2349 4095 2911 4169 CYPBIANO
2969 4095 3559 4170 SECUNDUM

823 4211 902 4272 IN
947 4210 1202 4273 CAUSA
1249 4211 1959 4276 SCHISMATICORUM
2004 4210 2481 4272 FELICISSIMI
2524 4209 2628 4268 ET
2673 4207 3146 4269 NOVATIANI.

1473 4317 1568 4380 (Ex
1589 4317 1782 4368 collect.
1809 4316 1991 4369 Coneil.
2016 4316 2133 4365 edit.
2163 4315 2330 4364 Mansi.
2361 4322 2395 4362 t.
2425 4313 2490 4375 Ι.)

407 4433 515 4488 lloc
563 4434 850 4488 concilium
906 4445 1050 4486 anno
1113 4429 1326 4484 Domini
1376 4427 1503 4484 255.
1571 4424 1752 4482 Idibus
1809 4426 1932 4482 Maii

2041 4425 2363 4496 Carthagine
2391 4425 2441 4480 in
2467 4423 2642 4479 Africa
2671 4425 2998 4481 celebratum
3024 4436 3124 4491 est,
3154 4426 3205 4479 in
3227 4439 3389 4480 causa
3410 4424 3640 4479 duorum

1665 4539 2024 4597 VARIORUM
2091 4539 2317 4596 NOTAE.

412 4645 558 4696 Anno
595 4641 804 4695 Domini
829 4641 958 4697 255.
990 4641 1148 4694 Anno
1193 4638 1371 4707 potius
1421 4635 1562 4699 952,
1588 4634 1763 4690 idibus
1791 4635 1938 4698 maii,

2047 4645 2128 4689 est
2163 4643 2338 4689 autem
2384 4633 2652 4698 Baluzius,
2714 4645 2766 4688 ut
2813 4649 2970 4702 supra
3022 4633 3230 4687 ostendi
3275 4633 3338 4686 ad
3383 4632 3643 4688 CORNELII

327 4694 996 4784 justacxactioremri’agi
1023 4694 1450 4781 elironologiam,
1507 4694 1664 4779 quem
1719 4694 1940 4762 consule
1966 4694 2018 4753 D
2049 4705 2367 4784 Fragmenta
2402 4723 2519 4784 pag.
2541 4694 2652 4784 _18I.;
2683 4715 2807 4784 ante
2833 4694 3031 4760 editqu
3075 4720 3216 4759 anno
3257 4705 3392 4759 1727
3417 4722 3444 4758 a
3475 4706 3646 4784 Bene—

331 4789 396 4839 ntl
427 4803 551 4840 anu.
585 4785 715 4849 9.52,
740 4801 793 4838 η.
825 4785 877 4839 8.
912 4784 1132 4839 COLETI.

404 4858 807 4927 Crn'I/mginense
849 4857 1142 4920 concilium,
1195 4863 1300 4909 etc.
1339 4851 1933 4927 Carthagiuensequi-

333 4930 488 4989 dem,
534 4924 676 4997 quod
729 4928 955 4996 primum
1000 4937 1235 4989 vocant,
1283 4925 1578 4997 concilium
1631 4924 1730 4976 sub
1785 4924 1932 4997 initia

335 5003 491 5067 hujus
537 4993 755 5061 surculi,
816 4999 942 5053 dum
998 4998 1285 5068 episcopus
1319 4995 1661 5068 Carthagine
1711 4993 1934 5068 sedebat

333 5066 656 5138 Agrippinus
677 5112 692 5137 ,
737 5071 803 5124 ab
833 5066 1109 5124 Africm’et
1141 5067 1402 5122 Numidia)
1430 5067 1699 5137 episcopis
1731 5066 1798 5120 de
1842 5081 1928 5138 [e-

336 5135 980 5209 haptizandishrereticis
1033 5149 1189 5194 antea
1224 5142 1396 5194 fuerat
1422 5135 1777 5193 celebratum.
1849 5135 1929 5190 De

335 5215 505 5285 primo
545 5225 725 5268 autem
757 5213 858 5285 sub
904 5212 1170 5285 Cypriane
1201 5210 1455 5285 Concilio
1475 5211 1725 5285 nonnulla
1755 5218 1932 5263 exstat

335 5283 534 5341 iueutio
563 5302 682 5340 mox
720 5283 856 5338 infra
891 5283 956 5338 ad
976 5283 1182 5336 initium
1212 5283 1488 5352 sequentis
1515 5283 1778 5347 cpistolm,
1809 5295 1929 5352 qua:

335 5357 546 5427 quidem
589 5357 815 5426 epistola
839 5355 1040 5427 adhoc
1081 5351 1406 5427 Concilium,
1438 5355 1578 5427 quod
1609 5353 1806 5427 dicitur
1834 5351 1932 5427 Se-

333 5423 588 5493 cundum,
616 5423 866 5497 pertinet.
916 5426 970 5480 In
996 5442 1098 5496 qua
1120 5426 1338 5496 Synodo
1357 5424 1592 5479 secunda
1609 5423 1931 5497 Cyprianica

333 5492 710 5565 edenda,rt'um
745 5500 795 5552 iu
827 5492 1066 5566 quinque
1098 5492 1220 5557 illis.
1252 5512 1371 5566 quae
1398 5492 1719 5566 sequuntur.
1741 5492 1932 5566 editio-

335 5588 458 5626 nem
489 5564 697 5644 operum
731 5564 1071 5644 SaCyprinui
1107 5564 1530 5644 Benedictinam,
1566 5582 1657 5619 seu
1691 5564 1932 5644 Baluzia-

336 5659 486 5706 nam,
525 5639 634 5695 nisi
669 5644 752 5695 ubi
784 5639 1084 5696 de’variata
1140 5641 1365 5692 lectione
1414 5639 1667 5691 lectorem
1723 5639 1933 5706 mortui,

337 5703 555 5780 semper
584 5723 797 5766 secutus
842 5728 986 5777 sum,
1033 5713 1229 5780 quippe
1261 5725 1380 5764 cum
1415 5708 1600 5762 eadem
1642 5721 1672 5780 ξι
1715 5703 1938 5780 _l_3alu7.io

339 5775 472 5854 post
490 5786 656 5838 visam
689 5785 755 5837 ab
781 5798 867 5850 eo,
905 5775 1212 5837 ntex'no'tis
1237 5783 1353 5850 ejus
1375 5787 1606 5854 constat,
1631 5775 1680 5830 .l.
1705 5775 1941 5854 llardni-

340 5846 392 5913 iii
426 5854 788 5912 Conciliorum
819 5846 1112 5912 editionem
1141 5897 1154 5920 ,
1187 5846 1444 5908 adornata
1477 5848 1653 5905 fuerit.
1704 5846 1941 5902 Mortuus

2042 4775 2261 4832 dictiuis
2306 4779 2583 4831 monachis
2613 4775 2937 4848 Cyprianum
2972 4787 3095 4830 octo
3147 4792 3336 4840 annos,
3361 4786 3523 4847 atque
3555 4779 3643 4832 in-

2043 4859 2185 4904 terea
2211 4849 2407 4918 prodiit
2429 4849 2725 4903 Coustantii
2756 4865 2911 4912 opus,
2937 4849 3023 4918 qui
3047 4863 3188 4920 anno
3213 4848 3341 4903 l7'2l
3378 4848 3642 4920 Epistolas

2046 4921 2357 4988 Pontiﬁcum
2387 4922 2733 4973 Romanorum
2751 4920 2934 4982 edidit,
2957 4922 3007 4972 in
3033 4919 3224 4986 quibus
3255 4920 3387 4973 (luas
3413 4919 3476 4974 ex
3500 4921 3645 4988 epis.

2040 4993 2162 5045 tolis
2183 4993 2263 5044 his
2286 4992 2572 5062 Synodicis
2597 4993 2822 5059 primam
2853 5001 2905 5045 et
2936 4994 3173 5060 quintam
3200 4993 3461 5059 reposuit.
3489 4992 3645 5058 Quod

2036 5063 2102 5116 ad
2145 5063 2287 5117 aliud
2330 5063 2599 5130 quoddam
2651 5063 2936 5116 concilium
2976 5063 3164 5114 attinet
3201 5073 3397 5129 printer
3435 5073 3643 5132 septem

2036 5135 2133 5188 ista
2164 5131 2480 5204 Cypriaoica
2503 5175 2515 5193 ,
2571 5133 2635 5184 ad
2664 5145 2912 5187 octavum
2937 5133 3075 5186 istud
3104 5133 3238 5186 duas
3259 5131 3515 5202 epistolas
3532 5133 3642 5202 Cy-

2037 5207 2321 5273 prianicas,
2349 5205 2463 5258 scil.
2499 5212 2664 5257 vaet
2688 5219 2828 5265 vat,
2852 5205 2964 5257 sive
2987 5219 3042 5256 Ill
3071 5215 3125 5257 et
3155 5221 3194 5268 ι,
3223 5204 3492 5271 pertinere
3511 5219 3610 5258 ceu
3630 5234 3645 5244 -

2036 5286 2112 5346 set
2149 5285 2265 5342 post
2282 5275 2414 5328 alios
2439 5274 2754 5328 Emmanuel
2771 5290 2797 5327 a
2815 5274 3165 5346 Schelstrale,
3185 5275 3381 5328 Eccles.
3409 5277 3643 5346 African.

2038 5345 2252 5400 Dissert.
2287 5361 2364 5409 ιιι,
2408 5361 2526 5414 cap.
2570 5349 2621 5408 1,
2657 5361 2709 5414 p.
2757 5347 2874 5398 l‘2l.
2913 5345 3179 5414 Refragati
3223 5356 3402 5399 autem
3437 5345 3648 5401 fuerant

2037 5417 2161 5471 huic
2208 5418 2491 5471 sententia:
2535 5427 2639 5470 tam
2687 5417 3007 5470 Pearsonius
3057 5417 3106 5468 in
3153 5417 3438 5471 Annalibus
3486 5417 3644 5487 Cypr.

2036 5503 2193 5558 quam
2228 5488 2407 5542 Fcllus
2436 5488 2498 5539 ad
2529 5487 2850 5558 Cyprianum
2881 5489 3079 5555 ipsum,
3124 5488 3250 5542 dum
3285 5497 3506 5543 monent
3531 5490 3646 5541 cla-

2043 5557 2240 5613 rissimi
2287 5558 2564 5627 pra-sules,
2591 5559 2774 5623 verba,
2827 5557 3078 5631 Collega’,
3118 5563 3204 5631 qui
3237 5570 3506 5628 pra’sentes
3528 5560 3650 5611 ade-

2041 5641 2180 5695 rant,
2209 5646 2416 5684 sacram
2462 5631 2723 5700 synodum
2769 5631 2906 5696 apud
2937 5630 3264 5700 Cyprianum
3309 5645 3525 5696 semper
3572 5631 3650 5682 si-

2044 5719 2207 5772 gnare
2233 5718 2335 5755 nou
2367 5701 2574 5763 Solere;
2609 5718 2669 5754 ac
2703 5716 2861 5768 porro
2888 5703 3112 5754 solenne
3136 5701 3249 5757 fere
3274 5715 3395 5754 esse
3421 5701 3646 5771 Cypria-

2048 5790 2115 5827 uo
2150 5775 2199 5825 in
2225 5773 2469 5840 epistolis
2497 5773 2782 5844 Synodicis
2814 5773 3028 5826 nomina
3074 5774 3453 5843 episeiqiornm
3484 5788 3651 5844 appo-

2047 5861 2197 5910 nere,
2231 5859 2348 5916 qute
2376 5844 2589 5914 quidem
2625 5846 2689 5897 ibi
2719 5858 2820 5897 non
2845 5854 3176 5913 comparent.
3227 5845 3406 5914 Itaque
3438 5859 3496 5896 ea
3525 5843 3643 5912 qui-
