4252 6258
625 373 724 432 851

1937 360 2277 425 EPISTOLA
2322 356 2663 422 SYNODICA

3836 350 3947 423 859

619 488 1099 544 schismaticorum
1125 528 1141 556 ,
1182 486 1503 542 Felicissimi
1536 486 1813 553 nimirum,
1844 495 1900 540 et
1921 484 2226 552 Novatiani,
2257 487 2310 546 Α
2334 484 2448 540 suis
2478 483 2705 538 introire
2750 483 2977 539 tentavit
3013 482 3263 555 quidem,
3293 483 3391 540 sed
3421 483 3545 556 quia
3590 479 3752 540 alitea
3801 500 3947 557 saepe

623 564 867 652 quorum
887 579 976 635 ille
1004 594 1194 635 omnes
1216 580 1438 634 omnino
1468 579 1649 646 lapsos
1676 574 1880 648 absque
1916 570 2231 646 poenitentia

621 692 753 732 mox
799 675 998 744 suscipi
1042 673 1244 728 debere
1289 671 1637 741 pertinaciter
1662 668 2009 726 defendebat.
2054 667 2231 723 Nova-

621 767 800 820 tianus
829 781 959 821 vero
1011 765 1063 819 in
1113 766 1342 820 alterum
1381 767 1686 819 extremum
1736 763 1899 817 nittiis
1928 760 2229 825 declinans,

620 859 897 914 neminem
929 874 1116 913 eorum
1155 859 1243 928 qui
1270 858 1409 927 lapsi
1447 865 1631 912 essent
1660 857 1712 910 in
1754 856 2047 910 Ecclesiam
2090 855 2231 909 reci-

622 951 875 1023 piendqu
909 967 1031 1007 esse
1060 968 1166 1006 non
1198 952 1407 1006 minore
1447 951 1743 1021 pertinacia
1789 948 2086 1004 asserebat.
2143 947 2223 1002 Ad

619 1040 764 1096 hanc
785 1057 914 1114 ergo
942 1044 1365 1099 controversiam
1392 1041 1880 1109 determinandam,
1911 1042 2232 1097 auctoritate

622 1133 876 1207 Cypriani
900 1137 1160 1207 episcopi,
1190 1137 1542 1208 quadraginta
1566 1138 1673 1192 duo
1697 1136 1936 1208 episcopi
1961 1135 2231 1192 Africana:

623 1229 886 1284 Ecclesiae
910 1241 1322 1301 congregantur,
1339 1231 1452 1301 qui.
1472 1230 1645 1285 inedia
1677 1232 1758 1285 via
1786 1230 2119 1296 incedentes,
2142 1230 2233 1286 dc-

620 1324 913 1378 .tiniverunt
934 1324 1099 1393 lapsis
1126 1316 1359 1379 reditum
1390 1324 1455 1379 ad
1483 1322 1780 1380 Ecclesiam
1811 1318 2229 1394 postulantibus,

624 1431 815 1486 pacem
837 1427 891 1472 et
914 1419 1408 1474 reconciliationem
1441 1418 1847 1488 concedendam
1879 1424 2022 1484 esse,
2056 1418 2100 1472 si
2133 1418 2232 1472 im-

622 1512 855 1581 positam
895 1511 995 1565 sibi
1030 1513 1397 1582 puanitentiam
1428 1512 1871 1583 adimplevissent
1899 1530 1911 1566 :
1950 1512 2111 1581 idque
2136 1527 2227 1567 or-

624 1603 834 1659 dinarie
855 1603 1130 1659 observari
1148 1605 1565 1673 conStituerunt,
1588 1606 1687 1659 nisi
1716 1604 1801 1661 vel
1825 1605 1947 1661 vita:
1970 1608 2229 1661 estrcmae

626 1695 922 1766 periculum
952 1694 1262 1765 imminens,
1303 1700 1387 1752 vel
1422 1694 1629 1752 instans
1658 1694 2007 1769 tyrannorum
2039 1714 2226 1769 perse-

623 1787 790 1853 cutio,
820 1804 979 1859 quam
1018 1786 1251 1843 futuram
1297 1805 1418 1846 esse
1446 1790 1681 1862 Spiritus
1709 1801 1927 1847 sanctus
1958 1792 2228 1864 Cypriane

2336 564 2629 633 damnatus
2648 575 2854 643 fuisset,
2883 576 3131 645 repulsus
3156 582 3270 631 est:
3300 590 3402 647 qua
3433 574 3500 632 de
3520 590 3681 632 causa
3712 574 3821 644 ille,
3857 594 3945 634 so-

2336 672 2435 726 ciis
2464 669 2781 735 quibusdam
2813 670 3077 737 collectis,
3108 670 3462 725 Fortunatum
3501 671 3790 741 quemdam
3820 689 3948 743 pro-

2336 761 2519 833 iugum
2568 764 2623 818 e't
2649 761 2979 830 abste'iitu'm',
3011 762 3271 819 adversus
3314 757 3667 835 cypiiauuiﬁ,
3708 766 3947 835 pseudo.

2335 854 2651 923 episcopum
2679 863 2848 920 creat,
2889 864 2944 908 ct
2966 863 3151 924 postea
3180 854 3362 908 statim
3395 869 3490 924 per
3523 853 3941 922 Felicissimum,

2337 956 2392 1003 et
2425 962 2674 1017 magnam
2713 946 3181 1003 schismaticorum
3230 955 3503 1002 catervam
3533 945 3599 1001 ad
3629 947 3942 1005 Cornelium

2335 1058 2523 1113 papam
2557 1042 2855 1112 ablegatam
2879 1085 2894 1109 ,
2946 1050 3002 1097 ut
3044 1041 3354 1097 schismatis
3395 1051 3449 1097 et
3493 1040 3731 1097 literseos
3771 1045 3947 1114 suspi-

2334 1136 2545 1192 cionein
2573 1138 2896 1203 averterent,
2951 1136 3262 1206 apostolica:
3301 1134 3459 1191 Sedis
3506 1139 3943 1195 communionem

2335 1230 2566 1286 sollicite
2596 1229 2885 1285 admodum
2914 1238 3192 1300 appetunt.
3220 1229 3418 1284 Verum
3435 1244 3559 1283 eum
3588 1228 3811 1285 Romam
3842 1233 3944 1286 ad-

2334 1322 2697 1395 navigassent,
2724 1334 2778 1380 et
2806 1340 2832 1378 a
2863 1314 3116 1396 pontiﬁce
3158 1323 3411 1380 Cornelio
3435 1325 3725 1393 aliquoties
3760 1328 3941 1384 audiri

2332 1429 2387 1475 et
2408 1419 2572 1490 reeipi
2608 1419 2999 1491 postulassent,
3028 1418 3190 1488 eique
3228 1425 3417 1473 contra
3442 1416 3777 1490 Cyprianum
3805 1438 3941 1492 que-

2332 1514 2478 1569 relas
2514 1511 2710 1568 oﬂ'errc
2757 1520 3081 1577 tentassent,
3125 1511 3194 1565 ab
3232 1510 3427 1565 eodem
3461 1511 3709 1580 pretinus
3753 1514 3939 1584 rejecti

2333 1613 2487 1660 sunt:
2518 1600 2713 1675 quippe
2732 1603 2820 1674 qui
2850 1617 2943 1674 per
2970 1600 3175 1657 litteras
3200 1596 3227 1656 ti
3252 1593 3526 1674 Cypriane
3548 1602 3801 1675 scriptas,
3838 1605 3939 1661 bos

2332 1688 2642 1752 Scliismatis
2663 1692 2822 1765 atque
2847 1695 3118 1751 licereseos‘
3134 1705 3384 1750 auctores
3406 1700 3461 1750 et
3489 1684 3940 1769 propagnatores,

2333 1782 2586 1861 profugos
2631 1798 2686 1843 et
2738 1780 3012 1853 absentes,
3060 1782 3169 1856 iani
3215 1782 3345 1841 satis
3396 1782 3760 1859 eo’g‘no‘iisSet.
3808 1786 3942 1847 Vide

624 1879 990 1949 revelaverat,
1036 1881 1470 1951 pcenitentiarom
1503 1880 1864 1954 injunctaruni
1886 1928 1900 1952 ,
1934 1895 2026 1939 aut
2066 1886 2226 1941 etiam
2256 1886 2306 1947 B
2336 1884 2622 1939 Baronium
2654 1897 2796 1936 anno
2822 1879 2949 1950 255,
2983 1882 3133 1937 num.
3173 1881 3224 1949 5,
3272 1878 3644 1953 Sequeittibds.
3674 1884 3942 1957 Synodica

620 1973 1094 2045 iujungendarum,
1144 1973 1558 2046 indulgentiam,
1591 1976 1983 2034 relaxationem
2024 1987 2079 2034 et
2114 1978 2228 2035 dis-

620 2066 995 2137 pensationem
1016 2066 1333 2139 postularet.
1356 2071 1904 2142 Privatus,veterator
1923 2066 2231 2147 licereticus,

624 2171 685 2216 nt
707 2177 924 2218 causam
953 2180 1104 2221 suam
1150 2174 1353 2237 ageret,
1387 2167 1453 2222 ad
1490 2167 1627 2224 hanc
1654 2169 1920 2240 synodum
1964 2172 2080 2240 ipse
2110 2187 2231 2226 cum

2338 1974 2565 2046 epistula
2588 1975 2654 2028 ad
2674 1968 2987 2029 Cornelium
3007 1973 3324 2030 transmissa
3353 1980 3526 2030 exstat
3552 1978 3691 2048 apud
3718 1977 3946 2049 Cypria-

2336 2072 2483 2136 num,
2516 2069 2657 2126 inter
2680 2084 2804 2125 suas
2825 2066 3090 2138 54,q‘uam
3124 2064 3227 2125 huc
3242 2054 3607 2126 transtulimus
3632 2072 3947 2130 commode.

1605 2325 2076 2376 CARTHAGINENSIS,
2108 2326 2373 2368 CYPBIANI.
2420 2309 2528 2383 (Ea;
2555 2311 2729 2366 libello
2750 2311 3042 2382 synodico.)

698 2420 909 2485 Συνόδος
948 2426 1057 2478 θεία
1081 2426 1168 2478 καὶ
1198 2424 1311 2500 ἱερά
1336 2431 1547 2492 τοπικὴ,
1580 2429 1664 2480 καὶ
1698 2429 1986 2502 Καρθαγένῃ
2026 2438 2088 2504 τῇ
2118 2439 2241 2485 Νεα-

625 2516 768 2572 πόλει
800 2526 893 2579 τῆς
924 2517 1158 2595 Ἀφρικῆς
1198 2520 1501 2595 καλουμένῃ,
1547 2524 1969 2594 συναθροισθεῖσα
2001 2522 2104 2578 ὑπὸ
2146 2530 2241 2579 τοῦ

625 2611 998 2687 ἱερομὰρτυρος
1042 2620 1352 2689 Κυπριανοῦ,
1402 2617 1671 2688 ’γενομένου
1720 2618 1881 2677 αὐτῆς
1931 2618 2240 2683 ἐπισκόπου,

623 2706 710 2758 καὶ
746 2702 930 2777 ἐτέρων
967 2705 1275 2780 ὀγδοήκοντα
1322 2710 1590 2785 τεσσάρων
1636 2709 1950 2773 ἐπισκόπων,
1979 2710 2246 2782 ent-optan-

622 2797 758 2860 ξασα
781 2801 1035 2866 Νάύατον,
1066 2803 1135 2862 ὧς
1159 2805 1249 2860 τήν
1284 2805 1553 2874 μετανοίαν
1573 2810 1681 2865 τοῖς
1716 2805 1966 2860 πταίουσι
1991 2804 2241 2860 κλεῖοντα.

1064 2900 1398 2973 EPISTULA
1440 2906 1784 2975 SYNODICA

626 3020 674 3057 S.
707 3009 972 3070 CYPRIANI,
1005 3021 1460 3066 CARTHAGINENSIS
1504 3027 1760 3077 EPISCOPI,
1791 3028 1857 3068 ΕΤ
1883 3027 2236 3070 αοιιΕρΑῐιυιι

913 3094 981 3132 ΔΙ)
1020 3090 1066 3135 S.
1111 3094 1411 3137 οοιιΝΕιιυιιι
1443 3098 1619 3139 ΡΔΡΛΜ
1642 3101 1710 3140 DE
1740 3100 1938 3141 LAPSIS.

623 3169 1025 3228 ARGUHBNTUM.
1051 3205 1121 3213 ——
1145 3172 1557 3231 Persecutioucm
1577 3179 1924 3233 imminentem
1947 3180 2140 3235 crebris
2157 3196 2240 3235 os-

703 3266 1016 3320 tensianibus
1044 3284 1076 3321 α
1109 3265 1219 3322 Deo
1252 3271 1644 3337 prcemoustrari
1669 3287 1688 3325 :
1717 3271 1932 3343 ideoque
1962 3290 2016 3327 se
2045 3274 2127 3337 iis,
2154 3276 2241 3344 qui

709 3361 1055 3429 pmnitentimu
1082 3378 1232 3431 agere
1260 3378 1360 3415 ιιοιι
1392 3362 1708 3429 destiterunt,
1745 3364 1924 3434 pacein
1953 3378 2053 3419 non
2084 3367 2237 3434 (ti/fe-

696 3454 914 3508 rendam
955 3456 1215 3510 censuisse
1257 3456 1497 3511 Cornelio
1526 3456 1754 3528 episcopi
1785 3458 1897 3529 Am
1945 3462 2227 3531 exponunt.
2262 3455 2306 3517 C

625 3568 946 3642 Cyprianus,
998 3566 1284 3639 Liberalis,
1317 3554 1626 3639 Caldonius,
1677 3573 2029 3645 Nicomedes,
2063 3576 2233 3633 Caeci—

703 3656 825 3732 lius,
857 3662 1046 3719 Junius
1069 3676 1117 3733 ιί,
1139 3662 1429 3721 Marrutius
1448 3663 1499 3733 ι),
1524 3658 1700 3735 Felix,
1724 3667 2042 3738 Successus,
2068 3669 2236 3726 Faus’~

2417 2426 2668 2497 Synodus
2705 2427 2885 2483 divina
2921 2437 2978 2483 et
3004 2422 3155 2484 sacra
3201 2429 3567 2500 provincialis,
3599 2429 3953 2503 Carthagine,

2347 2524 2485 2575 n‘ova
2512 2520 2707 2576 Africae
2739 2522 2955 2577 civitate
2981 2521 3141 2587 dicta,
3191 2518 3415 2578 collecta
3446 2524 3474 2577 a'
3512 2522 3671 2579 sacro
3715 2534 3957 2596 martyre

2346 2612 2637 2686 Cypriane,
2669 2617 2759 2686 qui
2790 2616 2908 2685 ejus
2933 2624 3049 2670 erat
3078 2616 3387 2686 episcopus,
3411 2617 3641 2689 aliisque
3681 2618 3956 2690 octoginta

2347 2708 2577 2780 quatuor
2597 2708 2899 2779 episcopis:
2924 2724 3044 2780 qua)
3066 2708 3352 2779 Novatum,
3375 2700 3564 2783 btpo‘le’
3581 2713 3958 2784 paenitentiam

2347 2802 2510 2871 lapsis
2537 2811 2844 2873 negantem,
2877 2798 3165 2857 abdicavit.

2419 2912 2582 2983 tinus,
2632 2910 2978 2985 Fortunatus,
3027 2912 3235 2986 Victor,
3278 2914 3626 2988 Saturninus,
3673 2920 3810 2976 alios
3851 2919 3957 2976 Sa-

2415 3014 2682 3081 tltrninus,
2718 3012 3074 3085 Rogatianus,
3118 2996 3418 3079 Tertullus,
3452 3002 3748 3083 Lucianus,
3780 3017 3954 3090 Euty-

2414 3107 2564 3172 cbes,
2611 3106 2859 3178 Ampius,
2904 3108 3130 3175 Sattids,
3167 3108 3534 3179 Secundinus,
3575 3112 3716 3168 alius
3761 3111 3957 3167 Satur-

2415 3194 2592 3265 ninus,
2629 3200 2902 3270 Aurelius,
2931 3202 3168 3267 Priscus,
3212 3194 3569 3271 Herculanus,
3622 3202 3958 3276 Victorious,

2416 3294 2665 3364 Quintus,
2700 3284 3025 3363 Honoratus,
3058 3292 3363 3364 Montanus,
3398 3290 3814 3367 Hditensiauus,
3852 3300 3963 3355 Ve-

2423 3390 2628 3453 rianus,
2657 3388 2890 3457 iambus,
2918 3389 3177 3458 Donatus,
3207 3390 3499 3463 Pompeius
3514 3401 3562 3459 ⁸,
3594 3392 3957 3463 Poiycarpus,

2413 3478 2738 3551 Demetrius,
2768 3483 2906 3539 alius
2943 3480 3209 3553 Donatus,
3243 3470 3602 3552 privatiiiiius,
3638 3474 3779 3541 alios
3813 3487 3966 3542 For-

2414 3586 2651 3643 tunatus,
2686 3574 2923 3649 Rogatus
2959 3578 3012 3635 ei
3035 3578 3278 3637 Monulus
3307 3572 3331 3616 δ
3359 3564 3604 3637 Cornelio
3650 3578 3805 3635 fratri
3864 3597 3965 3637 sa-

2416 3672 2608 3727 iutctn.

1888 3804 2274 3863 LECTIONES
2314 3786 2731 3865 VARlAN'l‘ES.

690 3918 942 3990 a_Ju_nius.
963 3921 1094 3990 ἕως
1118 3925 1298 3990 etquae
1332 3927 1596 3983 sequuntur
1633 3918 1804 3970 additu
1841 3932 1905 3970 et:
1928 3922 2063 3970 Pent.
2095 3924 2233 3971 Voss.

626 3982 766 4033 Corb.
795 3983 930 4032 Lam.
955 3983 1102 4033 Ebor.
1131 3982 1239 4034 Liu.

689 4042 719 4083 ι)
752 4044 1053 4097 Marrusclus
1079 4044 1227 4097 Corb.

2410 3924 2432 3952 °
2470 3921 2769 3985 Pomponius
2795 3921 2928 3973 Colb.

2408 3983 2434 4023 ἀ
2470 3983 2718 4035 Mentulus
2746 3983 2879 4037 Colb.

1981 4173 2340 4232 VARIURUM
2369 4176 2597 4233 NOTAE.

626 4294 752 4350 dem
777 4295 844 4350 de
869 4308 1029 4349 causa
1060 4293 1270 4361 potiore
1295 4292 1419 4361 jure
1458 4291 1611 4362 inter
1643 4288 1945 4362 Synodjcas
1990 4288 2248 4362 epistolas

627 4365 961 4422 recensenda
990 4360 1127 4417 foret
1156 4363 1247 4416 illa
1265 4360 1396 4424 mi,
1422 4361 1597 4426 aliter,
1620 4360 1699 4426 tv,
1715 4361 1783 4415 ad
1813 4360 2159 4431 Pomponium
2181 4360 2248 4416 de

630 4437 931 4508 virginibus
959 4434 1268 4508 synisactis,
1316 4432 1472 4508 cujus
1515 4431 1678 4486 fronti
1695 4432 1930 4508 JiOiflllla
1959 4433 2247 4508 episcopo-

628 4502 770 4572 rum,
810 4506 899 4575 qui
928 4502 1171 4564 aderant,
1207 4503 1641 4575 inscriptaqsunt.
1692 4502 2245 4575 Sedinieaepislola

630 4573 896 4634 contineri
914 4575 1019 4630 rite
1045 4583 1289 4630 coactum
1316 4573 1607 4629 concilium
1636 4574 1778 4628 haud
1803 4573 1960 4629 facile
1985 4573 2246 4698 diﬁel‘eil’l.

1707 4691 1710 4694 .
2079 4660 2243 4698 00TH.

1124 4698 1131 4709 ι
1707 4691 1710 4694 ~
1898 4706 1903 4709 Α
2031 4660 2243 4702 ιιουτιι.

701 4720 883 4774 Εριετ.
901 4733 1084 4777 svson.
1119 4706 1159 4772 Ε
1180 4716 1411 4772 concilio
1425 4714 1625 4786 scripta
1641 4725 1744 4779 est,
1767 4706 1905 4783 quod
1922 4714 2245 4785 Carthagine

626 4804 770 4846 anno
783 4790 911 4856 252,
933 4792 1098 4845 idibus
1116 4790 1286 4853 muiis,
1311 4798 1362 4841 ut
1384 4804 1450 4842 ex
1468 4788 1693 4856 epistola
1716 4788 1963 4857 sequenti
1987 4790 2249 4858 comperi-

628 4879 768 4927 mus,
806 4856 1045 4917 ltabitum
1078 4862 1200 4915 fuit.
1238 4860 1291 4914 In
1329 4874 1462 4915 mss.
1498 4856 1807 4914 inscribitur
1837 4864 1900 4913 de
1929 4856 2247 4929 lapsis-quia

623 4939 678 4992 in
707 4920 791 4989 illa
807 4935 875 4989 de
903 4934 1145 5000 decreto,
1171 4931 1313 5002 quod
1345 4933 1398 4985 in
1427 4946 1615 5002 eorum
1641 4934 1870 5001 gratiam
1901 4920 2023 4985 mox
2047 4920 2247 4987 ilicium
2275 4920 2326 4980 D

624 5008 913 5063 concilium
933 5007 1131 5067 sanxit,
1158 5001 1466 5059 disseritur.
1487 5001 1620 5057 Cum
1641 5005 1783 5058 enim
1803 5003 2085 5075 superiore
2102 5019 2246 5059 anno

626 5082 679 5135 in
706 5082 879 5135 altero
906 5076 1319 5148 Carthaginiensi
1350 5077 1583 5131 concilio
1606 5079 1847 5130 severius
1874 5072 2001 5148 quid
2031 5072 2099 5129 de
2123 5075 2241 5148 lap-

627 5153 703 5207 sis
720 5151 1071 5205 constitutum
1096 5143 1261 5207 esset,
1289 5155 1452 5215 atque
1486 5148 1626 5202 idem
1653 5143 1931 5203 decretum
1959 5143 2246 5201 Cornelius

625 5222 870 5278 Romana
902 5223 954 5275 in
981 5219 1191 5293 synodo
1237 5218 1546 5293 ﬁrmasset;
1577 5234 1679 5293 cur
1726 5235 1869 5293 nunc
1901 5234 2022 5273 Clllli
2057 5217 2246 5273 iisdem

629 5296 813 5349 mitius
853 5290 1117 5363 agendum
1163 5291 1423 5346 duxerint
1474 5290 1613 5359 Afri,
1642 5290 1898 5347 Cornelio
1945 5301 2243 5359 exponunt.

1859 5363 2169 5417 Consum.

705 5436 1020 5508 Cyprianus,
1052 5434 1330 5508 Liberalis,
1365 5443 1469 5490 etc.
1499 5433 1701 5508 innes
1746 5432 1860 5490 fere
1889 5433 2008 5508 libri
2036 5442 2248 5508 veteres

630 5517 687 5562 et
706 5504 899 5563 oiiittes
923 5518 1133 5561 veteres
1156 5504 1425 5575 editiones
1450 5504 1737 5575 praeferunt
1760 5506 1979 5560 nomina
2003 5505 2244 5575 omnium

630 5581 1033 5648 episcoporum.
1070 5576 1250 5648 Quare
1278 5572 1634 5648 valde'tniror
1664 5572 1958 5631 Patncliutn
1993 5574 2079 5648 illa
2107 5576 2245 5648 omi-

632 5640 773 5703 sisse
802 5640 855 5702 in
884 5664 977 5700 sua
1008 5658 1061 5700 et
1084 5640 1381 5714 l'ligaltium
1419 5649 1670 5703 maluisse
1710 5665 1770 5702 ea
1802 5652 2004 5703 referre
2036 5647 2087 5699 in
2131 5647 2244 5701 suis

633 5718 1108 5789 observationibus
1138 5727 1430 5789 tamquam
1473 5734 1586 5772 rem
1617 5735 1839 5789 novatn,
1877 5718 2148 5789 professus
2183 5734 2244 5772 se

636 5799 700 5835 ea
724 5786 925 5837 addere
955 5800 1024 5856 ex
1053 5785 1241 5837 codice
1269 5785 1606 5856 Corbeiettsi.
1640 5788 1827 5842 Melius
1855 5785 2034 5856 Angli,
2064 5789 2154 5855 qui
2178 5804 2243 5844 ea

640 5862 938 5914 posuerunt
963 5853 1014 5901 in
1042 5861 1321 5904 contextu.
1345 5854 1515 5906 Porro
1542 5856 1682 5909 inter
1708 5873 1766 5909 se
1796 5859 1846 5909 in
1871 5853 1975 5910 illis
1997 5853 2241 5911 scriben-

642 5916 728 5967 dis
755 5918 965 5971 variant
994 5925 1174 5972 vctera
1216 5922 1546 5987 exemplaria
1591 5934 1648 5979 et
1694 5936 1905 5983 veteres
1953 5924 2238 5984 editiones.

2354 4291 2548 4347 Inutile
2586 4301 2733 4348 esset
2758 4292 2962 4349 referre
2984 4292 3159 4349 varias
3186 4292 3468 4349 lectiones.
3497 4293 3682 4363 Itaque
3708 4309 3807 4349 nos
3838 4310 3967 4350 cres

2353 4363 2674 4437 didimusea
2705 4363 2955 4437 sufﬁcere
2994 4364 3194 4437 quiein
3218 4363 3405 4437 codice
3435 4364 3685 4437 Thuano,
3719 4381 3828 4437 quo
3866 4367 3969 4422 Ri-

2353 4434 2549 4504 galtius
2580 4426 2793 4505 quoque
2822 4436 2948 4490 iiSus
2972 4426 3075 4502 est,
3120 4434 3483 4490 inveniuntur.
3517 4426 3782 4492 Caeterum
3825 4439 3965 4493 illud

2352 4518 2567 4575 quoque
2593 4509 2971 4572 admonemus,
3006 4508 3056 4562 in
3089 4523 3199 4560 uno
3242 4506 3429 4563 codice
3477 4509 3628 4578 regio
3657 4508 3964 4564 desiderari

2355 4578 2569 4631 nomina
2596 4579 2973 4651 episcoporum
2995 4579 3119 4651 et_in
3146 4578 3300 4632 titulo
3329 4579 3481 4651 istius
3506 4578 3749 4651 epistolae
3783 4581 3966 4651 scrip-

2356 4656 2465 4721 tum
2494 4665 2615 4721 esse
2642 4648 2963 4721 simpliciter
2992 4667 3004 4703 :
3038 4648 3324 4721 Cyprianus
3362 4648 3599 4721 Cornelio
3624 4651 3778 4721 fratri
3806 4648 3963 4705 salu-

2356 4718 2472 4774 tem.
2506 4720 2575 4775 At
2604 4721 2655 4774 in
2695 4720 2880 4775 codibe
2897 4718 3360 4792 sancti—Arnuiphi
3404 4718 3632 4790 legituri
3662 4720 3966 4792 Cyprianus

2353 4809 2469 4845 cum
2520 4793 2761 4863 fratribus
2804 4810 3014 4847 numero
3066 4808 3175 4859 XLI,
3228 4789 3473 4846 Cornelio
3517 4794 3667 4863 [γαιιῆ
3706 4789 3959 4849 salutem.

2355 4863 2554 4920 Sreru.
2591 4862 2875 4919 Berzms.
2905 4865 3036 4920 Cum
3060 4864 3112 4918 in’
3143 4864 3255 4935 hoc
3278 4863 3507 4935 concilio
3532 4864 3761 4935 scriptas
3791 4868 3964 4921 fuisse

2353 4940 2628 5009 sexaginta
2661 4951 2753 5009 sex
2787 4935 3162 5009 episcopOruzn
3196 4934 3259 5009 ad
3294 4932 3481 5009 Fidum
3514 4932 3724 5009 litteras
3745 4977 3760 4993 .
3794 4952 3956 5007 quas,

2353 5006 2686 5079 latiti'lttatnsi
2707 5009 2916 5079 concilii
2948 5006 3252 5079 Cyprianici
3283 5006 3423 5079 lcrtil
3451 5006 3669 5079 iuerint,
3703 5006 3960 5079 proxime

2358 5090 2472 5148 post
2526 5077 2799 5145 subjunxi,
2855 5076 3057 5132 idcirco
3088 5078 3336 5148 opinatus
3366 5076 3437 5131 sit
3461 5077 3702 5132 eruditus
3731 5077 3959 5146 Ccllier,

2355 5147 2494 5204 Hist.
2539 5152 2773 5221 generale
2816 5151 2902 5204 des
2932 5147 3156 5221 unum
3182 5152 3381 5212 sacres,
3413 5148 3554 5218 quod
3584 5148 3787 5204 eaide
3821 5150 3963 5221 litte-

2354 5236 2427 5293 rae
2450 5218 2590 5276 anno
2616 5218 2742 5293 252,
2774 5237 2878 5289 non
2905 5218 3034 5282 2:35.
3065 5220 3316 5293 collocari
3348 5234 3413 5274 ex
3443 5222 3707 5293 sententia
3732 5236 3829 5293 sua
3858 5218 3959 5276 de—

2355 5290 2585 5363 berent,
2610 5293 2709 5345 hoc
2732 5284 2838 5363 est,
2874 5303 2998 5347 ante
3029 5292 3227 5349 factum
3267 5284 3543 5363 decretum
3570 5292 3636 5346 de
3667 5290 3961 5363 indulgen-

2356 5364 2426 5436 tia
2444 5350 2623 5436 lapsis
2650 5350 2980 5433 Supplicibus
3010 5362 3378 5427 concedenda,
3404 5361 3531 5436 ideo
3555 5350 3959 5436 erratttnir‘csse

2351 5432 2407 5490 in
2440 5432 2540 5489 hoc
2570 5432 2793 5490 numero
2823 5452 2908 5489 xu
2956 5435 3094 5490 idem
3130 5436 3210 5489 vir
3257 5432 3461 5501 statuit,
3512 5435 3614 5489 nisi
3668 5435 3958 5503 pauciores

2354 5507 2602 5577 pluresve
2648 5508 2903 5577 praesules
2947 5506 3177 5577 diversis
3223 5504 3458 5559 adfuisse
3508 5507 3867 5577 temporibus
3898 5507 3956 5577 in

2352 5573 2581 5647 concilio
2599 5573 2853 5635 censendi
2882 5579 3006 5633 sint.
3039 5573 3160 5633 Vid.
3196 5592 3315 5631 eum
3347 5577 3396 5628 in
3426 5577 3531 5630 vol.
3561 5573 3640 5640 ttt,
3671 5582 3791 5647 pag.
3817 5574 3951 5645 588,

2350 5659 2403 5723 et
2426 5644 2631 5723 Murrani
2668 5648 2764 5704 Vit.
2798 5648 3213 5723 Cyprianitpag.
3244 5647 3509 5703 94.Certe
3538 5649 3588 5701 in
3615 5644 3833 5723 locofab
3855 5664 3956 5723 eo-

2348 5718 2471 5775 dem
2504 5720 2732 5777 Ccllicro
2774 5712 2989 5790 :tdvpag.
3027 5712 3451 5792 lugendam)
3499 5716 3784 5773 numerum
3833 5722 3950 5792 epi-

2348 5806 2661 5860 SCOpOI‘IIlii,
2690 5792 2778 5860 qui
2812 5786 3091 5847 in‘lit'teris
3121 5790 3227 5846 illis
3246 5791 3312 5843 ad
3335 5787 3526 5860 Fidum
3554 5786 3948 5859 compztrcth.

2348 5808 2661 5860 scoporuni,
2730 5810 2778 5845 ιιι
2812 5809 2864 5846 ιιι
2897 5808 3091 5847 lillel‘ls
3121 5808 3227 5846 tius
3246 5808 3312 5843 au
3335 5808 3526 5845 riuum
3554 5808 3856 5859 comparet,
3884 5808 3948 5847 δ.

2348 5808 2788 5929 Αιιευειὶιιιιδῖιίς
2812 5864 2990 5916 verbis
3016 5858 3373 5923 co'nlirtnavit,
3402 5859 3471 5915 In
3504 5856 3742 5929 Epistula
3773 5860 3950 5916 auiam

2347 5945 2501 5999 quam
2525 5933 2730 6001 scripsit
2756 5932 3117 6004 (Cyprianus)
3148 5933 3216 5989 ad
3259 5934 3554 6003 episcopum
3586 5932 3775 5988 Fidum
3825 5949 3950 5988 cum
