4250 6224
601 286 710 345 855
1844 284 2181 343 EPISTOLA
2219 285 2556 344 SYNODICA
3814 297 3921 355 856

606 403 822 476 quando
844 401 1154 474 permiserit
1175 405 1292 474 ipse
1317 411 1341 440 τι
1370 411 1424 460 et
1450 402 1624 476 legem
1648 401 1859 461 dederit
1882 401 1936 469 δ,
1960 411 2023 459 ut
2046 402 2208 475 ligata
2235 405 2288 465 Α
2313 403 2716 473 subveniretur,
2748 405 3005 478 quamdiu
3041 408 3196 479 quies
3224 419 3281 466 et
3311 411 3675 484 tranquillitas
3714 411 3921 480 aderat,

603 498 656 554 in
690 497 865 561 terris,
898 504 954 551 et
982 496 1035 551 iu
1061 496 1217 552 coelis
1249 498 1407 569 ligata
1456 506 1642 554 essent
1689 496 1884 570 (Matt.
1915 512 2027 562 xvr,
2056 495 2166 569 19)
2192 539 2208 565 ,
2313 512 2434 567 quae
2463 494 2684 552 diﬂ‘erre
2711 496 2801 552 diu
2822 496 3190 570 plangentium
3221 501 3501 574 lacrymas,
3548 514 3604 560 et
3632 504 3926 560 subvenire

606 593 940 649 solviautem
967 592 1339 663 possentillic,
1361 608 1482 664 quae
1509 593 1724 663 priusin
1753 592 1996 647 Ecclesia
2028 591 2211 647 solvc-
2313 604 2442 645 sero
2470 588 2828 646 morientibus
2860 589 2913 645 in
2955 591 3269 648 infirmitate
3317 603 3613 664 pateretur.
3672 598 3746 651 At
3790 610 3929 652 vero

610 698 821 743 rentur.
865 684 969 742 Sed
997 686 1140 740 enim
1176 696 1196 723 ο
1225 700 1348 741 cum
1381 685 1663 741 videamus
1689 685 1832 740 diem
1863 700 2047 740 rursus
2078 684 2214 739 alte-
2315 695 2457 736 nunc
2484 695 2589 736 non
2634 680 2883 748 infirmis,
2915 682 3009 739 sed
3057 684 3283 740 fortibus
3306 700 3417 757 pax
3463 687 3770 743 necessaria
3797 696 3883 744 est
3911 703 3926 742 :

606 782 722 837 rius
766 779 1126 835 infestationis
1158 781 1594 850 appropinquare
1637 780 1892 849 coepisse,
1925 787 1980 834 et
2007 775 2214 833 crebris
2317 788 2416 829 nec
2446 774 2820 842 morientibus,
2855 774 2951 831 sed
2980 775 3287 832 viventibus
3311 778 3737 834 communicatio
3764 793 3795 832 a
3832 794 3931 836 no-

605 884 766 945 atque
799 873 1031 929 assiduis
1077 875 1473 930 ostentionibus
1500 875 1911 940 admoneamur,
1932 884 1990 929 ut
2011 872 2076 928 ad
2099 886 2215 927 cer-
2316 866 2400 921 bis
2445 865 2622 921 danda
2651 876 2735 922 est
2764 886 2778 923 :
2805 878 2861 923 ut
2913 883 3049 939 quos
3088 869 3385 925 excitamus
3431 880 3487 927 et
3537 870 3818 927 hortamur
3860 870 3933 927 ad

601 977 784 1024 tamen
827 969 968 1038 quod
1023 969 1177 1024 nobis
1219 970 1390 1024 hostis
1433 969 1623 1025 indicit
1645 966 1695 1035 ἀ,
1729 969 1919 1024 armati
1961 976 2016 1024 et
2046 969 2215 1038 parati

607 1062 808 1125 simus;
844 1061 1053 1132 plebem
1084 1062 1244 1115 etiam
1265 1062 1419 1116 nobis
1444 1061 1513 1117 de
1534 1061 1711 1116 divina
1733 1061 2042 1129 dignatione
2068 1074 2218 1114 com-

610 1154 830 1209 missam
862 1153 1328 1208 exhortationibus
1351 1156 1554 1208 nostris
1583 1167 1833 1225 paremus
1864 1161 1912 1219 ε,
1944 1165 1999 1208 et
2029 1166 2220 1207 omnes

612 1248 836 1302 omnino
861 1246 1059 1300 milites
1089 1244 1311 1313 Christi,
1344 1246 1433 1316 qui
1460 1262 1607 1301 arma
1635 1245 1965 1310 desiderant,
2003 1254 2058 1300 et
2085 1259 2219 1315 prte-

609 1338 742 1393 lium
773 1338 1033 1407 ﬂagitant,
1090 1338 1229 1392 intra
1278 1346 1452 1393 castra
1493 1337 1760 1392 dominica
1804 1337 1822 1373 τ
1870 1336 2217 1407 colligamus:

612 1432 935 1487 necessitate
983 1442 1211 1500 cogente
1247 1430 1580 1494 censuimus,
1625 1432 1705 1486 eis
1742 1431 1833 1501 qui
1862 1430 1931 1486 de
1980 1430 2221 1485 Ecclesia

616 1526 829 1579 Domini
873 1541 977 1579 non
1022 1533 1387 1588 recesserunt,
1425 1533 1480 1578 et
1510 1524 1880 1594 paenitentiam
1913 1533 1937 1570 ες
1978 1536 2139 1595 agere
2167 1532 2224 1578 et

618 1620 903 1675 lamentari
935 1633 999 1673 ac
1030 1619 1310 1673 Dominum
1341 1617 1620 1687 deprecari
1650 1634 1679 1671 a
1714 1618 1888 1687 primo
1913 1616 2094 1686 lapsus
2142 1617 2223 1670 sui

614 1714 701 1769 die
732 1729 838 1769 non
869 1700 1213 1777 destiterunt,
1262 1726 1448 1780 pacem
1481 1709 1712 1764 dandam
1765 1724 1921 1774 esse;
1954 1717 2009 1765 et
2037 1723 2132 1764 eos
2156 1707 2225 1764 ad

2319 964 2591 1034 prmlium,
2623 978 2729 1017 non
2778 964 3013 1020 inermes
3065 974 3120 1019 et
3162 964 3335 1020 nudos
3377 965 3768 1036 relinquamus,
3832 965 3930 1022 sed

2321 1058 2655 1129 protectione
2668 1059 2943 1129 sanguinis
2968 1065 3022 1113 et
3042 1059 3288 1129 corporis
3306 1058 3508 1114 Christi
3538 1059 3841 1114 muniamus
3868 1058 3880 1095 ί
3916 1076 3932 1114 :

2319 1162 2373 1210 et
2401 1168 2521 1209 cum
2550 1152 2616 1208 ad
2651 1153 2751 1208 hoc
2788 1152 2873 1207 fiat
2909 1151 3273 1218 Eucharistia,
3306 1162 3361 1207 ut
3407 1152 3578 1223 possit
3612 1151 3937 1223 accipienti-

2321 1248 2423 1303 bus
2445 1261 2569 1303 esse
2593 1247 2793 1310 tutela;
2825 1260 2959 1316 quos
3004 1255 3147 1302 tutos
3174 1261 3295 1302 esse
3334 1256 3519 1303 contra
3562 1245 3933 1303 adversarium

2324 1341 2574 1396 volumus
2619 1340 2666 1408 ἱ,
2699 1339 3035 1395 munimento
3065 1339 3350 1396 dominicae
3406 1339 3708 1395 saturitatis
3756 1354 3936 1396 arme-

2326 1447 2465 1487 mus.
2497 1430 2634 1487 Nam
2667 1431 2940 1503 quomodo
2966 1431 3227 1488 docemus
3251 1439 3344 1487 aut
3362 1447 3727 1504 provocamus
3753 1446 3850 1488 eos
3879 1432 3935 1488 in

2325 1523 2667 1582 confessione
2697 1525 2932 1581 nominis
2961 1526 3276 1597 sanguinem
3306 1541 3464 1580 suum
3487 1522 3735 1591 fundere,
3762 1524 3813 1580 si
3861 1526 3945 1582 eis

2327 1616 2644 1672 militaturis
2668 1614 2869 1672 Christi
2913 1618 3228 1687 sanguinem
3272 1617 3639 1689 denegamus?
3669 1628 3763 1673 aut
3803 1632 3942 1688 quo-

2329 1712 2491 1768 modo
2517 1711 2585 1767 ad
2606 1712 2845 1785 martyrii
2879 1713 3131 1783 poculum
3182 1711 3405 1768 idoneus
3449 1712 3697 1777 facimus,
3745 1711 3794 1766 si
3836 1727 3943 1766 non

613 1805 884 1876 praelium,
914 1804 1057 1872 quod
1090 1804 1352 1868 imminet,
1387 1803 1583 1857 armari
1636 1810 1689 1857 et
1719 1802 1909 1857 instrui
1942 1811 2216 1873 oportere.
2249 1804 2297 1864 B
2324 1820 2420 1864 eos
2447 1807 2595 1878 prius
2622 1805 3013 1889 adhibendum
3043 1807 3095 1861 in
3134 1805 3380 1862 Ecclesia
3431 1804 3683 1877 poculum
3729 1804 3944 1861 Domini

687 1898 752 1953 ll.
769 1896 1264 1968 Obtemperandum
1285 1905 1365 1950 est
1380 1910 1613 1965 namque
1635 1895 2039 1950 ostensionibus
2061 1905 2222 1967 atque

615 1990 1076 2046 admonitionibus
1126 1989 1308 2059 justis,
1340 1996 1399 2042 ut
1427 2003 1457 2043 a
1487 1987 1793 2057 pastoribus
1829 2003 1959 2043 oves
1998 1990 2050 2043 iu
2083 1989 2226 2059 peri-

618 2088 742 2143 culo
769 2084 796 2122 h
824 2102 931 2140 non
963 2086 1320 2149 deserantur;
1345 2082 1439 2139 sed
1457 2099 1585 2155 grex
1615 2084 1791 2138 omnis
1822 2084 1874 2138 in
1905 2098 2067 2138 unum
2095 2098 2225 2140 con—

618 2187 891 2250 gregetur,
923 2187 979 2233 et
1012 2178 1288 2233 exercitus
1331 2176 1540 2230 Domini
1573 2175 1637 2230 ad
1690 2184 1964 2232 certamen
2018 2176 2226 2232 militiae

621 2273 858 2331 cmlestis
887 2281 1149 2327 armetur.
1184 2270 1379 2326 Merito
1408 2269 1552 2325 enim
1587 2269 1902 2325 trahebatur
1929 2268 2225 2325 dolentium

622 2365 937 2437 poenitentia
996 2372 1243 2435 tempore
1278 2362 1552 2432 longiore,
1611 2371 1668 2417 ut
1698 2361 1926 2417 infirmis
1978 2362 2033 2417 in
2080 2362 2227 2418 exitu

2322 1899 2446 1970 jure
2471 1899 2973 1955 communicationis
2994 1898 3367 1954 admittimus?

2401 1993 2487 2049 lll.
2513 1991 2785 2049 Interesse
2809 1992 2990 2057 debet,
3012 1991 3179 2047 frater
3204 1991 3547 2058 charissitne,
3582 1992 3723 2047 inter
3742 2005 3839 2046 eos
3856 1990 3945 2062 qui

2328 2086 2416 2142 vel
2449 2094 2908 2156 apostataverunt,
2939 2096 2994 2142 et
3015 2085 3082 2140 ad
3142 2084 3403 2140 saeculum
3459 2086 3543 2140 cui
3590 2085 3943 2141 renuntiare.

2329 2187 2454 2233 rant
2500 2179 2727 2244 reversi,
2785 2178 3061 2249 gentiliter
3125 2180 3347 2244 vivunt;
3403 2179 3485 2234 vel
3531 2178 3597 2234 ad
3654 2178 3950 2234 haereticos

2333 2270 2625 2342 transfuga:
2652 2271 2811 2338 facti,
2840 2281 3031 2328 contra
3062 2271 3366 2328 Ecclesiam
3422 2271 3757 2343 parricidalia
3807 2286 3954 2341 quo-

2336 2364 2463 2420 tidie
2490 2379 2638 2420 arma
2669 2364 2965 2435 suscipiunt
2998 2382 3010 2417 :
3063 2374 3118 2420 et
3145 2364 3283 2420 inter
3308 2379 3405 2420 eos
3448 2364 3537 2437 qui
3569 2364 3635 2420 ab
3685 2362 3948 2420 Ecclesiae

1884 2525 2265 2584 LECTIONES
2301 2527 2723 2585 VARIANTES.

691 2643 718 2671 ⁸
752 2641 1041 2707 Promiserit
1060 2645 1167 2707 ipse
1209 2646 1262 2691 et
1297 2640 1462 2705 legem
1499 2642 1621 2693 Bud.
1650 2642 1695 2703 1,
1724 2642 1770 2691 2.
1800 2643 1908 2695 ΝΟ.
1936 2643 1984 2707 1,
2011 2643 2055 2693 2.
2084 2644 2231 2696 Ebur.

629 2703 737 2756 Liu.
769 2702 896 2756 Vict.
931 2708 1051 2755 Ver.
1081 2702 1263 2755 Benev.

689 2763 836 2833 thic
873 2765 1000 2833 Rud:
1021 2770 1086 2833 _t,
1113 2767 1159 2817 ‘2.
1187 2767 1335 2818 Ebur.
1356 2766 1458 2820 Lin.
1492 2768 1600 2820 ΝΟ.
1631 2769 1678 2829 l,
1699 2768 1747 2819 2.
1782 2772 1897 2820 Ver.
1927 2770 2020 2829 Qui
2042 2769 2229 2833 legem.

628 2829 769 2879 dedit
793 2832 951 2882 Oxon.
975 2829 1105 2882 Lius.

689 2894 713 2921 °
751 2892 853 2942 Sed
876 2907 988 2943 cum
1014 2890 1151 2945 Fuss.
1187 2890 1313 2944 Vict.

692 2954 720 2992 ιι
759 2955 950 3006 lnducit
976 2958 1104 3007 Bud.
1131 2959 1181 3007 5.

693 3022 716 3047 *³
750 3018 1092 3082 Prteparamus
1116 3019 1242 3071 Bud.
1275 3022 1318 3069 1.
1347 3020 1484 3072 Fusa.
1521 3018 1647 3071 Vict.

2401 2643 2423 2682 ί
2460 2643 2547 2697 Sic
2569 2648 2710 2696 Pem.
2739 2647 2859 2697 Ben.
2894 2648 3029 2697 Voss.
3058 2643 3107 2694 2.
3135 2645 3267 2696 Lam.
3294 2644 3440 2695 Ebur.
3480 2646 3603 2696 Bud.
3627 2647 3674 2696 5.
3705 2644 3809 2696 Lin.
3836 2644 3946 2697 NC.

2339 2710 2384 2769 1,
2409 2706 2612 2773 2._Tltu.
2643 2709 2777 2761 Fusa.
2812 2708 2939 2759 Vict.
2966 2706 3116 2759 Mich.
3151 2708 3348 2759 Domini
3376 2709 3537 2773 Impr.
3968 2734 3977 2743 ο

2403 2774 2428 2837 β
2464 2771 2564 2837 Sed
2591 2774 2933 2837 pteniteutiam
2960 2772 3117 2837 Ogun.

2338 2831 2521 2947 Latum
2546 2831 2820 2897 periculum
2852 2833 2976 2885 Tim.
3002 2834 3207 2886 Pastore
3247 2847 3368 2884 oves
3404 2834 3453 2882 in
3488 2833 3712 2899 periculo
3748 2832 3874 2884 Bod.
3898 2833 3950 2884 2.

2412 2959 2426 2998 ί
2467 2960 2689 3010 Nominis
2710 2959 2889 3011 Christi
2916 2960 3050 3011 Lam.
3076 2960 3185 3011 ΝΟ.
3208 2959 3260 3008 2.
3299 2949 3303 2953 ’

2410 3021 2424 3073 i
2470 3021 2556 3074 Sic
2582 3024 2717 3074 Lam.
2744 3026 2883 3074 Pem.
2914 3022 3037 3074 Bud.
3070 3026 3114 3085 1,
3140 3024 3188 3073 2.
3211 3021 3469 3073 Voluimus
3493 3021 3656 3073 Oxon.

1955 3172 2316 3232 VARIORUM
2346 3173 2576 3231 NOTAE.

633 3318 689 3371 id
719 3324 812 3380 est,
846 3324 1080 3371 sanctum
1114 3313 1325 3369 Domini
1350 3329 1539 3378 corpus
1567 3313 1845 3384 profanare
1870 3313 2088 3367 audent.
2120 3313 2248 3368 Hmc

632 3386 881 3458 profecto
916 3402 1020 3441 non
1046 3386 1217 3458 solum
1247 3385 1641 3458 demonstrant.
1676 3386 1726 3437 iu
1753 3394 1926 3439 morte
1957 3384 2245 3458 subvenire

635 3455 858 3516 solilttm
888 3473 1010 3513 esse
1044 3457 1207 3525 lapsis
1237 3468 1359 3509 ante
1385 3455 1640 3526 Cypriani
1674 3465 1939 3526 tempora,
1974 3457 2116 3525 quod
2151 3474 2243 3510 nc-

556 3574 567 3583 .
635 3540 725 3601 gat
755 3530 1149 3601 Albaspiuznus,
1181 3543 1365 3601 verum
1388 3528 1547 3601 etiam
1576 3526 1802 3601 probare
1830 3527 2099 3601 videntur,
2127 3544 2244 3601 nio-

642 3599 717 3657 ris
750 3602 914 3656 fuisse
945 3614 1038 3653 eos
1070 3599 1349 3653 absolvere
1388 3599 1701 3665 pmniteutia
1733 3599 2020 3668 completa.
2056 3599 2239 3654 Palam

632 3684 811 3727 autem
836 3682 939 3733 est,
974 3673 1092 3739 ipso
1119 3669 1307 3723 eodem
1328 3670 1509 3735 judice
1540 3671 1652 3722 viro
1681 3669 1860 3732 docto,
1888 3669 2019 3724 nihil
2050 3670 2238 3725 durius

635 3760 664 3798 a
688 3743 960 3815 Cypriauo
979 3752 1165 3815 postea
1186 3757 1307 3794 cum
1331 3742 1496 3811 lapsis
1518 3751 1694 3795 actum
1721 3740 1908 3807 fuisse,
1937 3756 2096 3812 quam
2122 3756 2239 3796 mus

638 3813 797 3869 antea
831 3815 1065 3868 tulisset.
1099 3813 1308 3866 lan'rtt.

718 3885 1016 3940 Pcrmiserit
1051 3886 1158 3955 ipse
1199 3886 1285 3954 qui
1329 3884 1488 3955 legem
1523 3883 1685 3955 dedit.
1734 3883 2032 3939 Prumiserit
2062 3885 2169 3954 ipse
2196 3893 2243 3938 et

638 3959 799 4027 legem
828 3957 1044 4021 dederit,
1072 3954 1290 4025 plurimi
1310 3954 1440 4009 mss.
1476 3971 1505 4009 a
1536 3954 1686 4009 Fello
1712 3965 1763 4008 et
1791 3955 2108 4009 (.Iottstantio
2133 3971 2243 4009 me-

635 4031 855 4091 morati,
911 4028 1054 4099 quod
1109 4030 1270 4099 etiam
1304 4028 1360 4099 in
1400 4038 1601 4099 textum
1642 4027 1848 4095 recepit
1876 4028 2241 4081 Constantius.

635 4100 909 4156 Czcterum
931 4097 1084 4156 notat
1105 4100 1175 4153 cl.
1203 4097 1545 4161 Marshallus,
1563 4099 1815 4167 Anglicus
1841 4100 2124 4165 interpres,
2151 4114 2245 4153 ex-

636 4173 946 4241 ponendum
976 4186 1097 4226 esse
1127 4186 1191 4224 ex
1222 4168 1475 4242 Cypriani
1502 4171 1997 4242 saltemsenteutia
2022 4170 2095 4242 de
2113 4184 2243 4242 cen—

602 4239 780 4314 .Suris
828 4242 1211 4298 ecclesiasticis
1244 4239 1590 4311 ipsarumque
1640 4240 1977 4296 relaxatinue
2009 4239 2069 4295 S.
2108 4239 2245 4294 Μαι-

636 4315 757 4369 thaai
805 4315 1003 4368 locum.
1037 4315 1248 4367 Rourn.

716 4386 859 4439 Diem
902 4402 1078 4438 rm'sns
1108 4384 1321 4437 alterius
1348 4382 1713 4452 iufestationis.
1750 4383 1940 4447 Lapsis
1972 4384 2022 4437 in
2069 4398 2246 4451 perse-

638 4457 855 4512 cutione
887 4457 1137 4513 Deciana.
1170 4456 1403 4509 reditum
1428 4455 1478 4506 in
1506 4455 1793 4509 ecclesiam
1830 4459 2137 4525 importune
2167 4472 2248 4507 ur-

637 4529 917 4599 gentibus,
946 4527 1045 4594 Ep.
1084 4542 1170 4579 xm
1205 4526 1829 4599 respntnlitCyprianns,
1856 4536 2053 4599 tempus
2078 4528 2249 4596 ipsum

637 4597 760 4669 plus
789 4616 942 4668 quant
976 4607 1199 4667 peterent
1231 4598 1435 4667 largiri,
1466 4597 1738 4667 quodque,
1769 4599 1855 4669 qui
1892 4597 2093 4669 cli/ferri
2146 4613 2248 4652 non

642 4667 827 4737 potest,
860 4680 1021 4739 potest
1049 4671 1285 4722 coronari
1309 4686 1325 4723 :
1358 4685 1479 4740 qua:
1508 4669 1735 4722 multum
1769 4667 2018 4722 videntur
2044 4668 2251 4724 distare

638 4742 802 4795 abiis
844 4757 963 4811 qnze
996 4742 1081 4795 hic
1126 4741 1377 4794 dicuntur
1416 4741 1482 4795 de
1524 4754 1656 4809 pace
1700 4741 1862 4806 lapsis
1912 4740 2248 4805 necessaria;

643 4812 841 4866 frustra
888 4813 1058 4865 doceri
1087 4822 1134 4866 et
1164 4816 1433 4881 provocari
1456 4814 1508 4864 in
1535 4811 1854 4877 confessione
1880 4811 2103 4866 nominis
2130 4827 2250 4864 san-

642 4884 847 4954 guinem
879 4884 1113 4954 fundere,
1146 4885 1190 4937 si
1220 4884 1291 4936 eis
1314 4882 1609 4935 militaturis
1633 4881 1825 4936 Christi
1841 4883 2141 4952 sanguinem
2165 4883 2253 4937 de-

641 4953 905 5025 negamus.
938 4953 1044 5009 Sed
1074 4959 1273 5023 optime
1300 4953 1578 5008 eohzerent
1620 4954 1907 5021 utrobique
1935 4954 2100 5009 dicta.
2125 4954 2247 5009 Pri-

643 5014 735 5080 mo
765 5027 925 5080 aliter
970 5041 1029 5081 se
1058 5014 1244 5078 habuit
1274 5026 1545 5093 lapsorum
1574 5033 1747 5079 status
1787 5014 2015 5080 durante
2058 5041 2242 5093 perse~
2272 5014 2328 5074 D

642 5101 859 5153 cutione
886 5098 1136 5156 Deciana.
1164 5108 1218 5150 et
1235 5099 1345 5166 ipsa
1365 5105 1633 5151 cessante.
1657 5096 1787 5150 Nam
1812 5099 1899 5166 qui
1923 5097 2247 5166 injudiciutn

642 5182 871 5224 vocatus
924 5168 1207 5223 mendacio
1241 5184 1301 5223 se
1350 5168 1695 5229 defendebat,
1750 5178 1868 5223 erat
1901 5171 2124 5224 fort-isse
2154 5169 2252 5223 ob-

644 5242 866 5296 strictus
917 5255 983 5294 co
1013 5241 1130 5307 ipso
1170 5240 1225 5294 in
1259 5242 1398 5302 loco,
1431 5254 1612 5294 coram
1644 5240 1831 5294 iisdem
1861 5239 2150 5308 judicibus,
2194 5248 2251 5295 et

643 5312 1033 5367 Circumstautc
1075 5314 1271 5382 popqu
1325 5312 1528 5365 crimen
1562 5319 1874 5375 retractare,
1928 5322 1981 5364 et
2040 5311 2250 5379 publice

646 5399 836 5437 vermn
868 5383 1142 5449 proliteri:
1177 5382 1319 5451 quod
1350 5384 1496 5436 finita
1524 5383 1833 5452 cognitione
1865 5394 2122 5451 prmstare
2152 5385 2253 5436 mi-

643 5470 751 5509 nus
786 5456 1086 5508 tenebatur.
1122 5453 1189 5508 Et
1219 5455 1341 5508 ideo
1372 5454 1552 5521 lapsus
1581 5453 1645 5506 ad
1686 5454 1847 5507 duras
1889 5454 2018 5508 istas
2061 5454 2250 5508 condi-

642 5528 824 5581 tiones
858 5542 964 5579 nnn
1005 5536 1122 5580 erat
1169 5528 1462 5579 etiamnum
1498 5524 1820 5595 adigendus,
1854 5524 1920 5579 ad
1950 5540 2082 5593 quas
2121 5524 2251 5580 dum

643 5597 894 5666 pnelintn
919 5596 1095 5652 adhuc
1134 5598 1424 5663 gerebatur
1450 5598 1568 5666 cogi
1595 5596 1851 5651 debebat.
1882 5596 2165 5662 Secundo,
2199 5598 2251 5650 in

638 5666 969 5739 difficillimo
999 5670 1272 5739 lapsorum
1302 5683 1433 5739 casu
1463 5667 1594 5739 nihil
1624 5676 1742 5722 erat
1789 5682 1855 5739 ex
1888 5668 2108 5739 privatis
2132 5683 2251 5739 fau-

628 5738 826 5807 Spiciis
868 5736 1266 5803 innovandum;
1295 5755 1352 5798 et
1384 5737 1506 5793 ideo
1550 5738 1629 5793 fas
1659 5751 1768 5791 non
1797 5736 1902 5795 fuit
1934 5756 2002 5796 ex
2027 5738 2254 5793 arbitrio

628 5809 922 5875 Stztgtll'll‘ls
951 5808 1195 5881 episcopi
1245 5808 1433 5885 lapsos
1457 5809 1778 5874 admittere;
1812 5811 1909 5868 sed
1963 5818 2252 5882 postquam

2357 3329 2423 3389 es
2454 3312 2668 3389 concilii
2697 3313 2918 3389 decreto
2963 3330 3067 3385 pax
3115 3315 3180 3389 iis
3212 3325 3628 3381 eratconcessa,
3664 3317 3796 3373 nihil
3824 3332 3961 3389 pro-

2351 3385 2572 3459 hibebat
2603 3386 2863 3455 temporis
2889 3401 3122 3459 moram,
3165 3388 3553 3444 interveniente
3590 3390 3770 3459 utique
3816 3385 3961 3445 con-

2350 3457 2457 3511 cilii
2488 3459 2833 3521 auctoritate,
2880 3457 2950 3510 ob
2976 3472 3192 3512 causam
3234 3462 3396 3515 etiam
3446 3457 3705 3524 idoneam,
3726 3474 3964 3528 διερρίπ-

2351 3538 2517 3603 t_atam
2547 3527 3267 3603 scilicet_persecutioncm,
3301 3532 3626 3603 aliquantum
3668 3527 3957 3603 contrahi.

2267 3622 2312 3684 ρ
2346 3599 2729 3684 :l'crtio,.laps.i
2768 3600 3025 3684 iamper
3078 3601 3331 3684 idoneum
3373 3599 3627 3684 temporis
3656 3601 3962 3684 decursum

2348 3670 2753 3744 iupcenitentia
2799 3672 2983 3744 positi,
3032 3673 3114 3725 sui
3160 3674 3461 3744 specimiua
3492 3670 3769 3737 fecerunt,
3810 3676 3967 3741 quod

2345 3743 2496 3813 prius
2523 3758 2629 3816 non
2658 3743 2930 3816 fecissent.
2958 3742 3127 3816 Porro
3156 3742 3474 3812 natandum,
3507 3746 3651 3814 quod
3682 3747 3967 3816 lapsnrum

2344 3813 2630 3868 commoda
2660 3813 2857 3868 cedere
2887 3813 3154 3868 debebant
3203 3817 3417 3871 utilitati
3467 3813 3753 3880 ccclesizr;
3798 3826 3853 3872 et
3874 3827 3968 3870 nt-

2346 3899 2578 3957 cumque
2599 3884 2890 3955 Optandum
2921 3885 3077 3940 fuerit
3107 3886 3211 3939 illis
3238 3886 3509 3943 dominica
3540 3888 3825 3943 saturitate
3850 3903 3975 3957 per-

2348 3956 2476 4021 frui,
2523 3966 2577 4010 et
2607 3957 2674 4009 ita
2709 3957 2772 4010 ad
2803 3957 3109 4025 passionem
3142 3961 3338 4012 armari
3365 3975 3379 4021 ;
3414 3959 3530 4013 haec
3566 3960 3619 4012 in
3649 3956 3972 4013 considera—

2348 4028 2554 4081 tionem
2581 4042 2688 4081 nnn
2717 4028 3006 4083 veniebant
3030 4028 3204 4083 donec
3226 4030 3525 4095 disciplina:
3554 4031 3971 4095 ccclesiasticm,

2351 4114 2446 4168 per
2475 4113 2662 4168 pinnas
2690 4100 2740 4153 iu
2775 4098 3152 4169 delinquentes
3176 4101 3465 4171 irrogatas,
3500 4103 3689 4156 fuisset
3712 4100 3969 4155 satisfac—

2350 4181 2483 4224 tum.
2511 4171 2679 4223 lmmo
2700 4171 2969 4239 lapsorum
2993 4170 3292 4242 commodis
3332 4180 3440 4225 tam
3471 4173 3640 4226 crudo
3671 4184 3721 4227 et
3756 4172 3971 4242 impor-

2351 4250 2481 4317 tuno
2512 4250 2754 4317 tempore
2783 4257 2887 4295 non
2926 4241 3253 4297 conduceret
3286 4245 3675 4317 Antinoi-inferos
3697 4241 3962 4297 idolorum

2350 4314 2486 4367 cibos
2514 4312 2684 4365 adhuc
2713 4329 2840 4380 pene
2878 4323 3160 4375 metantes,
3208 4312 3575 4368 exhalantibus
3616 4318 3767 4369 etiam
3798 4318 3975 4369 scelus-

2350 4400 2499 4438 suum
2529 4383 2785 4453 faucibus,
2809 4392 2853 4437 et
2881 4385 3083 4452 funesta
3112 4387 3351 4455 contagia
3378 4386 3747 4455 redolentibus,
3786 4385 3976 4440 Dami-

2353 4456 2409 4508 ni
2436 4471 2622 4529 corpus
2641 4456 2953 4529 invaderent.
2985 4455 3159 4511 Verba
3190 4467 3314 4529 sunt
3339 4456 3593 4529 Cypriani
3618 4459 3710 4512 lib.
3736 4459 3804 4511 de
3824 4456 3980 4527 Lap-

2353 4529 2448 4581 sis.
2476 4524 2584 4580 Sed
2609 4525 3025 4595 expecmndum,
3060 4538 3115 4583 et
3141 4538 3199 4581 ut
3225 4529 3245 4582 Ι
3270 4524 3399 4583 ϐίη-ζ
3424 4524 3501 4595 ἆυ,
3527 4529 3621 4592 28,
3650 4530 3801 4598 jubet
3823 4524 3978 4594 App-

2355 4599 2729 4670 stoltts,_homu
2757 4614 2813 4651 se
2840 4598 3037 4668 probet,
3071 4610 3117 4652 et
3147 4600 3221 4652 sic
3251 4602 3314 4654 de
3334 4616 3469 4670 pane
3496 4600 3613 4654 edat
3640 4602 3775 4654 etde
3804 4601 3974 4654 calice

2355 4668 2507 4722 bibat.
2539 4667 2768 4724 FELLUS.

2428 4738 2631 4813 Crebris
2661 4750 2812 4812 atque
2832 4741 3058 4796 assiduis
3089 4743 3480 4797 ustentiunibus.
3505 4741 3617 4798 Sub
3648 4741 3807 4798 ﬁnem
3838 4741 3976 4813 Epi-

2357 4811 2512 4867 stolae
2541 4832 2550 4864 :
2588 4811 2701 4865 Hoc
2730 4811 2875 4866 nobis
2897 4813 3149 4885 divinitus
3169 4817 3460 4885 frequenter
3487 4815 3792 4868 ostenditur.
3822 4811 3981 4868 Idem

2355 4893 2750 4938 commemorat
2798 4885 3034 4953 Epistula
3089 4884 3155 4938 ad
3185 4885 3591 4950 Tbibaritanos,
3625 4900 3763 4955 quos
3808 4886 3981 4940 etiam

2359 4954 2428 5009 de
2461 4955 2835 5022 persecutione
2860 4957 3181 5025 gravissima
3228 4956 3505 5011 admonet.
3544 4954 3867 5012 Brennus.

2427 5025 2681 5095 lnﬁrmis.
2718 5025 2975 5081 Erasmus
3003 5027 3231 5091 addidit,
3264 5030 3308 5082 si
3342 5029 3430 5097 qui
3474 5038 3661 5083 essent.
3717 5028 3880 5096 Quod
3926 5029 3984 5083 in

2356 5096 2506 5152 nullo
2531 5112 2720 5151 eorum
2779 5107 3021 5152 veterum
3068 5101 3459 5167 exemplarium
3501 5101 3697 5170 quibus
3723 5110 3855 5156 utor
3903 5116 3990 5155 rc-

2357 5171 2496 5240 perii,
2532 5184 2710 5237 neque
2741 5170 2793 5224 in
2823 5169 2944 5223 aliis
2972 5170 3321 5225 editionibus.
3358 5171 3648 5226 BALuztus.

2435 5239 2769 5313 Protectione
2790 5242 3057 5311 sanguinis
3079 5253 3125 5295 et
3151 5243 3385 5313 corporis
3412 5242 3624 5297 Christi.
3651 5242 3709 5296 In
3742 5256 3989 5312 sequen-

2357 5311 2501 5384 tibus
2518 5311 2698 5384 docet,
2727 5312 3058 5367 Eucltaristia
3075 5311 3279 5384 recepta
3308 5314 3489 5382 ﬁdeles
3507 5314 3638 5382 erigi
3665 5323 3716 5368 et
3747 5311 3985 5369 accendi.

2355 5383 2485 5439 Jure
2516 5383 2565 5437 id
2598 5383 2840 5452 quidem.
2874 5384 3004 5438 Nam
3032 5402 3059 5436 a
3089 5383 3341 5439 convivio
3367 5385 3666 5450 Dominieo,
3704 5400 3987 5441 memores

2363 5454 2625 5528 Dominici
2661 5455 2963 5525 sanguinis,
3010 5468 3231 5524 sumptu
3283 5467 3645 5520 sacramento,
3720 5458 3988 5528 quemad-

2360 5525 2583 5598 modum
2614 5541 2866 5595 suprema
2894 5528 2982 5581 illa
3029 5538 3189 5583 nocte
3220 5537 3552 5598 prmceperat
3599 5525 3887 5593 Dominus,
3929 5538 3993 5583 ut

2359 5597 2625 5666 coniurati
2654 5598 2950 5667 prodibant
2980 5597 3232 5666 alacres,
3254 5610 3596 5667 mortemque
3636 5600 3863 5656 fortiter
3886 5615 3991 5669 op.

2359 5669 2617 5740 petebant
2637 5685 2798 5741 quam
2835 5671 3097 5725 Dominus
3128 5687 3230 5742 pro
3259 5673 3500 5743 ipsorum
3533 5671 3709 5725 salute
3747 5671 3987 5727 obierat.

3443 5742 3765 5799 lucu-rius.

2433 5812 2487 5867 Si
2553 5829 2742 5872 verum
2793 5813 3110 5887 sanguinem
3162 5829 3261 5886 pro
3304 5813 3523 5869 Christo
3576 5828 3605 5868 a
3647 5813 3988 5888 Martyribus
