4250 6224
375 238 477 298 857

1340 244 1399 302 S.
1444 241 1764 301 CYPRIANI
1805 243 1898 299 AD
1937 241 1994 301 S.
2035 240 2438 300 CORNELIUM
2478 242 2732 300 PAPAM.

3581 249 3690 306 858

372 356 558 416 limine
602 373 710 415 non
742 359 1082 426 recedentes,
1138 371 1195 416 et
1259 360 1614 432 implorantes
1669 360 1869 432 jugiter
1919 374 1982 415 ac
2009 360 2061 420 A
2089 375 2194 414 non
2229 374 2533 429 possumus.
2569 360 2645 415 De
2678 361 2760 416 his
2783 360 2991 430 judicat
3041 360 3373 417 occultorum
3422 372 3693 420 scrutator

375 453 622 510 dolenter
643 452 821 508 divina
845 462 897 507 et
927 465 1147 523 paterna
1171 454 1384 516 solatia,
1410 471 1550 508 nunc
1574 470 1631 508 sc
1655 454 1720 508 ad
1749 469 1979 523 pugnam

375 556 592 619 paratos
620 560 760 610 csse,
785 555 839 600 et
869 561 970 616 pro
999 545 1210 600 Domini
1235 546 1315 600 sui
1356 547 1595 610 nomine,
1630 563 1691 602 ac
1736 562 1834 617 pro
1887 562 1981 601 sua

375 639 546 696 salute
576 648 715 694 stare
747 637 958 694 fortiter
1007 648 1060 695 et
1091 655 1330 710 pugnare
1383 642 1725 711 protitentur.
1759 640 1870 696 l-loc
1931 641 1980 695 in

375 741 614 802 tempore
637 749 820 803 pacem
848 747 947 789 nos
975 749 1081 788 non
1108 734 1522 800 dormientibus,
1567 735 1660 790 sed
1719 735 1986 805 vigilanti-

375 824 473 880 bus
503 826 728 892 damus;
774 841 962 897 pacem
1007 843 1112 881 non
1156 827 1383 891 deliciis,
1417 827 1510 883 sed
1564 829 1728 883 armis
1757 829 1982 895 damus;

375 931 560 988 pacem
595 932 699 972 non
732 918 798 972 ad
825 919 1084 988 quietem,
1117 919 1210 975 sed
1238 919 1303 975 ad
1329 919 1500 976 aciem
1542 922 1752 976 damus.
1785 922 1865 981 Si.
1899 937 1986 976 se-

375 1013 606 1068 cundmn
634 1014 773 1084 quod
806 1028 902 1070 eos
927 1015 1176 1069 audimus
1202 1025 1255 1070 et
1297 1026 1548 1086 optamus
1583 1025 1634 1071 ct
1685 1016 1982 1085 credimus,

377 1103 583 1160 fortiter
612 1107 880 1171 steterint,
921 1115 977 1160 et
1021 1106 1387 1161 adversarium
1436 1108 1716 1162 nobiscum
1772 1108 1823 1161 in
1856 1122 1986 1162 con—

375 1200 652 1271 gressione
685 1201 1108 1269 prostraverint,
1142 1215 1249 1255 non
1281 1202 1506 1272 paenitet
1537 1217 1724 1272 parem
1761 1215 1988 1256 conces-

377 1295 510 1350 sisse
551 1306 657 1349 tam
687 1295 936 1362 fortibus,
982 1295 1150 1350 immo
1197 1297 1538 1366 episcopatus
1584 1297 1754 1350 nostri
1813 1295 1988 1350 honor

376 1386 593 1457 grandis
621 1396 674 1442 et
700 1386 871 1458 gloria
917 1395 1020 1453 est,
1053 1402 1239 1457 pacem
1287 1387 1508 1443 dedisse
1541 1389 1888 1460 martyribus,
1927 1397 1988 1443 ut

378 1479 707 1544 sacerdotes,
754 1481 844 1550 qui
872 1478 1131 1535 sacriﬁcia
1164 1479 1255 1535 Dei
1290 1489 1314 1516 τι
1345 1481 1584 1551 quotidie
1625 1482 1984 1548 celebramus,

378 1570 581 1626 hostias
610 1573 724 1628 Deo
751 1583 804 1628 et
826 1574 1072 1628 victimas
1097 1589 1480 1644 praeparemus.
1516 1576 1572 1630 Si
1605 1585 1806 1638 autem,
1842 1575 1985 1646 quod

379 1663 637 1720 Dominus
687 1674 901 1720 avertat
932 1680 962 1720 a
995 1666 1252 1722 fratribus
1282 1668 1503 1733 nostris,
1553 1669 1748 1740 aliquis
1808 1669 1986 1740 lapso—

2086 464 2140 509 et
2179 456 2427 525 cognitor
2453 455 2561 509 cito
2592 465 2868 522 venturus,
2899 464 2953 512 et
2975 455 3041 511 de
3067 457 3280 511 arcanis
3309 457 3489 513 cordis
3530 468 3691 531 atque

2085 546 2279 601 abditis
2321 547 2681 615 judicaturtts.
2729 547 2947 623 Obesse_
2992 559 3170 603 autem
3214 549 3338 603 mali
3375 549 3532 605 bonis
3581 566 3688 607 non

2087 640 2303 708 debent,
2333 641 2426 696 sed
2462 643 2630 711 magis
2683 641 2808 694 mali
2863 655 2891 694 a
2933 640 3090 695 bonis
3129 640 3391 710 adjuvari.
3433 641 3544 698 Nec
3569 643 3693 700 ideo

2091 735 2406 805 martyrium
2451 734 2670 790 iacturis
2695 749 2792 805 pax
2820 733 3062 805 neganda
3105 742 3207 798 est,
3251 735 3371 804 quia
3416 743 3542 790 sunt
3569 736 3688 806 qui-

2087 826 2208 881 dam
2265 827 2542 898 negaturi;
2586 842 2706 882 cum
2761 837 2980 898 propter
3032 825 3133 882 hoc
3185 841 3288 896 pax
3344 826 3576 883 dandab
3624 829 3694 884 sit

2088 919 2337 973 omnilms
2369 919 2694 984 militaturis,
2727 935 2794 975 ne
2819 935 2913 989 per
2938 919 3294 990 ignorantiam
3329 928 3566 975 nostram
3602 921 3692 978 ille

2090 1013 2305 1081 incipiat
2339 1013 2622 1083 praeteriri,
2681 1013 2766 1083 qui
2802 1012 3030 1067 habetin
3066 1012 3251 1081 przelio
3271 1013 3540 1069 coronari.

2163 1105 2251 1158 ιν.
2304 1105 2412 1161 Nec
2457 1105 2738 1176 quisquam
2802 1106 2964 1174 dicat,
3016 1107 3104 1176 qui
3170 1108 3486 1179 martyrium
3533 1107 3692 1176 tollit,

2088 1199 2346 1269 sanguine
2376 1214 2474 1253 suo
2519 1198 2854 1267 baptizatur:
2914 1215 3016 1255 nex
3074 1215 3174 1270 pax
3220 1199 3294 1254 illi
3333 1200 3400 1254 ab
3440 1201 3696 1272 episcopo

2089 1292 2394 1347 necessaria
2427 1301 2529 1360 est,
2565 1293 2810 1346 habituro
2839 1293 3024 1364 gloria!
3055 1309 3166 1348 suae
3197 1307 3404 1362 pacem,
3429 1300 3482 1348 et
3505 1308 3698 1364 accep—

2090 1398 2211 1444 turo
2283 1392 2541 1458 majorem
2587 1388 2655 1443 de
2703 1388 2913 1443 Domini
2988 1387 3299 1458 dignatione
3367 1386 3694 1443 mercedem.

2091 1481 2270 1537 Primo
2301 1481 2526 1536 idoneus
2555 1495 2676 1536 esse
2705 1496 2809 1534 non
2832 1488 3007 1550 potest
3052 1478 3119 1533 ad
3147 1479 3483 1550 martyrium,
3515 1481 3605 1551 qui
3630 1480 3699 1534 ab

2094 1575 2336 1630 Ecclesia
2371 1589 2475 1629 non
2519 1585 2760 1628 armatur
2783 1573 2848 1628 ad
2868 1571 3153 1643 praelium:
3194 1581 3250 1627 et
3296 1587 3448 1627 mens
3493 1571 3696 1636 deﬁcit,

2090 1685 2249 1739 quam
2278 1683 2382 1723 non
2437 1675 2647 1736 recepta
2686 1678 2706 1702 ο
2745 1665 3076 1721 Eucharistia
3108 1663 3263 1735 erigit
3299 1673 3353 1719 et
3377 1663 3623 1720 accendit
3647 1662 3698 1717 ιι.

379 1773 497 1813 rum
519 1759 790 1822 fefellerit,
819 1768 876 1812 ttt
905 1773 1094 1828 pacem
1119 1759 1350 1814 subdole
1378 1770 1541 1829 petat,
1574 1771 1628 1815 et
1663 1760 1978 1831 impenden-
2007 1759 2056 1820 B
2086 1763 2345 1817 Dominus
2365 1761 2506 1816 enim
2533 1761 2582 1813 itt
2614 1759 2902 1828 Evangelia
2927 1772 3026 1811 suo
3056 1757 3186 1811 dicit
3215 1774 3226 1811 :
3267 1756 3395 1810 Cum
3421 1766 3591 1811 autem
3613 1771 3700 1810 vos

385 1851 454 1904 tis
486 1850 652 1918 praelii
685 1859 926 1919 tempore
985 1853 1528 1908 communicationem
1572 1868 1678 1908 non
1711 1854 1981 1923 proeliatu-

387 1955 478 1996 rus
498 1942 754 2010 accipiat;
783 1957 841 1996 se
869 1943 1041 2011 ipsum
1067 1942 1200 1999 fallit
1226 1945 1511 2014 etdecipit,
1540 1947 1629 2016 qui
1657 1946 1796 2000 aliud
1825 1947 1990 2002 corde

387 2036 638 2098 occultat,
669 2046 722 2089 et
749 2036 893 2090 aliud
923 2052 1054 2092 voce
1082 2041 1414 2107 pronuntiat.
1457 2041 1582 2105 Nos,
1632 2042 1682 2096 in
1730 2052 1989 2112 quantum

384 2127 535 2183 nobis
559 2139 612 2182 et
639 2129 822 2184 videre
850 2141 902 2184 et
921 2131 1170 2200 judicare
1195 2134 1530 2200 conceditur,
1582 2134 1771 2190 faciem
1808 2136 1991 2206 singu-

387 2223 557 2279 lorum
596 2223 878 2291 videmus;
909 2240 1004 2281 cor
1034 2229 1283 2294 scrutari,
1317 2237 1372 2284 et
1406 2239 1641 2285 mentem
1687 2234 1995 2301 perspicere

2093 1855 2421 1918 tradiderint,
2465 1853 2620 1907 nolite
2668 1853 2892 1922 cogitare
2918 1861 2940 1885 θ
2969 1850 3091 1919 quid
3133 1849 3449 1918 loquamini;
3497 1848 3702 1904 dabitur

2093 1951 2226 2005 enim
2257 1951 2392 2003 vobis
2422 1949 2475 2002 in
2498 1947 2589 2001 illa
2623 1948 2750 2000 liora
2786 1944 2908 2014 quid
2939 1944 3259 2013 loquamini:
3305 1960 3406 1997 non
3443 1945 3576 1997 enim
3614 1959 3702 1998 vos

2093 2045 2211 2098 estis
2233 2043 2319 2114 qui
2341 2039 2628 2111 loquimini,
2667 2039 2758 2093 sed
2789 2037 3016 2105 Spiritus
3041 2037 3203 2103 patris
3230 2036 3381 2088 vestri
3419 2035 3508 2104 qui
3538 2034 3702 2104 loqui—

2097 2147 2178 2192 tur
2198 2138 2248 2190 in
2279 2135 2416 2191 vobis
2449 2133 2657 2205 (Matth.
2696 2149 2750 2196 κ,
2796 2132 2908 2203 19).
2963 2129 3190 2202 Quando
3225 2138 3404 2184 autem
3453 2127 3598 2183 dicat
3649 2127 3700 2181 in

1624 2345 2008 2404 LECTIONES
2046 2346 2466 2404 VARIANTES.

451 2458 478 2486 ⁸
511 2455 756 2508 Sacriﬁcia
781 2458 892 2508 Deo
917 2457 1057 2510 Corb.

448 2517 477 2555 δ
512 2519 612 2569 Pax
636 2522 815 2572 donata
840 2523 961 2572 Bod.
981 2525 1032 2572 5.

447 2585 472 2613 ο
510 2583 666 2642 Quam
693 2596 788 2634 non
819 2591 1017 2648 accepta
1044 2587 1175 2635 Lam.

2158 2460 2185 2499 (ι
2217 2461 2380 2522 Erigit
2405 2467 2457 2509 et
2481 2460 2694 2522 aceinglt
2725 2457 2828 2508 Lin.
2859 2459 2965 2509 ΝΟ.
2994 2458 3046 2505 2.

2161 2530 2182 2555 "-
2223 2515 2387 2574 Nolite
2413 2515 2648 2584 cogitare
2660 2522 2904 2584 quomodo
2927 2529 3010 2570 aut
3031 2518 3146 2584 quid
3172 2520 3306 2571 Lam.
3334 2517 3475 2570 Ebur.
3506 2515 3629 2569 Bod.
3655 2515 3704 2566 2.

1743 2697 2102 2757 VARIORUM
2131 2697 2362 2755 NOTAE.

399 2806 545 2884 fundi
576 2823 735 2884 nemo
769 2819 962 2882 neget;
995 2826 1188 2884 verum
1217 2810 1416 2884 Christi
1445 2813 1760 2884 sanguinem
1809 2815 2000 2870 iisdem

398 2879 721 2956 Martyribns
745 2879 1090 2952 propinatum
1141 2883 1226 2939 hic
1249 2901 1276 2938 a
1305 2879 1572 2956 Cypriane
1597 2887 1875 2956 prwdicari
1904 2901 2001 2942 cur

398 2953 656 3022 negetur?
682 2950 993 3013 causam.

464 3023 542 3098 Ac
570 3024 818 3098 dolenter.
849 3027 972 3081 llaec
997 3027 1189 3083 desunt
1213 3027 1263 3082 in
1289 3038 1516 3098 quatuor
1549 3031 1784 3098 antiquis
1813 3044 2000 3086 exem-

2109 2817 2394 2883 cipientes,
2428 2816 2588 2871 simul
2621 2815 2870 2886 spiritum
2901 2813 3020 2884 ejus
3049 2814 3315 2883 recipere.
3347 2813 3422 2868 lta
3450 2811 3550 2868 etsi
3580 2826 3709 2867 caro

2108 2903 2204 2958 per
2230 2905 2288 2943 se
2319 2903 2424 2942 non
2457 2887 2677 2958 prodest
2726 2887 3038 2957 quidquam,
3094 2887 3318 2940 multum
3361 2896 3710 2958 tamen_pro-

2107 2953 2246 3021 dest,
2276 2961 2398 3030 quia
2427 2953 2609 3014 secum
2641 2953 2798 3014 habet
2832 2953 3076 3027 spiritum
3130 2959 3216 3030 tttti
3266 2957 3514 3030 viviticat.
3541 2953 3711 3030 Cous-

2105 3047 2267 3085 TANT.
2297 3025 2373 3071 ἶ·-
2396 3032 2662 3103 Sanguine
2686 3048 2778 3085 suo
2806 3025 3115 3099 baptizatur.
3149 3029 3418 3103 Rigaltitts
3449 3028 3541 3103 ait.
3574 3025 3706 3103 Tota

391 3095 651 3166 plaribus.
686 3096 741 3150 In
775 3111 897 3152 meo
952 3100 1144 3168 legitur
1193 3095 1438 3154 dolentes.
1470 3101 1558 3155 Sic
1608 3095 1769 3157 etiam
1825 3102 1996 3158 codex
2025 3104 2069 3166 C
2107 3103 2336 3172 paradisi
2375 3095 2554 3168 clavis,
2584 3120 2673 3156 san
2718 3104 2796 3156 uis
2827 3095 2941 3155 tuus
2975 3111 3070 3164 est,
3111 3095 3283 3170 inquit
3324 3098 3555 3154 Tertull.
3597 3099 3705 3152 vid.

397 3168 560 3246 sancti
593 3169 877 3238 Arnulphi.
903 3169 1186 3246 BALuzws.
1223 3243 1258 3246 77
1458 3245 1463 3246 7
1492 3244 1501 3246 _
1621 3244 1631 3246 _
1695 3245 1700 3246 7
1946 3245 1953 3246 7
2103 3175 2274 3246 Epist.
2299 3191 2440 3229 cvm.
2475 3173 2566 3246 (al.
2600 3119 2729 3246 ινό.
2754 3174 2986 3230 FELLUS.
3015 3173 3184 3241 Epist.
3217 3187 3401 3246 Lxxut,
3436 3186 3555 3240 pag.
3583 3171 3705 3246 156,

397 3168 560 3221 sancti
593 3169 877 3238 Arnulphi.
903 3169 1186 3226 BALUZIUS.

465 3239 532 3292 Et
558 3252 794 3307 optamus
821 3250 867 3293 et
903 3244 1178 3297 credimus.
1221 3243 1345 3298 ﬂare
1380 3244 1592 3311 quidem
1621 3244 1889 3299 habentur
1944 3245 1996 3299 in

396 3321 600 3382 septem
629 3311 908 3366 codicibus
934 3315 1189 3382 antiquis.
1241 3315 1345 3371 Sed
1377 3317 1573 3370 desunt
1618 3318 1667 3370 iit
1698 3317 1820 3371 aliis
1849 3326 1995 3371 octo.

399 3383 652 3457 Etasmus
672 3384 874 3457 pritn_us
900 3386 1096 3454 posuit.
1118 3385 1245 3440 Nam
1274 3387 1648 3441 desiderantur
1677 3390 1726 3442 itt
1766 3389 2000 3457 antiquis

397 3453 746 3510 editionibtts.
797 3453 1078 3511 BALUZIUS.
1124 3457 1335 3511 Primus
1390 3458 1680 3521 Morellius,
1726 3470 1863 3514 teste
1899 3453 2000 3514 Pa-

399 3525 581 3587 mclio,
614 3527 918 3598 verbaltaec
948 3528 1174 3582 addidit.
1208 3528 1392 3598 Neque
1433 3532 1574 3584 enim
1610 3529 1857 3585 Erasmus
1908 3547 2001 3585 ne-

397 3613 498 3668 que
522 3598 685 3651 etiam
743 3597 1010 3654 Manutius
1034 3615 1096 3654 ea
1124 3597 1502 3655 exhibuerant.
1543 3601 1715 3656 Editio
1767 3603 2002 3656 Romana

397 3669 520 3741 anni
553 3670 712 3732 M7t.
747 3670 899 3738 cujus
926 3673 1204 3740 exemplar
1236 3688 1399 3741 penes
1426 3690 1509 3727 tne
1537 3685 1638 3739 est,
1684 3675 1864 3739 habet,
1901 3689 2002 3728 nec

401 3739 564 3803 male,
595 3742 882 3796 audivimus
912 3759 1006 3810 pro
1029 3739 1284 3798 audimus.
1325 3744 1530 3799 Rov'rn.

475 3810 739 3875 Sacriﬁcia
760 3811 872 3866 Dei.
897 3815 1224 3882 Sacri/icium
1253 3816 1356 3868 Deo
1388 3834 1480 3870 ms.
1512 3826 1714 3870 tttntcr.
1738 3817 1997 3870 "annum.

398 3882 674 3950 Sacriﬁcia
691 3883 822 3948 Dei;
854 3887 926 3939 ita
959 3897 1107 3940 certe
1139 3887 1298 3942 habet
1321 3889 1490 3942 codex
1522 3889 1890 3942 tiorbeiensis.
1937 3888 2004 3940 Et

399 3965 578 4028 tamen
610 3955 872 4026 Rigaltius
907 3967 1130 4012 annotat
1168 3959 1220 4012 in
1272 3961 1362 4013 illo
1409 3960 1667 4028 Scriptum
1729 3975 1851 4014 esse
1898 3957 2003 4011 Deo

398 4026 686 4083 BALUZIUS.
719 4028 1037 4096 Designatur
1068 4030 1136 4083 ab
1190 4030 1460 4084 ttat-duino
1495 4026 1594 4083 ms.
1650 4031 2000 4084 B:b|iotheca:

396 4097 726 4170 {esuitarum
758 4099 980 4170 Collegit
1025 4101 1275 4156 Ludovici
1324 4102 1392 4155 M.
1427 4102 1665 4156 Parisiis.
1703 4103 1915 4156 liourtt.
1941 4129 2003 4140 —-

400 4168 644 4235 Quotidie
704 4168 1038 4226 celebramus.
1103 4174 1155 4226 ιιι
1213 4174 1348 4227 libro
1403 4175 1467 4226 de
1522 4173 1768 4227 Oratione
1823 4172 2005 4225 Domi-

398 4243 537 4306 nica,
575 4257 693 4310 pag.
717 4242 856 4297 9.09:
891 4243 1268 4298 Ettc/taristiam
1290 4245 1514 4314 quotidie
1543 4246 1610 4297 ad
1635 4247 1798 4298 cibum
1827 4244 2009 4298 salutis

395 4314 698 4381 accipimus.
730 4314 1114 4380 Terttttliatttts,
1153 4316 1243 4370 lib.
1289 4333 1326 4370 tt
1377 4319 1440 4369 ad
1487 4317 1717 4372 UXorem
1753 4333 1764 4367 :
1803 4315 2007 4370 Nesciet

396 4389 613 4438 maritus
640 4386 760 4454 quid
790 4399 978 4440 secreto
1022 4401 1136 4440 ante
1165 4404 1363 4440 omnem
1407 4391 1568 4442 cibum
1621 4397 1823 4458 gustcs;
1867 4398 1910 4439 et
1965 4388 2007 4440 si

394 4459 596 4509 sciverit
619 4473 823 4524 panem,
867 4475 966 4511 non
1005 4459 1149 4512 illnnt
1177 4461 1335 4514 credit
1367 4477 1470 4512 esse
1499 4461 1581 4528 qui
1616 4460 1822 4513 dicitur.
1876 4458 2009 4513 Vide

398 4542 522 4596 cap.
546 4505 934 4602 Qurotidicapud
951 4529 1265 4585 Gratianum
1282 4531 1406 4584 dist.
1431 4531 1466 4584 Ξ).
1489 4505 1551 4585 tie
1568 4531 2006 4585 (lottsecrationc.
2034 4505 2088 4564 D

1337 4602 1618 4657 BALUZIUS.

480 4673 594 4750 Qui
623 4674 1120 4750 martyriamtotlit.
1172 4676 1261 4750 Sic
1305 4674 1435 4750 Luc.
1471 4690 1544 4750 ut,
1577 4674 1677 4750 25,
1708 4676 1884 4750 ἀρὰτςρι
1925 4675 2010 4750 τὸν

394 4748 634 4820 σταυρὸν
672 4747 854 4820 αὑτᾳῦ.
894 4747 1156 4818 Rigaltitts
1203 4749 1296 4811 ait,
1340 4749 1428 4813 qui
1478 4745 1786 4820 dignatione
1829 4745 2011 4797 divina

396 4816 722 4889 martyrium
755 4816 996 4885 obtinet;
1030 4820 1343 4889 martyrium
1377 4820 1546 4882 tollit,
1579 4827 1636 4871 ut
1681 4816 1840 4878 infra,
1867 4832 2012 4868 arma

395 4887 656 4941 tollentes.
677 4887 908 4944 Festus.

479 4960 744 5030 Sanguine
769 4979 860 5015 suo
889 4960 1513 5031 baptizaturﬂavcndutn
1541 4976 1606 5015 ne
1627 4961 1765 5015 istud
1787 4958 2012 5031 iniit-iuri

393 5028 706 5100 Cyprianus
735 5028 969 5100 putetur.
998 5032 1128 5086 Nam
1153 5045 1205 5088 et
1229 5045 1409 5102 postea
1438 5036 1594 5101 epiSI.
1618 5048 1801 5098 Lxxttt,
1834 5031 1898 5084 ad
1923 5030 2015 5084 Ju-

397 5102 622 5156 ltianum
652 5108 890 5173 scripsit.
936 5109 1356 5159 catechumenos
1401 5104 1521 5158 tidei
1579 5120 1736 5158 causa
1785 5114 2012 5157 mortem

399 5175 702 5228 subeuntes
733 5193 823 5229 nec
851 5178 1040 5238 trivari
1076 5177 1328 5245 Daptismi
1359 5187 1695 5235 sacramento,
1722 5185 1894 5243 utpote
1929 5174 2016 5243 qui

396 5245 731 5316 bttplizc‘ltlttt'
757 5249 1053 5317 gloriosinto
1081 5261 1126 5301 et
1150 5251 1371 5302 maximo
1393 5249 1658 5320 sanguinis
1675 5246 2007 5315 Baptismo...

398 5322 659 5388 sanguine
683 5332 849 5370 autem
879 5339 970 5374 suo
998 5322 1279 5388 baptizatos
1305 5333 1349 5373 et
1403 5322 1636 5389 passione
1669 5320 2015 5386 sanctiﬁcatos

399 5394 776 5454 consummari,
809 5401 852 5443 et
881 5394 1069 5446 divina:
1095 5393 1478 5461 pollicitationis
1508 5392 1726 5462 gratiam
1755 5389 2010 5462 consequi.

405 5466 585 5514 Antea
617 5461 704 5529 qui
745 5467 1045 5533 martyrium
1095 5460 1247 5525 tollit,
1285 5463 1331 5516 id
1374 5475 1457 5517 est
1491 5460 1578 5530 qui
1630 5461 1870 5532 martyrii
1898 5460 2012 5528 pal-

403 5548 559 5586 suam
591 5543 850 5598 reportat.
887 5535 954 5589 Ut
994 5545 1172 5588 autem
1209 5536 1444 5588 subnexa
1477 5551 1598 5586 eam
1626 5535 1708 5586 his
1739 5539 2014 5586 coinererc

405 5605 774 5670 intelligatur,
802 5608 1146 5661 recolendttm
1180 5618 1260 5659 est
1291 5606 1642 5659 Ettcltaristim
1669 5605 2014 5672 perceptione

409 5691 525 5728 tum
577 5688 792 5724 carnem
844 5678 1057 5739 nudam,
1090 5678 1182 5730 διέά
1225 5693 1441 5731 carnem
1494 5679 1664 5730 vivam
1711 5690 1773 5730 ac
1821 5675 2012 5743 Spiritu

414 5743 624 5796 Lttristi
646 5744 921 5804 :tnimatatn
960 5748 1142 5819 recipi,
1176 5750 1418 5818 adeoque
1446 5763 1641 5818 corpus
1663 5746 1859 5800 Christi
1895 5761 2013 5815 pcr-

2103 3171 2274 3247 Epist.
2299 3191 2440 3229 cvm.
2475 3173 2566 3247 (al.
2600 3171 2729 3246 LVI).
2754 3174 2986 3230 FELLUS.
3015 3173 3184 3241 Epist.
3217 3187 3401 3247 Lxxttt,
3436 3186 3555 3240 pag.
3583 3171 3709 3247 156,

2108 3245 2296 3313 Utpote
2322 3248 2408 3314 qui
2431 3244 2747 3316 baptizentur
2768 3247 3132 3316 gloriosissimo
3164 3255 3209 3298 et
3234 3244 3456 3316 maximo
3493 3244 3704 3316 sangui-

2103 3319 2182 3370 nis
2211 3315 2503 3385 Baptistae.
2523 3319 2587 3372 Et
2625 3333 2749 3372 mox
2772 3315 2935 3371 addit
2963 3317 3222 3385 sanguine
3265 3329 3364 3370 suo
3413 3315 3710 3383 baptizatos

2103 3400 2157 3443 et
2187 3391 2433 3457 passione
2457 3390 2816 3445 sanetiticatos
2844 3390 3207 3444 consummari
3240 3399 3291 3442 et
3321 3388 3521 3440 divinat
3552 3385 3711 3454 pulli-

2103 3461 2376 3515 citationis
2423 3463 2649 3530 gratiam
2705 3463 2984 3531 consequi.
3035 3458 3172 3514 Vide
3219 3457 3612 3531 Tertullianum
3657 3457 3708 3510 itt

2106 3532 2247 3586 libro
2274 3533 2336 3584 de
2364 3528 2631 3600 Baptistae
2659 3541 2713 3586 et
2741 3535 2789 3586 in
2815 3528 2948 3587 libro
2967 3534 3028 3585 de
3063 3531 3343 3584 Pudicitia.
3382 3528 3567 3600 Passio
3587 3543 3714 3582 san-

2102 3613 2310 3657 ctarum
2341 3599 2619 3673 Perpetua:
2637 3615 2686 3658 et
2720 3603 3032 3667 Felicitatis,
3053 3620 3082 3655 a
3105 3604 3352 3673 sanguine
3367 3601 3429 3653 ab
3451 3599 3714 3673 obstretice

2105 3676 2174 3728 ad
2194 3669 2458 3729 retiarium
2488 3677 2657 3729 latura
2691 3686 2802 3744 post
2825 3687 3026 3744 partum
3045 3669 3308 3743 Baptismo
3331 3671 3570 3744 secundo.
3584 3669 3714 3724 Vide

2108 3747 2548 3801 dissertatiottem
2580 3749 2642 3802 t5
2676 3742 2888 3801 llenrici
2933 3742 3212 3808 llodwelli,
3265 3761 3384 3814 qum
3411 3752 3494 3797 est
3534 3742 3602 3796 de
3629 3757 3715 3796 se-

2107 3817 2283 3889 cundo
2313 3819 2551 3889 martyrii
2584 3818 2876 3886 Baptismo.
2913 3818 3195 3889 Bithnts.

2186 3887 2409 3942 ldoncns
2442 3885 2672 3942 essenon
2707 3900 2887 3956 potest.
2924 3887 3026 3940 Ista
3083 3889 3132 3940 itt
3186 3885 3418 3956 speciem
3472 3899 3714 3952 pugnare

2109 3959 2358 4013 videntur
2393 3976 2514 4013 cum
2551 3960 2632 4012 bis
2663 3975 2780 4028 qua:
2829 3959 2967 4011 idem
3000 3959 3216 4024 przcsul,
3262 3972 3384 4010 cum
3425 3957 3713 4036 nonnullos

2111 4047 2451 4100 praepropere
2482 4040 2534 4084 et
2585 4034 2892 4097 importune
2939 4043 3124 4100 pacem
3177 4038 3230 4082 et
3271 4034 3710 4100 commuttionem

2114 4097 2381 4168 postulare
2409 4119 2435 4154 :t
2495 4102 2822 4170 presbyteris
2851 4116 2911 4153 ac
2943 4097 3205 4154 diaconis
3253 4101 3365 4153 suis
3417 4097 3714 4170 didicisset,

2114 4175 2284 4240 Epist.
2313 4189 2418 4235 xw,
2474 4169 2749 4242 rescrip~it
2779 4190 2791 4224 :
2826 4171 2924 4237 Qui
2955 4171 2998 4224 si
3030 4172 3244 4223 nimium
3289 4177 3582 4239 properant,
3622 4169 3716 4242 Ita-7

2111 4239 2226 4300 bent
2272 4245 2323 4298 in
2369 4261 2463 4298 sua
2504 4239 2747 4313 potestate
2795 4246 2928 4313 quod
2976 4242 3255 4310 postulant,
3303 4253 3528 4306 tempore
3582 4239 3717 4309 quod

2113 4316 2370 4389 postulant
2403 4317 2670 4385 largiente.
2703 4315 2847 4369 Acies
2882 4316 3050 4370 adhuc
3081 4317 3305 4389 geritur,
3340 4324 3384 4366 et
3423 4328 3557 4389 agon
3583 4327 3712 4382 quo—

2113 4387 2234 4442 tidie
2259 4390 2540 4443 celebratur
2565 4403 2581 4440 :
2604 4389 2647 4440 si
2672 4389 2926 4440 commissi
2955 4403 3066 4441 vere.
3096 4397 3140 4440 et
3172 4387 3382 4455 ﬁrmiter
3412 4387 3637 4452 paenitet,
3667 4390 3716 4434 et

2115 4460 2234 4529 ﬁdri
2255 4461 2397 4513 calor
2424 4459 2680 4530 praevalet,
2706 4460 2791 4528 qui
2813 4457 3010 4526 (ii/ferri
3040 4475 3138 4512 non
3167 4468 3345 4528 potest,
3366 4464 3534 4530 potest
3567 4469 3716 4530 coro-

2115 4526 2251 4586 nari.
2308 4526 2498 4586 Verum
2536 4531 2623 4585 hic
2654 4526 2756 4585 non
2787 4547 3002 4586 omnem
3032 4532 3114 4597 iis,
3141 4526 3334 4600 quibus
3365 4526 3716 4581 Eueharistia:

2117 4605 2394 4675 perceptio
2427 4619 2529 4656 non
2559 4603 2886 4665 conceditur,
2922 4599 3449 4675 martyriisubeundi
3482 4606 3717 4675 potesta-

2120 4669 2246 4749 iem,
2283 4669 2377 4730 sed
2413 4675 2622 4749 facilem
2653 4684 2859 4749 tantum
2883 4686 2931 4728 et
2965 4669 3404 4749 c_\_petlitamqua_
3427 4669 3723 4749 paratiores

2120 4748 2269 4812 ﬁant,
2301 4749 2479 4817 negari
2511 4746 2634 4799 inde
2657 4745 2958 4801 conﬁcitur.
2990 4741 3170 4812 Neque
3200 4745 3359 4798 etiam
3394 4743 3476 4796 his
3501 4743 3552 4817 in
3590 4741 3723 4795 locis

2119 4833 2300 4872 Secum
2334 4814 2573 4888 pugnare
2605 4817 3044 4886 vigilantissimus
3076 4825 3258 4885 pastor
3287 4814 3592 4888 censendus
3618 4821 3721 4871 est,

2118 4891 2212 4944 sed
2267 4885 2476 4944 diversa
2515 4885 2742 4942 diversis
2790 4888 3123 4957 temporibus
3171 4888 3408 4941 remedia
3451 4885 3724 4957 sapietiter

2119 4961 2396 5016 adhibere.
2439 4963 2567 5015 (lum
2609 4953 2995 5028 pmnitentibns
3037 4957 3473 5012 t'Olllllllltlittlleln
3517 4953 3721 5028 tlill'erri

2119 5033 2352 5090 volebat.
2388 5034 2438 5085 itt
2497 5033 2545 5085 id
2580 5027 2740 5085 unum
2782 5031 3112 5096 intendebat,
3166 5047 3231 5085 ne
3288 5029 3450 5098 lapsis
3501 5027 3723 5080 omnino

2121 5104 2485 5158 necessarium
2537 5102 2770 5173 probatae
2845 5105 3180 5173 paenitentiae
3252 5099 3550 5173 remedium
3601 5112 3724 5173 cum

2122 5178 2410 5228 multorum
2442 5169 2604 5229 exuit)
2633 5169 2998 5242 sperneretur.
3045 5175 3192 5228 Nunc
3235 5188 3362 5226 vero
3392 5172 3480 5223 tthi
3515 5169 3724 5242 Eucha-

2121 5247 2325 5299 ristiatn
2367 5246 2635 5307 concedit,
2672 5241 2742 5298 eo
2780 5255 2986 5312 spectat
3025 5253 3080 5298 ιιι
3131 5244 3502 5315 persecutione
3543 5241 3726 5315 swvisf

2122 5317 2254 5369 sima
2287 5319 2621 5382 imminente,
2663 5317 3036 5386 potentissimo
3081 5313 3198 5382 ejus
3228 5314 3479 5386 praesidio
3533 5313 3725 5386 armati

2123 5391 2317 5441 milites
2338 5387 2534 5442 Christi
2558 5383 2765 5441 fortiter
2783 5398 2994 5442 certare
3016 5397 3068 5440 et
3102 5383 3333 5442 inimicis
3357 5385 3481 5438 ﬁdei
3513 5383 3726 5438 invictis

2119 5461 2316 5513 animis
2345 5459 2591 5514 resistere
2621 5461 2782 5513 tutius
2808 5461 3043 5513 valeant.
3081 5460 3321 5527 Denique
3353 5457 3438 5508 ubi
3468 5458 3542 5509 ait
3568 5474 3581 5510 :
3617 5452 3731 5527 ιλιι-

2123 5532 2239 5584 bent
2268 5532 2318 5582 in
2345 5549 2438 5584 sua
2469 5543 2710 5599 potestate
2730 5532 2863 5598 quod
2892 5534 3172 5599 postulant,
3204 5524 3273 5583 ibi
3305 5529 3584 5597 adjuvante
3615 5524 3734 5599 7070-7

2120 5605 2258 5656 mino
2303 5596 2658 5670 supplendum
2703 5596 2822 5655 eSse
2852 5596 3192 5657 manifestum
3245 5611 3327 5655 est
3369 5596 3448 5650 ex
3480 5599 3565 5651 his
3615 5596 3743 5670 lt7b7r't

2121 5675 2288 5739 ipsius
2315 5666 2384 5727 de
2412 5666 2732 5729 Mortalitate
2761 5690 2775 5728 :
2805 5672 2924 5726 Non
2956 5687 3030 5728 est
3057 5675 3111 5726 in
3143 5683 3229 5726 tua
3255 5678 3530 5740 potestate,
3562 5666 3650 5740 sed
3684 5668 3748 5721 in

2121 5745 2219 5800 Dei
2262 5745 2559 5816 dignatione
2603 5747 2924 5814 martyrium.
2978 5745 3150 5800 ltutuo
3199 5739 3493 5799 etiam-ubi
3545 5739 3610 5792 tle
3653 5751 3755 5804 eo,
