4250 6224
596 250 703 310 859

1293 240 1628 306 EPISTOLA
1665 238 2009 306 SYNOD'lCA
2046 238 2103 305 s.
2146 238 2353 304 CYPR.
2401 240 2492 304 AD
2528 206 2587 304 is.
2629 239 2929 304 CORNEL.
2969 245 3225 304 PAPAM.

3803 246 3913 307 860

596 365 811 422 traditis
853 373 1014 435 atque
1065 360 1118 419 iit
1165 358 1505 419 confessione
1552 360 1785 418 nominis
1824 371 1849 399 ιι
1886 362 2193 418 consumtis
2219 357 2270 422 Α
2297 373 2413 417 oves
2438 372 2579 428 mete,
2613 379 2672 419 eo
2699 363 2837 433 quod
2865 374 2969 416 non
3008 364 3111 417 sint
3138 370 3389 435 pastbres,
3418 370 3464 419 et
3510 366 3662 437 facta
3697 376 3816 421 sunt
3854 368 3911 424 lit

598 458 858 530 Spiritum
887 457 1064 513 Patris
1097 455 1242 527 loqui
1275 472 1289 508 :
1320 454 1591 525 quomodo
1636 464 1809 524 potest
1864 454 1930 508 ad
1986 455 2197 509 contes-

593 555 801 609 sionem
831 544 1047 621 paralus
1085 557 1179 605 aut
1218 548 1444 604 idoneus
1471 549 1721 616 iureniri,
1756 550 1844 619 qui
1879 564 1986 602 non
2047 548 2195 618 prius

596 642 730 721 pace
751 654 972 717 aCCepla
1001 644 1267 716 receperit
1297 642 1556 713 S'pirilum
1591 644 1787 709 Patris,
1824 643 1913 713 qui
1945 643 2199 697 corrobo-

596 748 724 800 ratis
753 746 940 797 servos
970 750 1096 796 suos
1126 742 1239 809 ipse
1267 738 1502 810 loquitur
1524 747 1579 794 et
1616 737 1903 794 conﬁtetur
1931 738 1982 791 in
2007 736 2199 793 nobis?

595 832 751 894 Tunc
778 824 975 892 deinde
1003 836 1049 891 si
1072 830 1275 890 relictis
1297 834 1548 889 omnibus
1569 834 1732 889 rebus
1760 833 1871 888 suis
1903 832 2116 903 fugerit,
2147 837 2198 887 et

597 931 653 987 in
694 930 914 985 latebris
942 936 1105 998 atque
1128 930 1180 982 in
1203 926 1492 982 solitudine
1515 927 1842 982 constitutus
1871 926 1921 980 in
1956 925 2194 980 latreties

594 1025 731 1081 forte
760 1014 1070 1086 incurrerit,
1099 1028 1190 1075 aut
1225 1020 1275 1073 in
1308 1018 1547 1075 febribus
1573 1029 1626 1074 et
1684 1014 1734 1072 iu
1785 1018 2045 1088 languore
2097 1018 2195 1073 de-

595 1115 856 1181 cesserit;
890 1120 1069 1170 nonne
1102 1104 1259 1168 nobis
1287 1112 1653 1183 imputabitur,
1694 1111 1836 1181 quod
1866 1119 1971 1165 tam
2025 1111 2199 1165 bonus

596 1211 772 1273 miles;
806 1210 893 1280 qui
926 1208 1106 1263 Omnia
1142 1218 1236 1262 sua
1266 1206 1574 1275 dereliquit,
1604 1208 1658 1260 et
1682 1212 1987 1274 contempta
2011 1203 2195 1271 domo,

596 1308 650 1359 et
681 1301 1013 1375 parentibus,
1047 1306 1139 1355 aut
1169 1296 1373 1363 liberis,
1406 1300 1558 1368 sequi
1581 1297 1864 1351 Dominam
1898 1306 2053 1350 suum
2086 1306 2200 1350 ηιςμ

598 1400 716 1465 luit,
751 1399 868 1455 sine
916 1399 1048 1468 pace
1098 1402 1152 1451 et
1180 1396 1296 1450 sine
1338 1393 1825 1450 communicatione
1871 1390 2086 1447 decedit
2116 1392 2189 1443 b?

599 1490 792 1547 Nonne
821 1490 980 1546 nubis
1006 1488 1089 1544 vel
1121 1487 1443 1559 negligentia
1468 1486 1646 1557 segnis
1673 1486 1752 1540 vel
1794 1485 1988 1539 duritia
2008 1483 2203 1539 crude-

609 1572 675 1638 lis
701 1574 1037 1639 sdecribemr
1068 1581 1119 1634 in
1150 1572 1477 1648 die‘judicii;
1513 1577 1654 1647 quod
1688 1586 1937 1646 pastores
1967 1574 2200 1630 creditas

598 1683 654 1731 et
668 1673 985 1730 commissas
1004 1671 1158 1726 nobis
1173 1684 1303 1726 oves
1320 1684 1419 1726 nec
1435 1679 1623 1725 ctirare
1640 1671 1689 1723 in
1712 1682 1862 1738 pare,
1890 1680 1989 1722 uec
2007 1669 2062 1722 in
2084 1668 2201 1723 acie

2298 467 2634 509 comesturam
2667 464 2689 491 ε
2713 454 2947 509 omnibus
2991 453 3162 510 bestiis
3190 458 3342 528 agri:
3369 466 3418 511 et
3456 472 3560 512 non
3592 457 3693 527 fuit
3714 460 3802 529 qui
3830 461 3909 515 in-

2296 551 2534 622 quireret,
2565 566 2723 621 neque
2743 552 2830 621 qui
2858 560 3136 605 revocaret.
3178 550 3467 622 Propterea
3491 554 3601 608 Ita’c
3641 553 3767 607 dicit
3799 553 3907 611 Do-

2300 644 2499 699 minus:
2523 643 2653 698 Ecce
2674 656 2765 716 ego
2792 654 2946 716 super
2992 652 3245 714 pastores,
3279 654 3325 698 et
3343 646 3600 716 inquiram
3624 662 3740 702 oves
3768 660 3909 704 meas

2300 738 2363 793 de
2408 739 2641 792 manibus
2669 752 2865 805 eorum,
2895 744 2944 792 dt
2994 747 3218 793 avertam
3246 748 3330 793 eos
3375 746 3434 792 ut
3489 755 3592 794 non
3641 736 3854 811 pascant
3882 738 3908 780 τ

2300 844 2417 885 oves
2471 846 2611 885 meas
2637 831 2812 899 etiam
2858 846 2961 885 non
2991 839 3199 901 poscent
3241 846 3348 897 eas,
3381 838 3430 886 et
3484 832 3755 899 extraham
3789 848 3907 891 oves

2301 938 2459 990 meas,
2505 932 2530 970 ε
2561 923 2626 978 de
2681 939 2767 978 ore
2810 936 3005 991 eorum,
3041 931 3106 994 .et
3147 938 3354 994 pascam
3413 939 3501 979 eas
3546 941 3661 980 cum
3703 928 3906 999 judicio

2305 1016 2477 1089 (Ibid.
2531 1017 2620 1085 ιο,
2650 1018 2805 1091 etc.).
3468 1062 3471 1069 .

2374 1110 2439 1166 ν.
2474 1108 2550 1166 Ne
2572 1111 2731 1182 igitur
2752 1122 2846 1167 ore
2875 1120 3079 1175 nomo,
3114 1125 3220 1182 quo
3255 1125 3441 1181 pacem
3484 1124 3756 1182 negamus,
3792 1127 3904 1183 quo

2302 1206 2549 1261 doritiatn
2575 1207 2745 1277 magis
2777 1205 3027 1260 humana:
3052 1204 3391 1261 crudelitatis
3432 1203 3487 1269 ιι,
3521 1220 3682 1276 quam
3707 1206 3906 1263 divinae

2302 1307 2357 1354 et
2414 1306 2653 1369 paterna:
2688 1297 2701 1335 ί
2741 1298 2957 1369 pietatis
2998 1298 3342 1368 opponimus,
3388 1310 3517 1353 oves
3567 1298 3724 1354 nobis
3751 1314 3907 1353 com-

2304 1393 2483 1447 litissm
2513 1406 2542 1447 a
2594 1392 2818 1447 Domino
2871 1398 3255 1462 reposcuntur:
3287 1392 3484 1462 piaculi
3510 1392 3687 1457 nobis,
3719 1401 3910 1447 sancto

2303 1485 2504 1557 Spiritu
2534 1494 2876 1558 Suggerente,
2901 1496 2954 1540 et
2982 1485 3211 1541 Domino
3244 1496 3339 1557 per
3361 1485 3596 1541 visiones
3625 1485 3825 1541 m'ultas
3852 1494 3907 1541 et

2305 1580 2617 1637 manifestas
2634 1581 2981 1646 adnuonetite,
3001 1582 3125 1650 quia
3164 1582 3333 1636 boatis'
3360 1580 3514 1635 nobis
3558 1581 3845 1636 imminere
3884 1580 3898 1631 i

2308 1675 2695 1744 praenuntiatur
2750 1683 2804 1728 et
2856 1672 3184 1738 Ostenditur,
3238 1674 3495 1745 colligere
3545 1676 3680 1727 intra
3735 1676 3911 1730 castra

596 1768 931 1823 vdidériinus
973 1767 1223 1822 armare?
1252 1765 1437 1821 anne
1494 1767 1766 1833 iugeretur
1816 1764 1971 1819 nobis
2001 1781 2030 1819 a
2090 1765 2192 1819 Do—
2231 1754 2278 1832 ﬂ
2311 1764 2507 1823 mtlites
2538 1766 2757 1833 Christi,
2783 1772 2833 1822 et
2863 1756 3184 1821 examiiiatis
3212 1767 3543 1838 singulorum
3570 1768 3771 1833 causis,
3822 1783 3914 1838 pa-

597 1864 745 1919 miuo
784 1863 925 1934 quod
973 1870 1069 1932 per
1107 1860 1431 1930 Prophetam
1480 1870 1631 1913 suum
1682 1858 1879 1913 clamat
1934 1866 1985 1913 et
2035 1858 2201 1913 dicit:

599 1958 733 2015 Εεεε
762 1959 843 2011 lac
872 1957 1193 2022 consumitis,
1227 1958 1273 2009 et
1305 1955 1440 2008 lanis
1468 1962 1556 2007 vos
1589 1948 1781 2023 legitis,
1807 1962 1853 2007 ‘et
1891 1954 2028 2023 quod
2068 1964 2207 2007 cras-

599 2052 714 2107 stiitt
738 2050 813 2105 est
833 2048 1140 2117 interﬁcitis,
1163 2057 1211 2103 et
1232 2064 1345 2103 oves
1373 2052 1509 2102 meds
1539 2063 1640 2101 non
1668 2048 1911 2117 pascitis;
1949 2045 2084 2112 quod
2122 2048 2203 2100 in-

599 2142 860 2216 ﬁrmatam
898 2154 971 2199 est
997 2154 1019 2182 ο
1052 2158 1154 2198 non
1188 2142 1537 2214 confortastis,
1586 2152 1631 2195 et
1682 2141 1819 2212 quod
1845 2140 1977 2193 male
2028 2140 2203 2193 habuit

598 2253 699 2291 non
726 2237 1113 2299 corroborastis,
1140 2245 1187 2289 et
1216 2235 1351 2301 quod
1395 2233 1791 2287 contribulatum
1844 2243 1916 2287 est
1948 2249 2047 2287 non
2078 2250 2202 2286 con-

601 2329 751 2383 solati
805 2330 923 2382 estis
977 2327 1193 2398 (Ezecli.
1239 2343 1420 2394 xxxw,
1449 2327 1499 2392 3,
1535 2325 1692 2396 etc.),
1727 2335 1773 2381 et
1805 2323 1828 2362 ἀ
1861 2326 1997 2395 quod
2060 2342 2202 2380 erra-

606 2422 690 2476 bat
720 2440 820 2477 non
865 2423 1158 2485 revocastis,
1188 2431 1235 2475 et
1273 2422 1412 2491 quod
1464 2421 1613 2497 periit
1656 2437 1756 2475 non
1799 2421 2100 2491 inquisistis,
2157 2431 2203 2476 et

594 2517 730 2587 quod
758 2518 889 2589 forte
942 2517 1061 2587 fuit,
1110 2515 1400 2586 confecistis
1458 2513 1664 2569 labors:
1712 2523 1761 2568 et
1788 2513 2034 2585 dispersae
2080 2523 2202 2568 sunt

2310 1868 2427 1917 cem
2461 1861 2625 1932 lapsis
2647 1861 2795 1929 dare,
2832 1862 2997 1917 immo
3027 1864 3342 1933 pugnaturis
3380 1876 3529 1916 arma
3576 1876 3865 1932 suggerere
3896 1873 3913 1914 :

2310 1956 2452 2027 quod
2476 1956 2745 2011 credimus
2792 1956 2944 2011 vobis
2982 1952 3196 2027 quoque
3237 1962 3475 2026 paternae
3526 1955 3916 2011 misericordiae

2311 2050 2769 2119 cautemplalione
2801 2051 3145 2121 placiturum.
3178 2050 3332 2119 Quod
3365 2052 3409 2107 si
3439 2050 3506 2106 de
3534 2051 3755 2120 collegis
3810 2049 3920 2104 ali-

2308 2142 2430 2212 quis
2462 2142 2847 2214 exstiterit,qui
2867 2152 3094 2215 urgente
3107 2144 3423 2209 certamine,
3452 2158 3630 2215 pacem
3655 2142 3920 2200 fratribus

2308 2243 2362 2290 et
2391 2235 2665 2290 sororibus
2696 2246 2800 2290 non
2830 2240 2977 2306 putat
3009 2236 3261 2305 dandam,
3294 2236 3485 2292 reddet
3521 2235 3609 2291 ille
3646 2234 3921 2290 rationein

2307 2326 2361 2382 in
2400 2327 2487 2383 die
2508 2327 2698 2397 judicii
2752 2329 2977 2384 Domino
3010 2329 3091 2384 vel
3142 2330 3462 2400 importunae
3510 2344 3777 2393 censum,
3832 2328 3922 2383 vel

2310 2419 2620 2475 inhumanas
2647 2421 2859 2476 duritiae
2880 2437 3012 2476 suae.
3031 2421 3160 2487 Nos,
3182 2421 3324 2491 quod
3348 2420 3471 2476 ﬁdei
3503 2429 3559 2476 et
3588 2420 3841 2475 cliaritati
3868 2428 3924 2475 et

2310 2514 2657 2571 sollicitudini
2709 2518 3058 2586 congruebat,
3122 2531 3243 2587 quae
3288 2518 3441 2571 erant
3484 2515 3536 2569 in
3584 2513 3921 2570 cunscietitia

1830 2677 2211 2755 LECTIONES
2248 2678 2663 2737 VABIANTES.

669 2818 697 2847 ⁸
733 2814 1055 2869 Couiessione
1076 2817 1153 2867 sui
1177 2817 1387 2867 nominis
1409 2816 1519 2867 ΝΟ.
1544 2816 1590 2865 2.

657 2876 689 2950 if
725 2880 1173 2950 Commuiiicatione
1195 2879 1406 2950 discedit
1429 2881 1563 2950 liam.
1591 2880 1789 2950 I_)ec_idi_t
1812 2882 1949 2950 F_oss.
1985 2882 2110 2950 Vict.

665 2947 688 2973 ε
726 2944 814 2997 Sic
846 2947 960 2993 Ver.
991 2944 1129 3000 Quod
1153 2945 1417 2993 contritum
1440 2944 1561 2993 Ben.
1590 2945 1714 2995 Bod.
1744 2946 1789 2993 1.
1817 2948 1962 2997 Evor.
1993 2948 2103 2998 NG.
2136 2948 2179 2996 i.

666 3003 694 3043 ιι
728 3004 1024 3057 Consolidati
1051 3006 1209 3055 Oxon.
1344 3050 1349 3057 .
1916 3058 1921 3062 ,

665 3072 689 3097 ε
724 3067 1116 3119 Ευωθδιίοηὶῡυδ
1141 3062 1305 3121 Lamb.
1334 3065 1386 3119 In
1411 3067 1782 3132 deprzedalione
1809 3070 1954 3122 Corb.

2374 2812 2399 2892 ί
2436 2818 2499 2892 lit
2523 2825 2620 2868 non
2642 2828 2835 2892 pascam
2860 2822 3044 2892 easLet
3063 2816 3627 2892 extrahampveshmt.

2373 2852 2399 2925 is
2436 2852 3521 2937 ὗέ’ὸῖζυῖιῖιῗξῖὲιιῖιῗᾜόἇτῗ’ἅὲῗῖῗίἴοὶῐῖ

2371 2945 2401 2984 ιι
2440 2945 2721 2995 inhumana:
2746 2942 3055 2994 crudelitatis
3078 2945 3217 2993 Pem.

2375 3010 2393 3081 ξ
2435 3006 2867 3122 Suamdulcediui
2892 3007 3074 3059 divina:
3098 3006 3215 3059 NC..
3233 3006 3285 3055 2.

2378 3085 2389 3122 l
2483 3080 2641 3122 tuuia
2665 3069 2834 3120 hostes
2859 3068 2993 3121 Lam.
3020 3071 3165 3121 Ebor.
3195 3066 3285 3120 Βοι

2378 3071 2391 3123 i
2440 3062 2502 3123 Ut
2524 3071 2641 3135 quia
2665 3069 2834 3120 hostes
2859 3068 2993 3121 Lam.
3020 3071 3165 3121 Ebor.
3195 3066 3319 3120 Bod.
3364 3069 3408 3131 t,
3436 3067 3486 3117 2.
3514 3062 3621 3119 Lin.
3661 3064 3769 3119 ΝΟ.
3796 3066 3841 3127 1,
3864 3065 3917 3118 2.

1937 3222 2297 3282 VARIORUM
2336 3223 2562 3281 NOTAE.

633 3369 683 3424 ui
735 3368 1171 3424 communionem
1221 3368 1423 3424 diii‘erri
1455 3368 1554 3423 sibi
1603 3382 1748 3437 mgre
1809 3366 2025 3435 patitur,
2084 3368 2199 3422 ait:

594 3381 701 3508 aui
731 3438 930 3508 di/ferri
953 3457 1056 3495 non
1085 3450 1266 3508 potest,
1291 3450 1455 3508 potest
1480 3440 1740 3507 coronari,
1768 3449 1925 3494 caute
1964 3441 2199 3508 prtemit-

649 3442 701 3495 ui
731 3438 930 3537 digner?
953 3457 1056 3537 non
1085 3450 1455 3537 potest,'pote‘st
1480 3440 1740 3507 coronari,
1768 3449 1925 3494 caute
1964 3441 2201 3510 prtemit-
2228 3473 2273 3537 C

596 3514 679 3579 tit,
708 3514 750 3566 si
778 3513 898 3581 [idsi
926 3514 1069 3567 calor
1100 3513 1358 3582 prievutet.
1388 3511 1697 3567 Consum.

668 3582 735 3640 In
757 3584 1072 3649 confessione
1093 3584 1330 3638 nominis.
1369 3583 1485 3639 Uno
1541 3599 1642 3641 tus.
1700 3584 1789 3639 hic
1833 3585 2048 3647 additur
2076 3586 2155 3639 sui
2181 3601 2201 3640 :

593 3654 997 3740 quod'alieuum
1029 3670 1135 3740 IIOP
1167 3665 1303 3740 (ista
1333 3654 1821 3740 mente‘C’ypriaiii,
1853 3658 1945 3738 sed
1986 3657 2054 3711 ab
2082 3657 2199 3740 ejus

595 3724 712 3781 usu.
739 3724 845 3796 ipsi
874 3742 1067 3795 nempe
1101 3726 1364 3781 l'ainiiiare
1390 3738 1471 3780 eSt
1501 3724 1599 3782 Dei
1620 3743 1713 3781 seu
1740 3727 1936 3787 Christi
1986 3727 2199 3782 confes-

592 3798 799 3852 sionem
832 3797 1150 3867 simpliciter
1177 3799 1548 3868 confessionem
1572 3799 1792 3853 nominis
1818 3799 2111 3867 appellare,
2143 3809 2199 3854 ut

590 3870 668 3997 Et;
671 3870 954 3933 epistolam
1006 3886 1123 3936 snt,
1155 3881 1280 3926 uota
1328 3869 1619 3940 penultima
1665 3871 1940 3941 probaturi
1987 3886 2195 3926 sumus.

670 3954 897 3997 usum.

670 3954 897 3999 USTANT.

669 4011 900 4068 Decedit.
933 4010 1097 4067 Corb.
1134 4028 1239 4069 ms.
1267 4027 1297 4067 a
1328 4015 1563 4068 secunda
1599 4029 1758 4069 manu
1788 4030 1912 4069 cum
1944 4029 2050 4071 uno
2090 4016 2199 4069 An-

589 4083 713 4152 glic.
738 4084 971 4158 discedit.
1023 4085 1427 4140 Existimandus
1458 4102 1563 4139 non
1588 4085 1988 4158 estCyprianus
2011 4086 2077 4142 de
2102 4085 2197 4141 ho-

598 4171 719 4227 rum
744 4156 918 4211 salute
942 4155 1135 4211 dubius
1156 4167 1211 4212 el
1232 4172 1437 4227 auceps
1461 4155 1754 4213 exstitisse.
1785 4158 2015 4212 Mentem
2047 4174 2197 4211 suam

590 4242 652 4280 ea
692 4226 761 4283 de
806 4243 865 4284 re
900 4227 1070 4297 Epist.
1106 4244 1221 4291 ut,
1248 4244 1343 4283 seu
1372 4226 1483 4295 ’58,
1515 4231 1690 4296 aperit
1720 4229 1802 4283 his
1836 4230 2050 4284 verbis:
2085 4228 2200 4284 Etsi

587 4297 867 4368 fugientem
898 4302 949 4354 in
983 4300 1258 4354 solitudine
1296 4316 1356 4353 ac
1402 4300 1657 4355 montibus
1683 4300 1815 4355 latro
1868 4303 2192 4369 oppresserit,

592 4373 706 4440 fera
736 4372 995 4436 invaserit,
1034 4375 1194 4441 [antes
1221 4382 1308 4426 aut
1351 4373 1460 4427 sitis
1503 4383 1592 4427 aut
1618 4375 1782 4444 frigus
1820 4372 2072 4443 a/ﬂixerit,
2121 4373 2199 4426 vel

592 4458 682 4509 per
709 4444 872 4496 maria
902 4444 1221 4509 navigantem
1253 4454 1521 4514 tempestas
1552 4461 1610 4497 ac
1647 4444 1875 4514 procella
1917 4445 2199 4501 submerse-

588 4513 657 4566 rit
686 4529 704 4567 :
733 4525 924 4584 spectat
951 4515 1161 4569 militem
1190 4532 1338 4569 suum
1355 4512 1591 4571 Christus
1626 4512 1922 4585 ubicumque
1964 4534 2199 4586 pugnan-

593 4593 714 4651 tem,
764 4595 810 4640 et
864 4587 1227 4653 persecutionis
1274 4604 1430 4643 causa
1479 4604 1572 4657 pro
1618 4588 1836 4642 nominis
1881 4589 1961 4642 sui
2006 4590 2198 4643 honore

592 4657 826 4710 morienti
848 4659 1113 4724 prcemium
1134 4659 1321 4725 reddit,
1353 4659 1489 4727 quod
1520 4662 1764 4714 daturum
1793 4661 1923 4714 sein
1964 4676 2197 4728 persecu-

591 4728 725 4802 tione
755 4730 1004 4797 promisit.
1040 4729 1149 4784 Nec
1194 4732 1360 4786 minor
1388 4741 1460 4787 est
1504 4733 1736 4802 inartyrii
1767 4730 1932 4802 gloria
1971 4749 2073 4784 non
2102 4746 2195 4801 pu-

591 4798 719 4851 blice
770 4809 817 4853 et
840 4804 991 4873 “inter
1031 4804 1217 4858 multos
1266 4804 1472 4873 perisse,
1503 4798 1907 4869 cum'peréundi
1937 4798 2197 4859 causa'sit

2307 3369 2460 3424 solati
2497 3370 2636 3435 estis,
2667 3369 2761 3424 sed
2791 3368 3108 3425 memoravit
3142 3366 3392 3423 Baluzius
3425 3367 3477 3422 in
3499 3367 3668 3421 codice
3714 3364 3917 3435 Sorba-

2307 3444 2423 3503 nico
2454 3434 2712 3509 scriptum
2745 3456 2866 3496 esse
2891 3458 2993 3495 non
3025 3439 3331 3497 consolidati
3362 3439 3509 3501 [estis-
3544 3436 3780 3509 Vulgata,
3814 3434 3905 3509 ln-

2310 3524 2445 3583 terp.
2504 3508 2682 3580 habet,
2743 3512 2879 3584 quod
2923 3514 3247 3583 confractum
3293 3519 3413 3641 εδεῂ
3455 3526 3548 3565 non
3600 3508 3904 3563 reduxistis.

2788 3640 2793 3641 ,
3418 3596 3575 3639 ours.

3418 3596 3554 3639 ουτιι
3564 3622 3575 3635 .

2374 3655 2744 3712 Comesturam.
2779 3655 2963 3711 Codex
2985 3654 3331 3724 Remigianus
3362 3654 3739 3710 comestionem.
3768 3650 3913 3724 Cor-

2305 3727 2504 3800 hicnsis
2555 3728 2960 3800 deprwdutione,
3004 3722 3338 3800 Turonensis
3406 3727 3468 3780 de
3522 3722 3912 3800 praedicatione.

2303 3799 2589 3857 Bswztus.
2620 3795 2843 3870 Vulgata
2878 3798 3058 3861 habet,
3089 3800 3139 3853 in
3163 3795 3801 3853 devorationem.Rou1'u.

2376 3892 2443 3947 Et
2461 3895 2574 3963 jam
2601 3906 2703 3947 non
2742 3902 2947 3963 poscent
2996 3896 3101 3947 sas.
3150 3893 3275 3947 Haec
3325 3893 3519 3947 desunt
3566 3891 3617 3945 iu
3673 3889 3915 3963 antiquis

2302 3962 2629 4022 editioiiibus
2657 3974 2712 4021 et
2736 3968 2787 4021 in
2817 3979 3011 4019 novem
3034 3965 3182 4020 libris
3197 3964 3456 4034 antiquis.
3485 3963 3728 4017 Defuisse
3743 3962 3913 4016 etiam

2302 4037 2355 4092 in
2414 4039 2584 4094 tribus
2624 4053 2651 4091 a
2698 4054 2758 4093 se
2811 4038 2942 4091 visis
2991 4046 3219 4092 testatur
3271 4035 3562 4091 Pamelius.
3625 4034 3911 4088 Bswzios.

2303 4109 2409 4164 Sed
2475 4111 2637 4164 Verba
2705 4120 3005 4181 agnoscunt
3053 4122 3184 4164 Lxx.
3261 4108 3489 4179 Vulgata
3546 4107 3709 4161 habet
3788 4115 3916 4177 post

2301 4182 2425 4236 ebd.
2469 4181 2776 4247 Hebraeum,
2839 4197 2932 4236 nec
2993 4191 3209 4251 pascant
3264 4181 3490 4251 amplius
3545 4186 3775 4250 pastores
3824 4194 3913 4231 se-

2302 4256 2563 4325 metipsos.
2586 4254 2794 4310 Ruunt.

2377 4345 2596 4424 Pascain
2636 4365 2729 4424 eos
2771 4364 2887 4402 cum
2906 4346 3128 4420 judicio.
3182 4352 3422 4407 Βοσκήσω
3452 4348 3588 4424 αὐτὰ
3610 4347 3747 4424 μετὰ
3768 4348 3917 4424 ᾕκρί-

2300 4442 2485 4493 parce.
2538 4418 2661 4493 llaec
2697 4417 2976 4489 desumpta
3016 4429 3139 4475 sunt
3174 4436 3263 4493 ex,
3299 4435 3457 4493 versu
3490 4422 3576 4493 lii.
3608 4417 3725 4482 Ipse
3767 4417 3917 4472 Deus

2301 4488 2526 4562 Singulis
2550 4488 2763 4560 ovibus,
2798 4488 2993 4563 pascua
3029 4508 3125 4546 sua
3156 4490 3479 4562 designabit.
3510 4488 3737 4545 FELLUS.

2374 4585 2632 4660 Duritiam
2658 4588 2820 4660 magis
2850 4588 3088 4642 humanae
3108 4586 3444 4660 crudelitatis.
3469 4585 3590 4653 Ipse
3619 4583 3789 4652 Epist.
3815 4597 3913 4660 ιτς.

2303 4658 2472 4729 Magis
2504 4654 2842 4728 philosOpliite
2866 4660 3112 4713 secitlaris
3133 4658 3381 4729 pravitate
3411 4658 3589 4729 durus,
3618 4670 3772 4729 quam
3795 4654 3921 4729 phi-

2300 4725 2546 4801 losophia:
2577 4725 2861 4785 Dom—mica:
2889 4732 3095 4786 lenitate
3133 4725 3400 4799 paci/iens.
3434 4728 3699 4784 Paciauus
3729 4725 3913 4794 Epist.

2302 4817 2361 4867 ti,
2391 4803 2544 4866 dixit,
2583 4801 3011 4858 Inobsecrabilem
3041 4803 3391 4873 asperitatem,
3423 4805 3503 4857 cui
3531 4803 3743 4873 apponit
3782 4817 3915 4870 gra-

594 4879 803 4941 propter
822 4871 1080 4945 Christum
1114 4870 1297 4944 perire.
1348 4879 1417 4929 At
1458 4874 1910 4945 quemadmodum
1942 4876 2192 4944 culpandi
2216 4878 2270 4939 D
2298 4876 2427 4928 tuita
2453 4873 2661 4930 Domini
2691 4876 2843 4941 bona,
2873 4887 2918 4931 et
2940 4870 3153 4930 caelestis
3182 4875 3463 4930 clementia:
3478 4870 3672 4930 titulus.
3702 4870 3917 4929 Rieu.-

588 4952 774 5019 essent
807 4943 1014 5019 iideles.
1045 4948 1088 5019 si
1115 4943 1219 5000 non
1249 4943 1784 5002 omnemdedissent
1826 4943 2070 5019 operam,
2134 4957 2190 5002 ut

593 5012 719 5069 hinc
742 5031 847 5071 non
877 5017 999 5073 sine
1024 5018 1217 5073 viatico
1251 5027 1357 5072 tam
1401 5019 1711 5074 necessario
1742 5012 2067 5089 migrarent;
2122 5020 2193 5074 ita

589 5094 936 5160 etpastores,
979 5090 1023 5144 si
1071 5091 1145 5143 iiii
1179 5106 1366 5144 eorum
1406 5092 1732 5160 negligentia
1786 5100 1936 5147 tanto
1968 5106 2194 5147 munere

591 5158 781 5226 privati
810 5159 1054 5215 fuissent.
1083 5161 1387 5218 Consum.

664 5228 929 5303 Consolati
949 5235 1088 5290 estis.
1124 5233 1275 5303 Quod
1297 5235 1695 5289 contribulatum
1736 5246 1807 5289 est
1862 5252 1964 5290 non
2014 5251 2195 5289 conso-

592 5300 814 5375 lidastis.
850 5304 1074 5359 Librarii
1110 5300 1300 5361 vocem
1332 5305 1471 5362 hanc
1498 5307 1548 5359 iu
1583 5307 1787 5375 vulgari
1831 5307 2193 5363 tribulationis

591 5371 703 5454 give
731 5378 1293 5454 terunnuenotatione
1325 5371 1699 5454 intelligebaut
1715 5396 1733 5454 _;
1765 5389 1819 5434 et
1848 5380 1967 5435 ideo
1993 5394 2190 5433 conso-

589 5439 846 5519 lationem
903 5451 1095 5504 melius
1147 5439 1932 5519 respondere"crediderunt:
2005 5462 2194 5505 eontra

590 5517 728 5591 sacri
778 5528 955 5591 textus
985 5517 1395 5585 tuentetnfux,
1434 5525 1614 5591 legunt
1664 5521 2004 5582 κατεδήσατε.
2034 5520 2196 5576 Celli-

586 5589 754 5656 gastis
786 5587 978 5646 Tertul.
1038 5593 1272 5649 FELLUS.
1301 5587 1560 5651 Felliuam
1615 5595 1747 5649 edit.
1790 5606 2003 5649 secutus
2053 5609 2195 5658 sum,

587 5660 639 5733 [ll
668 5674 770 5722 qua
803 5662 883 5715 sic
906 5666 1218 5721 restitutum
1248 5677 1413 5725 estex
1442 5666 1664 5733 scriptis,
1693 5666 1908 5733 opinor,
1942 5664 2201 5721 codicibus

720 5745 819 5786 non
848 5738 1101 5812 consolati
1164 5736 1312 5812 estis,_
1345 5737 1494 5812 quod
1535 5726 1746 5812 habent:
1774 5726 2033 5812 impressi,
2067 5736 2203 5789 Har-

571 5779 777 5855 duilius
807 5810 1024 5875 notarit,
1056 5779 1170 5865 liis.
1196 5779 1483 5871 Soc’ie‘i'alis
1514 5779 2049 5868 sii£°éxtiibc?'c”35}i
2079 5821 2202 5859 con-

2299 4958 2441 5001 'I'IUS.

2369 5018 2612 5074 Paterna
2638 5020 2861 5090 pictatis.
2894 5019 3155 5074 Erasmus
3184 5017 3383 5084 edidit,
3431 5027 3658 5089 paterna.-
3702 5016 3918 5088 pietatis

2298 5090 2620 5146 dulcedinem
2646 5093 2974 5162 opponimus.
3017 5091 3215 5147 Verum
3242 5106 3430 5146 vocem
3460 5090 3779 5144 dulcedinem
3805 5103 3916 5159 ego

2299 5165 2542 5231 nuspiam
2569 5161 2747 5233 reperi
2769 5166 2820 5218 in
2846 5164 2997 5218 libris
3022 5163 3278 5231 antiquis.
3310 5163 3596 5217 Bsnuzius.
3618 5161 3755 5233 Cum
3776 5177 3916 5215 vero

2296 5244 2507 5292 Constet
2534 5251 2600 5290 ex
2634 5231 2757 5292 Var.
2794 5236 2966 5291 Lectt.
2991 5235 3041 5289 in
3078 5234 3210 5289 edit.
3242 5235 3421 5289 Oxon.
3473 5232 3661 5303 positis
3710 5231 3916 5289 habere

2299 5308 2535 5362 Codicem
2583 5306 2716 5363 Coll.
2766 5307 2903 5363 Nov.
2956 5307 3011 5371 2,
3052 5323 3203 5373 quam
3246 5306 3504 5360 dulcedini
3556 5304 3775 5369 divinae,
3809 5320 3915 5373 pro

2297 5396 2451 5448 quam
2476 5379 2679 5445 divinae,
2702 5396 2890 5435 vocem
2913 5378 3237 5433 dulcedinem
3252 5389 3378 5434 ante
3396 5378 3583 5432 divini:
3598 5377 3913 5431 addendam

2300 5466 2424 5508 esse
2441 5466 2656 5505 censeo.
2684 5452 2893 5507 Rourn.

2379 5522 2541 5577 Nobis
2565 5524 2845 5578 imminere.
2885 5521 3189 5577 Pronomcn
3218 5523 3362 5577 nobis
3390 5538 3453 5576 ex
3486 5521 3605 5575 edd.
3639 5527 3767 5574 ante
3799 5519 3912 5574 Ba-

2305 5594 2605 5659 luziauaui,
2645 5612 2737 5651 seu
2777 5594 3205 5663 Benedictiuam,
3232 5593 3511 5659 revocavi;
3544 5591 3911 5662 similiterque

2307 5667 2625 5738 particulam
2654 5678 2703 5721 et
2729 5677 2852 5721 ante
2878 5665 3205 5722 exundantis.
3238 5666 3454 5722 Rov'l‘tt.

2390 5737 2543 5811 ἴσως
2568 5756 2787 5811 quoque.
2815 5737 3070 5811 Cornelio
3102 5738 3463 5811 Romanisque
3489 5735 3623 5811 suis.
3651 5734 3873 5811 Roma.

2383 5808 2533 5874 Quod
2558 5802 2602 5865 si
2630 5802 2694 5868 de
2717 5810 2922 5881 collegis
2951 5809 3156 5879 aliquis.
3196 5802 3528 5880 Quamquam
3585 5807 3637 5863 in
3691 5808 3911 5877 synodo
