4250 6224
601 241 710 300 865

1879 277 1966 333 DE
2008 281 2168 341 VITA
2198 287 2290 344 ET
2330 289 2636 353 SCRIPTIS

3808 323 3916 381 83‘

597 372 987 440 nymusoperis
1006 373 2198 475 adversusNovatianumfalsodivoCypriano
2227 415 2274 473 Α
2305 428 2432 485 opp.
2469 416 2805 493 Hieronymi,
2861 439 2912 494 p.
2970 426 3108 493 130;
3161 429 3410 503 Pelagius
3459 435 3612 504 ibid.,
3667 441 3908 510 [κίοιῖῂ

597 457 850 510 adscripti
880 462 932 510 in
959 469 1254 510 annnndina
1279 488 1502 510 Imm...“
1536 481 1575 510 n
1618 485 1864 510 r..-_:_-_e
1897 493 1934 510 ι.
1973 495 1984 510 ι
2062 498 2072 508 .
2449 509 2456 510 ,

595 457 850 529 adscripti
879 462 932 518 in
959 469 1254 537 appendice
1279 488 1502 547 operum
1536 481 1593 536 D.
1617 485 1866 556 Cypriani
1897 457 2194 554 Bahizianzn

593 548 851 608 editionis
872 569 995 627 pag.
1024 560 1079 626 7,
1105 571 1158 616 et
1189 577 1340 637 seqq.

669 667 815 724 llanc
854 674 1175 744 scriptormn
1229 697 1575 753 apparentem
1626 700 2104 761 contradictionem
2137 720 2194 765 ut

591 762 842 820 tollerent
868 768 1076 828 Eruditi
1106 775 1378 847 duplicem
1421 784 1696 858 hucusque
1729 792 1998 852 iuiverunt
2026 801 2188 857 viam.

588 853 692 909 Alii
730 858 966 926 potiores
1006 866 1246 926 tribuunt
1291 884 1470 942 partes
1514 853 1736 949 Latinis,
1789 895 1948 957 atque
1996 895 2191 951 exinde

589 943 852 1016 inferunt,
905 953 1125 1015 Graecos
1182 961 1537 1026 hallucinatos
1587 972 1768 1032 fuisse.
1828 979 1904 1034 lta
1967 998 2189 1044 censent

584 1035 850 1098 Henricus
886 1044 1135 1107 Valesius
1169 1054 1272 1124 (1),
1300 1057 1550 1118 Petavius
1579 1065 1684 1137 (2),
1726 1035 2183 1153 Βιιίηπιὶἶιέᾆ-ί,

585 1128 802 1188 Caveus
864 1135 967 1210 (4),
1015 1151 1068 1197 et
1113 1143 1394 1206 Fabricius
1439 1154 1545 1227 (5),
1579 1128 1774 1228 quibus
1805 1128 2187 1244 omnes—prope

1448 1222 1456 1227 _
1502 1222 1510 1226 _
1599 1222 1610 1228 _
1973 1222 1989 1224 _
2019 1222 2182 1244 τηρ

580 1222 773 1293 reliqui
805 1229 1095 1300 scriptores
1129 1243 1447 1300 assentiunt.
1477 1247 1613 1305 Aliis
1641 1268 1672 1308 e
1699 1264 1884 1313 contra
1915 1276 1946 1317 e
1974 1262 2182 1323 diame-

584 1324 668 1370 tro
709 1324 952 1390 opposita
1006 1329 1179 1396 placet
1242 1338 1446 1407 opinio,
1496 1344 1914 1424 existimantqne
1965 1356 2182 1417 Graecos

577 1407 735 1478 longe
766 1415 957 1471 melius
985 1423 1271 1496 veriusque
1298 1444 1650 1494 conservasse
1670 1455 1857 1498 verum
1888 1445 2047 1518 hujus
2078 1453 2178 1509 viri

578 1517 796 1559 nomen.
825 1506 994 1565 Nemo
1016 1523 1192 1572 autem
1223 1519 1453 1592 doctius,
1507 1537 1895 1606 Operosiusque
1943 1541 2044 1597 hoc
2085 1545 2177 1600 de-

574 1610 878 1659 monstrare
908 1619 1134 1666 conatus
1163 1624 1264 1682 est,
1297 1633 1458 1687 quam
1505 1622 1814 1686 Lardnerus
1841 1633 1892 1686 iu
1920 1635 2174 1708 singulari

571 1691 974 1765 dissertatione,
1010 1719 1129 1774 quae
1174 1707 1226 1763 in
1264 1709 1562 1788 Credibilin
1591 1722 1652 1789 of
1672 1724 1756 1777 tlte
1801 1727 1903 1781 vol.
1930 1691 2091 1796 9.2.5

2299 509 2548 564 eumdem
2578 512 2832 570 Novatum
2865 521 3166 579 nominant.

2469 604 2675 664 Nomen
2741 623 2905 668 seetze
2978 616 3128 683 juxta
3179 625 3584 690 grammaticam
3646 629 3910 702 originem

2299 693 2458 752 habet
2488 714 2590 752 non
2628 717 2657 756 a
2695 703 2984 762 Novatiano
3015 726 3027 762 :
3061 711 3156 766 sed
3210 715 3392 783 potius
3429 732 3459 771 a
3491 717 3718 788 Novato,
3749 741 3907 794 quam

2296 787 2721 848 observationem
2754 794 2813 852 S.
2843 798 3174 867 Augustinus
3195 803 3250 860 in
3276 806 3462 864 ultimo
3484 825 3646 881 supra
3677 814 3908 874 adducto

2297 879 2417 936 loco
2460 885 2781 955 confirmat;
2813 893 2897 946 cui
2938 902 3120 950 tamen
3163 898 3255 953 alii
3282 900 3333 954 in
3366 901 3490 970 hoc,
3535 909 3902 974 quemadmo.

2291 975 2416 1030 dum
2449 978 2585 1035 infra
2613 980 2877 1054 dicemus,
2911 991 3310 1049 contradicunt.

2363 1108 2419 1162 4⁸
2453 1108 2759 1168 NominisN
2763 1119 2900 1171 ovati
2911 1118 3167 1192 frequens
3180 1125 3318 1197 apud
3333 1129 3587 1200 antiquos
3600 1133 3657 1188 fit
3674 1141 3899 1203 mentio,

2286 1197 2525 1272 illudque
2575 1206 2918 1265 notissimum
2945 1231 2959 1278 ;
3008 1213 3289 1273 Novatiani
3321 1236 3453 1278 vero
3482 1239 3705 1295 prorsus
3734 1247 3861 1288 non.

2358 1316 2436 1370 Ad
2477 1319 2860 1391 objectionem,
2923 1329 3063 1398 quod
3109 1331 3410 1404 Cyprianus
3468 1335 3646 1398 tamen
3698 1346 3900 1418 ubique

2287 1405 2396 1461 fere
2443 1412 2819 1484 presbyterum
2857 1435 3134 1477 romanum
3213 1425 3562 1487 Novatiauum
3633 1441 3896 1510 nominet,

2281 1501 2574 1568 respondet
2624 1505 2954 1579 Lardnerus,
3024 1515 3192 1584 quod,
3245 1520 3369 1589 quia
3439 1501 3885 1599 Carthaginiensis

2283 1589 2438 1658 hujus
2467 1597 2704 1668 episcopi
2734 1602 2960 1659 multum
2995 1606 3274 1674 intererat,
3331 1616 3706 1688 presbyterum
3755 1624 3891 1680 Car-

2281 1684 2647 1757 thagiuensem
2677 1693 2935 1752 Novatum
2960 1707 3234 1772 tamquam
3261 1709 3591 1779 praecipuum
3622 1716 3892 1773 schisma-

572 1795 692 1855 ΡΜ,
751 1805 784 1843 η
843 1807 943 1864 pag
998 1796 1104 1853 565
1158 1799 1418 1872 impressa
1449 1779 1676 1868 “aged”.
1728 1779 1862 1872 Cum
2201 1815 2248 1874 Β
2279 1779 2346 1832 tis
2367 1792 2642 1841 auctorem
2668 1788 2974 1861 designare,
3007 1810 3073 1850 eo
3116 1799 3349 1855 concilio
3380 1802 3684 1863 Romanum
3715 1810 3892 1866 Novu-

701 1829 713 1840 ⁸
792 1832 805 1857 ἱ
948 1835 962 1848 ⁸
1108 1840 1124 1862 ³
1683 1857 1695 1868 ο
1883 1862 1886 1866 -
2286 1872 2316 1881 _.
2669 1879 2696 1881 μ

701 1829 713 1840 .
751 1829 805 1857 ιι,
843 1829 962 1864 ιιαθ.
998 1829 1124 1862 uva,
1158 1829 1418 1868 ullprcssa
1449 1829 1695 1868 llaDellll'.
1728 1829 1886 1868 Cum.

568 1884 838 1938 sententia
863 1886 1124 1946 Lardneri
1155 1909 1262 1949 non
1292 1898 1467 1955 solum
1495 1904 1692 1961 criticis
1728 1907 1990 1969 hactenus
2016 1916 2168 1972 inau-

571 1970 700 2034 dita.
735 1977 830 2032 sed
857 1982 1124 2052 exquisite
1150 2003 1366 2060 quoque
1396 2008 1678 2066 concepta,
1708 2012 1868 2074 atque
1898 2007 2172 2066 illustran-

567 2063 652 2118 dis
680 2077 923 2124 veterum
955 2075 1168 2146 scriptis
1192 2089 1250 2135 ut
1297 2083 1583 2152 plurimum
1621 2083 2024 2155 accommodata
2076 2105 2165 2170 sit,

566 2152 708 2210 haud
737 2157 1002 2230 ingratum
1032 2167 1231 2226 nostris
1278 2173 1570 2234 lectoribus
1601 2182 1718 2240 fore
1743 2188 2087 2258 arbitramur,
2122 2199 2165 2252 si

566 2247 798 2306 laudata:
827 2254 1226 2320 dissertationis
1256 2282 1572 2340 argumenta
1603 2275 1688 2333 hic
1704 2286 2014 2342 summatim
2043 2303 2163 2344 cum

561 2338 642 2451 Cl.
677 2341 910 2418 quchii
971 2351 1273 2423 subjunctis
1327 2338 2017 2451 animadversionibusi

559 2430 840 2494 ducamus.

634 2595 700 2651 ll.
735 2598 872 2657 Sunt
892 2612 1073 2662 autem
1097 2607 1213 2667 haec
1245 2630 1258 2666 :
1295 2615 1348 2668 1°
1375 2615 1576 2676 Omnes
1599 2626 1758 2693 graeci
1787 2626 2165 2699 Scriptoresil--

559 2685 668 2743 lum
702 2689 962 2750 Novatum
985 2701 1284 2759 nominant.
1319 2706 1397 2764 Eo
1419 2685 1722 2782 magisillis
1748 2718 1881 2775 fides
1909 2685 2161 2782 habenda

557 2789 660 2846 est,
706 2785 849 2854 quod
901 2789 1164 2849 Eusebius
1209 2796 1400 2856 litteris
1447 2806 1766 2864 authenticis
1817 2813 2051 2871 Cornelii
2110 2830 2163 2875 et

556 2871 796 2949 Dionysii
821 2881 1172 2944 Alexandrini
1203 2907 1329 2949 usus
1375 2896 1558 2965 fuerit,
1597 2915 1910 2978 partemque
1948 2912 2156 2970 illarum

555 2979 895 3037 posterorum
951 2981 1226 3037 memoria:
1273 2994 1641 3061 conservarit;
1695 2997 1902 3055 Socrati
1933 3019 2061 3059 vero
2107 3018 2162 3062 et

556 3062 861 3120 Sozomeno
879 3083 999 3126 cum
1019 3072 1330 3134 Novatianis
1361 3082 1582 3140 indubia
1607 3096 1941 3150 consuetudo
1974 3097 2154 3154 fuerit.

622 3155 681 3209 2°
711 3157 992 3217 Manifesto
1037 3165 1227 3225 falsum
1272 3182 1374 3242 est,
1399 3191 1590 3235 omnes
1618 3181 1812 3240 latinos
1856 3187 2158 3258 Scriptores

552 3247 703 3304 illum
731 3255 1036 3324 appellasse
1077 3259 1445 3324 Novatianum.
1503 3271 1665 3330 Certe
1700 3275 1927 3334 Rufinus
1978 3296 2070 3336 sua
2100 3284 2150 3338 in

550 3342 798 3400 versione
851 3347 1099 3407 Historiae
1173 3353 1567 3418 Ecclesiasticze
1611 3366 1827 3424 Eusebii
1903 3375 2150 3431 eumdem

547 3443 859 3492 constanter
919 3440 1174 3499 Novatum
1215 3452 1444 3507 vocavit.
1504 3455 1560 3510 In
1628 3459 1869 3517 Romana
1927 3481 2149 3534 operum

548 3525 611 3579 o.
641 3529 906 3586 Ambrosii
937 3534 1194 3603 editione,
1231 3541 1474 3611 habetur,
1508 3548 1628 3604 libr.
1654 3568 1669 3606 I
1698 3554 1765 3609 de
1806 3525 2146 3626 Pmniteulia,

546 3632 664 3690 cap.
701 3622 756 3690 5,
783 3639 978 3682 nomen
1007 3627 1220 3699 Novati,
1262 3637 1404 3706 quod
1439 3641 1656 3710 quidem
1685 3646 2011 3706 Benedictini
2038 3653 2153 3706 edi-

549 3720 690 3767 tores
719 3716 830 3770 suis
882 3719 932 3772 in
966 3722 1126 3789 netis,
1164 3733 1293 3782 tom.
1329 3745 1364 3784 n
1393 3747 1482 3800 op.
1513 3749 1632 3807 pag.
1667 3739 1794 3807 595,
1853 3744 2153 3814 reprehen-

544 3803 712 3873 dunt;
770 3810 864 3865 sed
899 3814 1175 3874 enimvero
1206 3819 1346 3875 haud
1401 3826 1686 3886 verisimile
1737 3844 1839 3903 est,
1887 3839 2148 3900 editorcm

548 3895 844 3956 Romanum
870 3913 1095 3974 temere,
1123 3913 1428 3984 nulliusque
1451 3925 1799 3996 manuscripti
1830 3935 2149 3992 auctoritate

544 3994 748 4060 nixum,
803 3997 944 4053 illam
1002 4003 1288 4062 lectionem
1338 4022 1580 4068 secutum
1633 4015 1818 4075 fuisse.
1877 4023 1932 4078 In
1963 4026 2148 4085 Hilarii

541 4085 875 4156 fragmentis,
903 4108 1021 4165 pag.
1053 4097 1211 4162 1520,
1251 4101 1500 4159 editionis
1532 4107 1784 4167 Maurinze
1819 4115 2010 4186 legitur
2039 4120 2150 4175 No-

538 4187 703 4233 vatus.
745 4181 1103 4257 Hieronymus
1143 4207 1356 4263 quoque
1401 4212 1695 4256 comment.
1747 4207 1798 4259 in
1827 4207 1967 4276 Joel,
2015 4222 2145 4270 tom.

537 4283 594 4324 tu
624 4286 774 4341 opp.,
837 4291 954 4347 pag.
995 4281 1152 4350 1558,
1215 4285 1264 4338 in
1320 4288 1506 4357 Amos,
1543 4307 1662 4363 pag.
1722 4297 1882 4365 1407,
1923 4303 2144 4372 Epistol.

537 4379 757 4430 xxxvnt,
791 4376 921 4424 tom.
992 4388 1064 4434 tv,
1106 4391 1224 4447 pag.
1279 4379 1418 4445 507,
1467 4384 1634 4452 Epist.
1679 4405 1785 4458 LVI,
1837 4409 1956 4466 pag.
2015 4399 2144 4464 586,

539 4454 707 4524 Epist.
731 4475 957 4528 Lxxxw,
1005 4481 1122 4535 pag.
1155 4468 1281 4534 659,
1317 4471 1573 4530 editionis
1617 4454 1933 4538 ll-lartiameiv
1970 4454 2147 4544 Nova:

535 4557 642 4601 tum
667 4552 926 4620 appellat,
967 4555 1052 4610 ubi
1084 4560 1368 4618 manifeste
1417 4565 1484 4622 de
1541 4572 1853 4644 presbytero
1900 4577 2144 4636 Romano

2276 1872 2471 1927 [ianum
2527 1879 2912 1948 appellaverit;
2994 1896 3049 1940 ttt
3117 1891 3314 1947 exinde
3367 1898 3703 1967 ostenderet,
3766 1920 3888 1962 cum

2274 1977 2597 2026 sectatorem
2627 1972 2792 2032 fuisse
2823 1976 3016 2034 Novati
3037 1981 3498 2058 Carthaginensis.

2346 2104 2428 2160 Ill.
2473 2107 2546 2163 De
2591 2109 2690 2165 hac
2736 2112 3106 2175 Lardneriano
3146 2123 3401 2193 opinione
3444 2129 3560 2186 haec
3605 2139 3883 2195 mouenda

2271 2210 2392 2252 esse
2441 2199 2714 2260 duximus.
2770 2204 3031 2278 Primum,
3084 2215 3225 2284 quod
3277 2224 3652 2279 controversia!
3712 2241 3885 2298 caput

2270 2299 2499 2357 spectat,
2535 2292 2787 2352 videntur
2813 2300 2967 2356 nobis
2985 2299 3067 2358 Cl.
3100 2303 3360 2364 Lardneri
3390 2325 3700 2383 argumenta
3726 2292 3874 2375 haud

2268 2384 2401 2437 satis
2423 2383 2750 2457 decretoria,
2771 2402 2825 2449 et
2851 2398 3316 2467 prmponderantia
3335 2420 3488 2473 esse;
3519 2425 3640 2465 nam
3662 2423 3884 2482 prteler-

2269 2489 2430 2542 quam
2481 2481 2624 2548 quod
2678 2484 2835 2540 allata
2888 2490 3046 2558 ratio,
3088 2508 3185 2549 cur
3223 2499 3279 2551 S.
3328 2496 3628 2571 Cyprianus
3665 2481 3874 2572 ivirmn,

2267 2566 2359 2638 qui
2407 2572 2540 2626 alias
2586 2573 2866 2634 dicebatur
2907 2582 3168 2654 Novatus,
3211 2592 3468 2650 continuo
3515 2596 3873 2657 Novatianum

2267 2666 2584 2735 appellarit,
2631 2673 2757 2743 quin
2818 2692 3051 2748 unquam
3094 2698 3247 2738 suutn
3303 2692 3591 2757 permutati
3641 2696 3876 2751 nominis

2266 2759 2551 2815 Consilium
2587 2763 2899 2836 indigitarit,
2935 2771 3071 2827 haud
3106 2777 3410 2834 verisimilis
3439 2784 3527 2847 sit,
3561 2801 3666 2841 non
3694 2789 3870 2844 solmn

2264 2848 2589 2921 Cyprianus,
2623 2859 2715 2912 sed
2747 2860 2860 2928 ipse
2886 2879 3098 2934 quoque
3129 2866 3432 2940 Cornelius,
3464 2877 3554 2945 qui
3588 2878 3729 2933 inter
3749 2897 3869 2936 om-

2267 2959 2362 2997 nes
2395 2947 2474 3000 sui
2511 2947 2828 3014 adversarii,
2864 2966 2916 3010 et
2944 2959 3123 3015 rivalis
3154 2979 3348 3019 nomen
3372 2967 3571 3036 optime
3598 2987 3758 3028 nosse
3785 2975 3874 3030 de-

2266 3035 2475 3101 buerat,
2528 3042 2638 3096 suis
2671 3043 2721 3096 in
2753 3047 2994 3114 epistolis
3034 3051 3212 3108 latinis
3243 3035 3419 3125 ipsum?
3466 3063 3665 3128 pariter
3693 3064 3869 3119 Nova-

2264 3131 2464 3186 tianum
2498 3149 2714 3207 semper
2745 3144 3072 3212 nominavit;
3109 3149 3195 3201 ubi
3226 3149 3402 3206 adhuc
3430 3165 3616 3210 notatu
3645 3157 3864 3229 dignum

2185 3229 2229 3291 ρ
2263 3225 2403 3292 quod
2433 3229 2482 3280 in
2511 3243 2682 3296 graeca
2714 3234 2942 3302 epistola
2971 3237 3208 3294 Cornelii
3237 3242 3301 3296 ad
3327 3243 3552 3301 Fabium
3578 3249 3870 3308 Antioche-

2264 3330 2412 3383 nmn,
2443 3320 2596 3386 cujus
2628 3321 2956 3381 luculentum
2990 3327 3346 3400 fragmentum
3377 3339 3535 3394 nobis
3566 3355 3864 3398 conserva-

2262 3406 2334 3458 vit
2383 3407 2668 3476 Eusebius,
2698 3430 2890 3471 nomen
2924 3417 3081 3490 hujus
3115 3424 3214 3478 viri
3243 3442 3531 3496 numquam
3576 3447 3859 3500 occurrat;

2259 3499 2446 3556 adharc
2477 3504 2651 3571 potius
2677 3509 2922 3566 accidere
2947 3517 3134 3582 potuit,
3164 3519 3305 3588 quod
3336 3521 3504 3576 Graeci
3537 3527 3854 3583 vocabulum

2262 3589 2584 3649 Novatiauus
2614 3613 2709 3666 pro
2738 3601 2935 3671 aliquo,
2980 3606 3046 3660 ab
3076 3608 3206 3663 alias
3257 3623 3386 3668 noto
3413 3624 3464 3668 et
3505 3617 3713 3686 proprio
3746 3636 3854 3674 no-

2260 3686 2401 3741 mine
2447 3686 2682 3745 Novatus
2712 3692 2872 3759 dicto,
2904 3706 3062 3766 atque
3090 3715 3121 3753 e
3163 3713 3326 3757 secta:
3370 3707 3584 3763 nomine
3611 3709 3860 3768 derivato

2259 3776 2564 3849 habuerint,
2597 3799 2659 3838 ac
2689 3787 2884 3844 exinde
2920 3791 2984 3844 ad
3015 3794 3341 3850 credendum
3374 3799 3573 3855 inducti
3625 3801 3824 3860 fuerint
3845 3851 3860 3869 ,

2259 3880 2428 3934 virum
2475 3881 2622 3936 illttm
2655 3883 2914 3940 Novatum
2943 3893 3266 3959 appellatum
3320 3896 3504 3959 fuisse,
3535 3899 3662 3969 quin
3698 3917 3863 3972 prop-

2258 3979 2400 4026 terea
2438 3972 2506 4028 de
2545 3975 2858 4034 confusione
2887 3980 3110 4038 duarum
3155 4001 3506 4056 persnnarum
3543 4002 3648 4046 tam
3678 3993 3859 4048 dircr-

2255 4078 2434 4120 sarum
2469 4072 2756 4124 accusandi
2791 4073 2920 4127 sint.
2951 4074 3103 4131 Unde
3132 4081 3462 4137 recentiores
3507 4085 3655 4139 latini
3683 4089 3868 4158 scrip.

2257 4163 2424 4224 tores,
2468 4161 2555 4229 qui
2598 4163 2833 4230 priorum
2866 4169 3120 4237 operibus
3163 4174 3445 4230 manifesto
3486 4179 3565 4231 usi
3618 4179 3858 4248 fuerant,

2252 4250 2462 4306 illorum
2517 4256 2735 4326 vestigia
2771 4274 3109 4328 preSserunt;
3159 4281 3318 4335 quam
3365 4279 3421 4324 ut
3468 4269 3753 4327 Cornelius
3803 4289 3863 4330 e'.

2250 4343 2552 4415 Cyprianus
2582 4350 2632 4403 iu
2665 4353 2882 4409 nomine
2913 4359 3161 4412 crrarint.
3219 4361 3458 4434 Denique
3487 4367 3738 4423 omnibus
3786 4385 3858 4424 ex

2252 4442 2540 4498 momentis
2593 4443 2851 4501 Lardneri
2903 4465 2963 4504 ea
3018 4457 3329 4509 consecutio
3371 4458 3509 4513 haud
3544 4467 3860 4519 necessario

2253 4530 2508 4600 infertur,
2559 4537 2700 4605 quod
2742 4537 2892 4593 latini
2950 4542 3256 4600 hallucinati
3319 4548 3537 4605 fuerint.
3569 4553 3853 4625 Siquidem

863 4646 1088 4704 insuum
1160 4652 1214 4706 In
1251 4670 1382 4714 lmer
1405 4623 1873 4714 pllil45lii";;‘l'l
2169 4637 2220 4695 1)
2248 4623 2355 4677 duo
2384 4625 2523 4682 inter
2552 4628 2639 4682 illa
2685 4641 2925 4687 extrema
2978 4637 3190 4692 tettium
3222 4639 3398 4696 adhuc
3449 4643 3625 4700 locum
3663 4647 3848 4714 habet,

930 4665 939 4674 ·
1116 4667 1129 4703 :
1222 4671 1243 4708 s
1525 4697 1534 4711 α
1625 4679 1634 4688 ”
1793 4684 1809 4714 ῖ
1882 4690 1921 4714 ί·
2119 4691 2141 4714 ί

532 4655 840 4698 sermonem
862 4652 1088 4704 instituit
1116 4667 1129 4703 :
1160 4652 1382 4723 Insuper
1405 4657 1722 4717 Philastrius
1742 4666 1809 4721 de
1833 4668 2142 4729 llmresibus

532 4744 652 4800 cap.
688 4732 788 4800 84;
813 4739 1143 4808 Augustinus
1165 4744 1232 4799 de
1260 4745 1577 4815 hieresibus,
1615 4771 1734 4825 cap.
1759 4760 1849 4824 58,
1889 4762 1954 4815 de
1993 4767 2141 4820 utili-

534 4825 872 4895 talejejunii,
904 4845 1023 4900 cap.
1048 4833 1101 4897 9,
1127 4835 1154 4907 §
1179 4839 1266 4900 11,
1294 4841 1490 4896 Contra
1526 4842 1900 4918 Cresconimn,
1939 4854 2031 4909 lib.
2078 4873 2136 4922 η,

530 4928 649 4986 cap.
673 4917 722 4972 1.
747 4917 968 4978 Rufinus
998 4925 1050 4981 in
1080 4928 1324 5000 Exposit.
1356 4933 1620 5006 Symboli,
1646 4937 1698 4994 iu
1732 4917 1919 5012 quinto
1963 4917 2135 5006 Tomo

712 5164 889 5260 Xanles.
914 5169 967 5252 in
995 5168 1123 5260 1101‘.
1143 5173 1430 5260 σφετεριξὺέ
1534 5180 1627 5260 _E.,
1656 5183 1746 5237 lib.
1777 5201 1852 5252 vr,
1887 5203 2005 5260 cap.
2037 5193 2132 5251 45.

599 5237 888 5335 (maggtav.
922 5242 974 5295 in
1011 5242 1136 5298 Not.
1201 5247 1251 5301 in
1286 5249 1345 5303 S.
1385 5237 1674 5323 Epipltati.,
1709 5237 1852 5313 tom:

565 5324 646 5373 ag.
676 5308 805 5364 2‘26.

528 5321 1328 5470 Ρηῗῖξὶῖἕδίηθηι.βείοβσιθετο
1362 5393 1606 5470 ἂιαὴιυνη
1641 5413 1756 5470 pes-
1793 5401 1914 5457 180-

597 5451 894 5547 (“‘gﬂVeu
928 5455 1065 5512 Hist.
1108 5461 1322 5518 [ἤιεν-ατ.
1359 5451 1616 5538 Scriptor.
1641 5451 1877 5542 ’EE’é/es,
1929 5485 2057 5533 tom.
2091 5497 2133 5547 t,

525 5537 644 5592 pag.
676 5524 797 5579 129.

594 5595 675 5682 (εξ)
709 5597 827 5677 ᾼΙὺ.
863 5598 1232 5682 Ὲθιπὶᾳυῃοι.
1293 5607 1342 5660 iu
1390 5607 1712 5682 flicronyun,
1740 5616 1791 5670 iu
1822 5617 2128 5678 Bibliot/tec.

527 5666 848 5740 Ecclesium
887 5687 1006 5740 pag.
1039 5675 1161 5729 158.

598 5735 678 5808 (6)
705 5735 902 5793 Christ:
933 5743 1131 5832 .‘y‘illh.
1175 5748 1368 5805 Franz.
1411 5753 1620 5809 Walclt.
1656 5755 2128 5832 Kezergeschichte.

526 5827 562 5865 ιι
594 5823 750 5882 part.,
781 5824 900 5881 pag.
929 5815 1053 5881 188,
1083 5827 1137 5871 et
1165 5834 1315 5889 seqq.

2247 4716 2387 4781 quod
2419 4717 2640 4775 alterius
2665 4731 2863 4777 nostrae
2899 4727 3386 4787 animadversionis
3419 4737 3689 4807 objeetum
3718 4757 3851 4796 eon—

2244 4809 2435 4866 stitnit.
2463 4810 2516 4866 Si
2549 4829 2738 4870 omnes
2760 4818 3168 4875 observationes
3200 4824 3359 4879 simul
3392 4830 3748 4898 colligamus;
3783 4851 3847 4889 cx

2242 4902 2307 4956 iis
2332 4919 2434 4958 non
2469 4906 2567 4960 nisi
2612 4907 2724 4962 ll;th
2747 4910 2942 4980 duplex
2971 4915 3247 4971 conclusio
3277 4919 3458 4974 inferri
3482 4931 3693 4992 potest:
3728 4930 3845 4996 pri-

2241 5014 2323 5051 tua
2359 5009 2474 5053 est:
2507 5012 2599 5056 aut
2627 5019 2751 5069 una,
2785 5017 2872 5060 aut
2914 5008 3079 5063 altera
3110 5026 3254 5080 pars,
3284 5013 3494 5070 scilicet
3520 5018 3602 5072 vel
3640 5018 3844 5089 Latini,

2238 5091 2320 5144 vel
2348 5091 2517 5147 Graeci
2551 5095 2600 5147 in
2639 5098 2855 5152 nomine
2885 5114 3150 5158 errarunt.
3189 5104 3308 5160 Jam
3341 5123 3489 5170 vero.
3521 5126 3643 5166 cum
3675 5101 3846 5185 appli-

2238 5183 2381 5238 catio
2422 5185 2650 5241 laudata:
2691 5192 3056 5249 conclusionis
3107 5201 3464 5256 communiter
3519 5204 3568 5257 in
3601 5205 3843 5264 favorem

2239 5276 2573 5340 Latinorum,
2605 5293 2658 5336 et
2688 5283 2939 5340 invidiam
2981 5286 3291 5346 Grmcorum
3327 5293 3438 5347 fieri
3467 5303 3840 5365 consueverit,

2240 5381 2422 5426 nostra
2474 5374 2712 5443 profecto
2759 5379 3013 5448 opinione
3043 5381 3124 5435 Cl.
3157 5383 3465 5442 Lardncrus
3509 5391 3641 5444 satis
3670 5393 3844 5449 solide

2237 5467 2417 5532 evicit,
2462 5485 2578 5524 eam
2625 5473 3040 5542 applicationem
3073 5488 3219 5532 recta
3270 5481 3461 5536 inverti
3496 5499 3688 5552 posse;
3734 5504 3840 5543 non

2236 5577 2387 5626 vero,
2421 5562 2560 5632 quod
2588 5565 2657 5617 ita
2688 5565 2801 5621 fieri
2829 5568 3058 5640 debeat;
3083 5571 3250 5625 altera
3279 5575 3552 5631 cenclusio
3576 5577 3693 5634 hrcc
3715 5592 3837 5636 cst:

2235 5663 2328 5707 aut
2365 5671 2528 5724 penes
2559 5667 2842 5728 utramque
2874 5670 3076 5730 partem
3118 5674 3203 5718 est
3232 5667 3445 5721 veritas.

2305 5746 2571 5802 Czcterum
2601 5749 2888 5806 observatu
2916 5753 3135 5823 dignum
3165 5766 3267 5822 est,
3299 5758 3441 5828 quod
3467 5758 3550 5816 Cl.
3595 5759 3840 5820 Lardue-

2234 5851 2326 5893 rus
2381 5839 2466 5893 hic
2497 5851 2758 5899 annotare
2789 5844 3105 5915 neglexerit,
3158 5850 3358 5920 pluries
3403 5853 3512 5921 jam
3543 5856 3831 5927 accidisse,
