4252 6258
327 314 435 380 865

1805 313 2204 375 novarum.
2232 279 2236 284 ⁸

3537 318 3642 375 8156

327 441 469 511 quod
509 454 705 496 nomen
735 438 965 509 alicujus
996 450 1241 507 persona:
1269 435 1484 492 diverso
1512 437 1672 492 modo
1713 439 1764 492 in
1807 438 1939 491 scri-
1967 443 2014 498 Λ
2045 434 2257 505 quidem
2282 435 2392 504 jam
2424 442 2579 488 antea
2610 431 2868 487 docuerat
2893 426 2952 487 S.
2980 427 3376 502 Cyprianus(6)
3408 446 3506 488 :ex
3535 446 3645 503 quo

329 538 436 606 ptis
464 535 805 603 antiquorum
830 532 1155 587 offendatur.
1202 531 1329 603 (Sic
1370 540 1425 586 ut
1454 531 1630 600 aliqua
1675 530 1833 600 hujus
1862 532 1938 585 rei

332 617 581 700 exempla
613 627 965 697 adducamus)
998 636 1314 681 antecessor
1357 625 1590 680 Cornelii
1634 641 1738 678 non
1763 625 1937 679 solum

330 722 474 793 apud
497 720 839 785 Latinos,sed
857 719 1096 785 Grarcos,
1116 719 1403 774 Eusebium
1428 717 1634 772 scilicet
1657 716 1734 789 (1)
1753 717 1942 770 Fabia-

333 831 465 879 nus;
499 823 552 869 et
582 812 723 884 apud
771 812 906 866 alios
935 809 1156 866 Grmcos
1188 810 1456 865 Fabianus
1482 821 1708 864 vocatur
1738 809 1840 882 (9.).
1878 810 1942 863 Iit

327 907 439 978 jam
468 907 537 962 ab
559 904 795 976 antiquis
839 901 1173 971 temporibus
1211 912 1398 957 auctor
1418 901 1806 956 Maniclueismi
1831 915 1938 954 non

331 998 506 1054 solum
535 996 755 1059 Manes;
815 993 910 1050 sed
952 993 1282 1048 Manichacus
1338 1009 1554 1064 quoque
1608 993 1938 1050 nominatur.

335 1091 528 1146 Notum
588 1091 750 1145 etiam
791 1099 871 1144 est
912 1088 1186 1153 omnibus,
1215 1088 1552 1142 Lactantium
1611 1087 1772 1142 modo
1819 1087 1939 1142 Ca:-

339 1184 489 1250 limn,
536 1181 697 1237 modo
724 1180 1020 1244 Cmeilium,
1073 1189 1348 1235 auctorem
1405 1181 1527 1235 vita:
1560 1180 1615 1234 S.
1655 1179 1942 1250 Augustini

342 1291 484 1332 nunc
496 1274 824 1341 Possidium,
843 1288 983 1328 nunc
1005 1273 1377 1327 Possidonium
1403 1273 1580 1327 vocari
1610 1289 1621 1325 :
1654 1272 1942 1326 autultima

343 1369 745 1425 nomenclatura
770 1382 798 1421 a
834 1366 1183 1436 Schmlgenio
1209 1376 1478 1436 tamquam
1503 1381 1728 1420 erronea
1762 1380 1946 1432 repre-

342 1461 610 1517 hendatur
658 1460 761 1532 (3).
822 1458 966 1514 Fieri
1015 1459 1196 1528 itaque
1227 1457 1381 1512 facile
1411 1459 1602 1528 potuit,
1633 1457 1772 1526 quod
1802 1458 1943 1511 circa

346 1554 594 1610 homines
617 1552 838 1607 aliunde
862 1551 1000 1606 haud
1020 1553 1213 1606 illustri
1244 1552 1364 1606 loco
1398 1560 1550 1604 natos
1579 1551 1629 1605 in
1660 1567 1758 1604 ttsu
1789 1551 1950 1605 fuerit

345 1659 572 1718 utroque
601 1647 764 1702 modo
804 1663 992 1701 eorum
1024 1661 1222 1700 nomen
1258 1656 1365 1699 tum
1397 1644 1799 1716 pronuntiandi,
1834 1655 1942 1698 tum

345 1742 634 1808 scribendi,
685 1751 848 1812 atque
898 1739 1042 1810 quod
1082 1739 1365 1795 Cornelius
1391 1750 1446 1794 et
1479 1738 1782 1811 Cyprianus
1811 1739 1948 1794 inte-

2044 530 2203 584 etiam
2249 528 2527 594 discimus,
2570 527 2876 583 Stoicorum
2906 525 3118 596 placitis
3147 526 3321 596 ipsum
3353 525 3522 583 fuisse
3547 526 3643 582 ad-

2042 620 2263 675 dictum.
2302 621 2480 674 Patria
2534 619 2695 675 domo
2725 619 2910 673 relicta
2944 617 3170 672 Romam
3221 633 3280 673 se
3315 619 3566 684 contulit,
3615 633 3647 674 e

2045 712 2263 767 Porticu
2296 712 2347 765 in
2391 711 2692 767 Ecclesiam
2728 711 3014 766 transiens.
3051 710 3242 765 Adhuc
3284 706 3645 766 Catechumc-

2045 820 2144 858 nus
2173 804 2322 874 gravi
2353 804 2540 857 morbo
2563 813 2866 872 correptus,
2901 801 3143 857 Clinicus
3165 801 3495 871 Baptismum
3523 817 3646 857 sus-

2043 901 2206 969 cepit.
2240 918 2257 949 ‹
2284 899 2468 969 Neque
2485 909 2684 965 tamen,
2706 909 2762 953 ut
2787 898 3044 956 scribitS.
3063 898 3347 955 Cornelius
3373 898 3472 972 (7),
3504 899 3650 954 sani—

2049 993 2140 1046 tati
2180 993 2460 1047 reatitutus
2504 993 2712 1062 reliqua
2759 992 3019 1062 percepit,
3053 1007 3174 1062 quae
3200 992 3500 1048 secundum
3542 993 3647 1047 Ec-

2045 1085 2226 1140 clesia:
2257 1086 2499 1155 regulam
2534 1086 2877 1156 percipienda
2910 1095 3065 1150 sunt;
3101 1101 3273 1157 neque
3299 1087 3368 1142 ab
3393 1085 3647 1157 episeopo

2045 1182 2392 1250 consignatus
2435 1188 2538 1235 est.
2572 1180 2846 1250 Deinceps,
2892 1179 3073 1234 subdit
3100 1180 3239 1235 idem
3268 1190 3485 1236 sanctus
3513 1197 3648 1250 pon-

2049 1271 2175 1326 tifex
2213 1273 2291 1343 (8)
2327 1273 2662 1343 presbyterio
2688 1273 3076 1328 cohonestatus
3097 1285 3178 1329 est
3208 1290 3302 1344 per
3329 1275 3556 1345 gratiam
3599 1283 3654 1332 et

2046 1365 2434 1435 indulgentiam
2471 1366 2744 1436 Episc0pi.
2771 1406 2783 1419 .
2811 1409 2823 1422 .
2847 1407 2858 1420 .
2886 1368 3257 1423 intercedebat
3303 1369 3447 1424 enim
3465 1364 3654 1424 clunis

2049 1459 2250 1526 clerus,
2280 1471 2334 1514 ct
2376 1461 2528 1514 multi
2569 1477 2634 1516 ex
2680 1461 2862 1530 laieis;
2898 1479 2962 1518 eo
2992 1463 3134 1533 quod
3176 1481 3280 1518 non
3311 1465 3499 1521 liceret
3528 1480 3650 1520 eum

2049 1553 2161 1621 qui,
2197 1553 2648 1623 quemadmodum
2677 1565 2730 1610 et
2757 1555 2868 1620 ille,
2900 1558 2948 1610 in
2980 1558 3178 1613 lectulo
3210 1567 3435 1629 urgente
3462 1559 3654 1614 morbo

2053 1648 2300 1716 perfusus
2339 1647 2547 1713 fuisset,
2595 1650 2644 1702 in
2679 1650 2883 1704 clerum
2916 1651 3149 1722 aliquem
3185 1654 3399 1708 assumi.
3449 1652 3652 1709 Verum

2051 1743 2261 1812 rogavit
2300 1743 2604 1813 episcopus,
2653 1755 2705 1798 ut
2738 1761 2860 1800 eum
2893 1762 3055 1801 unum
3088 1745 3341 1803 ordinare
3387 1747 3488 1803 sibi
3536 1763 3653 1818 pcr-

346 1853 500 1909 grum
532 1851 728 1891 nomen
759 1850 825 1889 eo
853 1833 1123 1889 lubentius
1153 1833 1494 1897 retinuerint,
1543 1833 1684 1904 quod
1739 1833 1947 1887 facilius
1978 1838 2022 1897 Β
2052 1836 2374 1890 mitteretur.
2409 1858 2426 1888 ι

347 1947 510 2002 atque
555 1935 853 1989 accuratius
880 1933 1074 1989 exinde
1104 1933 1277 1989 amba:
1309 1949 1553 2004 personae
1585 1934 1822 1990 Novatus
1845 1935 1953 1990 sci-

347 2028 473 2085 licet
511 2041 575 2082 ac
617 2026 939 2082 Novatianus
984 2025 1442 2082 discernerentur.

421 2162 604 2217 Tertio
628 2161 845 2216 demum
869 2160 1243 2226 observamus,
1275 2160 1416 2230 quod
1443 2176 1507 2217 ex
1539 2161 1800 2217 Lardneri
1831 2163 1949 2216 aui-

273 2277 276 2281 '
349 2255 812 2313 madversionihus
861 2255 1139 2310 evidenter
1190 2265 1450 2326 patescat,
1504 2271 1677 2325 neque
1728 2257 1953 2311 Latinos

350 2349 640 2405 discrimen
683 2349 823 2404 inter
849 2349 1112 2403 Novatum
1140 2359 1194 2404 et
1221 2348 1578 2404 Novatianum
1605 2365 1822 2419 semper
1852 2349 1951 2405 ob-

351 2455 632 2509 servasse,
679 2450 796 2496 utut
837 2456 866 2495 a
915 2440 1307 2496 recentioribus
1362 2441 1541 2495 latinis
1599 2442 1952 2512 scriptoribus

355 2535 632 2590 laudatum
663 2533 956 2590 discrimen
1001 2544 1106 2590 tam
1134 2534 1322 2589 sedqu
1354 2535 1676 2600 inculcetur,
1705 2535 1846 2605 quod
1873 2535 1952 2588 ni-

354 2630 544 2685 mirum
575 2645 640 2685 ex
673 2628 883 2683 duobus
923 2629 1027 2683 illis
1067 2628 1395 2699 presbyteris
1443 2627 1726 2682 Novatiaui
1775 2627 1950 2683 schis-

354 2722 511 2776 matis
539 2721 908 2791 antesignanis
963 2719 1404 2792 Carthaginensis
1451 2720 1713 2786 Novatus,
1748 2721 1952 2775 Ruina-

355 2830 454 2870 nus
495 2831 621 2868 vero
651 2813 983 2868 Novatianus
1031 2814 1292 2869 dicendus
1323 2815 1416 2868 sit.
1475 2815 1598 2869 llmc
1641 2815 1824 2869 ultima
1856 2817 1953 2870 ob-

354 2909 610 2972 servatio,
666 2925 823 2977 quam
878 2923 942 2963 ex
977 2908 1656 2964 DissertationeLardueri
1725 2910 1983 2979 primum~

357 2999 526 3055 menti
555 3008 751 3055 nostra:
770 2999 1011 3064 obvenit,
1039 3014 1287 3070 magnam
1305 3000 1591 3054 utilitatem
1618 3015 1680 3054 ac
1713 3016 1954 3056 momen-

358 3101 468 3146 tum
498 3090 658 3147 habet
683 3090 749 3145 ad
776 3106 880 3145 non
906 3106 1103 3160 paucas
1119 3090 1465 3146 difficultates
1492 3092 1802 3156 solvendas,
1831 3094 1956 3151 inde

357 3191 716 3253 emergentes,
770 3181 914 3254 quod
940 3183 994 3236 in
1025 3183 1208 3238 latinis
1239 3182 1483 3238 Patribus
1512 3184 1627 3239 loca
1654 3184 1722 3240 de
1747 3183 1954 3240 Novato

356 3274 768 3346 Carthaginensi
800 3285 1141 3346 exponantur
1182 3291 1210 3330 a
1262 3275 1650 3347 Scriptoribus,
1701 3295 1820 3348 qua:
1867 3296 1953 3335 re-

362 3384 489 3423 vera
518 3377 697 3424 tameu
728 3368 795 3424 de
818 3368 1119 3424 Novatiano
1145 3379 1330 3440 agunt.
1370 3370 1634 3427 Caeterum
1659 3371 1745 3429 hic
1772 3373 1957 3444 vulga-

361 3479 474 3518 rem
499 3478 726 3529 morem,
755 3463 867 3518 suis
892 3463 1050 3518 etiam
1094 3464 1332 3518 innixum
1365 3467 1633 3520 rationum
1666 3468 1956 3523 momentis

361 3556 652 3625 sequimur,
688 3571 794 3626 quo
816 3571 1012 3611 nomen
1033 3555 1272 3611 Novatus
1293 3555 1361 3612 de
1387 3555 1644 3612 Africano
1676 3557 1956 3625 duntaxat,

363 3658 416 3704 et
466 3664 660 3706 nomen
699 3649 1028 3706 Novatianus
1084 3652 1152 3706 de
1196 3649 1436 3706 Romano
1496 3652 1811 3724 presbytero
1865 3653 1990 3725 ιιι]-⁸

363 3744 603 3800 hibetur.

441 3877 530 3932 IV.
573 3877 895 3944 Novatianus
917 3895 981 3935 ex
1015 3880 1284 3952 Phrygum
1312 3889 1492 3952 gente,
1524 3880 1567 3933 si
1603 3880 1962 3951 Philostorgio

364 3972 501 4029 fides
523 3971 835 4045 (4),s:eculo
857 3991 908 4028 ιιι
925 3975 1140 4030 ineunte
1166 3985 1341 4029 ortum
1372 3974 1588 4029 duxisse
1606 3975 1962 4029 existimatur.

365 4067 667 4137 Antequam
711 4065 926 4122 Christo
965 4082 1160 4120 nomen
1207 4067 1377 4133 daret,
1425 4065 1819 4136 philosophiam
1866 4082 1964 4122 ex-

365 4157 596 4214 coluisse
641 4157 974 4227 perhibetur.
1016 4157 1270 4214 Scribens
1319 4159 1461 4214 enim
1502 4159 1568 4213 ad
1607 4159 1966 4231 Sympronia~

368 4267 494 4305 num
525 4250 584 4306 S.
613 4250 898 4318 Pacianus,
925 4250 1043 4307 haec
1062 4251 1222 4306 habet
1253 4249 1332 4323 (5)
1363 4271 1377 4306 :
1416 4271 1434 4302 ι
1461 4250 1816 4306 Novatiauum
1840 4252 1965 4308 mihi

369 4345 608 4416 ingeris?
659 4344 1050 4416 PhilosOphum
1108 4345 1288 4400 saeculi
1339 4346 1502 4408 fuisse
1538 4344 1762 4401 audio.»
1816 4345 1967 4413 Quod

439 4653 525 4732 '(l)
552 4659 752 4716 Euseb.
787 4658 852 4715 ll.
885 4659 950 4716 E.
982 4660 1097 4716 Lib.
1131 4675 1205 4725 γι,
1231 4673 1350 4728 cap.
1383 4656 1472 4712 ‘29.

451 4751 530 4821 (9.)
562 4751 804 4807 Bolland.
828 4753 938 4806 Act.
968 4753 1100 4817 SS.,
1132 4762 1238 4805 tom
1263 4767 1319 4812 ll,
1344 4750 1466 4804 Jan.
1495 4764 1613 4820 pag.
1635 4750 1741 4805 252
1761 4761 1812 4804 et
1839 4750 1971 4817 256,

377 4823 690 4879 Tillemont.
729 4822 999 4878 Me’moires
1043 4841 1132 4878 sur
1160 4822 1220 4878 S.
1255 4822 1485 4885 Fabieu,
1522 4830 1652 4875 tom.
1686 4838 1736 4874 ιιι
1785 4821 1846 4874 11.
1889 4821 1974 4886 Ε.,

379 4910 506 4966 pag,
551 4893 678 4948 562.
706 4895 903 4950 Bower
930 4893 1068 4949 Hist.
1101 4893 1370 4965 Paparum
1391 4936 1404 4958 ,
1441 4903 1577 4962 part.
1611 4908 1642 4956 ι,
1679 4908 1795 4961 pag.
1827 4893 1914 4947 85.

454 4988 531 5056 (5)
571 4985 784 5042 Fabric.
818 4998 950 5042 tom.
982 5003 1030 5040 vr
1071 4985 1320 5040 Bibliotlt.
1379 4985 1472 5038 ιιιι.
1533 4987 1665 5039 med.
1717 4995 1762 5038 et
1812 4986 1980 5055 iuﬁm.

376 5067 541 5125 12101.,
572 5073 694 5128 pag.
729 5057 821 5113 24.

455 5153 531 5221 (4)
574 5151 900 5223 Philostorg.
931 5152 996 5206 ll.
1031 5152 1096 5218 E,
1133 5153 1223 5206 lib.
1263 5167 1374 5216 Vlll,
1404 5167 1521 5219 cap.
1557 5167 1644 5204 av.
1678 5150 1824 5223 llanc
1855 5151 1980 5205 Phi-

382 5223 624 5292 lostorgii
668 5224 976 5293 opinionem
1010 5224 1297 5278 admodum
1325 5223 1668 5278 verisimilem
1693 5222 1985 5293 arbitratur

387 5294 632 5365 Valesius
659 5292 724 5349 ex
753 5309 841 5355 eo,
883 5295 1024 5365 quod
1067 5295 1263 5350 mu!tos
1311 5303 1606 5349 sectatores
1655 5295 1704 5345 in
1731 5292 1979 5365 (Phrygia

381 5374 573 5421 nactus
601 5364 764 5422 fuerit
785 5365 1131 5420 N0vatianns.
1165 5365 1319 5420 Conl’.
1353 5365 1548 5419 Valesii
1577 5374 1686 5420 not.
1715 5364 1752 5417 f.
1781 5365 1848 5418 ad
1885 5367 1977 5419 lib.

379 5452 461 5508 Iv,
490 5437 556 5493 11.
589 5438 686 5508 E.,
709 5453 810 5508 cap
837 5437 927 5492 28.
959 5438 1197 5493 Socratis
1228 5454 1279 5508 p.
1305 5437 1413 5491 212
1440 5435 1973 5508 ιιιΙὶιχΤίιιιιξὶιιθιιείε.

379 5507 426 5563 Ε
452 5518 636 5564 contra
663 5507 746 5564 Cl.
766 5506 1056 5578 Jacksonig
1079 5506 1284 5578 przefat.
1306 5508 1370 5563 ad
1399 5524 1523 5578 opp.
1556 5506 1831 5578 Novatiani
1859 5522 1977 5576 pag.

380 5581 415 5635 8
448 5589 503 5634 et
533 5580 839 5636 Lardnerus
876 5583 931 5635 in
976 5576 1206 5634 cr‘edibt'l.
1257 5584 1331 5648 of.
1361 5576 1487 5633 the.
1514 5578 1577 5632 (ἱ.
1632 5576 1704 5630 ΙΙ.
1755 5586 1892 5647 part.
1924 5593 1984 5646 ιι,

383 5650 492 5706 vol.
520 5667 595 5717 ix,
628 5667 749 5722 pag.
775 5654 863 5718 17,
895 5651 1039 5707 haud
1067 5651 1412 5706 verisimilem
1445 5657 1692 5706 censent.

465 5741 801 5814 (5)‘Pacian.
854 5743 1030 5807 Epist.
1063 5759 1100 5798 ιι
1135 5743 1204 5796 ad
1247 5741 1530 5814 Symprou.
1555 5783 1578 5814 ,ί
1618 5749 1753 5814 tom.
1786 5755 1824 5796 ιι
1843 5740 1982 5798 Bibl.

387 5811 495 5876 PP.
545 5812 714 5871 Paris.
747 5830 867 5889 pag.
904 5815 995 5884 56,
1027 5810 1336 5887 Hieronytn.
1370 5813 1474 5885 Ep.
1510 5813 1578 5869 ad
1605 5810 1912 5868 Damasum.

2127 1925 2192 1979 ν.
2215 1926 2645 1984 Existimaverim
2665 1930 2879 2001 quidem
2899 1947 3018 1987 cum
3037 1933 3163 1987 viris
3178 1933 3400 1990 eruditis
3414 1933 3490 2006 (9)
3515 1934 3656 1992 haud

2053 2019 2316 2076 mediocri
2365 2037 2641 2078 sacrarum
2686 2024 2988 2080 litterarum
3044 2027 3271 2083 scientia
3327 2039 3490 2100 atque
3542 2029 3659 2086 elo-

2056 2113 2298 2181 quentia,
2343 2114 2536 2184 quibus
2567 2115 2802 2171 imbutus
2830 2129 2945 2173 erat
2968 2117 3316 2186 Novatianus,
3353 2131 3657 2190 permotum

2057 2206 2222 2262 fuisse
2256 2208 2586 2277 pontificem,
2620 2211 2736 2266 sive
2767 2211 2810 2266 is
2839 2211 3054 2266 demum
3087 2213 3246 2268 fuerit
3273 2214 3331 2269 S.
3360 2213 3656 2284 Fabianus,

2056 2299 2168 2353 sive
2214 2299 2389 2369 potius
2434 2301 2630 2371 aliquis
2669 2319 2732 2356 ex
2778 2304 2898 2373 ejus
2928 2303 3327 2374 decessoribus,
3384 2315 3441 2362 ut
3483 2307 3658 2379 ipsum

2057 2391 2122 2446 ad
2159 2393 2476 2463 presbyterii
2502 2394 2726 2465 gradum
2753 2396 3051 2453 eveheret:
3086 2409 3234 2453 ratus
3256 2400 3508 2456 nimirum
3535 2401 3660 2458 hac-

2060 2494 2218 2540 tenus
2267 2486 2545 2542 dumtaxat
2598 2503 2628 2543 a
2671 2499 2926 2546 consueta
2973 2491 3335 2549 ecclesiastica
3377 2494 3658 2566 disciplina

2057 2578 2163 2632 sibi
2218 2577 2298 2632 fas
2351 2594 2472 2635 esse
2525 2581 2812 2649 recedere,
2868 2583 2939 2637 ob
2983 2598 3237 2653 cperam,
3295 2601 3456 2657 quam
3510 2589 3659 2644 illum

2058 2670 2317 2726 Ecclesia:
2347 2673 2668 2727 collaturum
2689 2674 2942 2744 sperabat
2970 2672 3087 2748 (lO)
3113 2693 3126 2734 :
3162 2685 3217 2731 et
3245 2679 3420 2747 primo
3441 2682 3659 2751 quidem

2057 2776 2334 2834 conceptae
2371 2763 2753 2821 existimationi
2794 2782 2917 2820 eum
2963 2768 3096 2823 satis
3133 2771 3480 2841 respondisse
3505 2815 3518 2839 ,
3558 2785 3665 2829 tes-

2060 2862 2127 2916 tis
2155 2871 2236 2917 est
2268 2862 2509 2933 locuples
2547 2875 2736 2920 auctor
2776 2867 3095 2940 Auonymus
3123 2868 3225 2939 ipsi
3261 2885 3501 2938 comvus,
3535 2871 3661 2926 dum

2059 2957 2132 3010 ait
2160 2955 2275 3029 (ll)
2317 2975 2329 3010 :
2365 2977 2382 3009 ι
2422 2957 2772 3015 Novatianum
2804 2977 3019 3032 semper
3053 2963 3106 3018 in
3133 2965 3296 3020 domo
3325 2981 3454 3034 una,
3478 2966 3530 3022 id
3558 2978 3661 3036 est,

2057 3044 2258 3101 Christi
2303 3048 2566 3116 Ecclesia,
2611 3053 2977 3121 proximorum
3009 3055 3198 3111 delicta
3233 3067 3288 3112 ut
3317 3060 3530 3130 propria
3560 3060 3664 3116 fle-

2058 3140 2233 3207 visse;
2277 3158 2439 3197 onera
2487 3143 2734 3212 fratrum,
2765 3147 2901 3202 sicut
2923 3148 3214 3217 Apostolus
3242 3148 3506 3220 hortatur,
3537 3169 3666 3210 sus-

1983 3236 2027 3298 C
2065 3232 2286 3290 tinuisse
2316 3251 2330 3290 :
2380 3235 2616 3292 lubricos
2659 3239 2712 3293 in
2749 3237 2850 3294 fide
2876 3240 3086 3297 caelesti
3115 3240 3442 3299 allocutione
3480 3260 3668 3300 corro-

2064 3325 2308 3382 borasse.
2343 3347 2362 3380 ι
2395 3328 2588 3383 Verum
2621 3330 2815 3387 deinde
2844 3334 3020 3402 palam
3049 3332 3196 3400 fecit,
3227 3351 3387 3402 quam
3412 3335 3666 3410 indignus

2063 3419 2365 3474 sacerdmio
2393 3431 2558 3489 esset,
2591 3422 2659 3478 ad
2689 3425 2831 3494 quod
2860 3436 3044 3480 contra
3075 3438 3388 3484 consuetam
3413 3429 3668 3488 Ecclesiae

2065 3512 2405 3584 Disciplinam
2437 3515 2612 3572 fuerat
2638 3529 2878 3576 evectus.
2904 3512 3100 3578 Exorta
3119 3526 3263 3581 enim
3293 3533 3669 3598 persecutione

2065 3607 2298 3664 Deciana
2321 3624 2441 3664 cum
2469 3626 2498 3664 a
2530 3612 2777 3667 Diaconis
2809 3626 3139 3684 moneretur,
3173 3629 3227 3675 ut
3259 3621 3527 3692 cubiculo,
3559 3642 3669 3697 quo

2065 3715 2125 3756 se
2164 3705 2524 3772 coneluserat,
2555 3707 2922 3776 egrederetur,
2956 3720 3116 3782 atque
3144 3713 3457 3788 Presbyteri
3487 3717 3666 3776 officio

2067 3799 2208 3851 inter
2251 3797 2444 3854 fratres
2473 3799 2781 3856 laborantes
2803 3813 2855 3857 et
2882 3819 3171 3874 Oppressos
3201 3807 3535 3882 fungeretur,
3569 3832 3664 3871 ne-

2067 3890 2242 3960 gabat,
2268 3908 2325 3946 se
2357 3891 2406 3945 id
2440 3890 2725 3960 facturum,
2749 3899 2910 3948 immo
2936 3909 3122 3976 aperte
3144 3900 3503 3973 significabat,
3547 3923 3666 3962 mo-

2071 3983 2263 4036 lestum
2288 3983 2388 4036 sibi
2419 3984 2726 4056 Presbyteri
2756 4003 2952 4044 munus
2974 4005 3116 4057 esse,
3142 4007 3307 4064 seque
3335 3995 3398 4049 ad
3424 3996 3673 4057 Philoso-

2071 4075 2250 4146 phiam
2280 4089 2431 4130 suam
2476 4078 2672 4133 reverti
2718 4079 2853 4136 velle
2891 4084 3347 4152 quemadmodum
3387 4087 3672 4148 Cornelius

2343 4345 2724 4433 CyprianLEp.
2753 4365 2804 4433 ι.Ζ
2837 4365 2873 4405 ιι
2894 4353 3174 4433 οιξΑιιιοη.
3199 4353 3352 4413 Conl‘.
3387 4360 3672 4433 Suyskenii

2087 4415 2203 4470 Vita
2230 4415 2452 4508 Cornelii
2496 4435 2548 4489 p.
2581 4420 2650 4477 84
2674 4415 2730 4476 in
2777 4422 2899 4479 Act.
2943 4424 3194 4483 Sanctor.
3240 4440 3370 4488 tom.
3401 4415 3483 4500 iv:
3507 4415 3671 4508 CSep't.

2077 4506 2484 4654 pa%5)iggrnel.
2512 4583 2682 4655 Epist.
2713 4585 2782 4640 ad
2808 4584 3028 4644 Fabium
3055 4591 3290 4649 Antioch.
3323 4597 3376 4668 §.
3403 4597 3456 4654 4.

2151 4673 2232 4744 (8)
2264 4673 2343 4731 Id.
2376 4677 2504 4732 ibid.
2541 4676 2590 4749 §.
2616 4679 2671 4734 6.

2156 4767 2232 4838 (9)
2272 4769 2515 4826 Bolland.
2549 4771 2664 4826 Act.
2706 4773 2813 4829 SS.
2847 4776 2994 4848 Sept.
3031 4787 3162 4834 tom.
3195 4797 3265 4849 tv,
3307 4799 3426 4856 pag.
3459 4786 3584 4843 156.

2158 4860 2272 4934 (l0)
2312 4861 2447 4944 Num
2477 4863 2737 4947 praeclara
2761 4864 3039 4947 Novaliani
3061 4872 3270 4947 merita,
3301 4879 3382 4932 vel
3414 4895 3536 4947 spes
3566 4897 3678 4936 mc-

2088 4936 2617 5020 tusque‘episcopum
2649 4936 2974 5020 iuduxeriut,
3009 4950 3066 4996 ut
3095 4936 3274 4998 statim
3309 4959 3426 5020 post
3447 4936 3677 5020 'suseep-

2090 5012 2203 5082 tum_
2261 5004 2590 5072 Baptismum
2627 5007 3198 5082 _ad__pr_esbyterorum
3261 5004 3503 5075 ordinem
3554 5004 3676 5078 enin

2089 5076 2366 5157 evelleret,
2411 5093 2475 5157 ne
2501 5077 2668 5132 sacris
2705 5076 3020 5157 Christianis
3052 5085 3212 5141 homo
3252 5090 3504 5157 resiliret,
3534 5076 3680 5149 etiad

2089 5154 2294 5224 veteres
2328 5147 2524 5224 sordes
2551 5156 2944 5224 reverteretur:
2976 5171 3134 5224 quam
3166 5159 3300 5213 forte
3344 5147 3676 5221 voluntatem

2089 5232 2193 5301 non
2213 5216 2601 5301 dissimulabat,
2629 5219 2701 5301 uti
2722 5217 2803 5275 Cl.
2819 5216 3162 5301 Mpshemius,
3188 5247 3241 5301 p.
3261 5232 3368 5288 516
3384 5216 3678 5290 comment.

2087 5289 2150 5372 de
2178 5289 2322 5342 rebus
2367 5298 2484 5372 aute
2529 5287 2792 5372 Constant.
2837 5294 2903 5347 Μ.
2933 5287 3204 5372 loquitur:
3231 5287 3404 5372 quare
3428 5287 3678 5362 hocetnn

2088 5359 2292 5444 honore
2331 5360 2548 5428 alligare
2592 5359 3294 5444 quodammodo:Ecclesitia,
3333 5359 3492 5444 atque
3511 5359 3684 5434 'a'dél

2086 5432 2314 5511 fectiope
2355 5447 2611 5488 revocare
2643 5435 2872 5511 volebat,
2900 5439 3078 5504 judice
3109 5442 3191 5496 Cl.
3216 5432 3460 5503 Walchio
3499 5432 3683 5505 Histo-

2086 5502 2163 5554 ria
2212 5500 2479 5578 [laureatum
2523 5519 2641 5578 pag.
2684 5506 2806 5578 197,
2842 5500 2988 5578 parte
3025 5527 3082 5577 ιι,
3124 5500 3685 5577 definirihaud—facile

2092 5583 2287 5648 potest:
2333 5573 2518 5648 Falsas
2548 5573 2755 5648 Eulogii
2791 5573 3123 5639 narrationes
3155 5585 3224 5642 de
3249 5573 3684 5648 Novatianiisrr—e:

2091 5643 2226 5701 f‘utat
2256 5644 2589 5718 Suyskenius
2624 5643 2732 5704 loc.
2761 5650 2851 5706 cit.

2095 5741 2277 5888 pl_i(
2313 5743 2628 5818 Anonymus
2656 5745 2724 5801 ad
2749 5745 3030 5806 Novatum.
3061 5749 3088 5824 §
3119 5751 3203 5810 15.
3230 5753 3370 5813 inter
3408 5757 3547 5831 Opp.
3587 5755 3691 5838 Cy.
