4252 6258
556 257 667 348 867

1828 253 1919 313 DE
1958 256 2122 331 vn‘A
2147 254 2237 321 ET
2268 253 2574 319 SCRIPTIS

3762 246 3872 305 868

556 387 787 438 testatur
818 376 924 454 (l).
958 376 1041 434 Ad
1081 380 1387 451 extremum
1435 380 1542 429 tam
1584 373 1808 445 perdita)
1849 373 2160 429 ambitionis
2188 375 2236 435 Λ
2266 373 2515 428 vatianus
2535 370 2837 445 Episcopus
2858 369 3139 426 ordinatus
3166 376 3269 435 est.
3313 369 3428 441 Qua
3456 378 3633 435 autem
3657 370 3873 439 ratione

556 485 692 530 aestu
716 474 973 544 abreptus
995 471 1114 538 fuit,
1147 479 1363 541 tamque
1390 468 1507 525 dira
1535 466 1763 541 ﬂagrare
1785 471 1949 537 εωρίι
1972 485 2159 543 amen:

557 568 650 636 tia,
685 576 741 634 ut
772 582 893 623 eum
927 579 1034 619 non
1072 562 1325 635 pnduerit
1371 582 1389 614 ι
1437 561 1697 617 adversus
1727 558 2032 616 Cornelium
2064 560 2165 615 Ca-

560 662 807 731 thedram
840 658 1234 714 sacerdotalem
1282 655 1535 711 invadere
1567 673 1580 709 :
1626 674 1642 707 ι
1677 653 1857 711 verbis
1883 664 2006 709 utor
2034 653 2162 727 Hie-

559 744 770 827 ronymi
793 750 891 826 (2).
920 752 1127 833 Quibus
1149 762 1327 833 autem
1359 751 1565 805 artibus
1588 748 1884 803 Romanam
1908 748 2167 803 invaserit

558 826 766 914 sellam,
814 830 1078 919 quibusve
1122 826 1406 923 calumniis
1437 841 1744 898 Cornelium
1773 858 1844 897 ex
1890 857 1952 907 ea
1981 842 2167 897 detur-

557 939 690 995 bare
720 946 949 994 conatus
976 920 1159 1001 fuerit,
1196 920 1498 1008 Cyprianus
1524 935 1589 989 ad
1621 934 1984 1007 Antonianum
2016 934 2165 989 hisce

560 1034 726 1088 refert
751 1031 931 1100 verbis
956 1031 1035 1101 (5)
1066 1047 1079 1084 :
1120 1016 1316 1098 (Quod
1333 1037 1513 1083 autem
1536 1027 1780 1107 quaedam
1812 1026 1880 1107 de
1910 1025 2024 1094 illo,
2059 1046 2078 1080 ι
2112 1024 2163 1083 id

559 1120 1104 1194 cstCornelioPapa,
1142 1141 1159 1172 ι
1199 1121 1505 1195 inhonesta,
1534 1130 1587 1175 et
1614 1102 1854 1190 maligna
1868 1118 2160 1189 jactantur,

560 1219 688 1274 nolo
715 1217 957 1282 mireris;
1004 1230 1126 1274 cum
1154 1215 1317 1281 scias,
1361 1213 1465 1267 hoc
1489 1227 1611 1268 esse
1641 1227 1776 1283 opus
1796 1226 2013 1281 semper
2044 1212 2168 1265 Dia-

562 1315 691 1376 lioli,
728 1324 783 1369 ut
809 1326 998 1368 servos
1025 1310 1121 1377 Dei
1154 1307 1435 1364 mendacio
1466 1308 1687 1375 laceret,
1730 1317 1784 1363 et
1821 1306 2167 1379 opinionibus

563 1399 714 1455 falsis
739 1399 1033 1471 gloriosum
1076 1398 1272 1453 nomen
1321 1395 1579 1471 infamet;
1612 1404 1669 1449 ut
1704 1394 1794 1465 qui
1821 1393 2168 1461 conscientiae

565 1511 676 1551 sua:
722 1494 843 1549 luce
883 1492 1208 1557 clarescunt,
1240 1490 1432 1546 alienis
1459 1488 1764 1544 rumoribus
1795 1486 2161 1543 sordidentur.

566 1587 889 1658 Explorasse
916 1594 1094 1641 autem
1114 1583 1347 1654 collegas
1375 1590 1592 1637 nostros
1614 1583 1773 1644 scias.
1803 1590 1857 1635 et
1888 1580 2169 1634 verissime

565 1679 917 1750 comperisse,
962 1677 1107 1731 nulla
1146 1675 1295 1731 illum
1343 1674 1533 1741 libelli,
1578 1684 1639 1728 ut
1677 1672 1892 1744 quidam
1934 1671 2163 1742 jactant,

2265 465 2596 521 Novatianus
2626 464 2924 539 Romanam
2955 465 3137 521 sedem
3172 464 3450 531 invaserit,
3478 480 3541 521 ac
3566 465 3875 538 Episcopus

2267 558 2429 614 fuerit
2470 558 2748 613 ordinatus
2767 599 2782 623 ,
2826 556 3108 614 Cornelius
3134 557 3201 613 ad
3224 558 3446 613 Fabium
3472 558 3874 635 Antiochenum

2268 654 2577 727 episcopum
2626 650 2868 721 pluribus
2915 652 3281 723 persequitur,
3331 667 3455 721 cum
3501 651 3710 708 scilicet
3760 653 3877 724 epi-

2269 742 2501 814 seopalis
2549 741 2826 814 dignitatis
2884 734 3179 811 cupiditate
3233 744 3513 801 incensum
3565 759 3717 809 suam
3777 745 3878 799 ali-

2268 836 2522 908 quamdiu
2552 835 2899 889 ambitionem
2942 834 3186 903 all'cctata
3217 835 3521 892 humilitate
3558 835 3780 904 texisse,
3816 846 3880 894 ut

2272 929 2393 995 ﬁdei
2425 928 2764 984 COHfCSSOI'CS
2788 926 2888 984 sibi
2903 928 3170 996 sociaret;
3199 928 3347 1003 brevi
3377 939 3579 999 tamen,
3606 930 3727 1001 quis
3758 929 3880 1003 fue-

2270 1022 2360 1083 rit.
2383 1034 2690 1095 quantoque
2706 1024 2974 1113 superbim
2996 1024 3182 1094 spiritu
3197 1023 3507 1095 duceretur,
3530 1025 3874 1101 apparuisse.

2281 1135 2301 1168 ι
2346 1116 2480 1172 Nam
2504 1117 2755 1189 egregius
2795 1117 2885 1185 ille
2930 1118 3033 1186 vir,
3076 1118 3168 1190 qui
3214 1116 3510 1175 tremendis
3550 1119 3877 1197 quibusdam

2276 1211 2635 1283 sacramentis
2680 1209 3064 1278 affirmaverat,
3098 1224 3158 1266 se
3182 1209 3548 1299 episcopatum
3578 1224 3685 1266 non
3731 1226 3873 1271 con-

2275 1306 2576 1377 cupiscere,
2618 1316 2842 1381 repente
2864 1312 3137 1375 tamquam
3166 1320 3232 1363 ex
3261 1304 3512 1381 machina
3555 1304 3790 1383 quadam
3820 1306 3879 1363 in

2276 1399 2515 1454 medium
2546 1398 2824 1470 proiectus
2865 1399 3157 1483 episcopus
3180 1399 3451 1473 apparuit.
3482 1397 3551 1453 Et
3576 1399 3647 1460 is.
3691 1399 3783 1471 qui
3810 1416 3875 1456 se

2274 1491 2578 1559 doctorem,
2605 1500 2660 1546 et
2694 1489 3075 1565 ecclesiastica:
3093 1490 3388 1562 disciplima
3417 1501 3882 1571 propugnatorem

2230 1634 2245 1644 .
2273 1584 2501 1651 ferebat,
2536 1599 2656 1638 cum
2685 1582 3054 1669 episcopatum
3081 1585 3182 1655 sibi
3210 1600 3240 1639 a
3271 1585 3383 1642 Deo
3410 1587 3635 1661 minime
3656 1603 3884 1657 conces-

2277 1693 2395 1733 sum
2424 1692 2636 1759 rapere,
2670 1692 2733 1749 ac
2765 1677 3039 1749 vindicare
3069 1686 3381 1751 conaretur,
3412 1679 3551 1753 dups
3581 1679 3881 1759 deploratis

567 1774 689 1830 labe
712 1772 1036 1828 maculatum
1068 1784 1225 1835 esse;
1256 1767 1352 1823 sed
1385 1783 1559 1838 neque
1586 1781 1706 1821 cum
1749 1765 2038 1836 episcopis,
2080 1763 2169 1835 qui
2202 1774 2249 1835 Β
2278 1770 2466 1845 salutis
2491 1754 2756 1837 homines
2787 1769 2890 1841 sibi
2920 1769 3099 1837 socios
3128 1770 3392 1841 adjungtit,
3446 1781 3506 1827 ut
3545 1754 3723 1841 ensi"
3756 1775 3875 1831 ειί-

568 1868 1042 1931 sacrificaverunt,
1101 1861 1647 1918 communicationem
1695 1858 2011 1928 sacrilegam
2042 1855 2173 1927 mis-

571 1964 782 2028 cuisse;
814 1961 910 2017 sed
950 1977 1016 2016 eo
1049 1959 1290 2038 demum,
1320 1971 1548 2028 quorum
1580 1970 1739 2011 causa
1766 1954 1965 2023 audita,
1999 1960 2053 2007 et
2090 1951 2175 2005 in-

571 2055 819 2112 nocentia
869 2052 1218 2123 comprobata
1267 2051 1354 2117 sit,
1400 2048 1748 2120 coniunxisse
1804 2046 2106 2101 nobiscum.
2146 2061 2165 2094 ›

570 2151 923 2229 Tropliimum
953 2144 1129 2202 autem
1155 2142 1440 2216 quemdam
1465 2142 1531 2196 ab
1553 2141 1743 2197 eodem
1775 2155 1896 2221 cum
1932 2136 2172 2206 Ecclesia

567 2247 689 2318 jure
747 2243 1150 2301 reconciliatum
1216 2239 1403 2305 fuisse,
1468 2237 1711 2308 pluribus
1764 2232 2107 2309 persequitur
2158 2249 2170 2284 :

571 2316 788 2407 deinde,
825 2358 844 2391 ι
882 2338 1025 2409 quod
1058 2335 1255 2407 passim
1281 2316 1678 2403 communicare
1707 2345 1830 2397 cum
1858 2325 2174 2383 sacrilicatis

571 2437 879 2494 Cornelium
902 2425 999 2489 tibi
1033 2412 1344 2487 nunciatum
1382 2437 1484 2495 est,
1522 2427 1623 2481 hoc
1652 2426 1812 2481 etiam
1846 2423 1914 2478 de
1946 2423 2177 2493 Aposta-

573 2539 745 2585 tarum
777 2527 913 2583 lictis
939 2524 1247 2581 rumoribus
1269 2523 1526 2577 nascitur.
1566 2514 1755 2589 Neque
1780 2514 1922 2572 enini
1950 2522 2175 2587 possunt

574 2623 793 2679 laudare
823 2635 944 2689 nos,
978 2623 1068 2690 qui
1099 2616 1380 2680 recedunt,
1420 2621 1511 2669 aut
1540 2598 1865 2683 exspectare
1890 2606 2172 2681 debemus,

574 2728 635 2774 ut
664 2719 968 2789 placeamus
994 2704 1140 2779 'illis,
1180 2712 1271 2782 qui
1305 2690 1463 2763 nubis
1492 2704 1862 2777 displicentes,
1907 2710 1960 2757 et
1986 2709 2173 2781 contra

574 2811 870 2869 Ecclesiam
895 2807 1147 2882 rebelles,
1167 2800 1522 2860 sollicitandis
1549 2799 1616 2853 de
1649 2795 1888 2852 Ecclesia
1922 2790 2177 2849 fratribus

574 2906 839 2961 violenter
870 2902 1143 2958 insistunt.
1184 2897 1365 2975 Quare
1391 2904 1447 2952 et
1490 2893 1556 2948 de
1583 2889 1862 2961 cornelio,
1896 2896 1950 2941 et
1976 2885 2045 2942 de
2078 2899 2177 2953 no-

574 3001 656 3056 bis
716 3009 1068 3070 qurecnmque
1107 2994 1411 3065 iactantur,
1460 3002 1558 3061 nec
1586 2985 1772 3053 audias
1826 2983 2022 3050 facile,
2076 2996 2177 3049 nec

576 3094 789 3155 credas,
844 3089 1035 3167 Frater
1060 3086 1398 3142 cliarissime.
1432 3102 1452 3135 ι
1487 3081 1598 3136 Hoc
1637 3079 1938 3150 Cyprianus
1978 3073 2045 3129 de
2088 3087 2177 3128 ca-

2276 1882 2457 1935 guam,
2500 1878 2564 1920 ac
2604 1864 2920 1926 vilissimam
2962 1863 3128 1920 Italiae
3174 1876 3383 1936 partem
3425 1865 3688 1943 mitteret,
3718 1878 3880 1943 atque

2277 1952 2426 2012 illinc
2452 1957 2653 2013 accitos
2679 1967 2787 2012 tres
2810 1958 3116 2029 episcopos,
3145 1957 3394 2016 homines
3421 1960 3581 2032 plane
3606 1944 3791 2041 rudes,
3813 1978 3881 2020 ac

2278 2050 2575 2119 simplices,
2610 2050 2949 2107 fraudulenta
2989 2052 3219 2122 quadam
3246 2054 3526 2110 molitione
3553 2054 3834 2126 deciperet
3862 2076 3877 2114 :

2278 2144 2728 2200 Constantissime
2769 2144 3068 2212 afﬁrmans,
3126 2147 3273 2216 ipsos
3317 2150 3709 2219 quamprimum
3763 2152 3883 2208 Ro-

2279 2255 2422 2297 mam
2462 2239 2728 2310 proficisci
2755 2248 3031 2311 oportere,
3066 2250 3124 2295 ut
3152 2243 3330 2298 omnis
3357 2243 3723 2316 undecumque
3750 2256 3880 2303 orta

2280 2332 2546 2390 discordia
2568 2335 2807 2405 ipsorum
2830 2350 2934 2389 una
2962 2350 3084 2391 cum
3104 2336 3226 2391 aliis
3252 2339 3521 2409 episcopis
3546 2340 3881 2409 interventu,

2279 2435 2441 2498 atque
2469 2428 2694 2493 arbitrio
2721 2428 3025 2484 sedaretur.
3057 2429 3157 2497 Qui
3182 2444 3303 2484 cum
3327 2432 3882 2491 advenissent‘homi-

2279 2539 2400 2587 nes,
2429 2532 2489 2578 ut
2503 2524 2614 2593 jam
2645 2523 2899 2588 diximus,
2944 2525 3295 2595 simplicioris
3324 2526 3547 2598 ingenii,
3579 2542 3679 2583 nec
3707 2530 3760 2583 in
3793 2528 3882 2586 his

2280 2616 2613 2687 perditorum
2648 2616 2928 2672 hominum
2954 2608 3183 2685 artibus,
3212 2633 3277 2673 ac
3310 2618 3538 2674 fallaciis
3567 2619 3700 2676 satis
3743 2621 3879 2690 triti,

2280 2723 2375 2765 eos
2401 2709 2514 2774 ille,
2539 2726 2566 2764 a
2592 2709 2912 2780 quibusdam
2936 2711 3016 2765 sui
3045 2710 3354 2779 simillimis,
3388 2728 3526 2783 quos
3552 2712 3619 2768 ad
3649 2712 3701 2768 id
3731 2728 3875 2769 com-

2281 2814 2590 2874 paraverat,
2624 2805 2861 2861 inclusos
2893 2805 3026 2860 hora
3048 2804 3276 2872 decima,
3309 2805 3659 2871 temulentos,
3688 2817 3882 2863 ctera-

2279 2900 2404 2972 pula
2453 2914 2766 2971 oppressos,
2823 2900 3138 2956 adumbrata
3185 2899 3436 2970 quadam,
3490 2910 3546 2956 et
3576 2900 3719 2956 inani
3761 2917 3880 2956 ma-

2282 3012 2447 3051 nuum
2480 2997 2827 3065 impositione
2864 2996 3235 3068 episcopatum
3260 2995 3365 3052 sibi
3395 2995 3611 3052 tradere
3640 3012 3734 3067 per
3771 2997 3883 3053 vim

2282 3092 2459 3163 cogit;
2487 3107 2719 3162 eumque
2741 3090 2891 3146 nullo
2918 3091 3017 3147 sibi
3042 3090 3163 3162 jure
3190 3080 3590 3167 competentem
3616 3106 3711 3162 per
3736 3089 3884 3146 frau-

576 3186 793 3243 lumniis
843 3184 899 3240 in
951 3181 1257 3237 Cornelium
1305 3192 1497 3248 papam
1544 3172 1792 3244 vulgatis,
1844 3183 2071 3243 quarum
2112 3181 2174 3221 ea

2282 3187 2426 3254 dem,
2450 3196 2616 3257 atque
2644 3184 2867 3240 insidias
2892 3184 3149 3240 vindicat.
3178 3184 3286 3239 Nec
3311 3185 3484 3240 multo
3513 3194 3632 3255 post
3654 3200 3788 3251 unus
3810 3200 3885 3241 ex

577 3283 846 3354 pravcipua
890 3286 1028 3342 erat,
1058 3276 1201 3349 quod
1229 3260 1407 3345 lapsos
1436 3271 1503 3339 ad
1534 3256 1965 3351 communionem
2008 3262 2176 3343 indis-

577 3371 900 3451 criminatim
925 3371 1232 3427 admitteret
1257 3356 1628 3437 z'Novatianus
1656 3378 1685 3417 e
1716 3371 1926 3421 contra,
1955 3357 2180 3435 ejusque

577 3466 790 3524 scctarii
823 3465 888 3520 ad
925 3478 1145 3539 pacem;
1199 3467 1253 3516 et
1280 3457 1536 3514 Ecclesia:
1564 3453 2002 3522 communionem
2052 3463 2180 3511 nus—

578 3542 721 3632 piam
771 3554 1131 3614 admittendos
1173 3567 1294 3610 esse
1338 3550 1651 3606 censebant.
1699 3544 1805 3617 Sed
1853 3555 1906 3600 et
1944 3542 2180 3607 Novatus

579 3653 902 3723 Carthagine
928 3648 1145 3725 quidem
1192 3647 1257 3703 ad
1305 3643 1626 3717 captandam
1668 3642 1839 3713 plebis
1864 3654 2050 3693 auram
2097 3637 2180 3690 la-

580 3734 707 3820 psos
750 3746 867 3802 sine
917 3740 1227 3800 discrimine
1270 3740 1336 3797 ad
1370 3726 1818 3809 ~communionem
1851 3735 2178 3813 admiserat;

582 3850 641 3897 ut
667 3851 847 3896 narrat
876 3839 1210 3921 Cyprianus;
1248 3844 1301 3891 at
1329 3843 1537 3891 mutato
1578 3832 1767 3889 Romae
1796 3828 2043 3906 consilio,
2074 3840 2180 3880 una

581 3951 701 3991 cum
733 3934 1049 4001 Novatiano,
1081 3932 1280 3987 nullam
1308 3926 1785 3991 reconciliationis,
1817 3933 1911 3995 aut
1939 3935 2180 3976 commu-

581 4029 759 4083 nionis
787 4042 935 4098 spem
964 4025 1129 4105 lapsis
1156 4024 1492 4096 relinquebat
1517 4039 1529 4075 :
1556 4016 1795 4087 Ecclesia
1827 4030 1956 4072 vero
1982 4013 2183 4070 Catho-

583 4121 684 4177 lica
731 4119 961 4175 inediam
990 4118 1166 4173 iniens
1196 4116 1334 4172 viam
1386 4116 1541 4188 (qua:
1564 4111 1828 4167 tutissima
1858 4106 1972 4180 cst)
2002 4107 2183 4177 singu-

584 4216 756 4270 lorum
783 4213 1089 4270 examinata
1111 4225 1292 4273 causa,
1325 4218 1446 4280 post
1475 4213 1743 4277 peractam
1774 4217 1872 4274 pro
1892 4200 2180 4257 criminum

582 4310 840 4383 varietate
866 4305 1259 4379 paenitentiam,
1292 4302 1456 4376 lapsis
1498 4314 1708 4375 pacem,
1756 4306 1810 4371 et
1854 4293 2185 4377 communio-

584 4419 709 4459 nem
739 4392 921 4475 dabat.

654 4497 860 4552 Interea
900 4508 1025 4549 cum
1063 4490 1133 4547 de
1176 4487 1437 4553 Cornelii,
1483 4494 1537 4542 et
1580 4483 1862 4540 Novatiani
1908 4480 2182 4555 electione

2284 3281 2390 3336 illis
2435 3281 2705 3351 episcopis
2750 3279 2817 3333 ad
2847 3278 3146 3335 Ecclesiam
3192 3279 3373 3343 rediit,
3421 3278 3677 3336 delictum
3720 3296 3885 3336 suum

2282 3388 2404 3428 cum
2432 3371 2706 3436 lamentis,
2745 3385 2808 3427 ac
2844 3370 3060 3426 ﬂetibus
3089 3370 3377 3427 confitens.
3410 3371 3581 3441 Quem
3608 3388 3727 3440 nos,
3756 3387 3884 3428 cum

2282 3467 2569 3521 universus
2599 3464 2830 3543 populus
2851 3480 2951 3555 pro
2983 3464 3072 3521 illo
3100 3466 3513 3537 intercessisset,
3542 3465 3608 3521 ad
3633 3481 3889 3521 commu-

2284 3561 2502 3615 nionem
2525 3558 2715 3614 laicam
2748 3557 3106 3628 suscepimus.
3143 3577 3163 3612 ι

2358 3651 2446 3708 Ἦ.
2475 3650 2622 3718 Quos
2659 3666 2787 3707 vero
2833 3649 3141 3717 seduxerat,
3194 3662 3252 3706 ut
3302 3653 3354 3707 in
3402 3648 3692 3708 schismate
3738 3666 3882 3707 con-

2284 3746 2550 3812 ﬁrmaret,
2582 3745 2870 3816 sacrilegio
2915 3745 3243 3801 Novatianus
3285 3746 3725 3818 constringebat;
3754 3762 3885 3802 nam

2285 3840 2682 3907 Eucharistiam
2730 3840 3037 3911 porrigens,
3086 3855 3153 3905 as
3198 3854 3391 3901 manus
3428 3840 3568 3908 ejus,
3599 3842 3691 3911 qui
3733 3857 3884 3912 eam,

2285 3937 2606 4008 accipiebat,
2636 3936 2897 4003 ambabus
2926 3936 3038 3993 suis
3064 3933 3316 4001 manibus
3343 3934 3765 4009 comprehensas
3791 3951 3886 3992 re-

2288 4032 2487 4098 tinens,
2516 4049 2535 4083 ι
2560 4030 2680 4102 jura
2700 4030 2854 4099 mihi,
2881 4029 3114 4099 dicebat,
3136 4045 3234 4100 per
3253 4044 3453 4100 corpus
3475 4039 3532 4086 et
3556 4031 3882 4101 sanguinem

2284 4125 2498 4183 Domini
2521 4124 2691 4191 nostri
2718 4122 2847 4189 Jesu
2868 4124 3093 4193 Christi,
3126 4133 3179 4187 te
3208 4140 3500 4196 numquam
3523 4140 3674 4191 meas
3696 4133 3885 4195 partes

2285 4220 2645 4284 deserturum,
2676 4234 2780 4275 nec
2806 4218 2875 4274 ad
2899 4217 3209 4291 Cornelium
3238 4234 3363 4279 esse
3390 4218 3714 4274 rediturum.
3754 4237 3775 4271 ι
3818 4216 3892 4272 Et

2285 4329 2406 4368 cum
2422 4328 2617 4384 panem
2642 4312 2791 4371 illum
2805 4312 3078 4407 accipiens
3105 4312 3288 4371 dicere
3302 4310 3581 4369 debuisset
3600 4329 3619 4365 ι
3641 4314 3837 4376 Amen,
3862 4329 3885 4364 ι

2285 4408 2405 4478 ejus
2450 4408 2574 4462 loco
2619 4405 2951 4478 respondere
2994 4405 3287 4476 cogebatur
3334 4422 3346 4457 :
3409 4421 3431 4457 ι
3484 4420 3593 4459 non
3642 4412 3892 4460 revertar

2286 4501 2541 4570 deinceps
2567 4500 2636 4557 ad
2674 4500 3007 4557 Cornelium.
3041 4518 3060 4551 ι
3087 4499 3361 4569 Occupato
3389 4496 3443 4552 in
3473 4496 3619 4552 hunc
3664 4495 3890 4552 modum

583 4590 717 4646 varii
758 4588 996 4659 undique
1033 4592 1416 4655 spargerentur
1460 4594 1732 4645 rumores,
1779 4591 1843 4632 ac
1888 4573 2031 4629 fama
2069 4572 2174 4635 veri

2287 4596 2854 4668 pseudo-episcOpatu,
2878 4595 3084 4667 legatos
3111 4606 3238 4649 suos
3263 4599 3888 4677 quaquas'erstinitrans-

583 4683 809 4753 falsique
850 4679 1033 4736 nuntia
1066 4679 1206 4733 inter
1232 4690 1292 4732 se
1316 4673 1589 4730 contraria
1616 4672 1900 4744 vulgarat;
1944 4665 2083 4721 utin
2124 4681 2185 4721 re

582 4773 895 4846 gravissima
934 4779 1093 4839 caute
1143 4777 1366 4842 agerent
1395 4765 1634 4827 Africani
1685 4760 1946 4835 episcopi,
1976 4759 2187 4829 legatos

585 4868 837 4937 Romam,
878 4876 938 4922 ut
974 4881 1090 4935 rem
1123 4862 1345 4936 propius
1375 4860 1736 4930 inspicerent,
1762 4856 2049 4912 miserunt.
2083 4851 2187 4908 Vix

582 4973 764 5020 autem
806 4959 970 5032 legati
1010 4958 1239 5015 Romam
1270 4940 1625 5031 advenerant,
1656 4965 1778 5007 cum
1806 4954 2031 5027 repente
2073 4942 2184 5000 No-

653 5213 731 5286 _(l)
768 5208 989 5285 Cornel.
1033 5198 1208 5279 Epist.
1249 5204 1319 5260 ad
1354 5200 1581 5273 Fabium
1623 5198 1860 5271 ᾼιιιὶρείι.
1893 5192 2034 5267 apud
2066 5193 2176 5259 Eu-

582 5282 761 5437 seiéi.
792 5353 1105 5437 Hieronym:
1150 5350 1214 5437 «ιε
1267 5347 1376 5437 νέν·
1401 5336 2173 5437 lieutr.-,Eav;z~9-,.t£9e1v

581 5409 732 5514 {aliis
748 5409 805 5493 in
817 5409 1115 5514 'coiim'en‘t.
1127 5423 1217 5514 ἐκ
1235 5422 1402 5514 ἠιξριιε
1429 5409 1877 5514 Christianis-lyre
1900 5409 2168 5514 Egnsta'nt.

579 5480 1099 5624 et
1127 5482 1406 5578 Walchius
1449 5480 1686 5575 parca
1734 5485 1876 5568 Ιζίξι.
1926 5480 2171 5543 Ila’retic.

582 5586 702 5641 pag.
742 5564 833 5639 2o,
856 5610 870 5632 .
916 5570 1225 5641 ambitionis
1263 5560 1676 5641 atqueinyidise
1703 5572 1906 5640 crimen
1940 5569 1972 5620 a
2001 5553 2179 5641 Nova-

582 5586 702 5644 [ιιιε.
742 5586 870 5639 ἍΟᾌ.
916 5586 1225 5641 ιιιιιριιιοῐιιδ
1263 5586 1426 5633 Ἇιιμιβ
1460 5586 1676 5627 "Nupta:
1703 5586 1906 5625 υμμμςμ
1940 5586 1972 5620 φ
2001 5586 2179 5636 ιξυνμιι·

582 5644 730 5697 tiano
771 5655 1054 5696 removere
1092 5646 1378 5704 conantur,
1430 5633 1525 5705 sed
1565 5645 1688 5702 mea
1724 5629 1985 5702 opinione
2024 5632 2182 5697 irrito

581 5722 1022 5854 cogiuéyprian.
1049 5778 1153 5849 Ep.
1184 5794 1236 5833 ι..
1270 5790 1329 5830 ιι.

2285 4691 2464 4757 misit,
2494 4690 2583 4761 qui
2612 4689 2665 4745 id
2694 4689 3036 4756 nuntiarent;
3087 4694 3143 4759 et
3179 4687 3225 4742 si
3251 4684 3457 4748 Socrati
3487 4682 3565 4757 (α)
3591 4682 3887 4757 credimus,

2285 4784 2445 4840 simul
2472 4784 2774 4852 edicerent,
2819 4802 2838 4835 ι
2884 4784 2962 4849 ιιιί
3002 4797 3119 4849 eos,
3164 4781 3255 4853 qui
3285 4780 3588 4841 simulacris
3614 4778 3894 4837 immolas-

2286 4887 2428 4945 sent,
2458 4879 2682 4934 minime
2708 4877 2779 4933 ad
2806 4877 3061 4950 mysteria
3081 4875 3453 4943 admitterent,
3480 4871 3578 4929 sed
3601 4871 3894 4927 hortaren-

2289 4985 2374 5029 tur
2402 4971 2470 5030 ad
2501 4972 2892 5043 pmaitentiam,
2940 4971 3428 5041 remissioncmque
3459 4969 3569 5025 Deo
3602 4968 3894 5040 permitte-

2286 5078 2428 5126 rent.
2478 5088 2498 5121 ι
2532 5066 2611 5124 Ne
2656 5076 2834 5124 tamen
2881 5067 3233 5139 apostolicam
3284 5064 3611 5121 Cathedram
3659 5061 3895 5149 turpiter

2284 5162 2555 5219 invasisse
2585 5161 2878 5230 videretur,
2909 5159 3185 5218 simulavit
3211 5167 3485 5215 veterator
3507 5171 3630 5229 sese
3658 5155 3892 5211 invitum

2282 5257 2350 5313 ad
2381 5273 2499 5313 eam
2527 5266 2774 5312 evectum
2807 5254 2994 5323 fuisse,
3044 5264 3105 5311 ut
3141 5270 3208 5311 ex
3242 5252 3488 5326 Dionysii
3531 5250 3894 5312 Alexandrini

2281 5351 2524 5422 Epistola
2553 5352 2622 5407 ab
2652 5350 2890 5407 Eusebio
2922 5349 3002 5424 (5)
3034 5349 3247 5405 laudata
3273 5355 3511 5426 constat,
3538 5347 3596 5401 in
3623 5360 3727 5416 qua
3759 5359 3890 5417 eum

2275 5444 2415 5501 inter
2439 5452 2637 5500 caetera
2663 5442 2940 5510 admonet,
2968 5439 3344 5513 hortaturque,
3376 5449 3437 5519 ut
3456 5454 3620 5527 quam
3647 5436 3891 5511 invitum

2365 5697 2445 5847 iii
2465 5695 2678 5849 ἷῗιῗὲἒιῗὶ
2706 5692 2779 5841 ii:
2807 5692 2877 5824 ἓξ
2900 5692 3028 5843 ﬁt;
3054 5706 3137 5839 ,2;
3158 5706 3283 5842 ξεί
3311 5691 3408 5837 gg;
3428 5691 3504 5763 ριο
3537 5691 3626 5763 23.
