4250 6224
628 279 735 339 871

1945 283 2033 340 DE
2073 280 2237 340 VITA
2278 281 2368 340 ET
2408 279 2719 341 SCRIPTIS

3839 278 3951 336 872

630 400 809 454 minus
836 405 983 454 recte
1010 397 1350 467 pronuntiata
1394 396 1782 469 reprehendit,
1834 405 1890 453 et
1930 399 2127 454 Rulino
2157 399 2229 454 si-
2258 409 2310 470 Α
2340 399 2427 453 ille
2474 397 2812 453 Samosateni
2860 396 3129 463 haeresim,
3178 396 3304 452 licet
3346 407 3640 468 suppresso
3670 389 3943 462 'nomine,

630 493 832 547 aniliter
878 491 1221 562 displicuisse
1300 500 1491 561 putat,
1554 492 1713 563 paulo
1759 490 1896 546 infra
1962 493 2235 564 expende-

631 600 775 643 111118.

706 682 793 737 IV.
838 680 1014 737 Unum
1046 680 1225 736 adhuc
1264 680 1347 735 his
1393 679 1591 736 addere
1628 681 1818 745 liceat,
1850 679 1917 734 ad
1948 677 2125 734 locum
2172 679 2236 733 il-

630 774 739 829 lmn
775 773 1073 843 pertinens,
1108 773 1199 844 qui
1247 773 1464 828 laudato
1505 773 1745 827 Pamelio
1787 772 2003 828 errandi
2047 787 2234 826 ansam

630 866 872 937 praebere
898 866 1044 921 visus
1065 876 1171 926 est.
1203 865 1316 921 Sub
1342 866 1522 936 operis
1559 867 1721 921 linem
1752 865 2024 936 egregiam
2056 865 2237 919 unita-

630 960 698 1014 tis
738 958 1057 1013 substantiae
1091 958 1143 1012 in
1175 958 1336 1013 Patre
1361 968 1416 1013 et
1447 956 1584 1013 Filio
1612 959 2070 1013 asseverationem
2102 966 2237 1011 alte-

633 1068 766 1109 xens
788 1051 1136 1118 Novatianus,
1169 1051 1285 1106 hanc
1312 1050 1475 1107 habet
1500 1051 1568 1107 de
1592 1051 1771 1106 Verbo
1800 1051 1894 1106 Dei
1928 1048 2030 1123 (1).
2067 1068 2084 1101 ‹
2118 1050 2238 1104 0m-

631 1148 738 1213 niu,
768 1145 969 1216 inquit,
1004 1154 1125 1215 post
1154 1145 1329 1215 ipsum
1370 1154 1526 1213 sunt,
1571 1145 1693 1215 quia
1742 1159 1838 1214 per
1879 1144 2055 1213 ipsum
2089 1154 2233 1198 sunt.

632 1241 696 1296 Et
725 1240 920 1296 merito
950 1240 1063 1309 ipse
1089 1246 1349 1309 .est_anle
1395 1240 1575 1294 omnia
1600 1281 1615 1307 ,
1669 1239 1765 1295 sed
1815 1248 1938 1310 post
1983 1237 2236 1305 Patrem,

629 1336 844 1406 quando
872 1350 967 1405 per
994 1334 1146 1389 illum
1178 1333 1317 1389 facta
1347 1344 1476 1389 sunt
1497 1334 1698 1389 omnia.
1732 1334 1878 1388 Deus
1905 1333 2087 1402 utique
2114 1347 2239 1403 pro-

629 1428 829 1483 cedens
859 1442 923 1483 ex
956 1426 1103 1493 Deo,
1150 1427 1448 1482 secundam
1480 1436 1786 1497 personam
1830 1424 2073 1480 efliciens
2120 1432 2244 1493 post

628 1521 841 1577 Patrem
884 1535 989 1591 qua
1034 1518 1237 1587 Filius,
1288 1520 1383 1575 sed
1429 1535 1537 1574 non
1587 1518 1821 1589 eripiens
1872 1516 2005 1572 illud
2052 1517 2239 1582 Patri,

629 1615 772 1685 quod
803 1630 941 1670 unus
977 1622 1062 1668 est
1100 1612 1265 1667 Deus.
1308 1632 1327 1664 ›
1360 1610 1459 1667 Cui
1487 1612 1700 1684 quidem
1745 1612 2029 1666 sententiae
2070 1609 2241 1665 simil-

627 1709 753 1763 lima
772 1718 827 1764 et
851 1707 1085 1762 maxime
1109 1706 1341 1777 genuina
1369 1717 1524 1773 sunt,
1549 1722 1669 1777 quae
1696 1704 2241 1770 sanetusMethodius

2337 488 2551 545 fortiter
2594 480 2965 560 impugnasse.
3011 489 3212 545 Verum
3243 489 3376 544 nihil
3406 489 3607 556 obstat,
3659 488 3949 559 quominus

2339 583 2669 639 Novatiauus
2714 583 3000 639 dimicasse
3039 585 3215 655 potius
3272 584 3482 640 dicatur
3537 585 3801 640 adversus
3845 585 3949 639 Ar-

2338 687 2558 744 temam,
2598 679 2752 749 cujus
2798 681 3069 736 haereseos
3095 680 3351 751 deinceps
3386 688 3709 735 sectatorem
3756 694 3947 751 propa-

2339 783 2688 842 gatoremqne
2727 773 3139 829 Samosatennm
3192 772 3358 829 fuisse
3398 781 3629 828 constat.
3665 771 3757 827 Sic
3802 773 3945 829 enim

2340 865 2692 921 Antiochena:
2720 866 2922 937 Synodi
2970 866 3160 922 Patres
3189 865 3269 938 (6)
3294 877 3359 934 τῷ
3389 870 3435 919 δὲ
3464 860 3661 936 Ᾱρτεμᾶ
3683 862 3820 926 οὗτος
3842 872 3951 920 ἐπι-

2339 963 2545 1012 τέλλετω
2569 964 2649 1013 καὶ
2701 967 2743 1011 οἱ
2772 966 2833 1013 τὰ
2858 953 3057 1028 Ᾰρτέμα
3083 970 3354 1030 φρονοῦντες
3383 961 3534 1028 τοῦτῳ
3565 977 3952 1015 κοινωνειτῶσαν.

2345 1069 2363 1101 ι
2399 1050 2498 1106 Hic
2526 1066 2652 1107 vero
2698 1052 2921 1122 (Paulus
2947 1049 3354 1123 Samosatenus)
3386 1050 3455 1106 ad
3506 1053 3780 1107 Artemam
3810 1052 3949 1107 scri-

2340 1141 2449 1208 bat,
2485 1145 2527 1199 si
2579 1144 2768 1210 luhet;
2823 1153 2878 1199 et
2912 1144 3002 1215 qui
3049 1143 3324 1200 Artemam
3370 1152 3664 1209 sectantur,
3701 1158 3820 1199 cum
3869 1159 3946 1199 eo

2340 1236 2821 1290 communicent.»
2874 1236 3213 1302 Aliiautem,
3279 1251 3415 1307 quos
3473 1235 3613 1292 inter
3652 1235 3952 1292 Tillemon-

2343 1327 2447 1382 tius
2476 1327 2580 1399 (7),
2614 1337 2671 1383 et
2708 1328 2921 1384 Caveus
2970 1329 3051 1401 (8)
3096 1329 3245 1385 ocius
3274 1328 3515 1400 quidem,
3551 1341 3671 1401 post
3712 1331 3950 1386 schisma

2340 1429 2544 1488 tamen,
2577 1438 2714 1493 opus
2742 1438 2899 1478 suum
2929 1423 3320 1493 conscripsisse
3363 1422 3719 1479 Novatianum
3772 1425 3947 1495 conji-

2341 1518 2489 1573 ciunt
2534 1537 2546 1572 ε
2608 1533 2731 1572 nam
2782 1518 3050 1588 inquiunt,
3099 1517 3301 1573 Sabelii
3349 1519 3597 1574 meminit
3625 1528 3814 1574 auctor
3844 1519 3947 1591 (9),

2343 1612 2570 1682 ejusque
2618 1613 2951 1683 impietatem
2979 1613 3270 1679 convellit;
3303 1615 3390 1684 qui
3416 1614 3626 1669 scilicet
3653 1630 3718 1669 ex
3751 1616 3951 1687 Diony-

2342 1708 2405 1760 sii
2452 1708 2800 1762 Alexandrini
2856 1708 3050 1763 litteris
3080 1708 3233 1764 Sixto
3272 1708 3319 1765 Il
3348 1710 3621 1781 inscriptis
3649 1710 3795 1783 (10),
3832 1723 3954 1782 post

629 1801 682 1855 in
720 1801 880 1856 Libro
910 1800 977 1855 de
1014 1798 1267 1865 Creatis;
1309 1800 1401 1853 ubi
1447 1799 1515 1854 de
1550 1798 1712 1852 Verbi
1746 1797 2048 1868 principatu
2089 1796 2232 1867 apud
2264 1811 2311 1871 Β
2346 1800 2580 1856 medium
2612 1801 2829 1857 demum
2859 1802 3043 1857 saeculi
3090 1818 3171 1870 in,
3199 1802 3451 1859 haeresim
3482 1817 3635 1858 suam
3681 1806 3951 1875 Sparsisse

630 1898 842 1951 Patrem
886 1911 1050 1966 agens
1092 1894 1169 1949 sic
1207 1894 1381 1965 inquit
1412 1893 1517 1964 (2).
1546 1896 1744 1948 Οὐκοῦν
1777 1896 1922 1970 ἀρχὴ
1944 1933 1957 1956 ,
1988 1894 2121 1963 μετὰ
2146 1895 2236 1949 τήν

628 1988 758 2046 ἵδιαν
790 1987 1022 2062 ἄναρχον
1051 1991 1244 2067 ἀρχὴν,
1275 1990 1360 2043 τὸν
1409 1989 1628 2064 Πάτερα,
1658 1988 1812 2047 αὐτὸς
1842 1994 1942 2041 τῶν
2155 1988 2235 2057 γί-

628 2107 787 2149 νεται,
820 2082 884 2139 δι’
910 2092 970 2145 ἧς
1002 2082 1207 2138 ἅπαντα
1234 2080 1639 2159 δημιουργεῖται.
1673 2100 1691 2131 ‹
1739 2080 1864 2134 Post
1894 2096 2021 2150 ergo
2049 2080 2233 2148 singu-

629 2176 743 2231 lare
770 2173 901 2229 illud
930 2173 1253 2244 Principium
1277 2175 1479 2245 absque
1509 2173 1797 2243 Principio,
1823 2175 1913 2243 qui
1939 2184 2019 2228 est
2049 2173 2231 2237 Pater,

628 2278 713 2322 est
753 2267 926 2337 ipsum
968 2288 985 2318 ι
1023 2266 1331 2339 (Verbum)
1382 2268 1609 2322 aliorum
1659 2267 2023 2337 principium,
2063 2286 2081 2317 ί
2141 2282 2236 2336 per

628 2359 773 2431 quod
810 2360 989 2414 omnia
1031 2372 1304 2415 creantur.
1347 2379 1365 2411 ι
1415 2358 1516 2415 Ubi
1564 2359 1736 2415 sancti
1782 2358 2031 2429 Martyris
2073 2358 2233 2412 verba

628 2456 937 2511 cdisserens
985 2455 1389 2519 Combelisius;
1423 2454 1630 2521 Patris,
1675 2454 1777 2520 ait,
1825 2454 1967 2507 illam
2014 2452 2234 2524 ingeniti

628 2552 905 2606 notionem
933 2565 997 2605 ac
1041 2549 1416 2605 auctoritatem
1456 2549 1692 2604 insinuat
1740 2548 2081 2613 Methodius,
2131 2564 2233 2617 qua

628 2646 790 2701 etiam
850 2646 1246 2701 emanationem
1297 2644 1364 2700 ad
1411 2644 1585 2711 intra,
1639 2644 1911 2713 totiusque
1958 2644 2235 2698 Trinitatis

627 2738 752 2795 fons
795 2739 1019 2805 dicitur,
1064 2748 1120 2794 et
1145 2749 1227 2793 est
1275 2754 1412 2793 unus
1450 2738 1586 2809 ipse,
1619 2741 1765 2816 ἀρχὴ
1814 2735 2049 2816 ἄναρχος
2084 2754 2096 2791 a
2128 2751 2232 2791 non

627 2833 809 2902 utialue
846 2832 913 2887 ad
941 2833 1240 2888 existentiae
1280 2832 1474 2902 prioris
1518 2832 1929 2897 exclusionem;
1970 2833 2049 2887 sic
2091 2830 2234 2885 enim

627 2936 681 2982 et
710 2926 876 2981 Filius
918 2936 1000 2981 est
1030 2922 1303 2999 ἄναρχος,
1353 2934 1409 2978 ιιι
1440 2924 1578 2979 bene
1627 2923 1921 2995 Gregorius
1974 2922 2124 2977 Orat.
2169 2922 2235 2977 de

627 3018 891 3089 Theolog.
912 3018 1108 3087 aliique
1139 3016 1340 3087 passim
1371 3016 1582 3083 Graeci;
1616 3017 1709 3073 sed
1751 3033 1846 3086 per
1877 3017 2235 3072 remotionem

628 3109 831 3178 αἵτιας,
875 3125 937 3164 ac
967 3111 1111 3165 velut
1141 3125 1350 3177 causae,
1385 3109 1743 3180 principiique
1788 3109 2004 3165 essendi
2046 3125 2057 3161 :
2110 3124 2232 3163 nam

2339 1896 2690 1965 comperitur.
2737 1899 2803 1951 At
2832 1910 2961 1951 vero
2986 1897 3253 1951 sententia
3276 1895 3545 1967 ejusmodi
3572 1895 3716 1952 haud
3745 1897 3951 1954 levibus

2342 1986 2753 2044 difficultatibus
2800 1988 3071 2043 invenitur
3122 1988 3404 2059 implicita.
3459 1989 3729 2045 Sabellius
3780 1991 3948 2059 enim,

2342 2090 2398 2135 ut
2441 2081 2606 2150 liquet
2632 2097 2697 2136 ex
2730 2081 3023 2136 Philastrio
3060 2080 3200 2153 (11),
3234 2092 3289 2137 et
3316 2082 3620 2154 Augustino
3647 2081 3765 2158 (12)
3794 2083 3953 2139 Nocti

2340 2174 2634 2245 discipulus
2658 2174 2777 2242 fuit,
2806 2177 2960 2245 cujus
2990 2174 3215 2244 proinde
3244 2174 3695 2244 blasphemiarum
3730 2175 3943 2231 exstitit

2339 2283 2680 2341 proliagator.
2739 2272 2877 2338 Quid
2919 2286 3048 2326 vero
3099 2271 3167 2326 de
3217 2270 3391 2327 Noeto
3438 2270 3716 2326 memoriae
3758 2271 3957 2340 prodi-

2341 2364 2498 2419 tum?
2557 2363 2841 2432 Nimirum,
2885 2364 2943 2419 S.
2998 2363 3340 2436 Hippolytus,
3388 2365 3477 2435 qui
3529 2364 3672 2420 circa
3727 2363 3957 2420 Domini

2339 2473 2540 2513 annum
2579 2473 2715 2512 ccxx
2756 2457 2965 2524 floruit,
3003 2466 3060 2511 ut
3100 2460 3342 2528 agnoscit
3387 2458 3614 2529 ipsemet
3654 2457 3957 2514 Tillemon-

2342 2555 2445 2606 tius
2468 2551 2604 2623 (15),
2629 2552 2889 2607 adversus
2908 2550 3135 2607 Noetum
3157 2551 3400 2607 scribens
3422 2560 3648 2607 testatur
3665 2549 3780 2623 (1-1)
3808 2570 3824 2602 ι
3842 2567 3954 2607 non

2339 2647 2509 2701 multo
2567 2657 2712 2709 ante,
2746 2652 2796 2702 οὗ
2828 2657 2919 2718 πρὸ
2952 2654 3133 2702 πολλοῦ
3171 2657 3356 2717 χρονοῦ,
3394 2645 3570 2717 ipsum
3617 2648 3953 2717 impietatem

2338 2756 2490 2796 suam
2543 2741 2714 2809 palam
2765 2741 3100 2811 prodidisse;
3131 2742 3254 2811 quia
3294 2742 3361 2795 ab
3405 2740 3663 2796 Ecclesia:
3708 2756 3960 2796 comnm-

2338 2835 2500 2890 nione
2523 2843 2810 2904 propterea
2838 2835 3064 2904 ejectus,
3100 2853 3119 2887 ‹
3178 2835 3335 2904 paulo
3367 2844 3487 2907 post
3516 2837 3772 2901 moritur,
3809 2856 3827 2887 ι
3866 2838 3957 2891 ἰη-

2339 2929 2451 2998 quit
2480 2926 2814 2997 Epiphanius
2837 2925 3240 3001 (15),τιλευτᾷόὲ
3256 2930 3403 2990 αὐτὸς
3433 2936 3645 3000 ἔναρχος.
3667 2928 3785 2984 Jam
3818 2946 3951 2985 vero

2338 3020 2382 3074 si
2408 3020 2527 3090 quis
2558 3019 2903 3091 Hippolytum
2930 3035 3050 3075 cum
3087 3021 3383 3092 Epiphanio
3415 3020 3677 3087 conferat,
3726 3022 3954 3092 colligat

2342 3126 2565 3167 necesse
2591 3122 2695 3179 est,
2725 3112 2976 3178 Noetum,
3018 3133 3035 3165 ι
3072 3113 3161 3182 qui
3194 3128 3297 3168 non
3331 3113 3498 3169 multo
3528 3122 3656 3169 ante
3695 3134 3713 3166 ι
3746 3130 3957 3171 annum

626 3204 917 3260 causamin
952 3204 1149 3260 Divinis
1180 3221 1284 3260 non
1314 3207 1387 3259 ita
1417 3205 1600 3260 ferunt
1620 3204 1816 3271 Latini,
1858 3211 2035 3260 utnec
2060 3203 2235 3260 Graeci
2262 3214 2307 3277 (ζ
2340 3220 2475 3260 ccxx
2521 3206 2974 3261 contmneliosum
3018 3206 3072 3260 in
3105 3207 3269 3262 Deum
3303 3207 3518 3262 Patrem
3569 3208 3767 3277 Dogma
3821 3224 3957 3263 evo-

627 3302 831 3377 a‘oxav;
862 3299 1001 3355 bono
1040 3299 1252 3371 utrique
1281 3314 1444 3355 sensu
1466 3341 1483 3365 ,
1516 3299 1742 3370 aliisque
1772 3307 1827 3354 et
1865 3300 1984 3353 aliis
2014 3298 2225 3365 verbis,

626 3391 769 3465 quod
792 3407 979 3448 sanum
1012 3400 1125 3456 est,
1154 3393 1511 3463 explicantes.

698 3486 902 3543 Eodem
950 3486 1106 3555 plane
1154 3500 1318 3541 sensu
1358 3494 1414 3541 et
1458 3485 1737 3541 Novatiani
1761 3484 1926 3540 verba
1952 3484 2233 3554 accipien-

626 3580 691 3637 da
720 3623 733 3647 ,
764 3580 856 3652 qui
896 3579 1016 3650 jure
1054 3579 1430 3645 concludebat,
1474 3580 1612 3634 duos
1655 3577 1772 3635 fore
1801 3579 1939 3634 Deos
1977 3578 2020 3633 si
2064 3578 2231 3633 Filius

626 3684 771 3733 esset
818 3673 1128 3746 ingenitus:
1175 3690 1297 3728 nam
1344 3675 1465 3729 duae
1509 3674 1686 3731 forent
1729 3675 2065 3740 substantiae,
2106 3690 2230 3729 cum

627 3780 820 3826 neuter
844 3769 912 3825 ab
957 3769 1130 3824 altero
1172 3768 1512 3825 Divinitatem
1553 3768 1872 3840 accepisset.
1901 3767 2035 3824 Cum
2065 3768 2229 3839 igitur

626 3861 927 3918 Novatiano
972 3861 1102 3917 nihil
1148 3861 1288 3918 aliud
1324 3862 1657 3933 propositum
1685 3864 1774 3928 sit,
1800 3879 1959 3933 quam
1995 3873 2051 3917 ut
2098 3861 2229 3917 illud

630 3954 1032 4011 incommodum
1053 3969 1118 4010 ex
1142 3952 1352 4010 duobus
1381 3954 1633 4025 ingenitis
1660 3970 1999 4026 consequens
2028 3954 2188 4025 fugiat
2214 3972 2228 4009 a

625 4049 737 4121 jam
758 4064 865 4105 non
905 4048 1051 4105 laedit
1078 4049 1400 4105 catholicam
1431 4050 1755 4118 doctrinam,
1800 4050 1897 4106 sed
1922 4050 2229 4119 confirmat,

538 4194 545 4201 .
629 4145 742 4201 sive
778 4144 909 4200 dum
949 4144 1162 4200 Patrem
1205 4161 1369 4200 unum
1397 4159 1518 4200 esse
1551 4144 1719 4200 Deum
1745 4145 1958 4210 asserit,
1990 4144 2110 4214 quia
2138 4142 2230 4197 Fi-

627 4238 732 4295 lius
760 4238 829 4295 ab
856 4253 923 4294 eo
975 4237 1317 4293 Divinitatem
1342 4239 1582 4309 accepit;
1613 4239 1727 4293 sive
1753 4237 1882 4293 dum
1922 4236 2118 4292 Filium
2147 4237 2229 4292 id-

628 4331 774 4387 circo
809 4330 972 4386 Patre
1016 4330 1303 4398 minorem,
1327 4329 1531 4386 idcirco
1560 4329 1706 4385 Patri
1732 4328 2117 4399 obsequentem
2148 4327 2229 4384 fa-

628 4425 719 4492 cit,
754 4424 877 4496 quia
903 4424 1064 4480 Pater
1091 4423 1211 4480 fons
1238 4434 1291 4480 et
1312 4423 1464 4495 origo
1488 4422 1808 4478 Divinitalis.
1830 4422 1912 4478 Ad
1942 4439 2229 4489 summam,

630 4527 690 4573 ut
741 4518 958 4574 demum
1002 4515 1407 4583 concludamus,
1462 4517 1791 4573 Novatianus
1832 4532 1894 4572 ea
1935 4517 2073 4573 Filio
2122 4533 2229 4573 non

2336 3299 2488 3363 muit,
2519 3298 2720 3369 quippe
2752 3300 2910 3370 paulo
2982 3309 3102 3370 post
3153 3310 3379 3355 mortem
3422 3301 3673 3372 cppetiit,
3728 3301 3953 3359 ineunte

2334 3391 2534 3447 saeculo
2584 3408 2661 3458 ιιι,
2712 3401 2768 3447 ut
2794 3394 3062 3455 maxime,
3111 3392 3405 3448 satanicam
3459 3393 3603 3448 illam
3641 3392 3952 3450 doctrinam

2333 3484 2609 3555 discipulis
2648 3486 2761 3541 suis
2808 3486 3265 3541 disseminandam
3298 3486 3601 3557 reliquisse.
3634 3486 3728 3539 His
3755 3496 3946 3542 autem

2336 3581 2542 3651 positis,
2572 3582 2694 3651 quis
2736 3596 2896 3651 porro
2946 3581 3049 3636 sibi
3075 3582 3417 3652 persuadeat,
3448 3580 3730 3637 Sabellium
3778 3581 3948 3641 Nocti

2334 3673 2655 3744 discipulum
2687 3684 2809 3744 post
2836 3674 3191 3746 quadraginta
3237 3678 3455 3732 circiter
3501 3691 3665 3730 annos
3693 3676 3760 3731 ab
3791 3677 3947 3734 obitu

2335 3769 2684 3837 praeceptoris
2709 3767 2813 3832 sui,
2850 3767 3082 3823 haeresiu
3128 3768 3345 3824 demum
3378 3767 3692 3824 Noetianam
3733 3770 3947 3826 instau-

2337 3876 2458 3915 rare
2485 3875 2549 3916 ac
2573 3859 2919 3931 promulgare
2945 3859 3220 3930 coepisse?

2406 3954 2577 4010 Nolim
2605 3954 2855 4025 equidem
2908 3954 3159 4021 inficiari,
3214 3953 3531 4026 Dionysium
3560 3969 3705 4010 anno
3733 3954 3942 4011 Christi

2334 4063 2507 4104 ccevn
2549 4046 2617 4102 ad
2664 4047 2825 4102 istum
2855 4047 3137 4119 scripsisse
3164 4052 3272 4120 περὶ
3300 4055 3385 4104 τοῦ
3410 4055 3487 4103 νῦν
3511 4057 3769 4111 navigem“
3801 4054 3847 4103 ἐν
3886 4062 3956 4121 τῇ

2336 4145 2634 4211 Πτολεμᾶιδι
2677 4145 2907 4211 δόγματος
2928 4184 2944 4210 ,
2972 4142 3076 4198 hoc
3104 4151 3218 4210 est,
3247 4141 3462 4199 Valesio
3490 4143 3801 4213 interprete,
3833 4162 3853 4195 ι
3878 4143 3955 4200 de

2337 4237 2597 4306 Dogmate
2624 4235 2735 4300 illo,
2756 4234 2898 4306 quod
2928 4250 3132 4305 nuper,
3156 4236 3346 4307 inquit,
3377 4235 3518 4307 apud
3558 4235 3952 4293 Ptolemaidem

2336 4336 2665 4384 commotum
2688 4337 2791 4383 est.
2816 4347 2835 4381 ι
2863 4327 3063 4383 Verum
3097 4343 3204 4383 non
3225 4328 3299 4383 ait
3320 4328 3627 4401 Dionysius,
3660 4344 3781 4384 eam
3810 4330 3956 4386 Doc-

2337 4423 2532 4477 trinam
2573 4438 2601 4476 a
2626 4421 2858 4479 Sabellio
2881 4422 3044 4478 fuisse
3090 4441 3108 4473 ‹
3137 4438 3307 4493 nuper
3336 4441 3354 4474 ι
3400 4422 3539 4494 apud
3571 4422 3954 4480 Ptolemenses

2338 4514 2604 4570 invectam
2633 4530 2647 4567 :
2680 4514 2806 4585 quin
2832 4514 2996 4570 immo
3023 4514 3309 4582 Eusebius,
3339 4515 3430 4586 qui
3457 4515 3698 4586 Dionysii
3724 4516 3952 4586 Episto-

633 4611 814 4666 tribuit
841 4608 944 4684 (ὃ),
998 4628 1019 4662 ι
1051 4625 1404 4681 quaecumque
1453 4619 1578 4666 sunt
1625 4610 1827 4679 Patris,
1866 4628 1885 4662 ι
1940 4626 2046 4665 non
2103 4626 2232 4667 vero
2255 4614 2310 4675 1)
2336 4606 2439 4662 lam
2472 4608 2731 4679 integram
2761 4624 2872 4679 pra:
2902 4609 3073 4664 oculis
3114 4608 3383 4676 habebat,
3416 4609 3775 4681 fragmentum
3807 4610 3944 4665 illud

630 4714 813 4775 negat,
844 4718 1198 4776 quaecumque
1224 4713 1353 4759 sunt
1382 4704 1476 4759 Dei
1504 4702 1608 4776 (4).

704 4798 769 4852 V.
818 4795 972 4853 Nunc
999 4813 1128 4853 vero
1166 4795 1543 4868 inquirendum
1582 4806 1830 4867 superest
1857 4813 1961 4867 quo
1986 4807 2235 4870 tempore

631 4889 778 4946 hunc
846 4890 1299 4946 commentarium
1362 4887 1642 4958 scripserit
1691 4887 2043 4944 Novatianus.
2103 4890 2232 4945 Exi-

628 4986 869 5043 stimavit
913 4984 1132 5058 quidem
1178 4981 1443 5039 Baronius
1493 4981 1600 5054 (ὅ),
1652 4984 2101 5038 commentarium
2163 4983 2231 5038 de

630 5081 893 5137 Triuitate
920 5080 1080 5136 fuisse
1109 5080 1178 5135 ab
1202 5089 1422 5135 auctore
1450 5078 1639 5133 litteris
1669 5077 2038 5149 consignatum
2088 5077 2229 5133 circa

629 5172 829 5229 Christi
875 5187 1075 5228 annum
1126 5186 1317 5227 cccxx.
1342 5187 1448 5241 quo
1483 5186 1514 5224 a
1547 5170 1794 5226 Patribus
1845 5170 2069 5226 Concilii
2120 5170 2233 5225 An-

630 5268 872 5323 tiocheni
918 5266 1207 5322 damnatus
1251 5275 1336 5321 est
1366 5265 1568 5321 Paulus
1620 5265 2006 5321 Samosatenus
2035 5284 2047 5319 :
2075 5280 2236 5335 prop-

632 5368 777 5418 terea
806 5359 1033 5425 scilicet,
1063 5358 1206 5431 quod
1237 5357 1353 5414 viro
1380 5372 1576 5430 magno
1624 5359 1770 5415 visus
1806 5357 1969 5413 fuerit
2001 5357 2234 5429 scriptor

702 5518 782 5582 (l)
813 5517 1006 5573 Novat.
1039 5517 1102 5572 de
1129 5517 1316 5572 Trinit.
1346 5532 1465 5585 cap.
1491 5518 1582 5573 51.

701 5590 783 5661 (2)
822 5588 1059 5661 Method.
1093 5589 1157 5661 de
1184 5586 1356 5644 Creat.
1386 5587 1413 5659 §

729 5663 788 5730 '5)
820 5660 1102 5730 Novatiﬁan.
1126 5660 1189 5715 L.
1213 5674 1263 5714 c.
1294 5674 1412 5729 cap.
1439 5660 1530 5715 3i.

729 5667 788 5730 ὖ)
820 5667 1102 5714 Novatian.
1126 5667 1189 5715 L.
1213 5674 1263 5714 c.
1294 5674 1412 5729 cap.
1439 5667 1530 5715 51.

701 5667 783 5801 id)
811 5730 946 5783 Vide
974 5729 1175 5801 Maran.
1207 5730 1269 5785 L.
1292 5745 1342 5784 c.
1372 5746 1494 5801 pag.
1518 5732 1646 5787 518.

704 5799 783 5878 (5)
813 5800 1007 5855 Baron.
1057 5800 1125 5855 ad
1154 5816 1281 5856 ann.
1313 5799 1495 5874 272Ῐῇ
1527 5802 1616 5857 15.

2334 4700 2570 4757 recitans
2610 4702 2809 4758 diserte
2846 4711 3094 4770 testatur,
3128 4702 3453 4774 Episcopum
3509 4704 3947 4761 Alexandrinum

2338 4793 2405 4848 de
2433 4792 2756 4849 Sabellianis
2808 4794 3081 4850 haereticis
3108 4808 3215 4868 περὶ
3253 4813 3342 4852 τῶν
3369 4804 3500 4853 κατὰ
3526 4805 3779 4852 sumam
3805 4806 3949 4867 uipe-

2333 4907 2495 4953 τικων,
2544 4901 2851 4943 sermonem
2895 4886 3149 4943 habuisse
3188 4904 3201 4941 :
3255 4896 3315 4943 ut
3355 4898 3637 4960 propterea
3695 4890 3946 4960 Dionysii

2414 5082 2492 5154 (6)
2523 5083 2677 5150 Apud
2710 5083 2905 5138 Euseb.
2934 5082 2998 5139 H.
3032 5082 3096 5138 E.
3120 5082 3213 5139 lib.
3254 5084 3346 5150 vri,
3379 5099 3500 5154 cap.
3522 5084 3612 5148 50,

2408 5153 2488 5229 (Ἰ)
2514 5153 2823 5229 ’[ὶιιθιιιρηι.
2856 5155 3013 5229 diem.
3046 5154 3200 5229 Tom.
3226 5172 3302 5221 ιιι,
3326 5165 3429 5210 art.
3446 5153 3510 5229 β,
3531 5174 3619 5210 sur
3648 5158 3721 5212 (es
3750 5158 3949 5213 Norat.

2410 5224 2490 5296 (8)
2513 5224 2670 5281 Cave.
2699 5226 2837 5280 Hist.
2867 5226 3102 5281 Lilterar.
3136 5227 3200 5280 ad
3220 5243 3415 5283 annum
3436 5228 3565 5294 251,
3592 5237 3720 5283 tom.
3762 5248 3797 5285 ι.

2434 5299 2489 5369 9)
2507 5297 2702 5369 Novat.
2736 5299 2798 5353 de
2822 5296 3007 5352 Trinit.
3043 5313 3161 5366 cap.
3198 5298 3286 5352 12.

2434 5300 2489 5369 9)
2512 5300 2702 5352 Novat.
2736 5300 2798 5353 de
2822 5300 3007 5352 Trinit.
3043 5313 3161 5366 cap.
3198 5300 3286 5352 12.

2411 5300 2523 5441 (10)
2558 5370 2779 5442 Dionys.
2812 5370 3257 5440 Alexandr.apud
3286 5369 3475 5427 Euseb.
3509 5370 3583 5425 Η.
3616 5371 3684 5427 E.
3717 5374 3812 5429 lib.
3846 5390 3948 5435 ut.

2339 5441 2809 5586 “inimum.
2831 5514 2905 5586 ge
2938 5511 3133 5568 eres.
3164 5529 3278 5584 cap.
3316 5514 3403 5568 δι.

2411 5583 2526 5654 (12)
2556 5586 2781 5654 August.
2821 5583 3021 5640 eres.
3055 5586 3147 5641 41.

2442 5652 2859 5727 l3)Ti|len10nt.
2895 5656 2956 5711 L.
2985 5673 3035 5713 c.

2437 5726 2523 5801 14)
2553 5726 2824 5801 Hippolyt.
2858 5726 3158 5801 q_dv.'Noet.
3186 5728 3213 5801 §
3244 5730 3297 5784 1.

2409 5798 2525 5873 (15)
2559 5798 2822 5871 Epiphan.
2855 5799 3057 5858 literas.
3088 5798 3235 5873 57,'§
3270 5802 3319 5857 1.
