4250 6224
328 262 435 316 8'75

1795 250 2190 313 NOVATIANI.

3533 258 3638 327 ἐτι

327 377 495 433 verba
523 374 589 430 de
612 372 830 429 Saliellii
853 373 1032 442 potius
1051 368 1539 440 sectatoribusfqui
1569 377 1697 424 tunc
1724 378 1929 439 tempo—
1953 372 2007 431 A
2034 372 2351 444 inscriptum
2379 375 2446 432 de
2466 376 2615 433 Cibis
2633 375 2891 435 Judaicis.
2927 376 3247 436 Guilielmus
3276 381 3485 440 Caveus
3516 385 3634 457 (10)

324 470 402 524 ris
468 465 978 531 increbrescebant,
1034 479 1193 534 quam
1244 464 1311 519 de
1367 463 1485 533 ipso
1535 463 1771 519 Sabellio
1824 465 1930 518 sint

324 559 659 631 accipienda.
704 558 855 613 I’Iunc
884 557 1148 628 siquidem
1168 557 1277 625 jam
1304 556 1505 611 dudum
1538 556 1718 626 pravis
1747 554 1925 623 Nocti,

326 653 568 725 magistri
616 653 719 714 sui,
751 652 1027 707 erroribus
1054 650 1335 715 imbutum,
1368 666 1462 706 eos
1492 650 1649 721 longe
1699 660 1823 705 ante
1874 652 1925 705 in

322 747 518 815 vulgus
561 744 825 815 sparsisse
874 744 1147 813 oportuit:
1181 743 1426 814 adeoque
1472 744 1640 813 ipsius
1673 743 1921 799 haeresim

323 848 449 896 ante
478 854 680 893 annum
709 852 808 892 CCL
843 835 1171 890 Novatianus
1214 836 1559 906 impugnasse
1607 836 1924 891 existiman-

322 935 423 991 dus
442 951 457 1001 ;
475 948 581 1004 quo
598 942 841 1003 tempore
853 931 1057 987 scilicet
1082 930 1335 987 Ecclesiae
1349 930 1604 986 Romana:
1618 931 1923 1003 presbyter,

325 1026 681 1086 Orthodoxam
695 1027 815 1094 ejus
833 1023 1132 1079 doctrinam
1159 1023 1510 1094 proﬁtebatur
1531 1024 1926 1094 propugnabat-

324 1137 445 1192 que.
464 1116 1182 1189 Atquehujusmodiquidem
1202 1115 1521 1171 sententiam
1548 1115 1784 1170 Pamelio
1815 1116 1927 1185 pri-

326 1230 471 1269 mum
529 1194 775 1266 arrisisse
822 1208 933 1282 (I),
963 1208 1159 1264 deinde
1202 1206 1524 1263 .Iacksouum
1559 1207 1796 1278 pluribus
1826 1206 1919 1261 ad—

323 1304 590 1361 struxisse
605 1302 989 1373 comperimus.

394 1400 483 1455 Vl.
536 1396 778 1468 Analysis
825 1396 981 1467 hujus
1032 1394 1194 1449 Libri.
1232 1424 1304 1435 -
1346 1394 1610 1450 Dividitur
1665 1403 1924 1450 tractatus

320 1490 605 1549 Novatiani
645 1492 706 1545 de
732 1488 1007 1554 Trinitale,
1056 1490 1110 1543 in
1169 1488 1381 1559 triginta
1433 1497 1487 1543 et
1541 1504 1702 1543 unum
1738 1498 1919 1558 caput.

318 1589 557 1643 Primum
581 1585 649 1641 de
676 1586 740 1640 iis
771 1584 944 1641 verbis
971 1603 989 1636 ‹
1026 1586 1223 1655 regulae
1248 1585 1486 1639 veritatis
1514 1604 1558 1647 ι,
1579 1600 1674 1640 seu
1705 1604 1723 1636 ‹
1751 1584 1871 1640 ﬁdei
1898 1604 1916 1637 ι

320 1681 504 1751 (quam
544 1678 866 1751 Symbolum
907 1676 1183 1747 vocamus)
1231 1686 1646 1743 commentatur,
1679 1694 1798 1747 quae
1824 1693 1921 1733 nos

2033 464 2312 535 ambiguus
2342 476 2446 534 est,
2480 482 2546 521 an
2576 479 2724 523 certo
2749 485 2885 540 opus
2905 471 2973 527 de
2994 470 3143 527 Cibis
3167 472 3404 530 Judaicis
3432 478 3503 532 sit
3525 478 3633 535 No-

2033 558 2227 612 valiani
2247 576 2259 612 ε
2277 560 2419 629 quod
2437 561 2565 616 mihi
2588 572 2795 618 eertum
2808 563 3038 630 videtur,
3056 566 3475 636 inquitOudinus
3489 570 3535 643 (I
3553 572 3630 644 1),

2033 668 2152 706 cum
2184 669 2496 723 expreSsam
2535 656 2677 713 illius
2723 659 3053 714 mentionem
3087 659 3245 715 faciat
3277 661 3633 736 Hieronymus

2033 745 2153 801 loco
2201 748 2398 816 citato,
2452 758 2612 820 atque
2654 750 2923 822 interpres
2963 752 3187 809 Graecus
3235 756 3348 809 sive
3392 757 3631 824 Sophro-

2033 839 2186 908 nius,
2234 842 2347 896 sive
2396 842 2533 897 alius
2576 844 2827 915 antiquus
2880 846 3140 913 omnino,
3188 853 3297 918 περὶ
3365 860 3634 921 βρωμάτωι

2032 923 2308 989 ἰουδαῑκῶν.
2340 933 2610 991 Praeterea
2654 948 2845 992 auctor
2873 937 3033 1007 hujus
3071 940 3250 1009 operis
3291 942 3391 996 sub
3421 943 3630 1000 initium

2031 1025 2236 1097 inquit,
2293 1028 2521 1098 scriptas
2546 1046 2573 1083 a
2599 1044 2658 1084 se
2700 1029 2869 1087 fuisse
2906 1031 3040 1087 duas
3088 1033 3389 1102 Epistolas,
3438 1037 3632 1105 quibus

2029 1117 2267 1173 omendit
2294 1118 2512 1174 Iudaeos
2540 1120 2819 1190 ignorasse
2856 1140 2874 1173 ‹
2914 1138 3095 1178 veram
3129 1124 3590 1183 circumcisioncm
3612 1172 3628 1196 ,

2027 1220 2081 1266 et
2105 1228 2293 1267 verum
2323 1212 2634 1269 Sabbatum.
2674 1234 2693 1267 ι
2729 1217 2885 1287 Atqui
2921 1217 3112 1271 horum
3140 1218 3369 1273 duorum
3402 1236 3630 1291 opuscu-

2030 1307 2203 1360 lorum
2233 1305 2287 1360 in
2304 1306 2604 1363 Novatiano
2624 1350 2639 1374 ,
2693 1310 3002 1365 nominatim
3033 1311 3225 1365 citatus
3267 1313 3627 1387 Hieronymus

2029 1401 2276 1457 meminit
2322 1420 2335 1454 :
2382 1402 2523 1457 unde
2569 1402 2791 1458 dubium
2842 1404 3046 1459 nullum
3093 1404 3446 1477 relinquitur,
3497 1413 3623 1480 quin

2026 1507 2163 1562 opus
2192 1492 2261 1548 de
2290 1492 2434 1548 Cibis
2462 1494 2699 1550 Judaicis
2744 1506 2950 1564 Spectet
2982 1497 3048 1551 ad
3076 1497 3347 1552 eumdem.
3388 1501 3625 1574 Denique

2026 1599 2089 1639 ex
2124 1583 2228 1641 hoc
2254 1588 2513 1655 opuscqu
2546 1586 2613 1643 de
2633 1586 2779 1643 Cibis
2808 1588 3045 1644 Judaicis
3068 1631 3081 1653 ,
3130 1594 3390 1649 asseritur
3412 1612 3628 1668 quoque

2027 1676 2325 1733 Novaliano
2360 1678 2590 1748 epistola
2618 1694 2715 1735 seu
2747 1680 2959 1737 libellus
2989 1682 3053 1737 de
3082 1698 3202 1738 vera
3223 1684 3624 1744 Circumcisionc

314 1773 542 1829 credere
563 1772 753 1842 jubent
783 1790 801 1823 ι
834 1772 884 1825 in
906 1771 1074 1826 Deum
1105 1771 1317 1825 Patrem
1347 1780 1400 1825 et
1423 1769 1708 1825 Dominum
1739 1770 1911 1825 omni~
1946 1772 1996 1833 B
2026 1768 2165 1825 inter
2236 1785 2401 1840 opera
2475 1771 2585 1826 divi
2662 1771 2973 1844 Hieronymi
3040 1776 3337 1846 impressus
3380 1796 3393 1834 :
3424 1782 3625 1852 quippe

315 1874 803 1936 petentem,rerum
828 1863 1067 1918 omnium
1090 1861 1539 1932 perfectissimum
1556 1872 1879 1928 creatorem,
1895 1882 1911 1914 ι

314 1977 345 2015 a
385 1960 562 2030 capite
592 1975 627 2025 I,
654 1959 718 2014 ad
762 1974 851 2013 vnt
887 1973 1094 2028 usque;
1146 1958 1235 2013 ubi
1277 1958 1416 2012 inter
1443 1957 1547 2011 alia
1579 1957 1739 2012 etiam
1768 1957 1918 2011 attri-

314 2052 444 2107 buta
486 2051 687 2118 divina,
738 2051 1178 2118 immensitatem,
1221 2050 1600 2115 aeternitatem,
1631 2051 1913 2117 unitatem,

312 2145 629 2210 bonitatem,
666 2144 1153 2199 immutabilitatem
1177 2185 1192 2210 ,
1225 2142 1704 2207 immortalitatem,
1753 2144 1911 2213 spiri-

315 2239 609 2295 tualitatetn
662 2238 856 2307 partim
903 2252 968 2291 ex
996 2236 1226 2299 ratione,
1272 2236 1465 2306 partim
1493 2252 1557 2290 ex
1589 2236 1687 2291 SS.
1723 2237 1916 2293 litteris

310 2333 580 2398 adstruit;
613 2332 866 2403 additque
897 2349 996 2388 nec
1024 2335 1325 2403 passiones,
1361 2348 1459 2387 nec
1506 2333 1746 2388 membra
1803 2334 1914 2388 Deo

310 2426 531 2483 attribui
594 2441 769 2496 posse,
844 2425 1065 2495 lucoque
1123 2427 1175 2479 in
1231 2424 1506 2495 Scriptura
1577 2423 1915 2479 solummodo

314 2526 739 2592 ἀνθρωποπειθικῶς
768 2518 833 2572 de
864 2518 973 2573 Deo
998 2518 1288 2572 enuntiari.
1326 2518 1364 2570 Α
1412 2517 1585 2587 capite
1625 2533 1701 2582 χι,
1746 2532 1914 2587 usque

312 2614 376 2669 ad
408 2629 593 2678 xxvm,
642 2612 710 2667 ad
758 2627 822 2666 ea
851 2610 1091 2682 Symboli
1142 2609 1309 2664 nostri
1350 2624 1564 2679 quoque
1605 2608 1766 2664 verba
1809 2609 1914 2665 late

311 2703 631 2774 esplicanda
657 2703 882 2771 accedit,
914 2718 1032 2775 quae
1069 2702 1224 2757 nobis
1256 2700 1413 2756 ﬁdem
1449 2701 1830 2756 commendant
1858 2702 1910 2756 in

317 2818 336 2850 ί
361 2798 558 2853 Filium
588 2798 678 2854 Dei
707 2797 889 2853 Jesnm
912 2796 1210 2861 Christum,
1247 2796 1531 2850 Dominum
1566 2795 1732 2853 Deum
1786 2811 1913 2851 nos—

312 2900 478 2946 trum.
495 2910 514 2943 ›
535 2889 803 2946 Christum
834 2892 887 2945 in
909 2889 1087 2944 Veteri
1109 2888 1460 2944 Testamento
1480 2889 1805 2957 promissum
1829 2887 1910 2961 (9.)

307 3000 500 3040 verum
517 2983 783 3039 hominem
800 2984 903 3057 (5),
922 2998 1215 3052 verumque
1229 2982 1395 3036 Deum
1418 2995 1535 3035 esse
1551 2979 1651 3051 (4),
1665 2979 1911 3050 Scriptu-

308 3094 491 3135 rarutu
502 3076 731 3143 Veteris,
750 3076 989 3147 Novique
1004 3075 1248 3131 Foederis
1270 3073 1587 3128 auctoritate
1604 3070 1909 3145 probat(5);

2022 1864 2178 1930 cujus
2208 1866 2536 1919 mentionem
2590 1863 2752 1919 faciat
2784 1865 3144 1940 Ilieronymus
3190 1880 3301 1926 tum
3343 1872 3410 1928 de
3438 1873 3623 1944 Scrip-

2024 1958 2232 2013 toribus
2259 1954 2657 2015 Ecelesias‘tieis
2689 1974 2812 2031 cap.
2864 1961 2899 2015 8
2946 1964 3031 2018 vel
3068 1963 3120 2029 7,
3151 1972 3260 2018 tum
3295 1964 3622 2024 Novatianus

2022 2051 2135 2120 ipse
2179 2052 2281 2107 sub
2331 2053 2539 2107 initium
2592 2054 2776 2123 aperis
2825 2053 2894 2109 de
2936 2054 3083 2110 Cibis
3128 2055 3385 2123 Judaicis,
3434 2059 3522 2114 ubi
3551 2062 3627 2116 ait

2021 2143 2317 2213 Epistolam
2350 2160 2379 2199 a
2410 2160 2469 2201 se
2497 2145 2566 2201 de
2594 2161 2720 2201 vera
2750 2146 3179 2204 Circumcisione
3226 2152 3585 2222 conscriptam
3604 2197 3618 2219 ,

2019 2238 2162 2305 quod
2188 2238 2310 2293 huic
2340 2239 2599 2308 opuscqu
2628 2240 2869 2309 apprime
2896 2244 3166 2298 convenit.
3196 2242 3415 2300 Nullum
3443 2247 3626 2318 itaque

2018 2327 2087 2383 dc
2119 2329 2202 2383 Itis
2230 2328 2512 2385 Novatiani
2544 2332 2802 2401 operibus
2847 2333 3068 2389 dubium
3090 2402 3093 2406 Α
3113 2351 3325 2405 aequum
3376 2354 3499 2395 esse
3528 2357 3626 2410 po-

2020 2428 2153 2487 test;
2188 2423 2486 2489 prtesertim
2529 2438 2651 2478 cum
2696 2424 2879 2493 judice
2916 2427 3145 2495 Dupinio
3174 2429 3470 2487 similitudo
3496 2434 3623 2505 styli

2016 2514 2250 2584 idipsum
2294 2516 2617 2586 persuadeat
2648 2517 2784 2587 (12).
2822 2538 2839 2569 ‹
2880 2519 3035 2574 Patet
3060 2530 3262 2588 autem,
3296 2523 3489 2595 inquit,
3518 2526 3620 2581 Pa-

2017 2606 2212 2661 melius
2242 2605 2383 2679 (I5),
2415 2607 2556 2662 hanc
2584 2608 2881 2677 Epistolam
2912 2611 2966 2666 in
2999 2626 3217 2668 secessu
3248 2615 3417 2672 fuisse
3461 2632 3623 2674 cons-

2016 2703 2243 2773 criptam
2279 2703 2415 2774 (14),
2447 2703 2717 2769 fortas~is,
2758 2705 2805 2760 si
2836 2706 2964 2776 quid
3010 2707 3252 2764 divinare
3284 2710 3427 2777 licet,
3476 2728 3621 2778 cum,

2017 2803 2075 2848 ut
2090 2795 2271 2849 scribit
2289 2796 2345 2848 S.
2361 2794 2645 2850 Cornelius
2658 2796 2675 2865 (
2690 2804 2701 2849 t
2716 2798 2793 2864 ὃ),
2812 2808 2955 2853 metu
2980 2802 3368 2869 persecutionis
3386 2804 3436 2857 in
3460 2803 3622 2861 domo

2016 2900 2076 2941 se
2105 2887 2417 2942 conclusum
2466 2889 2760 2944 occuleret.
2799 2874 2954 2958 Quod
2986 2907 3107 2946 cum
3158 2893 3209 2948 in
3258 2894 3353 2950 illo
3404 2897 3620 2952 tandem

2016 2978 2506 3048 reprehenderetur
2534 2997 2562 3034 a
2607 2981 2848 3037 diaconis
2878 2983 3169 3051 Romanis,
3223 2997 3277 3042 et
3323 3000 3623 3058 rogaretur,

2016 3080 2073 3126 ut
2099 3087 2381 3141 egressus,
2416 3082 2673 3142 quantum
2722 3075 3041 3147 presbytero
3072 3078 3293 3142 liceret,
3321 3090 3617 3151 quantum-

308 3171 484 3242 capite
530 3184 658 3225 xvut
682 3185 922 3226 errorem
954 3169 1380 3225 Sabellianorum
1417 3167 1610 3222 refutat
1636 3208 1650 3233 ,
1679 3177 1733 3222 et
1778 3180 1907 3221 auc-
1936 3161 1981 3224 C
2016 3178 2118 3234 que
2149 3165 2200 3218 in
2230 3164 2348 3234 ejus
2378 3165 2540 3220 situm
2568 3175 2713 3223 esset
2741 3176 3010 3237 potestate
3033 3214 3046 3237 ,
3082 3169 3277 3226 fratres
3302 3173 3354 3227 in
3383 3175 3624 3243 pericqu

310 3264 529 3321 toritate
555 3262 654 3319 SS.
684 3262 1008 3318 Litterarum
1062 3263 1458 3318 distinctionem
1503 3260 1677 3317 Patris
1715 3271 1771 3317 et
1795 3260 1915 3317 Filii

305 3359 610 3421 conﬁrmat,
637 3355 905 3426 hujusque
944 3355 1319 3411 baeresiarehae
1349 3354 1745 3424 objectionibus
1774 3353 1912 3409 alio-

306 3468 537 3522 rumque
561 3449 686 3505 dein
716 3450 1005 3521 respondet
1035 3448 1137 3522 (6).
1173 3450 1245 3504 De
1277 3448 1383 3503 ﬁde
1401 3450 1453 3503 in
1471 3448 1730 3520 Spiritum
1758 3464 1916 3504 sanc-

307 3554 421 3599 tum
449 3545 558 3615 agit
583 3544 759 3615 capite
787 3544 1044 3615 vigesimo
1077 3558 1239 3609 nono,
1270 3543 1518 3613 inquiens
1545 3558 1559 3597 :
1593 3561 1611 3594 ι
1650 3542 1915 3612 Deinceps

308 3641 436 3696 ﬁdei
464 3640 840 3695 auctoritatem
869 3639 1164 3695 admonere
1195 3652 1315 3705 nos,
1347 3647 1468 3707 post
1493 3636 1700 3691 Patrem
1731 3644 1786 3692 et
1820 3634 1915 3689 Fi-

306 3736 462 3800 lium,
489 3736 705 3789 credere
722 3734 884 3790 etiam
909 3734 961 3788 in
986 3734 1244 3804 Spiritum
1265 3741 1534 3793 sanctum,
1566 3750 1585 3782 ι
1614 3730 1770 3799 cujus
1786 3744 1915 3800 ope-

303 3829 555 3883 rationes
578 3843 642 3882 ex
665 3826 963 3897 Scripturis
992 3835 1270 3891 recenset,
1309 3835 1365 3880 et
1396 3822 1731 3893 comprobat.
1780 3822 1912 3877 Dein

306 3923 573 3979 unitatem
590 3921 684 3977 Dei
703 3937 822 3977 cum
843 3929 966 3976 ante
980 3920 1266 3991 disputatis
1282 3918 1612 3989 conjungere
1626 3914 1910 3987 studet(7),

306 4015 635 4087 tandemque
664 4030 926 4071 summam
949 4028 1128 4069 rerum
1154 4012 1518 4082 expositarum
1561 4008 1777 4066 exhibet
1807 4010 1910 4082 (8).

914 4123 1207 4165 ARTICULUS
1246 4123 1305 4162 11.

512 4204 593 4260 De
624 4205 905 4261 Novatiani
934 4206 1149 4274 epistola
1175 4203 1238 4257 de
1265 4201 1399 4257 Cibis
1410 4202 1661 4273 judaicis.

381 4301 401 4354 I
441 4298 740 4370 Epistolam
774 4298 837 4352 de
871 4296 1007 4353 Cibis
1045 4294 1282 4350 Judaicis
1322 4297 1378 4351 S.
1411 4296 1771 4371 Hieronymus
1803 4317 1913 4357 me-

305 4400 489 4447 morat
538 4406 659 4445 eum
711 4389 762 4443 in
811 4388 973 4444 Libro
1018 4387 1087 4444 de
1134 4388 1280 4444 Viris
1324 4388 1661 4459 lllustribus,
1694 4400 1803 4446 tum
1845 4392 1912 4448 ad

308 4486 597 4539 Damasum
621 4482 867 4538 scribens
897 4478 999 4555 (9),
1035 4496 1142 4551 quo
1176 4481 1225 4535 in
1268 4480 1388 4536 loco
1419 4481 1656 4537 declarat
1693 4493 1913 4539 sanctus

2016 3257 2336 3312 constitutos
2378 3257 2594 3328 juvaret
2623 3277 2637 3314 :
2671 3267 2877 3315 tantum
2908 3261 3113 3329 abfuit,
3160 3273 3217 3317 ut
3259 3265 3365 3321 illis
3412 3283 3620 3325 morem

2014 3362 2247 3423 gereret,
2279 3362 2337 3408 ut
2366 3354 2527 3408 etiam
2572 3369 2676 3409 non
2708 3355 2825 3409 sine
2856 3356 3138 3411 stomacho
3169 3356 3517 3427 discederet,
3561 3378 3624 3420 se

2018 3445 2163 3500 nolle
2190 3445 2422 3515 amplius
2452 3461 2572 3501 esse
2604 3448 2976 3519 presbyterum
3024 3464 3294 3506 asserens.
3328 3452 3477 3508 Ilanc
3525 3454 3627 3510 ita-

2016 3555 2121 3611 que
2149 3538 2375 3609 primam
2404 3541 2742 3596 occasionem
2775 3541 2852 3595 illi
2881 3542 3043 3597 fuisse
3070 3544 3397 3613 schismatis,
3428 3545 3622 3605 deinde

2016 3643 2072 3688 et
2098 3631 2368 3688 hazreseos
2388 3673 2403 3696 ,
2437 3634 2785 3689 admonuisse
2816 3634 3082 3702 sufﬁciat;
3113 3637 3207 3692 sed
3237 3649 3497 3709 quantum
3522 3657 3620 3712 ap-

2019 3736 2204 3796 paret,
2236 3736 2355 3797 post
2376 3728 2629 3797 scriptam
2656 3728 2796 3783 hanc
2816 3742 2869 3783 et
2890 3730 3092 3784 similes
3118 3731 3409 3801 Epistolas.
3444 3756 3463 3788 ›
3492 3736 3622 3795 llzec

2018 3819 2112 3875 Vir
2128 3822 2319 3875 doctus
2346 3839 2358 3873 :
2383 3822 2466 3874 cui
2496 3822 2723 3876 accessit
2742 3838 2955 3892 quoque
2978 3824 3278 3882 Jacksonus
3300 3828 3412 3901 (I6)
3430 3834 3619 3889 existi-

2018 3930 2174 3969 mans
2195 3914 2336 3969 hanc
2360 3915 2641 3984 epistolam
2661 3916 2942 3986 scripsisse
2960 3915 3314 3976 Novatianum
3337 3924 3438 3979 sub
3453 3926 3614 3982 ﬁnem

2018 4006 2143 4062 anni
2157 4021 2275 4072 ccc,
2295 4021 2413 4060 eum
2431 4007 2765 4074 secessisset,
2786 4010 3213 4077 persecutionem
3229 4013 3514 4072 Decianam
3532 4021 3621 4075 de-

2017 4100 2256 4167 clinans;
2285 4114 2407 4170 qum
2425 4114 2566 4154 anno
2588 4115 2779 4155 ccxux
2812 4109 3043 4156 exeunte
3068 4102 3253 4158 Romae
3279 4117 3494 4176 exorta,
3518 4111 3616 4167 de-

2018 4210 2164 4248 mum
2192 4192 2457 4249 deferbuit
2484 4192 2703 4249 ineunte
2740 4208 2882 4247 anno
2917 4208 3055 4249 ccu.
3078 4196 3134 4251 In
3157 4196 3318 4253 aliam
3339 4201 3470 4257 abiit
3492 4219 3617 4259 sen-

2020 4289 2239 4344 tentiam
2269 4285 2645 4341 Tillemontius
2664 4285 2799 4358 (I7):
2826 4286 2923 4341 sub
2942 4286 3059 4356 ejus
3082 4290 3224 4345 enim
3242 4292 3497 4363 Epistola:
3515 4298 3615 4352 ini-

2018 4382 2146 4437 tium
2175 4381 2481 4451 episcopum
2507 4389 2754 4450 agentem
2776 4378 3175 4437 scliismaticum
3203 4382 3473 4443 hominem
3496 4404 3616 4459 per-

2016 4474 2259 4545 spexisse
2284 4472 2383 4528 sibi
2412 4472 2699 4542 persuasit.
2729 4471 2881 4540 Quod
2910 4482 3037 4529 ante
3066 4474 3244 4545 ipsum
3284 4477 3395 4547 jam
3428 4480 3615 4538 obser-

307 4577 523 4642 doctor,
574 4576 710 4631 duas
742 4590 770 4629 a
803 4589 861 4630 se
911 4573 1250 4646 praetermitti
1296 4575 1745 4643 qurcstiunculas,
1776 4592 1911 4648 qua-

2021 4575 2243 4623 vaverat
2265 4565 2603 4636 Dupiniusita
2618 4565 2890 4621 disserens
2918 4567 3032 4638 («18)
3061 4586 3072 4620 :
3106 4588 3125 4621 ‹
3151 4569 3321 4625 Prima
3340 4572 3456 4641 ejus
3485 4574 3612 4646 (No-

302 4686 434 4727 rum
463 4669 629 4725 altera
663 4689 680 4721 ‹
720 4668 787 4723 de
823 4667 1034 4723 Mundis
1065 4676 1117 4722 et
1150 4668 1439 4722 immundis
1490 4668 1846 4734 animalibus,
1888 4690 1906 4722 ι

301 4766 483 4820 altera
513 4782 532 4814 ‹
564 4762 630 4817 de
650 4760 1106 4826 Circumcisione;
1136 4758 1301 4830 quod,
1336 4760 1539 4831 inquit,
1567 4761 1636 4815 ab
1656 4762 1915 4833 eloquen-

305 4859 539 4913 tissimis
566 4856 726 4921 viris,
760 4854 1095 4911 Tertulliano
1137 4862 1325 4909 nostro
1353 4855 1593 4921 scilicet,
1645 4862 1702 4911 et
1737 4854 1913 4911 Nova-

300 4953 481 5016 tiano,
510 4950 674 5005 latino
704 4964 956 5005 sermone
984 4949 1094 5004 sint
1119 4948 1300 5004 editae.
1342 4968 1359 4999 ι
1395 4949 1460 5004 Et
1486 4950 1753 5020 posterius
1796 4951 1911 5021 qui-

303 5042 441 5099 dem
469 5040 750 5096 Novatiani
778 5056 913 5111 opus
946 5039 1256 5105 intercidit,
1303 5040 1452 5111 prius
1492 5056 1624 5098 vero
1670 5052 1919 5111 superest

387 5201 467 5272 (I)
493 5203 694 5259 Pamel.
724 5204 776 5258 in
808 5202 935 5259 Not.
966 5203 1034 5257 ad
1056 5202 1288 5272 inscript.

384 5276 467 5340 (2)
494 5274 776 5330 Novatian.
804 5290 920 5344 cap.
951 5274 1001 5329 9.

385 5346 467 5417 (5)
502 5347 664 5414 Idem,
699 5362 819 5417 cap.
852 5346 940 5402 10.

392 5417 664 5489 (4)1dem,
711 5432 828 5489 cap.
864 5418 951 5475 ιι.

386 5489 657 5563 (5)1dem,
688 5504 808 5559 cap.
844 5489 956 5545 I2-
983 5493 1071 5546 I7.

385 5560 468 5630 (6)
496 5560 644 5618 Idem
673 5576 702 5615 a
731 5576 850 5630 cap.
882 5564 949 5618 18
984 5594 1005 5603 -
1028 5565 1119 5619 29.

416 5633 466 5702 7)
497 5633 670 5698 Idem,
699 5646 817 5702 cap.
858 5634 949 5688 50.

414 5704 468 5772 8)
494 5704 665 5768 Idem,
691 5718 806 5772 cap.
837 5704 936 5760 51.

415 5773 468 5850 9)
498 5774 988 5847 iIicronym.Epist.
1016 5777 1106 5843 56,
1122 5776 1191 5831 ad
1203 5774 1508 5843 Damasum,
1526 5775 1658 5835 alias
1672 5773 1795 5843 125,
1819 5775 1846 5851 §
1870 5775 1915 5832 I.

769 5872 1050 5935 ΡΑτιιοι.
1097 5869 1207 5933 III.

2020 4660 2256 4730 vatiani)
2284 4659 2443 4715 verba
2476 4658 2606 4713 mibi
2650 4658 2875 4714 suadent
2905 4660 3085 4729 potius
3116 4660 3282 4718 fuisse
3318 4667 3572 4738 scriptam
3595 4714 3609 4739 ,

2019 4766 2303 4827 postquam
2336 4751 2562 4823 partium
2609 4750 2717 4806 dux
2764 4753 2939 4808 factus
2979 4764 3061 4808 est
3092 4753 3228 4810 Galli
3267 4766 3321 4813 et
3342 4756 3618 4820 Volusiani

2021 4845 2409 4920 persecutionis
2440 4852 2702 4914 tempore.
2739 4863 2758 4895 ι

2090 4984 2206 5059 (10)
2234 4982 2397 5059 Cave.
2428 4977 2627 5034 Hister.
2655 4979 2807 5059 litter.
2825 4980 3125 5059 _in_saa_culo
3155 4984 3438 5059 N_ovalian,

2091 5051 2206 5129 (11)
2232 5051 2427 5109 Oudin.
2451 5058 2761 5131 comment.
2796 5052 2859 5105 de
2883 5052 3142 5125 Scriptor.
3173 5056 3374 5115 Eccles.
3410 5071 3540 5118 tom.
3576 5065 3618 5131 l,

2022 5121 2158 5185 seet.
2188 5121 2269 5189 in,
2300 5138 2422 5194 pag.
2449 5121 2577 5194 285.

2094 5198 2212 5276 (12)
2245 5192 2439 5276 Dupin,
2463 5192 2817 5276 _Bib_lioth_éque
2851 5194 3182 5267 desauleurs,
3201 5210 3330 5258 tom.
3352 5220 3390 5271 ι,
3417 5207 3616 5276 p.282,

2021 5265 2150 5328 edit.
2184 5265 2360 5324 latinae
2384 5265 2742 5322 Coloniensis.

2095 5340 2209 5412 (I5)
2236 5337 2438 5412 Pamel.
2470 5348 2584 5412 not.
2618 5337 2670 5401 5,
2702 5336 2772 5412 ad
2801 5334 2975 5412 Epist.
3010 5341 3073 5395 de
3100 5342 3209 5396 Cib.
3241 5343 3368 5402 Jud.

2099 5407 2212 5485 (Μ’)
2250 5409 2442 5485 lfiovat.
2470 5407 2641 5485 E_pist.
2677 5407 3030 5485 de_ci_b..Jud.
3069 5428 3189 5485 cap.
3217 5431 3257 5468 ι.

2096 5478 2209 5555 (15)
2239 5480 2456 5556 (ξοηηθι.
2492 5480 2661 5556 Epist.
2689 5479 2757 5532 ad
2785 5478 2921 5556 Fab.
2954 5478 3191 5538 Antioch.
3226 5484 3332 5556 §5,

2100 5550 2212 5627 (16)
2240 5551 2494 5627 {acksom
2524 5550 2667 5627 L._c._
2689 5565 2809 5627 pag.
2844 5552 2929 5627 I_0.

2096 5621 2211 5699 (I7)
2237 5623 2545 5689 Tillemont,
2580 5621 2819 5678 .ilémoir.
2852 5622 3009 5681 Tom.
3045 5642 3133 5694 ιιι,
3166 5638 3269 5686 art.
3318 5633 3373 5700 ξ’),
3408 5648 3494 5685 sur
3530 5633 3642 5689 Νο-

2026 5701 2211 5759 vatien.

2108 5770 2222 5847 (18)
2254 5768 2453 5844 Dupin,
2487 5765 2596 5827 loc.
2626 5767 2717 5826 cit.
2752 5781 2871 5841 pag.
2900 5767 3027 5827 985.

3088 5861 3173 5926 98
