  <div class='ocr_page' id='page_1' title='image "/cluster/home/n/w/nwhite01/storage/ocr_20150623/3/hvd.32044054086798/487.png"; bbox 0 0 4260 6266; ppageno 0'>
   <div class='ocr_carea' id='block_1_1' title="bbox 575 331 684 392">
    <p class='ocr_par' dir='ltr' id='par_1_1' title="bbox 575 331 684 392">
     <span class='ocr_line' id='line_1_1' title="bbox 575 331 684 392; baseline 0 0"><span class='ocrx_word' id='word_1_1' title='bbox 575 331 684 392; x_wconf 82' lang='lat'><strong>875</strong></span> 
     </span>
    </p>
   </div>
   <div class='ocr_carea' id='block_1_2' title="bbox 1819 335 2586 400">
    <p class='ocr_par' dir='ltr' id='par_1_2' title="bbox 1819 335 2586 400">
     <span class='ocr_line' id='line_1_2' title="bbox 1819 335 2586 400; baseline 0.007 -6"><span class='ocrx_word' id='word_1_2' title='bbox 1819 335 1910 396; x_wconf 89' lang='lat' dir='ltr'><strong>DE</strong></span> <span class='ocrx_word' id='word_1_3' title='bbox 1952 338 2112 398; x_wconf 80' lang='lat' dir='ltr'><strong>VITA</strong></span> <span class='ocrx_word' id='word_1_4' title='bbox 2155 338 2247 399; x_wconf 81' lang='lat' dir='ltr'><strong>ET</strong></span> <span class='ocrx_word' id='word_1_5' title='bbox 2281 338 2586 400; x_wconf 77' lang='lat' dir='ltr'><strong>SCRIPTIS</strong></span> 
     </span>
    </p>
   </div>
   <div class='ocr_carea' id='block_1_3' title="bbox 3779 340 3946 406">
    <p class='ocr_par' dir='ltr' id='par_1_3' title="bbox 3779 340 3946 406">
     <span class='ocr_line' id='line_1_3' title="bbox 3779 340 3946 406; baseline 0.012 -2"><span class='ocrx_word' id='word_1_6' title='bbox 3779 343 3891 406; x_wconf 77' lang='lat'><strong>876</strong></span> <span class='ocrx_word' id='word_1_7' title='bbox 3937 340 3946 347; x_wconf 67' lang='grc'><em>’</em></span> 
     </span>
    </p>
   </div>
   <div class='ocr_carea' id='block_1_4' title="bbox 644 448 3889 531">
    <p class='ocr_par' dir='ltr' id='par_1_4' title="bbox 644 448 3889 531">
     <span class='ocr_line' id='line_1_4' title="bbox 644 448 3889 531; baseline 0.002 -24"><span class='ocrx_word' id='word_1_8' title='bbox 644 452 707 508; x_wconf 89' lang='grc' dir='ltr'><strong>ΙΙ.</strong></span> <span class='ocrx_word' id='word_1_9' title='bbox 736 448 977 522; x_wconf 80' lang='lat' dir='ltr'><strong>Analysis</strong></span> <span class='ocrx_word' id='word_1_10' title='bbox 1007 449 1164 523; x_wconf 71' lang='lat' dir='ltr'><strong>hujus</strong></span> <span class='ocrx_word' id='word_1_11' title='bbox 1192 451 1483 514; x_wconf 55' lang='lat' dir='ltr'><strong>Tractatum</strong></span> <span class='ocrx_word' id='word_1_12' title='bbox 1504 449 1673 520; x_wconf 83' lang='lat' dir='ltr'><strong>Hujus</strong></span> <span class='ocrx_word' id='word_1_13' title='bbox 1697 459 1956 510; x_wconf 82' lang='lat' dir='ltr'><strong>tractatus</strong></span> <span class='ocrx_word' id='word_1_14' title='bbox 1982 469 2179 527; x_wconf 82' lang='lat' dir='ltr'><strong>scopas</strong></span> <span class='ocrx_word' id='word_1_15' title='bbox 2207 458 2258 517; x_wconf 82' lang='grc' dir='ltr'><strong>Α</strong></span> <span class='ocrx_word' id='word_1_16' title='bbox 2284 456 2431 524; x_wconf 89' lang='lat' dir='ltr'><strong>licta,</strong></span> <span class='ocrx_word' id='word_1_17' title='bbox 2462 463 2520 511; x_wconf 92' lang='lat' dir='ltr'><strong>ut</strong></span> <span class='ocrx_word' id='word_1_18' title='bbox 2549 457 2768 527; x_wconf 85' lang='lat' dir='ltr'><strong>propria</strong></span> <span class='ocrx_word' id='word_1_19' title='bbox 2800 455 3051 523; x_wconf 75' lang='lat' dir='ltr'><strong>fleverit;</strong></span> <span class='ocrx_word' id='word_1_20' title='bbox 3095 470 3261 514; x_wconf 86' lang='lat' dir='ltr'><strong>onera</strong></span> <span class='ocrx_word' id='word_1_21' title='bbox 3287 458 3512 515; x_wconf 79' lang='lat' dir='ltr'><strong>fratrum</strong></span> <span class='ocrx_word' id='word_1_22' title='bbox 3533 452 3721 525; x_wconf 81' lang='lat' dir='ltr'><strong>,sicut</strong></span> <span class='ocrx_word' id='word_1_23' title='bbox 3741 460 3889 531; x_wconf 81' lang='lat' dir='ltr'><strong>Apo-</strong></span> 
     </span>
    </p>
   </div>
   <div class='ocr_carea' id='block_1_5' title="bbox 583 545 2183 616">
    <p class='ocr_par' dir='ltr' id='par_1_5' title="bbox 583 545 2183 616">
     <span class='ocr_line' id='line_1_5' title="bbox 583 545 2183 616; baseline 0.001 -12"><span class='ocrx_word' id='word_1_24' title='bbox 583 555 666 605; x_wconf 89' lang='lat' dir='ltr'><strong>est</strong></span> <span class='ocrx_word' id='word_1_25' title='bbox 737 545 1024 601; x_wconf 90' lang='lat' dir='ltr'><strong>ostendere</strong></span> <span class='ocrx_word' id='word_1_26' title='bbox 1081 545 1332 600; x_wconf 76' lang='lat' dir='ltr'><strong>animalia</strong></span> <span class='ocrx_word' id='word_1_27' title='bbox 1399 561 1518 616; x_wconf 68' lang='lat' dir='ltr'><strong>quas</strong></span> <span class='ocrx_word' id='word_1_28' title='bbox 1549 545 1634 600; x_wconf 86' lang='lat' dir='ltr'><strong>lex</strong></span> <span class='ocrx_word' id='word_1_29' title='bbox 1688 545 1850 601; x_wconf 82' lang='lat' dir='ltr'><strong>Mosis</strong></span> <span class='ocrx_word' id='word_1_30' title='bbox 1894 548 2183 605; x_wconf 82' lang='lat' dir='ltr'><strong>comedere</strong></span> 
     </span>
    </p>
   </div>
   <div class='ocr_carea' id='block_1_6' title="bbox 585 639 2183 715">
    <p class='ocr_par' dir='ltr' id='par_1_6' title="bbox 585 639 2183 715">
     <span class='ocr_line' id='line_1_6' title="bbox 585 639 2183 715; baseline -0.001 -17"><span class='ocrx_word' id='word_1_31' title='bbox 585 643 898 715; x_wconf 90' lang='lat' dir='ltr'><strong>prohibeat,</strong></span> <span class='ocrx_word' id='word_1_32' title='bbox 931 653 1038 695; x_wconf 91' lang='lat' dir='ltr'><strong>non</strong></span> <span class='ocrx_word' id='word_1_33' title='bbox 1065 639 1310 694; x_wconf 88' lang='lat' dir='ltr'><strong>absolute</strong></span> <span class='ocrx_word' id='word_1_34' title='bbox 1339 654 1462 695; x_wconf 88' lang='lat' dir='ltr'><strong>csse</strong></span> <span class='ocrx_word' id='word_1_35' title='bbox 1490 639 1786 695; x_wconf 90' lang='lat' dir='ltr'><strong>intutunda.</strong></span> <span class='ocrx_word' id='word_1_36' title='bbox 1817 641 1897 696; x_wconf 82' lang='lat' dir='ltr'><strong>Ad</strong></span> <span class='ocrx_word' id='word_1_37' title='bbox 1927 641 2028 697; x_wconf 88' lang='lat' dir='ltr'><strong>hoc</strong></span> <span class='ocrx_word' id='word_1_38' title='bbox 2061 658 2183 712; x_wconf 85' lang='lat' dir='ltr'><strong>pro-</strong></span> 
     </span>
    </p>
   </div>
   <div class='ocr_carea' id='block_1_7' title="bbox 587 735 2183 804">
    <p class='ocr_par' dir='ltr' id='par_1_7' title="bbox 587 735 2183 804">
     <span class='ocr_line' id='line_1_7' title="bbox 587 735 2183 804; baseline -0.001 -11"><span class='ocrx_word' id='word_1_39' title='bbox 587 740 818 794; x_wconf 90' lang='lat' dir='ltr'><strong>bandum</strong></span> <span class='ocrx_word' id='word_1_40' title='bbox 867 735 944 790; x_wconf 76' lang='lat' dir='ltr'><strong>ait</strong></span> <span class='ocrx_word' id='word_1_41' title='bbox 964 779 977 800; x_wconf 92' lang='lat'><strong>,</strong></span> <span class='ocrx_word' id='word_1_42' title='bbox 1011 735 1264 790; x_wconf 89' lang='lat' dir='ltr'><strong>arborum</strong></span> <span class='ocrx_word' id='word_1_43' title='bbox 1313 735 1514 790; x_wconf 78' lang='lat' dir='ltr'><strong>fructus</strong></span> <span class='ocrx_word' id='word_1_44' title='bbox 1546 736 1773 804; x_wconf 87' lang='lat' dir='ltr'><strong>primum</strong></span> <span class='ocrx_word' id='word_1_45' title='bbox 1805 735 2079 790; x_wconf 85' lang='lat' dir='ltr'><strong>hominum</strong></span> <span class='ocrx_word' id='word_1_46' title='bbox 2107 738 2183 791; x_wconf 89' lang='lat' dir='ltr'><strong>ci-</strong></span> 
     </span>
    </p>
   </div>
   <div class='ocr_carea' id='block_1_8' title="bbox 584 827 2187 899">
    <p class='ocr_par' dir='ltr' id='par_1_8' title="bbox 584 827 2187 899">
     <span class='ocr_line' id='line_1_8' title="bbox 584 827 2187 899; baseline -0.001 -13"><span class='ocrx_word' id='word_1_47' title='bbox 584 832 709 886; x_wconf 85' lang='lat' dir='ltr'><strong>bum</strong></span> <span class='ocrx_word' id='word_1_48' title='bbox 739 828 937 894; x_wconf 68' lang='lat' dir='ltr'><strong>l‘uis&#39;se;</strong></span> <span class='ocrx_word' id='word_1_49' title='bbox 967 836 1154 899; x_wconf 88' lang='lat' dir='ltr'><strong>postea</strong></span> <span class='ocrx_word' id='word_1_50' title='bbox 1182 827 1250 882; x_wconf 87' lang='lat' dir='ltr'><strong>de</strong></span> <span class='ocrx_word' id='word_1_51' title='bbox 1276 843 1439 882; x_wconf 88' lang='lat' dir='ltr'><strong>carne</strong></span> <span class='ocrx_word' id='word_1_52' title='bbox 1476 827 1788 883; x_wconf 83' lang='lat' dir='ltr'><strong>animalium</strong></span> <span class='ocrx_word' id='word_1_53' title='bbox 1833 843 1927 884; x_wconf 90' lang='lat' dir='ltr'><strong>eos</strong></span> <span class='ocrx_word' id='word_1_54' title='bbox 1958 828 2187 884; x_wconf 89' lang='lat' dir='ltr'><strong>mandu-</strong></span> 
     </span>
    </p>
   </div>
   <div class='ocr_carea' id='block_1_9' title="bbox 582 919 2186 992">
    <p class='ocr_par' dir='ltr' id='par_1_9' title="bbox 582 919 2186 992">
     <span class='ocr_line' id='line_1_9' title="bbox 582 919 2186 992; baseline 0.001 -16"><span class='ocrx_word' id='word_1_55' title='bbox 582 921 772 986; x_wconf 79' lang='lat' dir='ltr'><strong>casse;</strong></span> <span class='ocrx_word' id='word_1_56' title='bbox 799 919 1016 976; x_wconf 92' lang='lat' dir='ltr'><strong>venisse</strong></span> <span class='ocrx_word' id='word_1_57' title='bbox 1060 919 1255 976; x_wconf 87' lang='lat' dir='ltr'><strong>deinde</strong></span> <span class='ocrx_word' id='word_1_58' title='bbox 1284 920 1479 992; x_wconf 86' lang='lat' dir='ltr'><strong>legem,</strong></span> <span class='ocrx_word' id='word_1_59' title='bbox 1522 936 1644 991; x_wconf 74' lang='lat' dir='ltr'><strong>quae</strong></span> <span class='ocrx_word' id='word_1_60' title='bbox 1671 920 2074 977; x_wconf 77' lang='lat' dir='ltr'><strong>distinctionem</strong></span> <span class='ocrx_word' id='word_1_61' title='bbox 2104 921 2186 978; x_wconf 73' lang='lat' dir='ltr'><strong>fe-</strong></span> 
     </span>
    </p>
   </div>
   <div class='ocr_carea' id='block_1_10' title="bbox 583 1013 2185 1084">
    <p class='ocr_par' dir='ltr' id='par_1_10' title="bbox 583 1013 2185 1084">
     <span class='ocr_line' id='line_1_10' title="bbox 583 1013 2185 1084; baseline -0.001 -13"><span class='ocrx_word' id='word_1_62' title='bbox 583 1029 730 1071; x_wconf 88' lang='lat' dir='ltr'><strong>cerat</strong></span> <span class='ocrx_word' id='word_1_63' title='bbox 759 1016 898 1069; x_wconf 89' lang='lat' dir='ltr'><strong>inter</strong></span> <span class='ocrx_word' id='word_1_64' title='bbox 924 1015 1197 1082; x_wconf 84' lang='lat' dir='ltr'><strong>animalia,</strong></span> <span class='ocrx_word' id='word_1_65' title='bbox 1228 1030 1349 1084; x_wconf 81' lang='lat' dir='ltr'><strong>quze</strong></span> <span class='ocrx_word' id='word_1_66' title='bbox 1380 1014 1706 1070; x_wconf 84' lang='lat' dir='ltr'><strong>manducare</strong></span> <span class='ocrx_word' id='word_1_67' title='bbox 1732 1013 1814 1070; x_wconf 81' lang='lat' dir='ltr'><strong>fas</strong></span> <span class='ocrx_word' id='word_1_68' title='bbox 1844 1024 1961 1070; x_wconf 84' lang='lat' dir='ltr'><strong>erat</strong></span> <span class='ocrx_word' id='word_1_69' title='bbox 1982 1053 1997 1078; x_wconf 89' lang='lat'><strong>,</strong></span> <span class='ocrx_word' id='word_1_70' title='bbox 2023 1023 2077 1070; x_wconf 89' lang='lat' dir='ltr'><strong>et</strong></span> <span class='ocrx_word' id='word_1_71' title='bbox 2120 1030 2185 1070; x_wconf 90' lang='lat' dir='ltr'><strong>ea</strong></span> 
     </span>
    </p>
   </div>
   <div class='ocr_carea' id='block_1_11' title="bbox 583 1107 2186 1178">
    <p class='ocr_par' dir='ltr' id='par_1_11' title="bbox 583 1107 2186 1178">
     <span class='ocr_line' id='line_1_11' title="bbox 583 1107 2186 1178; baseline 0 -15"><span class='ocrx_word' id='word_1_72' title='bbox 583 1108 652 1164; x_wconf 89' lang='lat' dir='ltr'><strong>de</strong></span> <span class='ocrx_word' id='word_1_73' title='bbox 677 1107 870 1176; x_wconf 86' lang='lat' dir='ltr'><strong>quibus</strong></span> <span class='ocrx_word' id='word_1_74' title='bbox 895 1107 1182 1164; x_wconf 85' lang='lat' dir='ltr'><strong>comedere</strong></span> <span class='ocrx_word' id='word_1_75' title='bbox 1213 1118 1319 1161; x_wconf 87' lang='lat' dir='ltr'><strong>non</strong></span> <span class='ocrx_word' id='word_1_76' title='bbox 1353 1115 1625 1177; x_wconf 89' lang='lat' dir='ltr'><strong>poterant,</strong></span> <span class='ocrx_word' id='word_1_77' title='bbox 1654 1107 1875 1178; x_wconf 68' lang='lat' dir='ltr'><strong>Itaseque</strong></span> <span class='ocrx_word' id='word_1_78' title='bbox 1909 1107 2186 1163; x_wconf 86' lang='lat' dir='ltr'><strong>immunda</strong></span> 
     </span>
    </p>
   </div>
   <div class='ocr_carea' id='block_1_12' title="bbox 585 1200 2188 1275">
    <p class='ocr_par' dir='ltr' id='par_1_12' title="bbox 585 1200 2188 1275">
     <span class='ocr_line' id='line_1_12' title="bbox 585 1200 2188 1275; baseline -0.001 -18"><span class='ocrx_word' id='word_1_79' title='bbox 585 1202 911 1275; x_wconf 76' lang='lat' dir='ltr'><strong>appellasse,</strong></span> <span class='ocrx_word' id='word_1_80' title='bbox 943 1216 1050 1257; x_wconf 91' lang='lat' dir='ltr'><strong>non</strong></span> <span class='ocrx_word' id='word_1_81' title='bbox 1078 1200 1220 1271; x_wconf 88' lang='lat' dir='ltr'><strong>quod</strong></span> <span class='ocrx_word' id='word_1_82' title='bbox 1249 1216 1440 1256; x_wconf 81' lang='lat' dir='ltr'><strong>revera</strong></span> <span class='ocrx_word' id='word_1_83' title='bbox 1473 1201 1600 1256; x_wconf 87' lang='lat' dir='ltr'><strong>talia</strong></span> <span class='ocrx_word' id='word_1_84' title='bbox 1623 1210 1828 1267; x_wconf 85' lang='lat' dir='ltr'><strong>essent,</strong></span> <span class='ocrx_word' id='word_1_85' title='bbox 1863 1215 1986 1255; x_wconf 89' lang='lat' dir='ltr'><strong>cum</strong></span> <span class='ocrx_word' id='word_1_86' title='bbox 2019 1216 2046 1253; x_wconf 91' lang='lat' dir='ltr'><strong>a</strong></span> <span class='ocrx_word' id='word_1_87' title='bbox 2074 1201 2188 1256; x_wconf 90' lang='lat' dir='ltr'><strong>Deo</strong></span> 
     </span>
    </p>
   </div>
   <div class='ocr_carea' id='block_1_13' title="bbox 584 1294 2190 1364">
    <p class='ocr_par' dir='ltr' id='par_1_13' title="bbox 584 1294 2190 1364">
     <span class='ocr_line' id='line_1_13' title="bbox 584 1294 2190 1364; baseline -0.001 -14"><span class='ocrx_word' id='word_1_88' title='bbox 584 1295 812 1352; x_wconf 82' lang='lat' dir='ltr'><strong>fuissent</strong></span> <span class='ocrx_word' id='word_1_89' title='bbox 851 1304 1062 1361; x_wconf 85' lang='lat' dir='ltr'><strong>creata;</strong></span> <span class='ocrx_word' id='word_1_90' title='bbox 1095 1294 1190 1350; x_wconf 89' lang='lat' dir='ltr'><strong>sed</strong></span> <span class='ocrx_word' id='word_1_91' title='bbox 1219 1295 1392 1364; x_wconf 90' lang='lat' dir='ltr'><strong>primo</strong></span> <span class='ocrx_word' id='word_1_92' title='bbox 1419 1304 1476 1350; x_wconf 93' lang='lat' dir='ltr'><strong>ut</strong></span> <span class='ocrx_word' id='word_1_93' title='bbox 1508 1295 1753 1351; x_wconf 88' lang='lat' dir='ltr'><strong>homines</strong></span> <span class='ocrx_word' id='word_1_94' title='bbox 1789 1295 2061 1350; x_wconf 81' lang='lat' dir='ltr'><strong>discerent</strong></span> <span class='ocrx_word' id='word_1_95' title='bbox 2105 1296 2190 1349; x_wconf 79' lang='lat' dir='ltr'><strong>fu-</strong></span> 
     </span>
    </p>
   </div>
   <div class='ocr_carea' id='block_1_14' title="bbox 587 1387 2184 1461">
    <p class='ocr_par' dir='ltr' id='par_1_14' title="bbox 587 1387 2184 1461">
     <span class='ocr_line' id='line_1_14' title="bbox 587 1387 2184 1461; baseline -0.001 -16"><span class='ocrx_word' id='word_1_96' title='bbox 587 1406 717 1460; x_wconf 83' lang='lat' dir='ltr'><strong>gere</strong></span> <span class='ocrx_word' id='word_1_97' title='bbox 737 1390 860 1444; x_wconf 89' lang='lat' dir='ltr'><strong>vitia</strong></span> <span class='ocrx_word' id='word_1_98' title='bbox 875 1388 1022 1444; x_wconf 91' lang='lat' dir='ltr'><strong>hisce</strong></span> <span class='ocrx_word' id='word_1_99' title='bbox 1044 1389 1364 1443; x_wconf 81' lang='lat' dir='ltr'><strong>animalibus</strong></span> <span class='ocrx_word' id='word_1_100' title='bbox 1380 1389 1600 1459; x_wconf 85' lang='lat' dir='ltr'><strong>ﬁgurata</strong></span> <span class='ocrx_word' id='word_1_101' title='bbox 1619 1399 1672 1444; x_wconf 88' lang='lat' dir='ltr'><strong>et</strong></span> <span class='ocrx_word' id='word_1_102' title='bbox 1689 1390 2127 1461; x_wconf 61' lang='lat' dir='ltr'><strong>repraesentata“</strong></span> <span class='ocrx_word' id='word_1_103' title='bbox 2142 1387 2184 1459; x_wconf 93' lang='lat'><strong>),</strong></span> 
     </span>
    </p>
   </div>
   <div class='ocr_carea' id='block_1_15' title="bbox 588 1481 2189 1552">
    <p class='ocr_par' dir='ltr' id='par_1_15' title="bbox 588 1481 2189 1552">
     <span class='ocr_line' id='line_1_15' title="bbox 588 1481 2189 1552; baseline -0.001 -15"><span class='ocrx_word' id='word_1_104' title='bbox 588 1490 642 1537; x_wconf 86' lang='lat' dir='ltr'><strong>et</strong></span> <span class='ocrx_word' id='word_1_105' title='bbox 671 1481 909 1538; x_wconf 88' lang='lat' dir='ltr'><strong>secundo</strong></span> <span class='ocrx_word' id='word_1_106' title='bbox 923 1490 980 1536; x_wconf 91' lang='lat' dir='ltr'><strong>ut</strong></span> <span class='ocrx_word' id='word_1_107' title='bbox 1006 1481 1304 1546; x_wconf 83' lang='lat' dir='ltr'><strong>remedium</strong></span> <span class='ocrx_word' id='word_1_108' title='bbox 1333 1482 1759 1552; x_wconf 64' lang='lat' dir='ltr'><strong>intemperantiae</strong></span> <span class='ocrx_word' id='word_1_109' title='bbox 1787 1491 2002 1547; x_wconf 86' lang='lat' dir='ltr'><strong>essent;</strong></span> <span class='ocrx_word' id='word_1_110' title='bbox 2035 1481 2189 1536; x_wconf 88' lang='lat' dir='ltr'><strong>Chri-</strong></span> 
     </span>
    </p>
   </div>
   <div class='ocr_carea' id='block_1_16' title="bbox 585 1573 2185 1645">
    <p class='ocr_par' dir='ltr' id='par_1_16' title="bbox 585 1573 2185 1645">
     <span class='ocr_line' id='line_1_16' title="bbox 585 1573 2185 1645; baseline -0.001 -15"><span class='ocrx_word' id='word_1_111' title='bbox 585 1587 749 1639; x_wconf 88' lang='lat' dir='ltr'><strong>stttm,</strong></span> <span class='ocrx_word' id='word_1_112' title='bbox 786 1574 945 1630; x_wconf 91' lang='lat' dir='ltr'><strong>ﬁnem</strong></span> <span class='ocrx_word' id='word_1_113' title='bbox 971 1583 1026 1630; x_wconf 89' lang='lat' dir='ltr'><strong>et</strong></span> <span class='ocrx_word' id='word_1_114' title='bbox 1055 1574 1510 1644; x_wconf 85' lang='lat' dir='ltr'><strong>complementum</strong></span> <span class='ocrx_word' id='word_1_115' title='bbox 1536 1575 1669 1645; x_wconf 88' lang='lat' dir='ltr'><strong>legis</strong></span> <span class='ocrx_word' id='word_1_116' title='bbox 1689 1579 1809 1630; x_wconf 88' lang='lat' dir='ltr'><strong>eam</strong></span> <span class='ocrx_word' id='word_1_117' title='bbox 1839 1573 2185 1644; x_wconf 82' lang='lat' dir='ltr'><strong>explicuisse,</strong></span> 
     </span>
    </p>
   </div>
   <div class='ocr_carea' id='block_1_17' title="bbox 589 1666 2189 1725">
    <p class='ocr_par' dir='ltr' id='par_1_17' title="bbox 589 1666 2189 1725">
     <span class='ocr_line' id='line_1_17' title="bbox 589 1666 2189 1725; baseline -0.003 0"><span class='ocrx_word' id='word_1_118' title='bbox 589 1678 643 1725; x_wconf 92' lang='lat' dir='ltr'><strong>et</strong></span> <span class='ocrx_word' id='word_1_119' title='bbox 671 1668 977 1723; x_wconf 82' lang='lat' dir='ltr'><strong>hominibus</strong></span> <span class='ocrx_word' id='word_1_120' title='bbox 1008 1668 1307 1723; x_wconf 88' lang='lat' dir='ltr'><strong>libertatem</strong></span> <span class='ocrx_word' id='word_1_121' title='bbox 1339 1667 1588 1723; x_wconf 78' lang='lat' dir='ltr'><strong>omibus</strong></span> <span class='ocrx_word' id='word_1_122' title='bbox 1636 1667 1890 1722; x_wconf 88' lang='lat' dir='ltr'><strong>carnibus</strong></span> <span class='ocrx_word' id='word_1_123' title='bbox 1936 1666 2189 1721; x_wconf 86' lang='lat' dir='ltr'><strong>vescendi</strong></span> 
     </span>
    </p>
   </div>
   <div class='ocr_carea' id='block_1_18' title="bbox 589 1762 2189 1833">
    <p class='ocr_par' dir='ltr' id='par_1_18' title="bbox 589 1762 2189 1833">
     <span class='ocr_line' id='line_1_18' title="bbox 589 1762 2189 1833; baseline -0.001 -15"><span class='ocrx_word' id='word_1_124' title='bbox 589 1764 840 1833; x_wconf 89' lang='lat' dir='ltr'><strong>dedisse,</strong></span> <span class='ocrx_word' id='word_1_125' title='bbox 891 1764 1052 1820; x_wconf 90' lang='lat' dir='ltr'><strong>modo</strong></span> <span class='ocrx_word' id='word_1_126' title='bbox 1090 1764 1229 1818; x_wconf 85' lang='lat' dir='ltr'><strong>intra</strong></span> <span class='ocrx_word' id='word_1_127' title='bbox 1278 1763 1585 1819; x_wconf 84' lang='lat' dir='ltr'><strong>sobrietatis</strong></span> <span class='ocrx_word' id='word_1_128' title='bbox 1631 1763 1939 1818; x_wconf 64' lang='lat' dir='ltr'><strong>christiana;</strong></span> <span class='ocrx_word' id='word_1_129' title='bbox 1989 1762 2189 1817; x_wconf 90' lang='lat' dir='ltr'><strong>limites</strong></span> 
     </span>
    </p>
   </div>
   <div class='ocr_carea' id='block_1_19' title="bbox 2285 550 3890 619">
    <p class='ocr_par' dir='ltr' id='par_1_19' title="bbox 2285 550 3890 619">
     <span class='ocr_line' id='line_1_19' title="bbox 2285 550 3890 619; baseline 0.004 -14"><span class='ocrx_word' id='word_1_130' title='bbox 2285 551 2454 605; x_wconf 89' lang='lat' dir='ltr'><strong>stolus</strong></span> <span class='ocrx_word' id='word_1_131' title='bbox 2484 550 2730 605; x_wconf 79' lang='lat' dir='ltr'><strong>hortatur</strong></span> <span class='ocrx_word' id='word_1_132' title='bbox 2753 592 2766 617; x_wconf 94' lang='lat'><strong>,</strong></span> <span class='ocrx_word' id='word_1_133' title='bbox 2799 552 3144 619; x_wconf 87' lang='lat' dir='ltr'><strong>sustinuerit;</strong></span> <span class='ocrx_word' id='word_1_134' title='bbox 3180 554 3420 609; x_wconf 89' lang='lat' dir='ltr'><strong>lubricos</strong></span> <span class='ocrx_word' id='word_1_135' title='bbox 3461 555 3512 609; x_wconf 93' lang='lat' dir='ltr'><strong>in</strong></span> <span class='ocrx_word' id='word_1_136' title='bbox 3544 553 3649 610; x_wconf 91' lang='lat' dir='ltr'><strong>ﬁde</strong></span> <span class='ocrx_word' id='word_1_137' title='bbox 3678 553 3890 612; x_wconf 64' lang='lat' dir='ltr'><strong>caelesti</strong></span> 
     </span>
    </p>
   </div>
   <div class='ocr_carea' id='block_1_20' title="bbox 2286 644 3891 717">
    <p class='ocr_par' dir='ltr' id='par_1_20' title="bbox 2286 644 3891 717">
     <span class='ocr_line' id='line_1_20' title="bbox 2286 644 3891 717; baseline 0.005 -21"><span class='ocrx_word' id='word_1_138' title='bbox 2286 644 2611 698; x_wconf 88' lang='lat' dir='ltr'><strong>allocutione</strong></span> <span class='ocrx_word' id='word_1_139' title='bbox 2653 644 3112 700; x_wconf 80' lang='lat' dir='ltr'><strong>corroboraverit.</strong></span> <span class='ocrx_word' id='word_1_140' title='bbox 3151 661 3170 697; x_wconf 82' lang='lat' dir='ltr'><strong>t</strong></span> <span class='ocrx_word' id='word_1_141' title='bbox 3207 646 3302 702; x_wconf 88' lang='lat' dir='ltr'><strong>His</strong></span> <span class='ocrx_word' id='word_1_142' title='bbox 3346 646 3580 717; x_wconf 89' lang='lat' dir='ltr'><strong>denique</strong></span> <span class='ocrx_word' id='word_1_143' title='bbox 3606 647 3891 705; x_wconf 86' lang='lat' dir='ltr'><strong>addendus</strong></span> 
     </span>
    </p>
   </div>
   <div class='ocr_carea' id='block_1_21' title="bbox 2290 735 3895 812">
    <p class='ocr_par' dir='ltr' id='par_1_21' title="bbox 2290 735 3895 812">
     <span class='ocr_line' id='line_1_21' title="bbox 2290 735 3895 812; baseline 0.003 -22"><span class='ocrx_word' id='word_1_144' title='bbox 2377 735 2657 802; x_wconf 85' lang='lat' dir='ltr'><strong>Pacianus,</strong></span> <span class='ocrx_word' id='word_1_145' title='bbox 2683 737 2770 805; x_wconf 88' lang='lat' dir='ltr'><strong>qtti</strong></span> <span class='ocrx_word' id='word_1_146' title='bbox 2794 736 2996 792; x_wconf 76' lang='lat' dir='ltr'><strong>atecqu</strong></span> <span class='ocrx_word' id='word_1_147' title='bbox 3027 738 3343 808; x_wconf 81' lang='lat' dir='ltr'><strong>insequente</strong></span> <span class='ocrx_word' id='word_1_148' title='bbox 3371 738 3571 793; x_wconf 84' lang='lat' dir='ltr'><strong>ﬂoruit.</strong></span> <span class='ocrx_word' id='word_1_149' title='bbox 3603 756 3622 790; x_wconf 74' lang='grc' dir='ltr'>ι</span> <span class='ocrx_word' id='word_1_150' title='bbox 3653 737 3766 794; x_wconf 89' lang='lat' dir='ltr'><strong>Cur</strong></span> <span class='ocrx_word' id='word_1_151' title='bbox 3795 740 3895 812; x_wconf 81' lang='lat' dir='ltr'><strong>igi-</strong></span> 
     </span>
    </p>
   </div>
   <div class='ocr_carea' id='block_1_22' title="bbox 2289 828 3896 906">
    <p class='ocr_par' dir='ltr' id='par_1_22' title="bbox 2289 828 3896 906">
     <span class='ocr_line' id='line_1_22' title="bbox 2289 828 3896 906; baseline 0.004 -23"><span class='ocrx_word' id='word_1_152' title='bbox 2289 838 2391 895; x_wconf 88' lang='lat' dir='ltr'><strong>tur,</strong></span> <span class='ocrx_word' id='word_1_153' title='bbox 2425 829 2629 898; x_wconf 89' lang='lat' dir='ltr'><strong>inquit,</strong></span> <span class='ocrx_word' id='word_1_154' title='bbox 2658 828 3112 900; x_wconf 79' lang='lat' dir='ltr'><strong>Sympmnianum</strong></span> <span class='ocrx_word' id='word_1_155' title='bbox 3129 830 3410 902; x_wconf 80' lang='lat' dir='ltr'><strong>alloquens</strong></span> <span class='ocrx_word' id='word_1_156' title='bbox 3435 831 3540 906; x_wconf 83' lang='lat'>(5),</span> <span class='ocrx_word' id='word_1_157' title='bbox 3563 832 3896 890; x_wconf 82' lang='lat' dir='ltr'><strong>Novatianus</strong></span> 
     </span>
    </p>
   </div>
   <div class='ocr_carea' id='block_1_23' title="bbox 2289 921 3896 996">
    <p class='ocr_par' dir='ltr' id='par_1_23' title="bbox 2289 921 3896 996">
     <span class='ocr_line' id='line_1_23' title="bbox 2289 921 3896 996; baseline 0.004 -20"><span class='ocrx_word' id='word_1_158' title='bbox 2289 930 2444 987; x_wconf 90' lang='lat' dir='ltr'><strong>tuus,</strong></span> <span class='ocrx_word' id='word_1_159' title='bbox 2479 933 2547 976; x_wconf 89' lang='lat' dir='ltr'><strong>ne</strong></span> <span class='ocrx_word' id='word_1_160' title='bbox 2569 921 2705 977; x_wconf 82' lang='lat' dir='ltr'><strong>falso</strong></span> <span class='ocrx_word' id='word_1_161' title='bbox 2737 923 2956 993; x_wconf 86' lang='lat' dir='ltr'><strong>quidem</strong></span> <span class='ocrx_word' id='word_1_162' title='bbox 3005 923 3182 979; x_wconf 89' lang='lat' dir='ltr'><strong>adhuc</strong></span> <span class='ocrx_word' id='word_1_163' title='bbox 3228 924 3541 995; x_wconf 85' lang='lat' dir='ltr'><strong>episcopatu</strong></span> <span class='ocrx_word' id='word_1_164' title='bbox 3593 926 3850 983; x_wconf 88' lang='lat' dir='ltr'><strong>sacerdos</strong></span> <span class='ocrx_word' id='word_1_165' title='bbox 3877 967 3896 996; x_wconf 89' lang='lat'><strong>,</strong></span> 
     </span>
    </p>
   </div>
   <div class='ocr_carea' id='block_1_24' title="bbox 2288 1014 3891 1087">
    <p class='ocr_par' dir='ltr' id='par_1_24' title="bbox 2288 1014 3891 1087">
     <span class='ocr_line' id='line_1_24' title="bbox 2288 1014 3891 1087; baseline 0.003 -19"><span class='ocrx_word' id='word_1_166' title='bbox 2288 1014 2446 1084; x_wconf 83' lang='lat' dir='ltr'><strong>longe</strong></span> <span class='ocrx_word' id='word_1_167' title='bbox 2474 1024 2598 1071; x_wconf 87' lang='lat' dir='ltr'><strong>ante</strong></span> <span class='ocrx_word' id='word_1_168' title='bbox 2637 1030 2795 1084; x_wconf 84' lang='lat' dir='ltr'><strong>quant</strong></span> <span class='ocrx_word' id='word_1_169' title='bbox 2825 1014 3109 1071; x_wconf 85' lang='lat' dir='ltr'><strong>Cornelius</strong></span> <span class='ocrx_word' id='word_1_170' title='bbox 3145 1015 3443 1087; x_wconf 86' lang='lat' dir='ltr'><strong>Episcopus</strong></span> <span class='ocrx_word' id='word_1_171' title='bbox 3489 1018 3678 1086; x_wconf 87' lang='lat' dir='ltr'><strong>ﬁeret,</strong></span> <span class='ocrx_word' id='word_1_172' title='bbox 3707 1029 3834 1075; x_wconf 88' lang='lat' dir='ltr'><strong>ante</strong></span> <span class='ocrx_word' id='word_1_173' title='bbox 3870 1037 3891 1073; x_wconf 72' lang='grc' dir='ltr'>ι</span> 
     </span>
    </p>
   </div>
   <div class='ocr_carea' id='block_1_25' title="bbox 2289 1109 3904 1184">
    <p class='ocr_par' dir='ltr' id='par_1_25' title="bbox 2289 1109 3904 1184">
     <span class='ocr_line' id='line_1_25' title="bbox 2289 1109 3904 1184; baseline 0.004 -22"><span class='ocrx_word' id='word_1_174' title='bbox 2289 1119 2446 1177; x_wconf 90' lang='lat' dir='ltr'><strong>quam</strong></span> <span class='ocrx_word' id='word_1_175' title='bbox 2492 1109 2797 1164; x_wconf 80' lang='lat' dir='ltr'><strong>sacerdotio</strong></span> <span class='ocrx_word' id='word_1_176' title='bbox 2836 1109 2980 1164; x_wconf 86' lang='lat' dir='ltr'><strong>illius</strong></span> <span class='ocrx_word' id='word_1_177' title='bbox 3023 1109 3325 1176; x_wconf 86' lang='lat' dir='ltr'><strong>invideret,</strong></span> <span class='ocrx_word' id='word_1_178' title='bbox 3377 1110 3493 1166; x_wconf 67' lang='lat' dir='ltr'><strong>haec</strong></span> <span class='ocrx_word' id='word_1_179' title='bbox 3531 1113 3742 1167; x_wconf 69' lang='lat' dir='ltr'><strong>suasit!</strong></span> <span class='ocrx_word' id='word_1_180' title='bbox 3775 1113 3795 1184; x_wconf 85' lang='lat'><strong>(</strong></span> <span class='ocrx_word' id='word_1_181' title='bbox 3823 1112 3904 1170; x_wconf 86' lang='lat' dir='ltr'><strong>de</strong></span> 
     </span>
    </p>
   </div>
   <div class='ocr_carea' id='block_1_26' title="bbox 2290 1202 3900 1279">
    <p class='ocr_par' dir='ltr' id='par_1_26' title="bbox 2290 1202 3900 1279">
     <span class='ocr_line' id='line_1_26' title="bbox 2290 1202 3900 1279; baseline 0.003 -22"><span class='ocrx_word' id='word_1_182' title='bbox 2290 1204 2453 1274; x_wconf 85' lang='lat' dir='ltr'><strong>lapsis</strong></span> <span class='ocrx_word' id='word_1_183' title='bbox 2484 1205 2808 1275; x_wconf 83' lang='lat' dir='ltr'><strong>recipiendis</strong></span> <span class='ocrx_word' id='word_1_184' title='bbox 2838 1202 2857 1275; x_wconf 91' lang='lat'><strong>)</strong></span> <span class='ocrx_word' id='word_1_185' title='bbox 2893 1221 2912 1257; x_wconf 74' lang='grc' dir='ltr'>ι</span> <span class='ocrx_word' id='word_1_186' title='bbox 2949 1204 3116 1262; x_wconf 82' lang='lat' dir='ltr'><strong>habes</strong></span> <span class='ocrx_word' id='word_1_187' title='bbox 3141 1204 3395 1279; x_wconf 82' lang='lat' dir='ltr'><strong>Cypriani</strong></span> <span class='ocrx_word' id='word_1_188' title='bbox 3449 1207 3900 1262; x_wconf 82' lang='lat' dir='ltr'><strong>testimonium...</strong></span> 
     </span>
    </p>
   </div>
   <div class='ocr_carea' id='block_1_27' title="bbox 2289 1296 3897 1369">
    <p class='ocr_par' dir='ltr' id='par_1_27' title="bbox 2289 1296 3897 1369">
     <span class='ocr_line' id='line_1_27' title="bbox 2289 1296 3897 1369; baseline 0.002 -18"><span class='ocrx_word' id='word_1_189' title='bbox 2289 1296 2423 1352; x_wconf 86' lang='lat' dir='ltr'><strong>Nam</strong></span> <span class='ocrx_word' id='word_1_190' title='bbox 2449 1299 2681 1369; x_wconf 85' lang='lat' dir='ltr'><strong>quodam</strong></span> <span class='ocrx_word' id='word_1_191' title='bbox 2715 1299 2767 1352; x_wconf 91' lang='lat' dir='ltr'><strong>in</strong></span> <span class='ocrx_word' id='word_1_192' title='bbox 2816 1298 2936 1353; x_wconf 89' lang='lat' dir='ltr'><strong>loco</strong></span> <span class='ocrx_word' id='word_1_193' title='bbox 2981 1299 3197 1368; x_wconf 86' lang='lat' dir='ltr'><strong>scripsit</strong></span> <span class='ocrx_word' id='word_1_194' title='bbox 3227 1315 3241 1352; x_wconf 88' lang='lat'><strong>:</strong></span> <span class='ocrx_word' id='word_1_195' title='bbox 3273 1313 3511 1354; x_wconf 66' lang='lat' dir='ltr'><strong>anon-utr</strong></span> <span class='ocrx_word' id='word_1_196' title='bbox 3550 1313 3649 1354; x_wconf 75' lang='lat' dir='ltr'><strong>cs&#39;r</strong></span> <span class='ocrx_word' id='word_1_197' title='bbox 3692 1315 3857 1354; x_wconf 75' lang='grc' dir='ltr'><strong>ετωι</strong></span> <span class='ocrx_word' id='word_1_198' title='bbox 3879 1344 3897 1368; x_wconf 88' lang='grc'><strong>,</strong></span> 
     </span>
    </p>
   </div>
   <div class='ocr_carea' id='block_1_28' title="bbox 2291 1393 3907 1464">
    <p class='ocr_par' dir='ltr' id='par_1_28' title="bbox 2291 1393 3907 1464">
     <span class='ocr_line' id='line_1_28' title="bbox 2291 1393 3907 1464; baseline 0.002 -18"><span class='ocrx_word' id='word_1_199' title='bbox 2291 1406 2601 1448; x_wconf 63' lang='grc' dir='ltr'><strong>ΝονΑτιΑΝο</strong></span> <span class='ocrx_word' id='word_1_200' title='bbox 2642 1407 2780 1446; x_wconf 78' lang='lat' dir='ltr'><strong>TUNC</strong></span> <span class='ocrx_word' id='word_1_201' title='bbox 2820 1407 3131 1447; x_wconf 74' lang='lat' dir='ltr'><strong>semesum.</strong></span> <span class='ocrx_word' id='word_1_202' title='bbox 3159 1411 3178 1442; x_wconf 75' lang='grc' dir='ltr'><strong><em>ι</em></strong></span> <span class='ocrx_word' id='word_1_203' title='bbox 3228 1393 3296 1448; x_wconf 87' lang='lat' dir='ltr'><strong>Et</strong></span> <span class='ocrx_word' id='word_1_204' title='bbox 3341 1403 3538 1449; x_wconf 73' lang='lat' dir='ltr'><strong>caetera</strong></span> <span class='ocrx_word' id='word_1_205' title='bbox 3591 1407 3712 1464; x_wconf 69' lang='lat' dir='ltr'><strong>qua:</strong></span> <span class='ocrx_word' id='word_1_206' title='bbox 3739 1393 3907 1450; x_wconf 89' lang='lat' dir='ltr'><strong>modo</strong></span> 
     </span>
    </p>
   </div>
   <div class='ocr_carea' id='block_1_29' title="bbox 2289 1479 3883 1556">
    <p class='ocr_par' dir='ltr' id='par_1_29' title="bbox 2289 1479 3883 1556">
     <span class='ocr_line' id='line_1_29' title="bbox 2289 1479 3883 1556; baseline -0.001 -14"><span class='ocrx_word' id='word_1_207' title='bbox 2289 1501 2353 1542; x_wconf 81' lang='lat' dir='ltr'><strong>ex</strong></span> <span class='ocrx_word' id='word_1_208' title='bbox 2400 1484 2670 1556; x_wconf 84' lang='lat' dir='ltr'><strong>Cypriano</strong></span> <span class='ocrx_word' id='word_1_209' title='bbox 2691 1484 2994 1540; x_wconf 89' lang='lat' dir='ltr'><strong>retulimus.</strong></span> <span class='ocrx_word' id='word_1_210' title='bbox 3035 1479 3236 1542; x_wconf 88' lang='lat' dir='ltr'><strong>Deinde</strong></span> <span class='ocrx_word' id='word_1_211' title='bbox 3261 1485 3483 1542; x_wconf 88' lang='lat' dir='ltr'><strong>subdit:</strong></span> <span class='ocrx_word' id='word_1_212' title='bbox 3533 1501 3553 1537; x_wconf 85' lang='lat' dir='ltr'><strong>t</strong></span> <span class='ocrx_word' id='word_1_213' title='bbox 3595 1486 3738 1554; x_wconf 81' lang='lat' dir='ltr'><strong>Quid</strong></span> <span class='ocrx_word' id='word_1_214' title='bbox 3783 1486 3883 1554; x_wconf 87' lang='lat' dir='ltr'><strong>ais,</strong></span> 
     </span>
    </p>
   </div>
   <div class='ocr_carea' id='block_1_30' title="bbox 2291 1576 3908 1651">
    <p class='ocr_par' dir='ltr' id='par_1_30' title="bbox 2291 1576 3908 1651">
     <span class='ocr_line' id='line_1_30' title="bbox 2291 1576 3908 1651; baseline 0 -17"><span class='ocrx_word' id='word_1_215' title='bbox 2291 1578 2688 1651; x_wconf 87' lang='lat' dir='ltr'><strong>Symproniane</strong></span> <span class='ocrx_word' id='word_1_216' title='bbox 2735 1576 2949 1633; x_wconf 80' lang='lat' dir='ltr'><strong>ft-ater?</strong></span> <span class='ocrx_word' id='word_1_217' title='bbox 2995 1577 3328 1634; x_wconf 83' lang='lat' dir='ltr'><strong>Novatianus</strong></span> <span class='ocrx_word' id='word_1_218' title='bbox 3384 1578 3503 1634; x_wconf 64' lang='lat' dir='ltr'><strong>hate</strong></span> <span class='ocrx_word' id='word_1_219' title='bbox 3545 1577 3800 1648; x_wconf 86' lang='lat' dir='ltr'><strong>scripsit,</strong></span> <span class='ocrx_word' id='word_1_220' title='bbox 3848 1587 3908 1634; x_wconf 89' lang='lat' dir='ltr'><strong>et</strong></span> 
     </span>
    </p>
   </div>
   <div class='ocr_carea' id='block_1_31' title="bbox 2292 1669 3905 1742">
    <p class='ocr_par' dir='ltr' id='par_1_31' title="bbox 2292 1669 3905 1742">
     <span class='ocr_line' id='line_1_31' title="bbox 2292 1669 3905 1742; baseline 0.001 -17"><span class='ocrx_word' id='word_1_221' title='bbox 2292 1681 2350 1725; x_wconf 91' lang='lat' dir='ltr'><strong>ut</strong></span> <span class='ocrx_word' id='word_1_222' title='bbox 2402 1671 2721 1741; x_wconf 83' lang='lat' dir='ltr'><strong>obsequium</strong></span> <span class='ocrx_word' id='word_1_223' title='bbox 2783 1685 2946 1725; x_wconf 78' lang='lat' dir='ltr'><strong>mera:</strong></span> <span class='ocrx_word' id='word_1_224' title='bbox 2981 1669 3279 1726; x_wconf 84' lang='lat' dir='ltr'><strong>voluntatis</strong></span> <span class='ocrx_word' id='word_1_225' title='bbox 3337 1670 3693 1742; x_wconf 81' lang='lat' dir='ltr'><strong>adjungeret,</strong></span> <span class='ocrx_word' id='word_1_226' title='bbox 3739 1672 3905 1727; x_wconf 85' lang='lat' dir='ltr'><strong>etiam</strong></span> 
     </span>
    </p>
   </div>
   <div class='ocr_carea' id='block_1_32' title="bbox 2291 1762 3907 1834">
    <p class='ocr_par' dir='ltr' id='par_1_32' title="bbox 2291 1762 3907 1834">
     <span class='ocr_line' id='line_1_32' title="bbox 2291 1762 3907 1834; baseline 0 -16"><span class='ocrx_word' id='word_1_227' title='bbox 2291 1764 2490 1834; x_wconf 88' lang='lat' dir='ltr'><strong>scripta</strong></span> <span class='ocrx_word' id='word_1_228' title='bbox 2525 1762 2788 1818; x_wconf 88' lang='lat' dir='ltr'><strong>recitavit.</strong></span> <span class='ocrx_word' id='word_1_229' title='bbox 2823 1762 3000 1818; x_wconf 87' lang='lat' dir='ltr'><strong>Testis</strong></span> <span class='ocrx_word' id='word_1_230' title='bbox 3049 1772 3133 1818; x_wconf 86' lang='lat' dir='ltr'><strong>est</strong></span> <span class='ocrx_word' id='word_1_231' title='bbox 3178 1764 3297 1832; x_wconf 87' lang='lat' dir='ltr'><strong>ejus</strong></span> <span class='ocrx_word' id='word_1_232' title='bbox 3330 1763 3552 1828; x_wconf 79' lang='lat' dir='ltr'><strong>dextra;</strong></span> <span class='ocrx_word' id='word_1_233' title='bbox 3586 1763 3763 1830; x_wconf 75' lang='lat' dir='ltr'><strong>testis,</strong></span> <span class='ocrx_word' id='word_1_234' title='bbox 3786 1779 3907 1832; x_wconf 69' lang='lat' dir='ltr'><strong>quae</strong></span> 
     </span>
    </p>
   </div>
   <div class='ocr_carea' id='block_1_33' title="bbox 589 1855 3907 1937">
    <p class='ocr_par' dir='ltr' id='par_1_33' title="bbox 589 1855 3907 1937">
     <span class='ocr_line' id='line_1_33' title="bbox 589 1855 3907 1937; baseline -0.001 -24"><span class='ocrx_word' id='word_1_235' title='bbox 589 1857 914 1937; x_wconf 84' lang='lat' dir='ltr'><strong>consistant;</strong></span> <span class='ocrx_word' id='word_1_236' title='bbox 945 1857 1070 1913; x_wconf 88' lang='lat' dir='ltr'><strong>hinc</strong></span> <span class='ocrx_word' id='word_1_237' title='bbox 1091 1868 1269 1912; x_wconf 92' lang='lat' dir='ltr'><strong>autem</strong></span> <span class='ocrx_word' id='word_1_238' title='bbox 1292 1857 1482 1926; x_wconf 87' lang='lat' dir='ltr'><strong>arripit</strong></span> <span class='ocrx_word' id='word_1_239' title='bbox 1501 1856 1864 1920; x_wconf 84' lang='lat' dir='ltr'><strong>occasionem,</strong></span> <span class='ocrx_word' id='word_1_240' title='bbox 1893 1855 2186 1910; x_wconf 88' lang='lat' dir='ltr'><strong>nonnullos</strong></span> <span class='ocrx_word' id='word_1_241' title='bbox 2216 1862 2264 1922; x_wconf 87' lang='lat' dir='ltr'><strong>B</strong></span> <span class='ocrx_word' id='word_1_242' title='bbox 2293 1859 2541 1928; x_wconf 84' lang='lat' dir='ltr'><strong>scripsit,</strong></span> <span class='ocrx_word' id='word_1_243' title='bbox 2602 1870 2828 1926; x_wconf 87' lang='lat' dir='ltr'><strong>manus;</strong></span> <span class='ocrx_word' id='word_1_244' title='bbox 2865 1857 3018 1912; x_wconf 86' lang='lat' dir='ltr'><strong>testis</strong></span> <span class='ocrx_word' id='word_1_245' title='bbox 3074 1856 3284 1928; x_wconf 78' lang='lat' dir='ltr'><strong>lingua,</strong></span> <span class='ocrx_word' id='word_1_246' title='bbox 3339 1872 3460 1928; x_wconf 67' lang='lat' dir='ltr'><strong>quae</strong></span> <span class='ocrx_word' id='word_1_247' title='bbox 3513 1856 3666 1927; x_wconf 88' lang='lat' dir='ltr'><strong>legit.</strong></span> <span class='ocrx_word' id='word_1_248' title='bbox 3714 1855 3907 1912; x_wconf 76' lang='lat' dir='ltr'><strong>Adhuc</strong></span> 
     </span>
    </p>
   </div>
   <div class='ocr_carea' id='block_1_34' title="bbox 587 1947 2186 2022">
    <p class='ocr_par' dir='ltr' id='par_1_34' title="bbox 587 1947 2186 2022">
     <span class='ocr_line' id='line_1_34' title="bbox 587 1947 2186 2022; baseline -0.004 -16"><span class='ocrx_word' id='word_1_249' title='bbox 587 1951 924 2006; x_wconf 88' lang='lat' dir='ltr'><strong>Christianos</strong></span> <span class='ocrx_word' id='word_1_250' title='bbox 966 1951 1391 2022; x_wconf 87' lang='lat' dir='ltr'><strong>intemperanter</strong></span> <span class='ocrx_word' id='word_1_251' title='bbox 1436 1950 1675 2005; x_wconf 74' lang='lat' dir='ltr'><strong>viventes</strong></span> <span class='ocrx_word' id='word_1_252' title='bbox 1728 1947 2186 2019; x_wconf 88' lang='lat' dir='ltr'><strong>reprehendendi.</strong></span> 
     </span>
    </p>
   </div>
   <div class='ocr_carea' id='block_1_35' title="bbox 589 2041 2189 2115">
    <p class='ocr_par' dir='ltr' id='par_1_35' title="bbox 589 2041 2189 2115">
     <span class='ocr_line' id='line_1_35' title="bbox 589 2041 2189 2115; baseline -0.005 -12"><span class='ocrx_word' id='word_1_253' title='bbox 589 2048 856 2103; x_wconf 86' lang='lat' dir='ltr'><strong>Observat</strong></span> <span class='ocrx_word' id='word_1_254' title='bbox 893 2045 996 2100; x_wconf 87' lang='lat' dir='ltr'><strong>hoc</strong></span> <span class='ocrx_word' id='word_1_255' title='bbox 1021 2060 1141 2101; x_wconf 85' lang='lat' dir='ltr'><strong>esse</strong></span> <span class='ocrx_word' id='word_1_256' title='bbox 1174 2059 1394 2115; x_wconf 86' lang='lat' dir='ltr'><strong>prorsus</strong></span> <span class='ocrx_word' id='word_1_257' title='bbox 1425 2044 1701 2115; x_wconf 85' lang='lat' dir='ltr'><strong>indignum</strong></span> <span class='ocrx_word' id='word_1_258' title='bbox 1735 2041 2046 2097; x_wconf 83' lang='lat' dir='ltr'><strong>hominibus</strong></span> <span class='ocrx_word' id='word_1_259' title='bbox 2097 2041 2189 2111; x_wconf 89' lang='lat' dir='ltr'><strong>qui</strong></span> 
     </span>
    </p>
   </div>
   <div class='ocr_carea' id='block_1_36' title="bbox 589 2138 2190 2212">
    <p class='ocr_par' dir='ltr' id='par_1_36' title="bbox 589 2138 2190 2212">
     <span class='ocr_line' id='line_1_36' title="bbox 589 2138 2190 2212; baseline -0.004 -14"><span class='ocrx_word' id='word_1_260' title='bbox 589 2142 680 2198; x_wconf 90' lang='lat' dir='ltr'><strong>diu</strong></span> <span class='ocrx_word' id='word_1_261' title='bbox 712 2150 980 2212; x_wconf 88' lang='lat' dir='ltr'><strong>noctuque</strong></span> <span class='ocrx_word' id='word_1_262' title='bbox 1008 2155 1164 2194; x_wconf 88' lang='lat' dir='ltr'><strong>orare</strong></span> <span class='ocrx_word' id='word_1_263' title='bbox 1197 2139 1417 2195; x_wconf 89' lang='lat' dir='ltr'><strong>debent.</strong></span> <span class='ocrx_word' id='word_1_264' title='bbox 1455 2139 1694 2208; x_wconf 84' lang='lat' dir='ltr'><strong>Denique</strong></span> <span class='ocrx_word' id='word_1_265' title='bbox 1719 2138 1785 2194; x_wconf 91' lang='lat' dir='ltr'><strong>de</strong></span> <span class='ocrx_word' id='word_1_266' title='bbox 1811 2151 2037 2193; x_wconf 86' lang='lat' dir='ltr'><strong>numero</strong></span> <span class='ocrx_word' id='word_1_267' title='bbox 2067 2152 2190 2192; x_wconf 85' lang='lat' dir='ltr'><strong>car-</strong></span> 
     </span>
    </p>
   </div>
   <div class='ocr_carea' id='block_1_37' title="bbox 592 2231 2188 2306">
    <p class='ocr_par' dir='ltr' id='par_1_37' title="bbox 592 2231 2188 2306">
     <span class='ocr_line' id='line_1_37' title="bbox 592 2231 2188 2306; baseline -0.005 -14"><span class='ocrx_word' id='word_1_268' title='bbox 592 2236 761 2302; x_wconf 87' lang='lat' dir='ltr'><strong>nium,</strong></span> <span class='ocrx_word' id='word_1_269' title='bbox 789 2235 984 2306; x_wconf 87' lang='lat' dir='ltr'><strong>quibus</strong></span> <span class='ocrx_word' id='word_1_270' title='bbox 1012 2235 1157 2289; x_wconf 89' lang='lat' dir='ltr'><strong>vesci</strong></span> <span class='ocrx_word' id='word_1_271' title='bbox 1191 2232 1273 2288; x_wconf 82' lang='lat' dir='ltr'><strong>fas</strong></span> <span class='ocrx_word' id='word_1_272' title='bbox 1300 2243 1382 2287; x_wconf 86' lang='lat' dir='ltr'><strong>est</strong></span> <span class='ocrx_word' id='word_1_273' title='bbox 1401 2275 1415 2299; x_wconf 91' lang='lat'><strong>,</strong></span> <span class='ocrx_word' id='word_1_274' title='bbox 1441 2232 1598 2287; x_wconf 89' lang='lat' dir='ltr'><strong>idolis</strong></span> <span class='ocrx_word' id='word_1_275' title='bbox 1618 2232 1946 2288; x_wconf 86' lang='lat' dir='ltr'><strong>sacriﬁeatas</strong></span> <span class='ocrx_word' id='word_1_276' title='bbox 1971 2231 2188 2301; x_wconf 77' lang='lat' dir='ltr'><strong>excipit,</strong></span> 
     </span>
    </p>
   </div>
   <div class='ocr_carea' id='block_1_38' title="bbox 589 2327 2195 2402">
    <p class='ocr_par' dir='ltr' id='par_1_38' title="bbox 589 2327 2195 2402">
     <span class='ocr_line' id='line_1_38' title="bbox 589 2327 2195 2402; baseline -0.002 -17"><span class='ocrx_word' id='word_1_277' title='bbox 589 2331 781 2402; x_wconf 87' lang='lat' dir='ltr'><strong>quibus</strong></span> <span class='ocrx_word' id='word_1_278' title='bbox 812 2328 971 2401; x_wconf 85' lang='lat' dir='ltr'><strong>primi</strong></span> <span class='ocrx_word' id='word_1_279' title='bbox 997 2327 1289 2384; x_wconf 82' lang='lat' dir='ltr'><strong>Christiani</strong></span> <span class='ocrx_word' id='word_1_280' title='bbox 1315 2329 1544 2384; x_wconf 86' lang='lat' dir='ltr'><strong>sollicite</strong></span> <span class='ocrx_word' id='word_1_281' title='bbox 1574 2328 1949 2395; x_wconf 81' lang='lat' dir='ltr'><strong>abstinebant,</strong></span> <span class='ocrx_word' id='word_1_282' title='bbox 2002 2328 2195 2398; x_wconf 88' lang='lat' dir='ltr'><strong>hisque</strong></span> 
     </span>
    </p>
   </div>
   <div class='ocr_carea' id='block_1_39' title="bbox 591 2422 2192 2495">
    <p class='ocr_par' dir='ltr' id='par_1_39' title="bbox 591 2422 2192 2495">
     <span class='ocr_line' id='line_1_39' title="bbox 591 2422 2192 2495; baseline -0.001 -17"><span class='ocrx_word' id='word_1_283' title='bbox 591 2426 773 2481; x_wconf 89' lang='lat' dir='ltr'><strong>verbis</strong></span> <span class='ocrx_word' id='word_1_284' title='bbox 794 2465 808 2490; x_wconf 90' lang='lat'><strong>,</strong></span> <span class='ocrx_word' id='word_1_285' title='bbox 837 2439 958 2495; x_wconf 75' lang='lat' dir='ltr'><strong>qum</strong></span> <span class='ocrx_word' id='word_1_286' title='bbox 989 2425 1153 2479; x_wconf 89' lang='lat' dir='ltr'><strong>totius</strong></span> <span class='ocrx_word' id='word_1_287' title='bbox 1179 2424 1297 2493; x_wconf 81' lang='lat' dir='ltr'><strong>ejus</strong></span> <span class='ocrx_word' id='word_1_288' title='bbox 1324 2423 1590 2479; x_wconf 80' lang='lat' dir='ltr'><strong>sermonis</strong></span> <span class='ocrx_word' id='word_1_289' title='bbox 1621 2430 1745 2477; x_wconf 91' lang='lat' dir='ltr'><strong>sunt</strong></span> <span class='ocrx_word' id='word_1_290' title='bbox 1772 2422 2154 2492; x_wconf 83' lang='lat' dir='ltr'><strong>compendium</strong></span> <span class='ocrx_word' id='word_1_291' title='bbox 2177 2464 2192 2487; x_wconf 93' lang='lat'><strong>,</strong></span> 
     </span>
    </p>
   </div>
   <div class='ocr_carea' id='block_1_40' title="bbox 589 2503 2197 2588">
    <p class='ocr_par' dir='ltr' id='par_1_40' title="bbox 589 2503 2197 2588">
     <span class='ocr_line' id='line_1_40' title="bbox 589 2503 2197 2588; baseline -0.002 -17"><span class='ocrx_word' id='word_1_292' title='bbox 589 2517 856 2573; x_wconf 82' lang='lat' dir='ltr'><strong>absolvit:</strong></span> <span class='ocrx_word' id='word_1_293' title='bbox 897 2535 917 2568; x_wconf 73' lang='grc' dir='ltr'>ι</span> <span class='ocrx_word' id='word_1_294' title='bbox 949 2513 1114 2588; x_wconf 89' lang='lat' dir='ltr'><strong>Igitur</strong></span> <span class='ocrx_word' id='word_1_295' title='bbox 1161 2517 1409 2571; x_wconf 89' lang='lat' dir='ltr'><strong>carnium</strong></span> <span class='ocrx_word' id='word_1_296' title='bbox 1466 2527 1656 2571; x_wconf 88' lang='lat' dir='ltr'><strong>natura</strong></span> <span class='ocrx_word' id='word_1_297' title='bbox 1713 2515 2008 2585; x_wconf 84' lang='lat' dir='ltr'><strong>explicata,</strong></span> <span class='ocrx_word' id='word_1_298' title='bbox 2060 2503 2197 2583; x_wconf 83' lang='lat' dir='ltr'><strong>legis</strong></span> 
     </span>
    </p>
   </div>
   <div class='ocr_carea' id='block_1_41' title="bbox 594 2605 2198 2681">
    <p class='ocr_par' dir='ltr' id='par_1_41' title="bbox 594 2605 2198 2681">
     <span class='ocr_line' id='line_1_41' title="bbox 594 2605 2198 2681; baseline -0.004 -15"><span class='ocrx_word' id='word_1_299' title='bbox 594 2611 758 2666; x_wconf 85' lang='lat' dir='ltr'><strong>Mosis</strong></span> <span class='ocrx_word' id='word_1_300' title='bbox 784 2625 1008 2681; x_wconf 88' lang='lat' dir='ltr'><strong>scopum</strong></span> <span class='ocrx_word' id='word_1_301' title='bbox 1035 2609 1273 2673; x_wconf 83' lang='lat' dir='ltr'><strong>exhibet,</strong></span> <span class='ocrx_word' id='word_1_302' title='bbox 1304 2619 1358 2665; x_wconf 91' lang='lat' dir='ltr'><strong>et</strong></span> <span class='ocrx_word' id='word_1_303' title='bbox 1388 2608 1627 2666; x_wconf 84' lang='lat' dir='ltr'><strong>ostendit</strong></span> <span class='ocrx_word' id='word_1_304' title='bbox 1663 2621 1782 2678; x_wconf 74' lang='lat' dir='ltr'><strong>qua:</strong></span> <span class='ocrx_word' id='word_1_305' title='bbox 1808 2607 1876 2662; x_wconf 87' lang='lat' dir='ltr'><strong>sit</strong></span> <span class='ocrx_word' id='word_1_306' title='bbox 1919 2605 2198 2676; x_wconf 82' lang='lat' dir='ltr'><strong>Evangelii</strong></span> 
     </span>
    </p>
   </div>
   <div class='ocr_carea' id='block_1_42' title="bbox 591 2701 2198 2774">
    <p class='ocr_par' dir='ltr' id='par_1_42' title="bbox 591 2701 2198 2774">
     <span class='ocr_line' id='line_1_42' title="bbox 591 2701 2198 2774; baseline -0.004 -14"><span class='ocrx_word' id='word_1_307' title='bbox 591 2705 832 2770; x_wconf 88' lang='lat' dir='ltr'><strong>libertas,</strong></span> <span class='ocrx_word' id='word_1_308' title='bbox 861 2701 1024 2760; x_wconf 86' lang='lat' dir='ltr'><strong>modo</strong></span> <span class='ocrx_word' id='word_1_309' title='bbox 1051 2714 1229 2759; x_wconf 89' lang='lat' dir='ltr'><strong>tanten</strong></span> <span class='ocrx_word' id='word_1_310' title='bbox 1251 2705 1622 2774; x_wconf 77' lang='lat' dir='ltr'><strong>temperantia:</strong></span> <span class='ocrx_word' id='word_1_311' title='bbox 1645 2702 1979 2767; x_wconf 88' lang='lat' dir='ltr'><strong>studeatnus,</strong></span> <span class='ocrx_word' id='word_1_312' title='bbox 1997 2707 2052 2755; x_wconf 91' lang='lat' dir='ltr'><strong>et</strong></span> <span class='ocrx_word' id='word_1_313' title='bbox 2077 2711 2198 2754; x_wconf 82' lang='lat' dir='ltr'><strong>car-</strong></span> 
     </span>
    </p>
   </div>
   <div class='ocr_carea' id='block_1_43' title="bbox 596 2795 2201 2868">
    <p class='ocr_par' dir='ltr' id='par_1_43' title="bbox 596 2795 2201 2868">
     <span class='ocr_line' id='line_1_43' title="bbox 596 2795 2201 2868; baseline -0.007 -10"><span class='ocrx_word' id='word_1_314' title='bbox 596 2803 758 2858; x_wconf 90' lang='lat' dir='ltr'><strong>nibus</strong></span> <span class='ocrx_word' id='word_1_315' title='bbox 786 2800 944 2856; x_wconf 87' lang='lat' dir='ltr'><strong>idolis</strong></span> <span class='ocrx_word' id='word_1_316' title='bbox 978 2795 1294 2855; x_wconf 86' lang='lat' dir='ltr'><strong>saerillcatis</strong></span> <span class='ocrx_word' id='word_1_317' title='bbox 1317 2799 1722 2863; x_wconf 77' lang='lat' dir='ltr'><strong>abstineamus;</strong></span> <span class='ocrx_word' id='word_1_318' title='bbox 1754 2796 1956 2868; x_wconf 82' lang='lat' dir='ltr'><strong>gratias</strong></span> <span class='ocrx_word' id='word_1_319' title='bbox 1980 2805 2201 2865; x_wconf 87' lang='lat' dir='ltr'><strong>agamus</strong></span> 
     </span>
    </p>
   </div>
   <div class='ocr_carea' id='block_1_44' title="bbox 594 2891 2197 2964">
    <p class='ocr_par' dir='ltr' id='par_1_44' title="bbox 594 2891 2197 2964">
     <span class='ocr_line' id='line_1_44' title="bbox 594 2891 2197 2964; baseline -0.005 -12"><span class='ocrx_word' id='word_1_320' title='bbox 594 2897 824 2952; x_wconf 88' lang='lat' dir='ltr'><strong>Domino</strong></span> <span class='ocrx_word' id='word_1_321' title='bbox 857 2904 1043 2952; x_wconf 89' lang='lat' dir='ltr'><strong>nostro</strong></span> <span class='ocrx_word' id='word_1_322' title='bbox 1073 2895 1200 2951; x_wconf 86' lang='lat' dir='ltr'><strong>Jesu</strong></span> <span class='ocrx_word' id='word_1_323' title='bbox 1230 2896 1468 2959; x_wconf 84' lang='lat' dir='ltr'><strong>Christo,</strong></span> <span class='ocrx_word' id='word_1_324' title='bbox 1501 2895 1617 2964; x_wconf 73' lang='lat' dir='ltr'><strong>eius</strong></span> <span class='ocrx_word' id='word_1_325' title='bbox 1649 2892 1807 2960; x_wconf 81' lang='lat' dir='ltr'><strong>Filio,</strong></span> <span class='ocrx_word' id='word_1_326' title='bbox 1858 2891 1944 2947; x_wconf 90' lang='lat' dir='ltr'><strong>cui</strong></span> <span class='ocrx_word' id='word_1_327' title='bbox 1987 2891 2162 2945; x_wconf 86' lang='lat' dir='ltr'><strong>Itonos</strong></span> <span class='ocrx_word' id='word_1_328' title='bbox 2183 2930 2197 2957; x_wconf 92' lang='lat'><strong>,</strong></span> 
     </span>
    </p>
   </div>
   <div class='ocr_carea' id='block_1_45' title="bbox 597 2985 1862 3063">
    <p class='ocr_par' dir='ltr' id='par_1_45' title="bbox 597 2985 1862 3063">
     <span class='ocr_line' id='line_1_45' title="bbox 597 2985 1862 3063; baseline -0.008 -15"><span class='ocrx_word' id='word_1_329' title='bbox 597 2993 744 3060; x_wconf 88' lang='lat' dir='ltr'><strong>laus,</strong></span> <span class='ocrx_word' id='word_1_330' title='bbox 773 3001 830 3048; x_wconf 89' lang='lat' dir='ltr'><strong>et</strong></span> <span class='ocrx_word' id='word_1_331' title='bbox 853 2992 1025 3063; x_wconf 86' lang='lat' dir='ltr'><strong>gloria</strong></span> <span class='ocrx_word' id='word_1_332' title='bbox 1055 2992 1109 3046; x_wconf 89' lang='lat' dir='ltr'><strong>in</strong></span> <span class='ocrx_word' id='word_1_333' title='bbox 1139 2991 1321 3046; x_wconf 86' lang='lat' dir='ltr'><strong>omnia</strong></span> <span class='ocrx_word' id='word_1_334' title='bbox 1359 2985 1576 3045; x_wconf 73' lang='lat' dir='ltr'><strong>saecula.</strong></span> <span class='ocrx_word' id='word_1_335' title='bbox 1609 2985 1803 3044; x_wconf 82' lang='lat' dir='ltr'><strong>Amen.</strong></span> <span class='ocrx_word' id='word_1_336' title='bbox 1844 3003 1862 3038; x_wconf 87' lang='grc'><strong>›</strong></span> 
     </span>
    </p>
   </div>
   <div class='ocr_carea' id='block_1_46' title="bbox 1188 3141 1593 3184">
    <p class='ocr_par' dir='ltr' id='par_1_46' title="bbox 1188 3141 1593 3184">
     <span class='ocr_line' id='line_1_46' title="bbox 1188 3141 1593 3184; baseline -0.007 -2"><span class='ocrx_word' id='word_1_337' title='bbox 1188 3141 1477 3184; x_wconf 75' lang='lat' dir='ltr'><strong>ARTICULUS</strong></span> <span class='ocrx_word' id='word_1_338' title='bbox 1517 3141 1571 3180; x_wconf 89' lang='lat' dir='ltr'><strong>IIl</strong></span> <span class='ocrx_word' id='word_1_339' title='bbox 1582 3165 1593 3178; x_wconf 86' lang='lat'><strong>.</strong></span> 
     </span>
    </p>
   </div>
   <div class='ocr_carea' id='block_1_47' title="bbox 2294 1949 3905 2020">
    <p class='ocr_par' dir='ltr' id='par_1_47' title="bbox 2294 1949 3905 2020">
     <span class='ocr_line' id='line_1_47' title="bbox 2294 1949 3905 2020; baseline -0.001 -15"><span class='ocrx_word' id='word_1_340' title='bbox 2294 1949 2609 2016; x_wconf 86' lang='lat' dir='ltr'><strong>Cornelius,</strong></span> <span class='ocrx_word' id='word_1_341' title='bbox 2654 1963 2752 2020; x_wconf 92' lang='lat' dir='ltr'><strong>pro</strong></span> <span class='ocrx_word' id='word_1_342' title='bbox 2800 1963 2909 2020; x_wconf 89' lang='lat' dir='ltr'><strong>quo</strong></span> <span class='ocrx_word' id='word_1_343' title='bbox 2965 1949 3144 2004; x_wconf 87' lang='lat' dir='ltr'><strong>omnis</strong></span> <span class='ocrx_word' id='word_1_344' title='bbox 3186 1950 3302 2005; x_wconf 81' lang='lat' dir='ltr'><strong>haec</strong></span> <span class='ocrx_word' id='word_1_345' title='bbox 3348 1959 3524 2004; x_wconf 79' lang='lat' dir='ltr'><strong>vestra</strong></span> <span class='ocrx_word' id='word_1_346' title='bbox 3556 1950 3736 2019; x_wconf 87' lang='lat' dir='ltr'><strong>erupit</strong></span> <span class='ocrx_word' id='word_1_347' title='bbox 3767 1949 3905 2004; x_wconf 82' lang='lat' dir='ltr'><strong>invi-</strong></span> 
     </span>
    </p>
   </div>
   <div class='ocr_carea' id='block_1_48' title="bbox 2295 2041 3910 2114">
    <p class='ocr_par' dir='ltr' id='par_1_48' title="bbox 2295 2041 3910 2114">
     <span class='ocr_line' id='line_1_48' title="bbox 2295 2041 3910 2114; baseline 0 -17"><span class='ocrx_word' id='word_1_348' title='bbox 2295 2044 2415 2110; x_wconf 90' lang='lat' dir='ltr'><strong>dia,</strong></span> <span class='ocrx_word' id='word_1_349' title='bbox 2464 2043 2755 2114; x_wconf 80' lang='lat' dir='ltr'><strong>episCOpus</strong></span> <span class='ocrx_word' id='word_1_350' title='bbox 2802 2059 2909 2098; x_wconf 87' lang='lat' dir='ltr'><strong>non</strong></span> <span class='ocrx_word' id='word_1_351' title='bbox 2962 2051 3101 2098; x_wconf 87' lang='lat' dir='ltr'><strong>erat.</strong></span> <span class='ocrx_word' id='word_1_352' title='bbox 3311 2041 3371 2098; x_wconf 88' lang='lat' dir='ltr'><strong>Si</strong></span> <span class='ocrx_word' id='word_1_353' title='bbox 3422 2042 3762 2112; x_wconf 69' lang='lat' dir='ltr'><strong>ptenitentite</strong></span> <span class='ocrx_word' id='word_1_354' title='bbox 3808 2059 3910 2097; x_wconf 86' lang='lat' dir='ltr'><strong>ne-</strong></span> 
     </span>
    </p>
   </div>
   <div class='ocr_carea' id='block_1_49' title="bbox 2298 2137 3911 2209">
    <p class='ocr_par' dir='ltr' id='par_1_49' title="bbox 2298 2137 3911 2209">
     <span class='ocr_line' id='line_1_49' title="bbox 2298 2137 3911 2209; baseline 0.001 -17"><span class='ocrx_word' id='word_1_355' title='bbox 2298 2137 2504 2209; x_wconf 85' lang='lat' dir='ltr'><strong>gandus</strong></span> <span class='ocrx_word' id='word_1_356' title='bbox 2555 2146 2641 2193; x_wconf 89' lang='lat' dir='ltr'><strong>est</strong></span> <span class='ocrx_word' id='word_1_357' title='bbox 2698 2138 2910 2204; x_wconf 88' lang='lat' dir='ltr'><strong>aditus,</strong></span> <span class='ocrx_word' id='word_1_358' title='bbox 2945 2137 3281 2192; x_wconf 84' lang='lat' dir='ltr'><strong>Novatianus</strong></span> <span class='ocrx_word' id='word_1_359' title='bbox 3308 2139 3361 2192; x_wconf 88' lang='lat' dir='ltr'><strong>in</strong></span> <span class='ocrx_word' id='word_1_360' title='bbox 3393 2137 3619 2194; x_wconf 86' lang='lat' dir='ltr'><strong>crimine</strong></span> <span class='ocrx_word' id='word_1_361' title='bbox 3647 2146 3766 2203; x_wconf 89' lang='lat' dir='ltr'><strong>est,</strong></span> <span class='ocrx_word' id='word_1_362' title='bbox 3810 2138 3911 2208; x_wconf 86' lang='lat' dir='ltr'><strong>qui</strong></span> 
     </span>
    </p>
   </div>
   <div class='ocr_carea' id='block_1_50' title="bbox 2302 2228 3912 2300">
    <p class='ocr_par' dir='ltr' id='par_1_50' title="bbox 2302 2228 3912 2300">
     <span class='ocr_line' id='line_1_50' title="bbox 2302 2228 3912 2300; baseline 0.001 -16"><span class='ocrx_word' id='word_1_363' title='bbox 2302 2233 2416 2285; x_wconf 80' lang='lat' dir='ltr'><strong>luce</strong></span> <span class='ocrx_word' id='word_1_364' title='bbox 2453 2230 2706 2300; x_wconf 84' lang='lat' dir='ltr'><strong>scripsit,</strong></span> <span class='ocrx_word' id='word_1_365' title='bbox 2762 2231 2962 2296; x_wconf 88' lang='lat' dir='ltr'><strong>suasit,</strong></span> <span class='ocrx_word' id='word_1_366' title='bbox 3011 2240 3067 2285; x_wconf 89' lang='lat' dir='ltr'><strong>et</strong></span> <span class='ocrx_word' id='word_1_367' title='bbox 3101 2229 3251 2299; x_wconf 86' lang='lat' dir='ltr'><strong>legit.</strong></span> <span class='ocrx_word' id='word_1_368' title='bbox 3310 2228 3414 2285; x_wconf 86' lang='lat' dir='ltr'><strong>Ubi</strong></span> <span class='ocrx_word' id='word_1_369' title='bbox 3459 2238 3582 2285; x_wconf 91' lang='lat' dir='ltr'><strong>tunc</strong></span> <span class='ocrx_word' id='word_1_370' title='bbox 3611 2229 3912 2300; x_wconf 80' lang='lat' dir='ltr'><strong>impatiens</strong></span> 
     </span>
    </p>
   </div>
   <div class='ocr_carea' id='block_1_51' title="bbox 2301 2321 3911 2392">
    <p class='ocr_par' dir='ltr' id='par_1_51' title="bbox 2301 2321 3911 2392">
     <span class='ocr_line' id='line_1_51' title="bbox 2301 2321 3911 2392; baseline 0 -15"><span class='ocrx_word' id='word_1_371' title='bbox 2301 2322 2488 2392; x_wconf 77' lang='lat' dir='ltr'><strong>rigor?</strong></span> <span class='ocrx_word' id='word_1_372' title='bbox 2515 2323 2602 2377; x_wconf 90' lang='lat' dir='ltr'><strong>ubi</strong></span> <span class='ocrx_word' id='word_1_373' title='bbox 2637 2323 2787 2376; x_wconf 82' lang='lat' dir='ltr'><strong>ferox</strong></span> <span class='ocrx_word' id='word_1_374' title='bbox 2813 2323 2903 2376; x_wconf 91' lang='lat' dir='ltr'><strong>illa</strong></span> <span class='ocrx_word' id='word_1_375' title='bbox 2932 2322 3202 2377; x_wconf 85' lang='lat' dir='ltr'><strong>censura?</strong></span> <span class='ocrx_word' id='word_1_376' title='bbox 3233 2322 3288 2377; x_wconf 88' lang='lat' dir='ltr'><strong>Si</strong></span> <span class='ocrx_word' id='word_1_377' title='bbox 3333 2337 3492 2378; x_wconf 90' lang='lat' dir='ltr'><strong>nemo</strong></span> <span class='ocrx_word' id='word_1_378' title='bbox 3521 2323 3672 2377; x_wconf 77' lang='lat' dir='ltr'><strong>vobis</strong></span> <span class='ocrx_word' id='word_1_379' title='bbox 3696 2321 3911 2377; x_wconf 84' lang='lat' dir='ltr'><strong>Corne-</strong></span> 
     </span>
    </p>
   </div>
   <div class='ocr_carea' id='block_1_52' title="bbox 2303 2413 3905 2488">
    <p class='ocr_par' dir='ltr' id='par_1_52' title="bbox 2303 2413 3905 2488">
     <span class='ocr_line' id='line_1_52' title="bbox 2303 2413 3905 2488; baseline 0 -20"><span class='ocrx_word' id='word_1_380' title='bbox 2303 2417 2430 2472; x_wconf 89' lang='lat' dir='ltr'><strong>lium</strong></span> <span class='ocrx_word' id='word_1_381' title='bbox 2462 2416 2815 2488; x_wconf 66' lang='lat' dir='ltr'><strong>prmtulissct,</strong></span> <span class='ocrx_word' id='word_1_382' title='bbox 2833 2425 3079 2470; x_wconf 84' lang='lat' dir='ltr'><strong>maneret</strong></span> <span class='ocrx_word' id='word_1_383' title='bbox 3105 2414 3196 2469; x_wconf 88' lang='lat' dir='ltr'><strong>illa</strong></span> <span class='ocrx_word' id='word_1_384' title='bbox 3223 2414 3512 2470; x_wconf 88' lang='lat' dir='ltr'><strong>scribentis</strong></span> <span class='ocrx_word' id='word_1_385' title='bbox 3533 2413 3851 2470; x_wconf 87' lang='lat' dir='ltr'><strong>auctoritas.</strong></span> <span class='ocrx_word' id='word_1_386' title='bbox 3882 2430 3905 2468; x_wconf 86' lang='grc'><strong>›</strong></span> 
     </span>
    </p>
   </div>
   <div class='ocr_carea' id='block_1_53' title="bbox 2305 2507 3205 2579">
    <p class='ocr_par' dir='ltr' id='par_1_53' title="bbox 2305 2507 3205 2579">
     <span class='ocr_line' id='line_1_53' title="bbox 2305 2507 3205 2579; baseline -0.007 -12"><span class='ocrx_word' id='word_1_387' title='bbox 2305 2514 2577 2568; x_wconf 87' lang='lat' dir='ltr'><strong>Ilactenus</strong></span> <span class='ocrx_word' id='word_1_388' title='bbox 2607 2523 2828 2565; x_wconf 88' lang='lat' dir='ltr'><strong>sanctus</strong></span> <span class='ocrx_word' id='word_1_389' title='bbox 2861 2509 2954 2564; x_wconf 89' lang='lat' dir='ltr'><strong>ille</strong></span> <span class='ocrx_word' id='word_1_390' title='bbox 2983 2507 3205 2579; x_wconf 68' lang='lat' dir='ltr'><strong>praesul.</strong></span> 
     </span>
    </p>
   </div>
   <div class='ocr_carea' id='block_1_54' title="bbox 2376 2603 3917 2676">
    <p class='ocr_par' dir='ltr' id='par_1_54' title="bbox 2376 2603 3917 2676">
     <span class='ocr_line' id='line_1_54' title="bbox 2376 2603 3917 2676; baseline -0.001 -14"><span class='ocrx_word' id='word_1_391' title='bbox 2376 2608 2451 2662; x_wconf 86' lang='lat' dir='ltr'><strong>Ex</strong></span> <span class='ocrx_word' id='word_1_392' title='bbox 2484 2606 2680 2676; x_wconf 86' lang='lat' dir='ltr'><strong>quibus</strong></span> <span class='ocrx_word' id='word_1_393' title='bbox 2730 2605 2981 2676; x_wconf 89' lang='lat' dir='ltr'><strong>equidem</strong></span> <span class='ocrx_word' id='word_1_394' title='bbox 3027 2604 3261 2659; x_wconf 87' lang='lat' dir='ltr'><strong>arbitror</strong></span> <span class='ocrx_word' id='word_1_395' title='bbox 3310 2603 3446 2659; x_wconf 84' lang='lat' dir='ltr'><strong>satis</strong></span> <span class='ocrx_word' id='word_1_396' title='bbox 3497 2617 3620 2660; x_wconf 82' lang='lat' dir='ltr'><strong>esse</strong></span> <span class='ocrx_word' id='word_1_397' title='bbox 3663 2619 3917 2674; x_wconf 86' lang='lat' dir='ltr'><strong>comper-</strong></span> 
     </span>
    </p>
   </div>
   <div class='ocr_carea' id='block_1_55' title="bbox 2306 2689 4000 2765">
    <p class='ocr_par' dir='ltr' id='par_1_55' title="bbox 2306 2689 4000 2765">
     <span class='ocr_line' id='line_1_55' title="bbox 2306 2689 4000 2765; baseline -0.001 -11"><span class='ocrx_word' id='word_1_398' title='bbox 2306 2709 2415 2754; x_wconf 89' lang='lat' dir='ltr'><strong>tutn</strong></span> <span class='ocrx_word' id='word_1_399' title='bbox 2440 2743 2453 2765; x_wconf 92' lang='lat'><strong>,</strong></span> <span class='ocrx_word' id='word_1_400' title='bbox 2489 2700 2865 2753; x_wconf 87' lang='lat' dir='ltr'><strong>incunctanter</strong></span> <span class='ocrx_word' id='word_1_401' title='bbox 2909 2689 3209 2752; x_wconf 82' lang='lat' dir='ltr'><strong>Novatiano</strong></span> <span class='ocrx_word' id='word_1_402' title='bbox 3237 2696 3376 2751; x_wconf 85' lang='lat' dir='ltr'><strong>hanc</strong></span> <span class='ocrx_word' id='word_1_403' title='bbox 3405 2711 3529 2752; x_wconf 87' lang='lat' dir='ltr'><strong>esse</strong></span> <span class='ocrx_word' id='word_1_404' title='bbox 3570 2697 3916 2752; x_wconf 85' lang='lat' dir='ltr'><strong>tribuendam</strong></span> <span class='ocrx_word' id='word_1_405' title='bbox 3989 2690 4000 2703; x_wconf 89' lang='grc'><em>’</em></span> 
     </span>
    </p>
   </div>
   <div class='ocr_carea' id='block_1_56' title="bbox 2307 2789 3917 2864">
    <p class='ocr_par' dir='ltr' id='par_1_56' title="bbox 2307 2789 3917 2864">
     <span class='ocr_line' id='line_1_56' title="bbox 2307 2789 3917 2864; baseline 0.001 -16"><span class='ocrx_word' id='word_1_406' title='bbox 2307 2789 2636 2864; x_wconf 84' lang='lat' dir='ltr'><strong>Epistolam.</strong></span> <span class='ocrx_word' id='word_1_407' title='bbox 2669 2792 2880 2862; x_wconf 83' lang='lat' dir='ltr'><strong>Scripta</strong></span> <span class='ocrx_word' id='word_1_408' title='bbox 2902 2792 3002 2846; x_wconf 77' lang='lat' dir='ltr'><strong>fuit</strong></span> <span class='ocrx_word' id='word_1_409' title='bbox 3024 2801 3205 2847; x_wconf 89' lang='lat' dir='ltr'><strong>autem</strong></span> <span class='ocrx_word' id='word_1_410' title='bbox 3233 2801 3490 2848; x_wconf 89' lang='lat' dir='ltr'><strong>currente</strong></span> <span class='ocrx_word' id='word_1_411' title='bbox 3517 2808 3660 2848; x_wconf 91' lang='lat' dir='ltr'><strong>anno</strong></span> <span class='ocrx_word' id='word_1_412' title='bbox 3690 2807 3809 2862; x_wconf 71' lang='lat' dir='ltr'><strong>ccc,</strong></span> <span class='ocrx_word' id='word_1_413' title='bbox 3828 2793 3917 2850; x_wconf 80' lang='lat' dir='ltr'><strong>vel</strong></span> 
     </span>
    </p>
   </div>
   <div class='ocr_carea' id='block_1_57' title="bbox 2305 2885 3916 2959">
    <p class='ocr_par' dir='ltr' id='par_1_57' title="bbox 2305 2885 3916 2959">
     <span class='ocr_line' id='line_1_57' title="bbox 2305 2885 3916 2959; baseline -0.001 -15"><span class='ocrx_word' id='word_1_414' title='bbox 2305 2890 2446 2944; x_wconf 78' lang='lat' dir='ltr'><strong>forte</strong></span> <span class='ocrx_word' id='word_1_415' title='bbox 2481 2890 2699 2944; x_wconf 85' lang='lat' dir='ltr'><strong>ineume</strong></span> <span class='ocrx_word' id='word_1_416' title='bbox 2746 2901 2884 2943; x_wconf 82' lang='lat' dir='ltr'><strong>ceu.</strong></span> <span class='ocrx_word' id='word_1_417' title='bbox 2940 2886 3031 2946; x_wconf 85' lang='lat' dir='ltr'><strong>Sic</strong></span> <span class='ocrx_word' id='word_1_418' title='bbox 3077 2889 3224 2944; x_wconf 88' lang='lat' dir='ltr'><strong>enim</strong></span> <span class='ocrx_word' id='word_1_419' title='bbox 3279 2885 3482 2943; x_wconf 80' lang='lat' dir='ltr'><strong>Auctor</strong></span> <span class='ocrx_word' id='word_1_420' title='bbox 3537 2885 3616 2959; x_wconf 81' lang='lat'>(6)</span> <span class='ocrx_word' id='word_1_421' title='bbox 3652 2907 3666 2942; x_wconf 90' lang='lat'><strong>:</strong></span> <span class='ocrx_word' id='word_1_422' title='bbox 3708 2888 3916 2956; x_wconf 78' lang='lat' dir='ltr'><strong>Quant-</strong></span> 
     </span>
    </p>
   </div>
   <div class='ocr_carea' id='block_1_58' title="bbox 2306 2979 3915 3052">
    <p class='ocr_par' dir='ltr' id='par_1_58' title="bbox 2306 2979 3915 3052">
     <span class='ocr_line' id='line_1_58' title="bbox 2306 2979 3915 3052; baseline 0.001 -17"><span class='ocrx_word' id='word_1_423' title='bbox 2306 2995 2463 3052; x_wconf 86' lang='lat' dir='ltr'><strong>quam</strong></span> <span class='ocrx_word' id='word_1_424' title='bbox 2492 2981 2647 3036; x_wconf 84' lang='lat' dir='ltr'><strong>nobis</strong></span> <span class='ocrx_word' id='word_1_425' title='bbox 2679 2979 2976 3036; x_wconf 80' lang='lat' dir='ltr'><strong>diﬁ‘erenda</strong></span> <span class='ocrx_word' id='word_1_426' title='bbox 3010 2979 3172 3050; x_wconf 88' lang='lat' dir='ltr'><strong>hujus</strong></span> <span class='ocrx_word' id='word_1_427' title='bbox 3202 2981 3279 3036; x_wconf 85' lang='lat' dir='ltr'><strong>rei</strong></span> <span class='ocrx_word' id='word_1_428' title='bbox 3305 2980 3606 3035; x_wconf 83' lang='lat' dir='ltr'><strong>necessitas</strong></span> <span class='ocrx_word' id='word_1_429' title='bbox 3627 2980 3804 3050; x_wconf 82' lang='lat' dir='ltr'><strong>major</strong></span> <span class='ocrx_word' id='word_1_430' title='bbox 3831 2981 3915 3036; x_wconf 52' lang='lat' dir='ltr'><strong>ins</strong></span> 
     </span>
    </p>
   </div>
   <div class='ocr_carea' id='block_1_59' title="bbox 2305 3071 3916 3144">
    <p class='ocr_par' dir='ltr' id='par_1_59' title="bbox 2305 3071 3916 3144">
     <span class='ocr_line' id='line_1_59' title="bbox 2305 3071 3916 3144; baseline -0.001 -14"><span class='ocrx_word' id='word_1_431' title='bbox 2305 3075 2523 3130; x_wconf 88' lang='lat' dir='ltr'><strong>cutnbat</strong></span> <span class='ocrx_word' id='word_1_432' title='bbox 2543 3118 2556 3141; x_wconf 92' lang='lat'><strong>,</strong></span> <span class='ocrx_word' id='word_1_433' title='bbox 2588 3074 2782 3144; x_wconf 86' lang='lat' dir='ltr'><strong>quibus</strong></span> <span class='ocrx_word' id='word_1_434' title='bbox 2801 3114 2816 3139; x_wconf 94' lang='lat'><strong>,</strong></span> <span class='ocrx_word' id='word_1_435' title='bbox 2851 3081 2974 3144; x_wconf 93' lang='lat' dir='ltr'><strong>post</strong></span> <span class='ocrx_word' id='word_1_436' title='bbox 2999 3085 3282 3129; x_wconf 78' lang='lat' dir='ltr'><strong>excessum</strong></span> <span class='ocrx_word' id='word_1_437' title='bbox 3309 3071 3666 3128; x_wconf 69' lang='lat' dir='ltr'><strong>nobilissima:</strong></span> <span class='ocrx_word' id='word_1_438' title='bbox 3699 3085 3916 3129; x_wconf 87' lang='lat' dir='ltr'><strong>memo—</strong></span> 
     </span>
    </p>
   </div>
   <div class='ocr_carea' id='block_1_60' title="bbox 2306 3157 3917 3240">
    <p class='ocr_par' dir='ltr' id='par_1_60' title="bbox 2306 3157 3917 3240">
     <span class='ocr_line' id='line_1_60' title="bbox 2306 3157 3917 3240; baseline -0.001 -15"><span class='ocrx_word' id='word_1_439' title='bbox 2306 3171 2400 3225; x_wconf 73' lang='lat' dir='ltr'><strong>ria:</strong></span> <span class='ocrx_word' id='word_1_440' title='bbox 2426 3171 2531 3226; x_wconf 83' lang='lat' dir='ltr'><strong>viri</strong></span> <span class='ocrx_word' id='word_1_441' title='bbox 2562 3169 2814 3232; x_wconf 85' lang='lat' dir='ltr'><strong>Fabiani,</strong></span> <span class='ocrx_word' id='word_1_442' title='bbox 2844 3157 3080 3224; x_wconf 72' lang='lat' dir='ltr'><strong>nondum</strong></span> <span class='ocrx_word' id='word_1_443' title='bbox 3106 3179 3192 3225; x_wconf 87' lang='lat' dir='ltr'><strong>est</strong></span> <span class='ocrx_word' id='word_1_444' title='bbox 3229 3169 3521 3240; x_wconf 87' lang='lat' dir='ltr'><strong>episcopus</strong></span> <span class='ocrx_word' id='word_1_445' title='bbox 3559 3177 3782 3240; x_wconf 83' lang='lat' dir='ltr'><strong>propter</strong></span> <span class='ocrx_word' id='word_1_446' title='bbox 3825 3183 3917 3224; x_wconf 89' lang='lat' dir='ltr'><strong>re-</strong></span> 
     </span>
    </p>
   </div>
   <div class='ocr_carea' id='block_1_61' title="bbox 593 3249 2198 3334">
    <p class='ocr_par' dir='ltr' id='par_1_61' title="bbox 593 3255 2198 3331">
     <span class='ocr_line' id='line_1_61' title="bbox 593 3255 2198 3331; baseline -0.004 -13"><span class='ocrx_word' id='word_1_447' title='bbox 593 3260 670 3318; x_wconf 66' lang='lat' dir='ltr'><strong>lic</strong></span> <span class='ocrx_word' id='word_1_448' title='bbox 714 3259 988 3317; x_wconf 66' lang='lat' dir='ltr'><strong>Novatum!</strong></span> <span class='ocrx_word' id='word_1_449' title='bbox 1045 3259 1280 3331; x_wconf 72' lang='lat' dir='ltr'><strong>Epistotu</strong></span> <span class='ocrx_word' id='word_1_450' title='bbox 1307 3259 1445 3316; x_wconf 76' lang='lat' dir='ltr'><strong>Cleri</strong></span> <span class='ocrx_word' id='word_1_451' title='bbox 1492 3259 1715 3315; x_wconf 79' lang='lat' dir='ltr'><strong>Romani</strong></span> <span class='ocrx_word' id='word_1_452' title='bbox 1753 3260 1958 3313; x_wconf 76' lang='lat' dir='ltr'><strong>nomine</strong></span> <span class='ocrx_word' id='word_1_453' title='bbox 2010 3257 2071 3312; x_wconf 86' lang='lat' dir='ltr'><strong>S.</strong></span> <span class='ocrx_word' id='word_1_454' title='bbox 2099 3255 2198 3325; x_wconf 71' lang='lat' dir='ltr'><strong>Cy-</strong></span> 
     </span>
    </p>
   </div>
   <div class='ocr_carea' id='block_1_62' title="bbox 2305 3249 3921 3334">
    <p class='ocr_par' dir='ltr' id='par_1_62' title="bbox 2309 3258 3921 3334">
     <span class='ocr_line' id='line_1_62' title="bbox 2309 3258 3921 3334; baseline -0.002 -15"><span class='ocrx_word' id='word_1_455' title='bbox 2309 3275 2427 3319; x_wconf 90' lang='lat' dir='ltr'><strong>rum</strong></span> <span class='ocrx_word' id='word_1_456' title='bbox 2455 3275 2513 3319; x_wconf 90' lang='lat' dir='ltr'><strong>et</strong></span> <span class='ocrx_word' id='word_1_457' title='bbox 2551 3273 2855 3334; x_wconf 88' lang='lat' dir='ltr'><strong>temporum</strong></span> <span class='ocrx_word' id='word_1_458' title='bbox 2888 3263 3235 3318; x_wconf 77' lang='lat' dir='ltr'><strong>difﬁcultates</strong></span> <span class='ocrx_word' id='word_1_459' title='bbox 3280 3262 3630 3317; x_wconf 85' lang='lat' dir='ltr'><strong>constitutus.</strong></span> <span class='ocrx_word' id='word_1_460' title='bbox 3662 3276 3682 3314; x_wconf 72' lang='grc' dir='ltr'><strong>ι</strong></span> <span class='ocrx_word' id='word_1_461' title='bbox 3717 3261 3788 3316; x_wconf 78' lang='lat' dir='ltr'><strong>At</strong></span> <span class='ocrx_word' id='word_1_462' title='bbox 3813 3258 3921 3316; x_wconf 79' lang='lat' dir='ltr'><strong>Fa-</strong></span> 
     </span>
    </p>
   </div>
   <div class='ocr_carea' id='block_1_63' title="bbox 1173 3357 1642 3428">
    <p class='ocr_par' dir='ltr' id='par_1_63' title="bbox 1173 3357 1642 3428">
     <span class='ocr_line' id='line_1_63' title="bbox 1173 3357 1642 3428; baseline -0.004 -16"><span class='ocrx_word' id='word_1_463' title='bbox 1173 3358 1353 3428; x_wconf 82' lang='lat' dir='ltr'><strong>priano</strong></span> <span class='ocrx_word' id='word_1_464' title='bbox 1377 3357 1642 3427; x_wconf 82' lang='lat' dir='ltr'><strong>inscripta.</strong></span> 
     </span>
    </p>
   </div>
   <div class='ocr_carea' id='block_1_64' title="bbox 675 3487 2205 3570">
    <p class='ocr_par' dir='ltr' id='par_1_64' title="bbox 675 3487 2205 3570">
     <span class='ocr_line' id='line_1_64' title="bbox 675 3487 2205 3570; baseline -0.009 -12"><span class='ocrx_word' id='word_1_465' title='bbox 675 3501 970 3558; x_wconf 83' lang='lat' dir='ltr'><strong>I.Alterant</strong></span> <span class='ocrx_word' id='word_1_466' title='bbox 999 3513 1210 3570; x_wconf 86' lang='lat' dir='ltr'><strong>quoque</strong></span> <span class='ocrx_word' id='word_1_467' title='bbox 1241 3496 1555 3567; x_wconf 82' lang='lat' dir='ltr'><strong>Epistolam,</strong></span> <span class='ocrx_word' id='word_1_468' title='bbox 1582 3510 1700 3565; x_wconf 86' lang='lat' dir='ltr'><strong>quae</strong></span> <span class='ocrx_word' id='word_1_469' title='bbox 1730 3487 2055 3564; x_wconf 56' lang='lat' dir='ltr'><strong>praecedenti</strong></span> <span class='ocrx_word' id='word_1_470' title='bbox 2078 3489 2205 3545; x_wconf 90' lang='lat' dir='ltr'><strong>sub-</strong></span> 
     </span>
    </p>
   </div>
   <div class='ocr_carea' id='block_1_65' title="bbox 608 3583 2203 3668">
    <p class='ocr_par' dir='ltr' id='par_1_65' title="bbox 608 3583 2203 3668">
     <span class='ocr_line' id='line_1_65' title="bbox 608 3583 2203 3668; baseline -0.01 -17"><span class='ocrx_word' id='word_1_471' title='bbox 608 3597 808 3668; x_wconf 89' lang='lat' dir='ltr'><strong>jicitur,</strong></span> <span class='ocrx_word' id='word_1_472' title='bbox 854 3593 998 3648; x_wconf 86' lang='lat' dir='ltr'><strong>Cleri</strong></span> <span class='ocrx_word' id='word_1_473' title='bbox 1042 3589 1270 3645; x_wconf 74' lang='lat' dir='ltr'><strong>Romani</strong></span> <span class='ocrx_word' id='word_1_474' title='bbox 1323 3588 1542 3644; x_wconf 88' lang='lat' dir='ltr'><strong>nomine</strong></span> <span class='ocrx_word' id='word_1_475' title='bbox 1582 3594 1771 3641; x_wconf 89' lang='lat' dir='ltr'><strong>sancto</strong></span> <span class='ocrx_word' id='word_1_476' title='bbox 1800 3583 2070 3655; x_wconf 79' lang='lat' dir='ltr'><strong>Cypriane</strong></span> <span class='ocrx_word' id='word_1_477' title='bbox 2116 3583 2203 3636; x_wconf 85' lang='lat' dir='ltr'><strong>in-</strong></span> 
     </span>
    </p>
   </div>
   <div class='ocr_carea' id='block_1_66' title="bbox 604 3678 2207 3760">
    <p class='ocr_par' dir='ltr' id='par_1_66' title="bbox 604 3678 2207 3760">
     <span class='ocr_line' id='line_1_66' title="bbox 604 3678 2207 3760; baseline -0.009 -14"><span class='ocrx_word' id='word_1_478' title='bbox 604 3693 858 3760; x_wconf 87' lang='lat' dir='ltr'><strong>scriptam</strong></span> <span class='ocrx_word' id='word_1_479' title='bbox 880 3687 1175 3743; x_wconf 86' lang='lat' dir='ltr'><strong>Novatiano</strong></span> <span class='ocrx_word' id='word_1_480' title='bbox 1203 3683 1436 3739; x_wconf 89' lang='lat' dir='ltr'><strong>vindieat</strong></span> <span class='ocrx_word' id='word_1_481' title='bbox 1467 3684 1695 3753; x_wconf 89' lang='lat' dir='ltr'><strong>ipsemet</strong></span> <span class='ocrx_word' id='word_1_482' title='bbox 1715 3681 2033 3752; x_wconf 86' lang='lat' dir='ltr'><strong>Cyprianus.</strong></span> <span class='ocrx_word' id='word_1_483' title='bbox 2060 3678 2207 3734; x_wconf 89' lang='lat' dir='ltr'><strong>Scri-</strong></span> 
     </span>
    </p>
   </div>
   <div class='ocr_carea' id='block_1_67' title="bbox 607 3773 2205 3847">
    <p class='ocr_par' dir='ltr' id='par_1_67' title="bbox 607 3773 2205 3847">
     <span class='ocr_line' id='line_1_67' title="bbox 607 3773 2205 3847; baseline -0.012 -7"><span class='ocrx_word' id='word_1_484' title='bbox 607 3785 743 3840; x_wconf 90' lang='lat' dir='ltr'><strong>bens</strong></span> <span class='ocrx_word' id='word_1_485' title='bbox 767 3783 909 3838; x_wconf 87' lang='lat' dir='ltr'><strong>enim</strong></span> <span class='ocrx_word' id='word_1_486' title='bbox 938 3779 1004 3835; x_wconf 89' lang='lat' dir='ltr'><strong>ad</strong></span> <span class='ocrx_word' id='word_1_487' title='bbox 1035 3779 1399 3836; x_wconf 84' lang='lat' dir='ltr'><strong>Antonianum</strong></span> <span class='ocrx_word' id='word_1_488' title='bbox 1433 3774 1532 3847; x_wconf 67' lang='lat'>(2),</span> <span class='ocrx_word' id='word_1_489' title='bbox 1568 3775 1746 3829; x_wconf 83' lang='lat' dir='ltr'><strong>Ineunt</strong></span> <span class='ocrx_word' id='word_1_490' title='bbox 1770 3773 1960 3828; x_wconf 86' lang='lat' dir='ltr'><strong>recitat</strong></span> <span class='ocrx_word' id='word_1_491' title='bbox 2004 3786 2069 3827; x_wconf 81' lang='lat' dir='ltr'><strong>ex</strong></span> <span class='ocrx_word' id='word_1_492' title='bbox 2113 3787 2205 3825; x_wconf 81' lang='lat' dir='ltr'><strong>ea-</strong></span> 
     </span>
    </p>
   </div>
   <div class='ocr_carea' id='block_1_68' title="bbox 613 3865 2210 3944">
    <p class='ocr_par' dir='ltr' id='par_1_68' title="bbox 613 3865 2210 3944">
     <span class='ocr_line' id='line_1_68' title="bbox 613 3865 2210 3944; baseline -0.009 -12"><span class='ocrx_word' id='word_1_493' title='bbox 613 3875 735 3932; x_wconf 91' lang='lat' dir='ltr'><strong>dem</strong></span> <span class='ocrx_word' id='word_1_494' title='bbox 763 3874 1002 3944; x_wconf 87' lang='lat' dir='ltr'><strong>Epislola</strong></span> <span class='ocrx_word' id='word_1_495' title='bbox 1035 3879 1305 3942; x_wconf 85' lang='lat' dir='ltr'><strong>sumptum</strong></span> <span class='ocrx_word' id='word_1_496' title='bbox 1342 3867 1419 3942; x_wconf 77' lang='lat'>(5)</span> <span class='ocrx_word' id='word_1_497' title='bbox 1451 3868 1739 3937; x_wconf 88' lang='lat' dir='ltr'><strong>statimque</strong></span> <span class='ocrx_word' id='word_1_498' title='bbox 1788 3865 1970 3920; x_wconf 88' lang='lat' dir='ltr'><strong>subdit</strong></span> <span class='ocrx_word' id='word_1_499' title='bbox 1992 3873 2210 3920; x_wconf 85' lang='lat' dir='ltr'><strong>sanctus</strong></span> 
     </span>
    </p>
   </div>
   <div class='ocr_carea' id='block_1_69' title="bbox 608 3957 2211 4040">
    <p class='ocr_par' dir='ltr' id='par_1_69' title="bbox 608 3957 2211 4040">
     <span class='ocr_line' id='line_1_69' title="bbox 608 3957 2211 4040; baseline -0.009 -16"><span class='ocrx_word' id='word_1_500' title='bbox 608 3968 845 4040; x_wconf 87' lang='lat' dir='ltr'><strong>Martyr:</strong></span> <span class='ocrx_word' id='word_1_501' title='bbox 887 3986 904 4018; x_wconf 89' lang='grc'><strong>‹</strong></span> <span class='ocrx_word' id='word_1_502' title='bbox 941 3965 1196 4021; x_wconf 84' lang='lat' dir='ltr'><strong>Additum</strong></span> <span class='ocrx_word' id='word_1_503' title='bbox 1229 3973 1312 4018; x_wconf 89' lang='lat' dir='ltr'><strong>est</strong></span> <span class='ocrx_word' id='word_1_504' title='bbox 1340 3962 1533 4027; x_wconf 88' lang='lat' dir='ltr'><strong>etiam,</strong></span> <span class='ocrx_word' id='word_1_505' title='bbox 1576 3959 1874 4016; x_wconf 86' lang='lat' dir='ltr'><strong>Novatiano</strong></span> <span class='ocrx_word' id='word_1_506' title='bbox 1906 3969 2033 4014; x_wconf 93' lang='lat' dir='ltr'><strong>tunc</strong></span> <span class='ocrx_word' id='word_1_507' title='bbox 2077 3957 2211 4013; x_wconf 84' lang='lat' dir='ltr'><strong>set-i-</strong></span> 
     </span>
    </p>
   </div>
   <div class='ocr_carea' id='block_1_70' title="bbox 611 4055 2213 4131">
    <p class='ocr_par' dir='ltr' id='par_1_70' title="bbox 611 4055 2213 4131">
     <span class='ocr_line' id='line_1_70' title="bbox 611 4055 2213 4131; baseline -0.008 -14"><span class='ocrx_word' id='word_1_508' title='bbox 611 4061 772 4117; x_wconf 89' lang='lat' dir='ltr'><strong>bente</strong></span> <span class='ocrx_word' id='word_1_509' title='bbox 788 4103 802 4126; x_wconf 93' lang='lat'><strong>,</strong></span> <span class='ocrx_word' id='word_1_510' title='bbox 827 4069 882 4115; x_wconf 90' lang='lat' dir='ltr'><strong>et</strong></span> <span class='ocrx_word' id='word_1_511' title='bbox 910 4059 1052 4131; x_wconf 87' lang='lat' dir='ltr'><strong>quod</strong></span> <span class='ocrx_word' id='word_1_512' title='bbox 1073 4058 1383 4128; x_wconf 90' lang='lat' dir='ltr'><strong>scripserat,</strong></span> <span class='ocrx_word' id='word_1_513' title='bbox 1411 4072 1504 4111; x_wconf 88' lang='lat' dir='ltr'><strong>sua</strong></span> <span class='ocrx_word' id='word_1_514' title='bbox 1528 4069 1658 4110; x_wconf 87' lang='lat' dir='ltr'><strong>voce</strong></span> <span class='ocrx_word' id='word_1_515' title='bbox 1681 4055 1963 4118; x_wconf 87' lang='lat' dir='ltr'><strong>recitante,</strong></span> <span class='ocrx_word' id='word_1_516' title='bbox 1988 4060 2041 4107; x_wconf 90' lang='lat' dir='ltr'><strong>et</strong></span> <span class='ocrx_word' id='word_1_517' title='bbox 2065 4065 2213 4121; x_wconf 91' lang='lat' dir='ltr'><strong>pres—</strong></span> 
     </span>
    </p>
   </div>
   <div class='ocr_carea' id='block_1_71' title="bbox 612 4146 2222 4228">
    <p class='ocr_par' dir='ltr' id='par_1_71' title="bbox 612 4146 2222 4228">
     <span class='ocr_line' id='line_1_71' title="bbox 612 4146 2222 4228; baseline -0.007 -17"><span class='ocrx_word' id='word_1_518' title='bbox 612 4156 802 4228; x_wconf 82' lang='lat' dir='ltr'><strong>bytero</strong></span> <span class='ocrx_word' id='word_1_519' title='bbox 831 4153 977 4210; x_wconf 82' lang='lat' dir='ltr'><strong>Mose</strong></span> <span class='ocrx_word' id='word_1_520' title='bbox 1006 4162 1131 4209; x_wconf 82' lang='lat' dir='ltr'><strong>tunc</strong></span> <span class='ocrx_word' id='word_1_521' title='bbox 1175 4151 1350 4206; x_wconf 87' lang='lat' dir='ltr'><strong>adhuc</strong></span> <span class='ocrx_word' id='word_1_522' title='bbox 1393 4148 1725 4214; x_wconf 83' lang='lat' dir='ltr'><strong>confessore,</strong></span> <span class='ocrx_word' id='word_1_523' title='bbox 1759 4162 1899 4201; x_wconf 89' lang='lat' dir='ltr'><strong>nunc</strong></span> <span class='ocrx_word' id='word_1_524' title='bbox 1923 4146 2034 4218; x_wconf 83' lang='lat' dir='ltr'><strong>jam</strong></span> <span class='ocrx_word' id='word_1_525' title='bbox 2073 4161 2222 4207; x_wconf 57' lang='lat' dir='ltr'><strong>mar:</strong></span> 
     </span>
    </p>
   </div>
   <div class='ocr_carea' id='block_1_72' title="bbox 616 4237 2216 4319">
    <p class='ocr_par' dir='ltr' id='par_1_72' title="bbox 616 4237 2216 4319">
     <span class='ocr_line' id='line_1_72' title="bbox 616 4237 2216 4319; baseline -0.006 -18"><span class='ocrx_word' id='word_1_526' title='bbox 616 4257 766 4319; x_wconf 83' lang='lat' dir='ltr'><strong>tyre,</strong></span> <span class='ocrx_word' id='word_1_527' title='bbox 799 4244 1191 4310; x_wconf 84' lang='lat' dir='ltr'><strong>subscribente,</strong></span> <span class='ocrx_word' id='word_1_528' title='bbox 1225 4253 1283 4298; x_wconf 92' lang='lat' dir='ltr'><strong>ut</strong></span> <span class='ocrx_word' id='word_1_529' title='bbox 1305 4242 1468 4312; x_wconf 89' lang='lat' dir='ltr'><strong>lapsis</strong></span> <span class='ocrx_word' id='word_1_530' title='bbox 1490 4241 1738 4308; x_wconf 91' lang='lat' dir='ltr'><strong>inﬁrmis,</strong></span> <span class='ocrx_word' id='word_1_531' title='bbox 1762 4248 1816 4294; x_wconf 91' lang='lat' dir='ltr'><strong>et</strong></span> <span class='ocrx_word' id='word_1_532' title='bbox 1843 4239 1892 4292; x_wconf 87' lang='lat' dir='ltr'><strong>itt</strong></span> <span class='ocrx_word' id='word_1_533' title='bbox 1918 4237 2063 4294; x_wconf 75' lang='lat' dir='ltr'><strong>exitu</strong></span> <span class='ocrx_word' id='word_1_534' title='bbox 2087 4253 2216 4293; x_wconf 83' lang='lat' dir='ltr'><strong>con-</strong></span> 
     </span>
    </p>
   </div>
   <div class='ocr_carea' id='block_1_73' title="bbox 616 4330 2214 4408">
    <p class='ocr_par' dir='ltr' id='par_1_73' title="bbox 616 4330 2214 4408">
     <span class='ocr_line' id='line_1_73' title="bbox 616 4330 2214 4408; baseline -0.006 -14"><span class='ocrx_word' id='word_1_535' title='bbox 616 4338 817 4394; x_wconf 85' lang='lat' dir='ltr'><strong>stitutis</strong></span> <span class='ocrx_word' id='word_1_536' title='bbox 842 4353 946 4408; x_wconf 81' lang='lat' dir='ltr'><strong>pax</strong></span> <span class='ocrx_word' id='word_1_537' title='bbox 979 4335 1201 4392; x_wconf 89' lang='lat' dir='ltr'><strong>daretur</strong></span> <span class='ocrx_word' id='word_1_538' title='bbox 1227 4352 1241 4388; x_wconf 87' lang='lat'><strong>:</strong></span> <span class='ocrx_word' id='word_1_539' title='bbox 1267 4349 1386 4406; x_wconf 63' lang='lat' dir='ltr'><strong>quae</strong></span> <span class='ocrx_word' id='word_1_540' title='bbox 1410 4333 1604 4389; x_wconf 75' lang='lat' dir='ltr'><strong>littera:</strong></span> <span class='ocrx_word' id='word_1_541' title='bbox 1631 4348 1729 4403; x_wconf 88' lang='lat' dir='ltr'><strong>per</strong></span> <span class='ocrx_word' id='word_1_542' title='bbox 1757 4340 1928 4387; x_wconf 87' lang='lat' dir='ltr'><strong>totum</strong></span> <span class='ocrx_word' id='word_1_543' title='bbox 1957 4330 2214 4386; x_wconf 91' lang='lat' dir='ltr'><strong>tnundnm</strong></span> 
     </span>
    </p>
   </div>
   <div class='ocr_carea' id='block_1_74' title="bbox 620 4431 1031 4486">
    <p class='ocr_par' dir='ltr' id='par_1_74' title="bbox 620 4431 1031 4486">
     <span class='ocr_line' id='line_1_74' title="bbox 620 4431 1031 4486; baseline -0.015 -1"><span class='ocrx_word' id='word_1_544' title='bbox 620 4431 800 4486; x_wconf 79' lang='lat' dir='ltr'><strong>missae</strong></span> <span class='ocrx_word' id='word_1_545' title='bbox 828 4437 972 4485; x_wconf 89' lang='lat' dir='ltr'><strong>sunt.</strong></span> <span class='ocrx_word' id='word_1_546' title='bbox 1013 4448 1031 4479; x_wconf 75' lang='grc' dir='ltr'><strong>ι</strong></span> 
     </span>
    </p>
   </div>
   <div class='ocr_carea' id='block_1_75' title="bbox 695 4515 2220 4590">
    <p class='ocr_par' dir='ltr' id='par_1_75' title="bbox 695 4515 2220 4590">
     <span class='ocr_line' id='line_1_75' title="bbox 695 4515 2220 4590; baseline -0.003 -13"><span class='ocrx_word' id='word_1_547' title='bbox 695 4523 864 4577; x_wconf 82' lang='lat' dir='ltr'><strong>Porro</strong></span> <span class='ocrx_word' id='word_1_548' title='bbox 890 4535 1010 4590; x_wconf 68' lang='lat' dir='ltr'><strong>qua:</strong></span> <span class='ocrx_word' id='word_1_549' title='bbox 1036 4518 1156 4573; x_wconf 89' lang='lat' dir='ltr'><strong>lteie</strong></span> <span class='ocrx_word' id='word_1_550' title='bbox 1180 4515 1500 4589; x_wconf 75' lang='lat' dir='ltr'><strong>Cyprianus,</strong></span> <span class='ocrx_word' id='word_1_551' title='bbox 1533 4515 1720 4572; x_wconf 88' lang='lat' dir='ltr'><strong>eadem</strong></span> <span class='ocrx_word' id='word_1_552' title='bbox 1749 4515 2069 4572; x_wconf 87' lang='lat' dir='ltr'><strong>conﬁrmare</strong></span> <span class='ocrx_word' id='word_1_553' title='bbox 2099 4532 2220 4588; x_wconf 91' lang='lat' dir='ltr'><strong>per-</strong></span> 
     </span>
    </p>
   </div>
   <div class='ocr_carea' id='block_1_76' title="bbox 627 4608 2221 4681">
    <p class='ocr_par' dir='ltr' id='par_1_76' title="bbox 627 4608 2221 4681">
     <span class='ocr_line' id='line_1_76' title="bbox 627 4608 2221 4681; baseline -0.003 -12"><span class='ocrx_word' id='word_1_554' title='bbox 627 4614 842 4669; x_wconf 88' lang='lat' dir='ltr'><strong>hibetur</strong></span> <span class='ocrx_word' id='word_1_555' title='bbox 884 4624 1186 4681; x_wconf 82' lang='lat' dir='ltr'><strong>anonymus</strong></span> <span class='ocrx_word' id='word_1_556' title='bbox 1235 4621 1420 4664; x_wconf 90' lang='lat' dir='ltr'><strong>auctor</strong></span> <span class='ocrx_word' id='word_1_557' title='bbox 1473 4608 1768 4662; x_wconf 85' lang='lat' dir='ltr'><strong>Novatiano</strong></span> <span class='ocrx_word' id='word_1_558' title='bbox 1829 4623 2082 4675; x_wconf 71' lang='lat' dir='ltr'><strong>eotevus,</strong></span> <span class='ocrx_word' id='word_1_559' title='bbox 2130 4610 2221 4680; x_wconf 92' lang='lat' dir='ltr'><strong>qui</strong></span> 
     </span>
    </p>
   </div>
   <div class='ocr_carea' id='block_1_77' title="bbox 625 4698 2224 4776">
    <p class='ocr_par' dir='ltr' id='par_1_77' title="bbox 625 4698 2224 4776">
     <span class='ocr_line' id='line_1_77' title="bbox 625 4698 2224 4776; baseline -0.001 -17"><span class='ocrx_word' id='word_1_560' title='bbox 625 4705 837 4776; x_wconf 86' lang='lat' dir='ltr'><strong>quidem</strong></span> <span class='ocrx_word' id='word_1_561' title='bbox 865 4700 933 4757; x_wconf 91' lang='lat' dir='ltr'><strong>de</strong></span> <span class='ocrx_word' id='word_1_562' title='bbox 962 4718 1028 4757; x_wconf 88' lang='lat' dir='ltr'><strong>eo</strong></span> <span class='ocrx_word' id='word_1_563' title='bbox 1055 4703 1214 4757; x_wconf 84' lang='lat' dir='ltr'><strong>verba</strong></span> <span class='ocrx_word' id='word_1_564' title='bbox 1265 4701 1467 4757; x_wconf 84' lang='lat' dir='ltr'><strong>faciens</strong></span> <span class='ocrx_word' id='word_1_565' title='bbox 1492 4698 1610 4774; x_wconf 66' lang='lat'>(4):</span> <span class='ocrx_word' id='word_1_566' title='bbox 1659 4721 1678 4754; x_wconf 73' lang='grc' dir='ltr'>ι</span> <span class='ocrx_word' id='word_1_567' title='bbox 1713 4700 1867 4757; x_wconf 90' lang='lat' dir='ltr'><strong>Unde</strong></span> <span class='ocrx_word' id='word_1_568' title='bbox 1918 4703 2099 4772; x_wconf 86' lang='lat' dir='ltr'><strong>igitur,</strong></span> <span class='ocrx_word' id='word_1_569' title='bbox 2140 4703 2224 4758; x_wconf 82' lang='lat' dir='ltr'><strong>in—</strong></span> 
     </span>
    </p>
   </div>
   <div class='ocr_carea' id='block_1_78' title="bbox 628 4795 2224 4868">
    <p class='ocr_par' dir='ltr' id='par_1_78' title="bbox 628 4795 2224 4868">
     <span class='ocr_line' id='line_1_78' title="bbox 628 4795 2224 4868; baseline 0.002 -18"><span class='ocrx_word' id='word_1_570' title='bbox 628 4797 771 4868; x_wconf 91' lang='lat' dir='ltr'><strong>quit,</strong></span> <span class='ocrx_word' id='word_1_571' title='bbox 821 4805 928 4851; x_wconf 91' lang='lat' dir='ltr'><strong>tam</strong></span> <span class='ocrx_word' id='word_1_572' title='bbox 975 4795 1259 4853; x_wconf 63' lang='lat' dir='ltr'><strong>discordiae</strong></span> <span class='ocrx_word' id='word_1_573' title='bbox 1309 4796 1489 4851; x_wconf 83' lang='lat' dir='ltr'><strong>furore</strong></span> <span class='ocrx_word' id='word_1_574' title='bbox 1527 4810 1759 4851; x_wconf 86' lang='lat' dir='ltr'><strong>vesanus</strong></span> <span class='ocrx_word' id='word_1_575' title='bbox 1809 4795 2081 4851; x_wconf 73' lang='lat' dir='ltr'><strong>exstiterit</strong></span> <span class='ocrx_word' id='word_1_576' title='bbox 2121 4797 2224 4854; x_wconf 91' lang='lat' dir='ltr'><strong>iste</strong></span> 
     </span>
    </p>
   </div>
   <div class='ocr_carea' id='block_1_79' title="bbox 627 4883 2226 4960">
    <p class='ocr_par' dir='ltr' id='par_1_79' title="bbox 627 4883 2226 4960">
     <span class='ocr_line' id='line_1_79' title="bbox 627 4883 2226 4960; baseline -0.001 -14"><span class='ocrx_word' id='word_1_577' title='bbox 627 4883 975 4956; x_wconf 83' lang='lat' dir='ltr'><strong>Novatianus,</strong></span> <span class='ocrx_word' id='word_1_578' title='bbox 1023 4890 1266 4946; x_wconf 90' lang='lat' dir='ltr'><strong>invenire</strong></span> <span class='ocrx_word' id='word_1_579' title='bbox 1315 4903 1420 4943; x_wconf 93' lang='lat' dir='ltr'><strong>non</strong></span> <span class='ocrx_word' id='word_1_580' title='bbox 1474 4903 1733 4959; x_wconf 89' lang='lat' dir='ltr'><strong>possunt;</strong></span> <span class='ocrx_word' id='word_1_581' title='bbox 1776 4888 1864 4959; x_wconf 90' lang='lat' dir='ltr'><strong>qui</strong></span> <span class='ocrx_word' id='word_1_582' title='bbox 1916 4904 2131 4960; x_wconf 89' lang='lat' dir='ltr'><strong>semper</strong></span> <span class='ocrx_word' id='word_1_583' title='bbox 2171 4891 2226 4945; x_wconf 90' lang='lat' dir='ltr'><strong>in</strong></span> 
     </span>
    </p>
   </div>
   <div class='ocr_carea' id='block_1_80' title="bbox 630 4982 2227 5054">
    <p class='ocr_par' dir='ltr' id='par_1_80' title="bbox 630 4982 2227 5054">
     <span class='ocr_line' id='line_1_80' title="bbox 630 4982 2227 5054; baseline -0.001 -12"><span class='ocrx_word' id='word_1_584' title='bbox 630 4985 793 5042; x_wconf 91' lang='lat' dir='ltr'><strong>domo</strong></span> <span class='ocrx_word' id='word_1_585' title='bbox 823 5000 949 5051; x_wconf 90' lang='lat' dir='ltr'><strong>una,</strong></span> <span class='ocrx_word' id='word_1_586' title='bbox 981 4983 1032 5040; x_wconf 90' lang='lat' dir='ltr'><strong>id</strong></span> <span class='ocrx_word' id='word_1_587' title='bbox 1055 4994 1136 5040; x_wconf 88' lang='lat' dir='ltr'><strong>est</strong></span> <span class='ocrx_word' id='word_1_588' title='bbox 1159 5025 1174 5051; x_wconf 92' lang='lat'><strong>,</strong></span> <span class='ocrx_word' id='word_1_589' title='bbox 1207 4983 1405 5040; x_wconf 88' lang='lat' dir='ltr'><strong>Christi</strong></span> <span class='ocrx_word' id='word_1_590' title='bbox 1437 4982 1698 5050; x_wconf 88' lang='lat' dir='ltr'><strong>Ecclesia,</strong></span> <span class='ocrx_word' id='word_1_591' title='bbox 1735 4986 2100 5054; x_wconf 82' lang='lat' dir='ltr'><strong>proximorum</strong></span> <span class='ocrx_word' id='word_1_592' title='bbox 2133 4983 2227 5040; x_wconf 88' lang='lat' dir='ltr'><strong>de-</strong></span> 
     </span>
    </p>
   </div>
   <div class='ocr_carea' id='block_1_81' title="bbox 708 5139 2225 5218">
    <p class='ocr_par' dir='ltr' id='par_1_81' title="bbox 708 5139 2225 5218">
     <span class='ocr_line' id='line_1_81' title="bbox 708 5139 2225 5218; baseline -0.002 -15"><span class='ocrx_word' id='word_1_593' title='bbox 708 5146 787 5218; x_wconf 84' lang='lat' dir='ltr'>(l)</span> <span class='ocrx_word' id='word_1_594' title='bbox 815 5139 1065 5218; x_wconf 80' lang='lat' dir='ltr'><strong>Exempli</strong></span> <span class='ocrx_word' id='word_1_595' title='bbox 1088 5143 1278 5215; x_wconf 84' lang='lat' dir='ltr'><strong>gratia,</strong></span> <span class='ocrx_word' id='word_1_596' title='bbox 1302 5142 1377 5197; x_wconf 90' lang='lat' dir='ltr'><strong>ait</strong></span> <span class='ocrx_word' id='word_1_597' title='bbox 1404 5144 1764 5218; x_wconf 74' lang='lat' dir='ltr'><strong>:Prreceptum</strong></span> <span class='ocrx_word' id='word_1_598' title='bbox 1811 5146 1872 5200; x_wconf 79' lang='lat' dir='ltr'><strong>de</strong></span> <span class='ocrx_word' id='word_1_599' title='bbox 1903 5151 2014 5218; x_wconf 71' lang='lat' dir='ltr'><strong>non</strong></span> <span class='ocrx_word' id='word_1_600' title='bbox 2062 5159 2225 5201; x_wconf 81' lang='lat' dir='ltr'><strong>come-</strong></span> 
     </span>
    </p>
   </div>
   <div class='ocr_carea' id='block_1_82' title="bbox 636 5215 2222 5286">
    <p class='ocr_par' dir='ltr' id='par_1_82' title="bbox 636 5215 2222 5286">
     <span class='ocr_line' id='line_1_82' title="bbox 636 5215 2222 5286; baseline -0.001 -12"><span class='ocrx_word' id='word_1_601' title='bbox 636 5215 802 5274; x_wconf 78' lang='lat' dir='ltr'><strong>denda</strong></span> <span class='ocrx_word' id='word_1_602' title='bbox 831 5235 983 5286; x_wconf 82' lang='lat' dir='ltr'><strong>porco</strong></span> <span class='ocrx_word' id='word_1_603' title='bbox 1014 5215 1126 5270; x_wconf 85' lang='lat' dir='ltr'><strong>ideo</strong></span> <span class='ocrx_word' id='word_1_604' title='bbox 1158 5226 1354 5269; x_wconf 85' lang='lat' dir='ltr'><strong>tantum</strong></span> <span class='ocrx_word' id='word_1_605' title='bbox 1395 5217 1568 5270; x_wconf 79' lang='lat' dir='ltr'><strong>datum</strong></span> <span class='ocrx_word' id='word_1_606' title='bbox 1611 5232 1736 5279; x_wconf 84' lang='lat' dir='ltr'><strong>esse,</strong></span> <span class='ocrx_word' id='word_1_607' title='bbox 1790 5227 1845 5274; x_wconf 83' lang='lat' dir='ltr'><strong>ut</strong></span> <span class='ocrx_word' id='word_1_608' title='bbox 1876 5217 2184 5273; x_wconf 76' lang='lat' dir='ltr'><strong>disceremus</strong></span> <span class='ocrx_word' id='word_1_609' title='bbox 2207 5257 2222 5286; x_wconf 97' lang='lat'><strong>,</strong></span> 
     </span>
    </p>
   </div>
   <div class='ocr_carea' id='block_1_83' title="bbox 635 5287 2225 5358">
    <p class='ocr_par' dir='ltr' id='par_1_83' title="bbox 635 5287 2225 5358">
     <span class='ocr_line' id='line_1_83' title="bbox 635 5287 2225 5358; baseline -0.001 -14"><span class='ocrx_word' id='word_1_610' title='bbox 635 5293 790 5344; x_wconf 79' lang='lat' dir='ltr'><strong>vitam</strong></span> <span class='ocrx_word' id='word_1_611' title='bbox 815 5291 1072 5344; x_wconf 77' lang='lat' dir='ltr'><strong>carnalem</strong></span> <span class='ocrx_word' id='word_1_612' title='bbox 1101 5303 1200 5342; x_wconf 77' lang='lat' dir='ltr'><strong>non</strong></span> <span class='ocrx_word' id='word_1_613' title='bbox 1223 5303 1329 5343; x_wconf 80' lang='lat' dir='ltr'><strong>esse</strong></span> <span class='ocrx_word' id='word_1_614' title='bbox 1347 5289 1632 5358; x_wconf 82' lang='lat' dir='ltr'><strong>agendam;</strong></span> <span class='ocrx_word' id='word_1_615' title='bbox 1658 5297 1772 5341; x_wconf 77' lang='lat' dir='ltr'><strong>cunt</strong></span> <span class='ocrx_word' id='word_1_616' title='bbox 1796 5287 2038 5343; x_wconf 74' lang='lat' dir='ltr'><strong>mustet&#39;us</strong></span> <span class='ocrx_word' id='word_1_617' title='bbox 2063 5305 2225 5343; x_wconf 86' lang='lat' dir='ltr'><strong>come-</strong></span> 
     </span>
    </p>
   </div>
   <div class='ocr_carea' id='block_1_84' title="bbox 635 5361 2226 5432">
    <p class='ocr_par' dir='ltr' id='par_1_84' title="bbox 635 5361 2226 5432">
     <span class='ocr_line' id='line_1_84' title="bbox 635 5361 2226 5432; baseline 0 -18"><span class='ocrx_word' id='word_1_618' title='bbox 635 5364 753 5415; x_wconf 81' lang='lat' dir='ltr'><strong>dere</strong></span> <span class='ocrx_word' id='word_1_619' title='bbox 774 5362 1119 5432; x_wconf 76' lang='lat' dir='ltr'><strong>prohibemur,</strong></span> <span class='ocrx_word' id='word_1_620' title='bbox 1153 5361 1246 5413; x_wconf 81' lang='lat' dir='ltr'><strong>hoc</strong></span> <span class='ocrx_word' id='word_1_621' title='bbox 1287 5361 1616 5432; x_wconf 79' lang='lat' dir='ltr'><strong>signiﬁcare,</strong></span> <span class='ocrx_word' id='word_1_622' title='bbox 1670 5365 1864 5430; x_wconf 71' lang='lat' dir='ltr'><strong>fitrttttn</strong></span> <span class='ocrx_word' id='word_1_623' title='bbox 1907 5375 2016 5416; x_wconf 81' lang='lat' dir='ltr'><strong>esse</strong></span> <span class='ocrx_word' id='word_1_624' title='bbox 2047 5362 2226 5432; x_wconf 73' lang='lat' dir='ltr'><strong>prohi-</strong></span> 
     </span>
    </p>
   </div>
   <div class='ocr_carea' id='block_1_85' title="bbox 638 5431 1757 5503">
    <p class='ocr_par' dir='ltr' id='par_1_85' title="bbox 638 5431 1757 5503">
     <span class='ocr_line' id='line_1_85' title="bbox 638 5431 1757 5503; baseline -0.002 -17"><span class='ocrx_word' id='word_1_625' title='bbox 638 5431 797 5486; x_wconf 83' lang='lat' dir='ltr'><strong>bitum</strong></span> <span class='ocrx_word' id='word_1_626' title='bbox 821 5448 838 5503; x_wconf 66' lang='grc' dir='ltr'><strong>ς</strong></span> <span class='ocrx_word' id='word_1_627' title='bbox 869 5433 1031 5486; x_wconf 83' lang='lat' dir='ltr'><strong>curuis</strong></span> <span class='ocrx_word' id='word_1_628' title='bbox 1056 5432 1338 5503; x_wconf 67' lang='lat' dir='ltr'><strong>reliquum</strong></span> <span class='ocrx_word' id='word_1_629' title='bbox 1353 5431 1631 5503; x_wconf 74' lang='lat' dir='ltr'><strong>designari,</strong></span> <span class='ocrx_word' id='word_1_630' title='bbox 1653 5441 1757 5503; x_wconf 80' lang='lat' dir='ltr'><strong>etc.</strong></span> 
     </span>
    </p>
   </div>
   <div class='ocr_carea' id='block_1_86' title="bbox 706 5501 2228 5628">
    <p class='ocr_par' dir='ltr' id='par_1_86' title="bbox 706 5501 2228 5628">
     <span class='ocr_line' id='line_1_86' title="bbox 706 5501 2228 5628; baseline 0.001 -71"><span class='ocrx_word' id='word_1_631' title='bbox 706 5503 784 5628; x_wconf 56' lang='grc' dir='ltr'>(Ξ)</span> <span class='ocrx_word' id='word_1_632' title='bbox 802 5502 1057 5628; x_wconf 36' lang='lat' dir='ltr'><strong>1(Zibpsrian.</strong></span> <span class='ocrx_word' id='word_1_633' title='bbox 1103 5502 1274 5574; x_wconf 81' lang='lat' dir='ltr'><strong>Epist.</strong></span> <span class='ocrx_word' id='word_1_634' title='bbox 1306 5518 1394 5570; x_wconf 80' lang='lat' dir='ltr'><strong>LII,</strong></span> <span class='ocrx_word' id='word_1_635' title='bbox 1436 5501 1559 5576; x_wconf 83' lang='lat' dir='ltr'><strong>pag.</strong></span> <span class='ocrx_word' id='word_1_636' title='bbox 1587 5501 1710 5570; x_wconf 70' lang='lat' dir='ltr'><strong>I64,</strong></span> <span class='ocrx_word' id='word_1_637' title='bbox 1744 5505 1877 5559; x_wconf 88' lang='lat' dir='ltr'><strong>edit.</strong></span> <span class='ocrx_word' id='word_1_638' title='bbox 1911 5505 2129 5559; x_wconf 68' lang='lat' dir='ltr'><strong>Veneta:</strong></span> <span class='ocrx_word' id='word_1_639' title='bbox 2161 5503 2228 5559; x_wconf 88' lang='lat' dir='ltr'><strong>de</strong></span> 
     </span>
    </p>
   </div>
   <div class='ocr_carea' id='block_1_87' title="bbox 631 5576 960 5630">
    <p class='ocr_par' dir='ltr' id='par_1_87' title="bbox 631 5576 960 5630">
     <span class='ocr_line' id='line_1_87' title="bbox 631 5576 960 5630; baseline 0 -2"><span class='ocrx_word' id='word_1_640' title='bbox 631 5589 774 5630; x_wconf 88' lang='lat' dir='ltr'><strong>anno</strong></span> <span class='ocrx_word' id='word_1_641' title='bbox 802 5576 960 5628; x_wconf 76' lang='lat' dir='ltr'><strong>I758.</strong></span> 
     </span>
    </p>
   </div>
   <div class='ocr_carea' id='block_1_88' title="bbox 703 5642 2227 5717">
    <p class='ocr_par' dir='ltr' id='par_1_88' title="bbox 703 5642 2227 5717">
     <span class='ocr_line' id='line_1_88' title="bbox 703 5642 2227 5717; baseline 0.001 -18"><span class='ocrx_word' id='word_1_642' title='bbox 703 5647 782 5713; x_wconf 80' lang='lat'>(5)</span> <span class='ocrx_word' id='word_1_643' title='bbox 811 5645 1091 5717; x_wconf 74' lang='lat' dir='ltr'><strong>Novatian.</strong></span> <span class='ocrx_word' id='word_1_644' title='bbox 1128 5644 1299 5713; x_wconf 79' lang='lat' dir='ltr'><strong>Epist.</strong></span> <span class='ocrx_word' id='word_1_645' title='bbox 1323 5643 1391 5717; x_wconf 80' lang='lat' dir='ltr'><strong>ad</strong></span> <span class='ocrx_word' id='word_1_646' title='bbox 1420 5644 1664 5717; x_wconf 70' lang='lat' dir='ltr'><strong>Cypriani.</strong></span> <span class='ocrx_word' id='word_1_647' title='bbox 1697 5642 1724 5716; x_wconf 62' lang='grc' dir='ltr'>ᾗ</span> <span class='ocrx_word' id='word_1_648' title='bbox 1754 5645 1787 5700; x_wconf 84' lang='grc' dir='ltr'>ϐ</span> <span class='ocrx_word' id='word_1_649' title='bbox 1809 5689 1822 5713; x_wconf 87' lang='grc'>,</span> <span class='ocrx_word' id='word_1_650' title='bbox 1855 5656 1967 5700; x_wconf 83' lang='lat' dir='ltr'><strong>not.</strong></span> <span class='ocrx_word' id='word_1_651' title='bbox 2003 5649 2052 5711; x_wconf 85' lang='lat' dir='ltr'><strong>l,</strong></span> <span class='ocrx_word' id='word_1_652' title='bbox 2087 5645 2227 5717; x_wconf 77' lang='lat' dir='ltr'><strong>apud</strong></span> 
     </span>
    </p>
   </div>
   <div class='ocr_carea' id='block_1_89' title="bbox 629 5715 1504 5785">
    <p class='ocr_par' dir='ltr' id='par_1_89' title="bbox 629 5715 1504 5785">
     <span class='ocr_line' id='line_1_89' title="bbox 629 5715 1504 5785; baseline -0.003 -14"><span class='ocrx_word' id='word_1_653' title='bbox 629 5715 878 5785; x_wconf 85' lang='lat' dir='ltr'><strong>Galland.</strong></span> <span class='ocrx_word' id='word_1_654' title='bbox 911 5716 1065 5769; x_wconf 89' lang='lat' dir='ltr'><strong>&#39;I‘ont.</strong></span> <span class='ocrx_word' id='word_1_655' title='bbox 1101 5730 1187 5782; x_wconf 88' lang='lat' dir='ltr'><strong>nt,</strong></span> <span class='ocrx_word' id='word_1_656' title='bbox 1219 5730 1334 5785; x_wconf 85' lang='lat' dir='ltr'><strong>pag.</strong></span> <span class='ocrx_word' id='word_1_657' title='bbox 1381 5715 1504 5771; x_wconf 61' lang='lat'><strong>593.</strong></span> 
     </span>
    </p>
   </div>
   <div class='ocr_carea' id='block_1_90' title="bbox 703 5784 2227 5860">
    <p class='ocr_par' dir='ltr' id='par_1_90' title="bbox 703 5784 2227 5860">
     <span class='ocr_line' id='line_1_90' title="bbox 703 5784 2227 5860; baseline 0.005 -25"><span class='ocrx_word' id='word_1_658' title='bbox 703 5784 785 5860; x_wconf 58' lang='grc' dir='ltr'>(ἐξ)</span> <span class='ocrx_word' id='word_1_659' title='bbox 802 5787 1082 5860; x_wconf 58' lang='grc' dir='ltr'><strong>ἐᾼιιοιηνιιι.</strong></span> <span class='ocrx_word' id='word_1_660' title='bbox 1116 5784 1351 5860; x_wconf 52' lang='grc' dir='ltr'><strong>Τνιιείαέἱ</strong></span> <span class='ocrx_word' id='word_1_661' title='bbox 1397 5788 1459 5838; x_wconf 88' lang='lat' dir='ltr'><strong>de</strong></span> <span class='ocrx_word' id='word_1_662' title='bbox 1497 5787 1677 5856; x_wconf 84' lang='lat' dir='ltr'><strong>lapsis.</strong></span> <span class='ocrx_word' id='word_1_663' title='bbox 1711 5786 1738 5856; x_wconf 84' lang='lat'>§</span> <span class='ocrx_word' id='word_1_664' title='bbox 1773 5788 1858 5854; x_wconf 77' lang='lat' dir='ltr'><strong>I5,</strong></span> <span class='ocrx_word' id='word_1_665' title='bbox 1915 5787 2054 5860; x_wconf 87' lang='lat' dir='ltr'><strong>apttd</strong></span> <span class='ocrx_word' id='word_1_666' title='bbox 2110 5788 2227 5844; x_wconf 76' lang='lat' dir='ltr'><strong>Gal-</strong></span> 
     </span>
    </p>
   </div>
   <div class='ocr_carea' id='block_1_91' title="bbox 632 5851 1378 5920">
    <p class='ocr_par' dir='ltr' id='par_1_91' title="bbox 632 5851 1378 5920">
     <span class='ocr_line' id='line_1_91' title="bbox 632 5851 1378 5920; baseline 0.004 -19"><span class='ocrx_word' id='word_1_667' title='bbox 632 5851 774 5903; x_wconf 85' lang='lat' dir='ltr'><strong>land.</strong></span> <span class='ocrx_word' id='word_1_668' title='bbox 802 5851 956 5905; x_wconf 85' lang='lat' dir='ltr'><strong>Tom.</strong></span> <span class='ocrx_word' id='word_1_669' title='bbox 991 5867 1065 5903; x_wconf 91' lang='lat' dir='ltr'><strong>ttt.</strong></span> <span class='ocrx_word' id='word_1_670' title='bbox 1104 5869 1222 5920; x_wconf 85' lang='lat' dir='ltr'><strong>pag.</strong></span> <span class='ocrx_word' id='word_1_671' title='bbox 1253 5851 1378 5904; x_wconf 69' lang='grc'><strong>574.</strong></span> 
     </span>
    </p>
   </div>
   <div class='ocr_carea' id='block_1_92' title="bbox 2310 3349 3919 3428">
    <p class='ocr_par' dir='ltr' id='par_1_92' title="bbox 2310 3349 3919 3428">
     <span class='ocr_line' id='line_1_92' title="bbox 2310 3349 3919 3428; baseline -0.001 -17"><span class='ocrx_word' id='word_1_672' title='bbox 2310 3357 2501 3412; x_wconf 84' lang='lat' dir='ltr'><strong>bianus</strong></span> <span class='ocrx_word' id='word_1_673' title='bbox 2529 3357 2788 3428; x_wconf 87' lang='lat' dir='ltr'><strong>martyrio</strong></span> <span class='ocrx_word' id='word_1_674' title='bbox 2813 3357 3059 3410; x_wconf 89' lang='lat' dir='ltr'><strong>sublatus</strong></span> <span class='ocrx_word' id='word_1_675' title='bbox 3079 3363 3322 3411; x_wconf 79' lang='lat' dir='ltr'><strong>estanno</strong></span> <span class='ocrx_word' id='word_1_676' title='bbox 3341 3367 3461 3415; x_wconf 71' lang='lat' dir='ltr'><strong>ccc.</strong></span> <span class='ocrx_word' id='word_1_677' title='bbox 3487 3349 3574 3410; x_wconf 78' lang='lat' dir='ltr'><strong>l3.</strong></span> <span class='ocrx_word' id='word_1_678' title='bbox 3599 3352 3721 3408; x_wconf 82' lang='lat' dir='ltr'><strong>Kal.</strong></span> <span class='ocrx_word' id='word_1_679' title='bbox 3750 3352 3919 3409; x_wconf 83' lang='lat' dir='ltr'><strong>Febr.</strong></span> 
     </span>
    </p>
   </div>
   <div class='ocr_carea' id='block_1_93' title="bbox 2309 3445 3922 3518">
    <p class='ocr_par' dir='ltr' id='par_1_93' title="bbox 2309 3445 3922 3518">
     <span class='ocr_line' id='line_1_93' title="bbox 2309 3445 3922 3518; baseline -0.002 -14"><span class='ocrx_word' id='word_1_680' title='bbox 2309 3450 2466 3518; x_wconf 86' lang='lat' dir='ltr'><strong>eique</strong></span> <span class='ocrx_word' id='word_1_681' title='bbox 2495 3449 2756 3503; x_wconf 83' lang='lat' dir='ltr'><strong>successit</strong></span> <span class='ocrx_word' id='word_1_682' title='bbox 2781 3445 3068 3503; x_wconf 85' lang='lat' dir='ltr'><strong>Cornelius</strong></span> <span class='ocrx_word' id='word_1_683' title='bbox 3123 3448 3346 3502; x_wconf 85' lang='lat' dir='ltr'><strong>ineunte</strong></span> <span class='ocrx_word' id='word_1_684' title='bbox 3371 3446 3531 3500; x_wconf 83' lang='lat' dir='ltr'><strong>Junio</strong></span> <span class='ocrx_word' id='word_1_685' title='bbox 3572 3445 3922 3516; x_wconf 87' lang='lat' dir='ltr'><strong>insequentis</strong></span> 
     </span>
    </p>
   </div>
   <div class='ocr_carea' id='block_1_94' title="bbox 2312 3538 3924 3610">
    <p class='ocr_par' dir='ltr' id='par_1_94' title="bbox 2312 3538 3924 3610">
     <span class='ocr_line' id='line_1_94' title="bbox 2312 3538 3924 3610; baseline -0.001 -13"><span class='ocrx_word' id='word_1_686' title='bbox 2312 3546 2438 3598; x_wconf 90' lang='lat' dir='ltr'><strong>anni</strong></span> <span class='ocrx_word' id='word_1_687' title='bbox 2469 3555 2620 3610; x_wconf 76' lang='lat' dir='ltr'><strong>(:th,</strong></span> <span class='ocrx_word' id='word_1_688' title='bbox 2657 3545 2734 3598; x_wconf 91' lang='lat' dir='ltr'><strong>uti</strong></span> <span class='ocrx_word' id='word_1_689' title='bbox 2786 3558 2886 3599; x_wconf 90' lang='lat' dir='ltr'><strong>suo</strong></span> <span class='ocrx_word' id='word_1_690' title='bbox 2934 3541 3054 3598; x_wconf 90' lang='lat' dir='ltr'><strong>loco</strong></span> <span class='ocrx_word' id='word_1_691' title='bbox 3100 3539 3508 3608; x_wconf 81' lang='lat' dir='ltr'><strong>annotavimus,</strong></span> <span class='ocrx_word' id='word_1_692' title='bbox 3559 3538 3685 3595; x_wconf 90' lang='lat' dir='ltr'><strong>licet</strong></span> <span class='ocrx_word' id='word_1_693' title='bbox 3748 3539 3924 3610; x_wconf 87' lang='lat' dir='ltr'><strong>paulo</strong></span> 
     </span>
    </p>
   </div>
   <div class='ocr_carea' id='block_1_95' title="bbox 2313 3627 2977 3708">
    <p class='ocr_par' dir='ltr' id='par_1_95' title="bbox 2313 3627 2977 3708">
     <span class='ocr_line' id='line_1_95' title="bbox 2313 3627 2977 3708; baseline -0.005 -16"><span class='ocrx_word' id='word_1_694' title='bbox 2313 3637 2470 3692; x_wconf 84' lang='lat' dir='ltr'><strong>aliter</strong></span> <span class='ocrx_word' id='word_1_695' title='bbox 2493 3627 2846 3691; x_wconf 83' lang='lat' dir='ltr'><strong>Constantius</strong></span> <span class='ocrx_word' id='word_1_696' title='bbox 2873 3634 2977 3708; x_wconf 88' lang='lat'>(7).</span> 
     </span>
    </p>
   </div>
   <div class='ocr_carea' id='block_1_96' title="bbox 2918 3763 3324 3806">
    <p class='ocr_par' dir='ltr' id='par_1_96' title="bbox 2918 3763 3324 3806">
     <span class='ocr_line' id='line_1_96' title="bbox 2918 3763 3324 3806; baseline -0.002 -1"><span class='ocrx_word' id='word_1_697' title='bbox 2918 3763 3212 3806; x_wconf 76' lang='lat' dir='ltr'><strong>ABTICULUS</strong></span> <span class='ocrx_word' id='word_1_698' title='bbox 3251 3765 3324 3805; x_wconf 76' lang='lat' dir='ltr'><strong>IV.</strong></span> 
     </span>
    </p>
   </div>
   <div class='ocr_carea' id='block_1_97' title="bbox 2643 3840 3646 3922">
    <p class='ocr_par' dir='ltr' id='par_1_97' title="bbox 2643 3840 3646 3922">
     <span class='ocr_line' id='line_1_97' title="bbox 2643 3840 3646 3922; baseline -0.001 -23"><span class='ocrx_word' id='word_1_699' title='bbox 2643 3841 2716 3900; x_wconf 82' lang='lat' dir='ltr'><strong>De</strong></span> <span class='ocrx_word' id='word_1_700' title='bbox 2759 3845 2993 3914; x_wconf 80' lang='lat' dir='ltr'><strong>operibus</strong></span> <span class='ocrx_word' id='word_1_701' title='bbox 3024 3845 3302 3899; x_wconf 80' lang='lat' dir='ltr'><strong>Novatimti</strong></span> <span class='ocrx_word' id='word_1_702' title='bbox 3334 3840 3646 3922; x_wconf 40' lang='lat' dir='ltr'><strong>deperditis;</strong></span> 
     </span>
    </p>
   </div>
   <div class='ocr_carea' id='block_1_98' title="bbox 2393 3933 3927 4010">
    <p class='ocr_par' dir='ltr' id='par_1_98' title="bbox 2393 3933 3927 4010">
     <span class='ocr_line' id='line_1_98' title="bbox 2393 3933 3927 4010; baseline -0.003 -16"><span class='ocrx_word' id='word_1_703' title='bbox 2393 3942 2537 3997; x_wconf 87' lang='lat' dir='ltr'><strong>Inter</strong></span> <span class='ocrx_word' id='word_1_704' title='bbox 2574 3955 2737 4010; x_wconf 87' lang='lat' dir='ltr'><strong>opera</strong></span> <span class='ocrx_word' id='word_1_705' title='bbox 2765 3935 3046 3994; x_wconf 84' lang='lat' dir='ltr'><strong>Novatiani</strong></span> <span class='ocrx_word' id='word_1_706' title='bbox 3067 3936 3346 4008; x_wconf 86' lang='lat' dir='ltr'><strong>deperdita</strong></span> <span class='ocrx_word' id='word_1_707' title='bbox 3374 3945 3725 3992; x_wconf 83' lang='lat' dir='ltr'><strong>numeramus</strong></span> <span class='ocrx_word' id='word_1_708' title='bbox 3747 3933 3927 4005; x_wconf 89' lang='lat' dir='ltr'><strong>primo</strong></span> 
     </span>
    </p>
   </div>
   <div class='ocr_carea' id='block_1_99' title="bbox 2320 4025 3923 4100">
    <p class='ocr_par' dir='ltr' id='par_1_99' title="bbox 2320 4025 3923 4100">
     <span class='ocr_line' id='line_1_99' title="bbox 2320 4025 3923 4100; baseline -0.005 -10"><span class='ocrx_word' id='word_1_709' title='bbox 2320 4049 2412 4090; x_wconf 91' lang='lat' dir='ltr'><strong>eos</strong></span> <span class='ocrx_word' id='word_1_710' title='bbox 2441 4047 2628 4088; x_wconf 89' lang='lat' dir='ltr'><strong>omnes</strong></span> <span class='ocrx_word' id='word_1_711' title='bbox 2659 4039 2919 4086; x_wconf 82' lang='lat' dir='ltr'><strong>tractatus</strong></span> <span class='ocrx_word' id='word_1_712' title='bbox 2941 4074 2954 4097; x_wconf 90' lang='lat'><strong>,</strong></span> <span class='ocrx_word' id='word_1_713' title='bbox 2989 4044 3123 4100; x_wconf 90' lang='lat' dir='ltr'><strong>quos</strong></span> <span class='ocrx_word' id='word_1_714' title='bbox 3157 4029 3214 4086; x_wconf 93' lang='lat' dir='ltr'><strong>S.</strong></span> <span class='ocrx_word' id='word_1_715' title='bbox 3266 4027 3626 4100; x_wconf 85' lang='lat' dir='ltr'><strong>Hieronymus</strong></span> <span class='ocrx_word' id='word_1_716' title='bbox 3673 4025 3776 4082; x_wconf 84' lang='lat' dir='ltr'><strong>hoc</strong></span> <span class='ocrx_word' id='word_1_717' title='bbox 3825 4041 3923 4082; x_wconf 86' lang='lat' dir='ltr'><strong>or-</strong></span> 
     </span>
    </p>
   </div>
   <div class='ocr_carea' id='block_1_100' title="bbox 2321 4120 3933 4194">
    <p class='ocr_par' dir='ltr' id='par_1_100' title="bbox 2321 4120 3933 4194">
     <span class='ocr_line' id='line_1_100' title="bbox 2321 4120 3933 4194; baseline -0.004 -14"><span class='ocrx_word' id='word_1_718' title='bbox 2321 4127 2444 4180; x_wconf 89' lang='lat' dir='ltr'><strong>dine</strong></span> <span class='ocrx_word' id='word_1_719' title='bbox 2475 4125 2749 4180; x_wconf 87' lang='lat' dir='ltr'><strong>reccnsnit</strong></span> <span class='ocrx_word' id='word_1_720' title='bbox 2781 4123 2862 4194; x_wconf 87' lang='lat'><strong>(8)</strong></span> <span class='ocrx_word' id='word_1_721' title='bbox 2895 4143 2908 4178; x_wconf 89' lang='lat'><strong>:</strong></span> <span class='ocrx_word' id='word_1_722' title='bbox 2940 4122 3205 4178; x_wconf 86' lang='lat' dir='ltr'><strong>Nimirum</strong></span> <span class='ocrx_word' id='word_1_723' title='bbox 3237 4123 3299 4177; x_wconf 86' lang='lat' dir='ltr'><strong>de</strong></span> <span class='ocrx_word' id='word_1_724' title='bbox 3328 4120 3624 4187; x_wconf 80' lang='lat' dir='ltr'><strong>Paschate,</strong></span> <span class='ocrx_word' id='word_1_725' title='bbox 3679 4122 3740 4175; x_wconf 84' lang='lat' dir='ltr'><strong>de</strong></span> <span class='ocrx_word' id='word_1_726' title='bbox 3789 4120 3933 4177; x_wconf 59' lang='grc' dir='ltr'><strong>δηθά</strong></span> 
     </span>
    </p>
   </div>
   <div class='ocr_carea' id='block_1_101' title="bbox 2253 4212 3929 4285">
    <p class='ocr_par' dir='ltr' id='par_1_101' title="bbox 2253 4212 3929 4285">
     <span class='ocr_line' id='line_1_101' title="bbox 2253 4212 3929 4285; baseline -0.002 -13"><span class='ocrx_word' id='word_1_727' title='bbox 2253 4257 2260 4264; x_wconf 57' lang='grc' dir='ltr'><em>ι</em></span> <span class='ocrx_word' id='word_1_728' title='bbox 2323 4219 2440 4272; x_wconf 81' lang='lat' dir='ltr'><strong>balo</strong></span> <span class='ocrx_word' id='word_1_729' title='bbox 2461 4261 2474 4282; x_wconf 95' lang='lat'><strong>,</strong></span> <span class='ocrx_word' id='word_1_730' title='bbox 2519 4219 2581 4272; x_wconf 87' lang='lat' dir='ltr'><strong>de</strong></span> <span class='ocrx_word' id='word_1_731' title='bbox 2610 4215 3008 4271; x_wconf 79' lang='lat' dir='ltr'><strong>Circumcisione</strong></span> <span class='ocrx_word' id='word_1_732' title='bbox 3029 4257 3044 4284; x_wconf 93' lang='lat'><strong>,</strong></span> <span class='ocrx_word' id='word_1_733' title='bbox 3072 4217 3138 4270; x_wconf 78' lang='lat' dir='ltr'><strong>de</strong></span> <span class='ocrx_word' id='word_1_734' title='bbox 3185 4212 3469 4272; x_wconf 72' lang='lat' dir='ltr'><strong>Sura&#39;dote</strong></span> <span class='ocrx_word' id='word_1_735' title='bbox 3516 4215 3533 4285; x_wconf 95' lang='lat'><strong>(</strong></span> <span class='ocrx_word' id='word_1_736' title='bbox 3557 4213 3700 4271; x_wconf 83' lang='lat' dir='ltr'><strong>forte</strong></span> <span class='ocrx_word' id='word_1_737' title='bbox 3730 4215 3797 4270; x_wconf 87' lang='lat' dir='ltr'><strong>de</strong></span> <span class='ocrx_word' id='word_1_738' title='bbox 3824 4215 3929 4270; x_wconf 84' lang='lat' dir='ltr'><strong>Sa-</strong></span> 
     </span>
    </p>
   </div>
   <div class='ocr_carea' id='block_1_102' title="bbox 2323 4305 3932 4381">
    <p class='ocr_par' dir='ltr' id='par_1_102' title="bbox 2323 4305 3932 4381">
     <span class='ocr_line' id='line_1_102' title="bbox 2323 4305 3932 4381; baseline -0.004 -14"><span class='ocrx_word' id='word_1_739' title='bbox 2323 4312 2566 4367; x_wconf 88' lang='lat' dir='ltr'><strong>cerdotio</strong></span> <span class='ocrx_word' id='word_1_740' title='bbox 2599 4310 2806 4365; x_wconf 73' lang='lat' dir='ltr'><strong>Veteris</strong></span> <span class='ocrx_word' id='word_1_741' title='bbox 2857 4308 3232 4381; x_wconf 86' lang='lat' dir='ltr'><strong>Testantenti)</strong></span> <span class='ocrx_word' id='word_1_742' title='bbox 3288 4308 3351 4363; x_wconf 81' lang='lat' dir='ltr'><strong>de</strong></span> <span class='ocrx_word' id='word_1_743' title='bbox 3397 4307 3678 4376; x_wconf 77' lang='lat' dir='ltr'><strong>Oratione,</strong></span> <span class='ocrx_word' id='word_1_744' title='bbox 3739 4309 3802 4362; x_wconf 88' lang='lat' dir='ltr'><strong>de</strong></span> <span class='ocrx_word' id='word_1_745' title='bbox 3833 4305 3932 4361; x_wconf 86' lang='grc' dir='ltr'><strong>Ιη-</strong></span> 
     </span>
    </p>
   </div>
   <div class='ocr_carea' id='block_1_103' title="bbox 2325 4401 3932 4475">
    <p class='ocr_par' dir='ltr' id='par_1_103' title="bbox 2325 4401 3932 4475">
     <span class='ocr_line' id='line_1_103' title="bbox 2325 4401 3932 4475; baseline -0.001 -15"><span class='ocrx_word' id='word_1_746' title='bbox 2325 4407 2546 4471; x_wconf 83' lang='lat' dir='ltr'><strong>stantia,</strong></span> <span class='ocrx_word' id='word_1_747' title='bbox 2588 4403 2652 4458; x_wconf 80' lang='lat' dir='ltr'><strong>de</strong></span> <span class='ocrx_word' id='word_1_748' title='bbox 2701 4406 2894 4460; x_wconf 80' lang='lat' dir='ltr'><strong>Attalo.</strong></span> <span class='ocrx_word' id='word_1_749' title='bbox 2957 4401 3348 4461; x_wconf 79' lang='lat' dir='ltr'><strong>Circuutl&#39;ertur</strong></span> <span class='ocrx_word' id='word_1_750' title='bbox 3395 4402 3614 4475; x_wconf 89' lang='lat' dir='ltr'><strong>quidem</strong></span> <span class='ocrx_word' id='word_1_751' title='bbox 3668 4409 3932 4458; x_wconf 89' lang='lat' dir='ltr'><strong>tractatus</strong></span> 
     </span>
    </p>
   </div>
   <div class='ocr_carea' id='block_1_104' title="bbox 2326 4491 3930 4571">
    <p class='ocr_par' dir='ltr' id='par_1_104' title="bbox 2326 4491 3930 4571">
     <span class='ocr_line' id='line_1_104' title="bbox 2326 4491 3930 4571; baseline -0.002 -17"><span class='ocrx_word' id='word_1_752' title='bbox 2326 4499 2542 4571; x_wconf 90' lang='lat' dir='ltr'><strong>quidam</strong></span> <span class='ocrx_word' id='word_1_753' title='bbox 2561 4499 2624 4552; x_wconf 84' lang='lat' dir='ltr'><strong>de</strong></span> <span class='ocrx_word' id='word_1_754' title='bbox 2637 4497 3034 4553; x_wconf 81' lang='lat' dir='ltr'><strong>Circumcisione</strong></span> <span class='ocrx_word' id='word_1_755' title='bbox 3051 4499 3192 4552; x_wconf 89' lang='lat' dir='ltr'><strong>inter</strong></span> <span class='ocrx_word' id='word_1_756' title='bbox 3209 4511 3370 4568; x_wconf 80' lang='lat' dir='ltr'><strong>Opera</strong></span> <span class='ocrx_word' id='word_1_757' title='bbox 3386 4496 3493 4551; x_wconf 90' lang='lat' dir='ltr'><strong>divi</strong></span> <span class='ocrx_word' id='word_1_758' title='bbox 3518 4491 3830 4567; x_wconf 83' lang='lat' dir='ltr'><strong>Hieronymi</strong></span> <span class='ocrx_word' id='word_1_759' title='bbox 3845 4493 3930 4568; x_wconf 89' lang='lat'><strong>(9)</strong></span> 
     </span>
    </p>
   </div>
   <div class='ocr_carea' id='block_1_105' title="bbox 2327 4588 3928 4664">
    <p class='ocr_par' dir='ltr' id='par_1_105' title="bbox 2327 4588 3928 4664">
     <span class='ocr_line' id='line_1_105' title="bbox 2327 4588 3928 4664; baseline -0.004 -17"><span class='ocrx_word' id='word_1_760' title='bbox 2327 4607 2485 4664; x_wconf 90' lang='lat' dir='ltr'><strong>quem</strong></span> <span class='ocrx_word' id='word_1_761' title='bbox 2538 4592 2626 4646; x_wconf 89' lang='lat' dir='ltr'><strong>alii</strong></span> <span class='ocrx_word' id='word_1_762' title='bbox 2660 4591 2956 4647; x_wconf 84' lang='lat' dir='ltr'><strong>Novatiano</strong></span> <span class='ocrx_word' id='word_1_763' title='bbox 3005 4591 3447 4660; x_wconf 84' lang='lat' dir='ltr'><strong>adscripserunt;</strong></span> <span class='ocrx_word' id='word_1_764' title='bbox 3501 4589 3599 4644; x_wconf 89' lang='lat' dir='ltr'><strong>sed</strong></span> <span class='ocrx_word' id='word_1_765' title='bbox 3649 4588 3718 4644; x_wconf 92' lang='lat' dir='ltr'><strong>ob</strong></span> <span class='ocrx_word' id='word_1_766' title='bbox 3769 4604 3928 4642; x_wconf 85' lang='lat' dir='ltr'><strong>men-</strong></span> 
     </span>
    </p>
   </div>
   <div class='ocr_carea' id='block_1_106' title="bbox 2331 4683 3932 4754">
    <p class='ocr_par' dir='ltr' id='par_1_106' title="bbox 2331 4683 3932 4754">
     <span class='ocr_line' id='line_1_106' title="bbox 2331 4683 3932 4754; baseline -0.003 -12"><span class='ocrx_word' id='word_1_767' title='bbox 2331 4689 2531 4743; x_wconf 89' lang='lat' dir='ltr'><strong>tionem</strong></span> <span class='ocrx_word' id='word_1_768' title='bbox 2562 4690 2905 4754; x_wconf 86' lang='lat' dir='ltr'><strong>Arianorum,</strong></span> <span class='ocrx_word' id='word_1_769' title='bbox 2948 4697 3003 4742; x_wconf 92' lang='lat' dir='ltr'><strong>et</strong></span> <span class='ocrx_word' id='word_1_770' title='bbox 3029 4683 3471 4753; x_wconf 71' lang='lat' dir='ltr'><strong>Manichatorutn,</strong></span> <span class='ocrx_word' id='word_1_771' title='bbox 3505 4685 3598 4740; x_wconf 77' lang='lat' dir='ltr'><strong>vix</strong></span> <span class='ocrx_word' id='word_1_772' title='bbox 3627 4683 3932 4739; x_wconf 64' lang='lat' dir='ltr'><strong>Horatiano</strong></span> 
     </span>
    </p>
   </div>
   <div class='ocr_carea' id='block_1_107' title="bbox 2328 4776 3933 4853">
    <p class='ocr_par' dir='ltr' id='par_1_107' title="bbox 2328 4776 3933 4853">
     <span class='ocr_line' id='line_1_107' title="bbox 2328 4776 3933 4853; baseline -0.004 -17"><span class='ocrx_word' id='word_1_773' title='bbox 2328 4777 2445 4837; x_wconf 90' lang='lat' dir='ltr'><strong>dari</strong></span> <span class='ocrx_word' id='word_1_774' title='bbox 2474 4789 2677 4853; x_wconf 82' lang='lat' dir='ltr'><strong>potest,</strong></span> <span class='ocrx_word' id='word_1_775' title='bbox 2711 4782 3012 4852; x_wconf 88' lang='lat' dir='ltr'><strong>meritoque</strong></span> <span class='ocrx_word' id='word_1_776' title='bbox 3041 4780 3202 4852; x_wconf 77' lang='lat' dir='ltr'><strong>igitur</strong></span> <span class='ocrx_word' id='word_1_777' title='bbox 3240 4779 3383 4835; x_wconf 91' lang='lat' dir='ltr'><strong>inter</strong></span> <span class='ocrx_word' id='word_1_778' title='bbox 3427 4777 3737 4848; x_wconf 82' lang='lat' dir='ltr'><strong>deperditas</strong></span> <span class='ocrx_word' id='word_1_779' title='bbox 3789 4776 3933 4830; x_wconf 86' lang='lat' dir='ltr'><strong>illius</strong></span> 
     </span>
    </p>
   </div>
   <div class='ocr_carea' id='block_1_108' title="bbox 2330 4871 3934 4946">
    <p class='ocr_par' dir='ltr' id='par_1_108' title="bbox 2330 4871 3934 4946">
     <span class='ocr_line' id='line_1_108' title="bbox 2330 4871 3934 4946; baseline -0.004 -16"><span class='ocrx_word' id='word_1_780' title='bbox 2330 4874 2738 4930; x_wconf 88' lang='lat' dir='ltr'><strong>lucubrationes</strong></span> <span class='ocrx_word' id='word_1_781' title='bbox 2787 4871 3088 4946; x_wconf 89' lang='lat' dir='ltr'><strong>Epistolam</strong></span> <span class='ocrx_word' id='word_1_782' title='bbox 3138 4874 3201 4929; x_wconf 86' lang='lat' dir='ltr'><strong>de</strong></span> <span class='ocrx_word' id='word_1_783' title='bbox 3231 4872 3640 4927; x_wconf 81' lang='lat' dir='ltr'><strong>Circuntct&#39;sione</strong></span> <span class='ocrx_word' id='word_1_784' title='bbox 3672 4883 3934 4925; x_wconf 84' lang='lat' dir='ltr'><strong>numera-</strong></span> 
     </span>
    </p>
   </div>
   <div class='ocr_carea' id='block_1_109' title="bbox 2331 4961 3935 5037">
    <p class='ocr_par' dir='ltr' id='par_1_109' title="bbox 2331 4961 3935 5037">
     <span class='ocr_line' id='line_1_109' title="bbox 2331 4961 3935 5037; baseline -0.003 -14"><span class='ocrx_word' id='word_1_785' title='bbox 2331 4983 2469 5023; x_wconf 89' lang='lat' dir='ltr'><strong>mus.</strong></span> <span class='ocrx_word' id='word_1_786' title='bbox 2500 4967 2726 5037; x_wconf 81' lang='lat' dir='ltr'><strong>Quidam</strong></span> <span class='ocrx_word' id='word_1_787' title='bbox 2757 4963 3054 5036; x_wconf 89' lang='lat' dir='ltr'><strong>Epistolam</strong></span> <span class='ocrx_word' id='word_1_788' title='bbox 3108 4967 3167 5023; x_wconf 93' lang='lat' dir='ltr'><strong>S.</strong></span> <span class='ocrx_word' id='word_1_789' title='bbox 3217 4965 3500 5037; x_wconf 82' lang='lat' dir='ltr'><strong>Augustini</strong></span> <span class='ocrx_word' id='word_1_790' title='bbox 3555 4961 3619 5020; x_wconf 81' lang='lat' dir='ltr'><strong>de</strong></span> <span class='ocrx_word' id='word_1_791' title='bbox 3670 4962 3935 5019; x_wconf 79' lang='lat' dir='ltr'><strong>Pusclmte</strong></span> 
     </span>
    </p>
   </div>
   <div class='ocr_carea' id='block_1_110' title="bbox 2330 5056 3936 5133">
    <p class='ocr_par' dir='ltr' id='par_1_110' title="bbox 2330 5056 3936 5133">
     <span class='ocr_line' id='line_1_110' title="bbox 2330 5056 3936 5133; baseline -0.001 -16"><span class='ocrx_word' id='word_1_792' title='bbox 2330 5061 2519 5120; x_wconf 89' lang='lat' dir='ltr'><strong>ordine</strong></span> <span class='ocrx_word' id='word_1_793' title='bbox 2559 5077 2624 5117; x_wconf 82' lang='lat' dir='ltr'><strong>LV</strong></span> <span class='ocrx_word' id='word_1_794' title='bbox 2658 5062 2808 5133; x_wconf 81' lang='lat' dir='ltr'><strong>juxta</strong></span> <span class='ocrx_word' id='word_1_795' title='bbox 2841 5061 3224 5118; x_wconf 87' lang='lat' dir='ltr'><strong>Benedictinos</strong></span> <span class='ocrx_word' id='word_1_796' title='bbox 3267 5069 3577 5118; x_wconf 84' lang='lat' dir='ltr'><strong>statuerunt</strong></span> <span class='ocrx_word' id='word_1_797' title='bbox 3625 5056 3936 5116; x_wconf 88' lang='lat' dir='ltr'><strong>habendam</strong></span> 
     </span>
    </p>
   </div>
   <div class='ocr_carea' id='block_1_111' title="bbox 2404 5217 3934 5292">
    <p class='ocr_par' dir='ltr' id='par_1_111' title="bbox 2404 5217 3934 5292">
     <span class='ocr_line' id='line_1_111' title="bbox 2404 5217 3934 5292; baseline -0.001 -18"><span class='ocrx_word' id='word_1_798' title='bbox 2404 5217 2484 5291; x_wconf 87' lang='lat'>(5)</span> <span class='ocrx_word' id='word_1_799' title='bbox 2512 5219 2753 5285; x_wconf 84' lang='lat' dir='ltr'><strong>Pacian.,</strong></span> <span class='ocrx_word' id='word_1_800' title='bbox 2782 5219 2954 5292; x_wconf 75' lang='lat' dir='ltr'><strong>Epist.</strong></span> <span class='ocrx_word' id='word_1_801' title='bbox 2991 5237 3044 5275; x_wconf 87' lang='grc' dir='ltr'><strong>ιιι</strong></span> <span class='ocrx_word' id='word_1_802' title='bbox 3068 5261 3080 5280; x_wconf 85' lang='grc'><strong>.</strong></span> <span class='ocrx_word' id='word_1_803' title='bbox 3134 5222 3202 5274; x_wconf 84' lang='lat' dir='ltr'><strong>ad</strong></span> <span class='ocrx_word' id='word_1_804' title='bbox 3249 5219 3624 5292; x_wconf 79' lang='lat' dir='ltr'><strong>Symprouian.</strong></span> <span class='ocrx_word' id='word_1_805' title='bbox 3651 5217 3792 5275; x_wconf 89' lang='lat' dir='ltr'><strong>Bibl.</strong></span> <span class='ocrx_word' id='word_1_806' title='bbox 3820 5218 3934 5273; x_wconf 85' lang='lat' dir='ltr'><strong>PP.</strong></span> 
     </span>
    </p>
   </div>
   <div class='ocr_carea' id='block_1_112' title="bbox 2329 5290 3428 5361">
    <p class='ocr_par' dir='ltr' id='par_1_112' title="bbox 2329 5290 3428 5361">
     <span class='ocr_line' id='line_1_112' title="bbox 2329 5290 3428 5361; baseline -0.002 -15"><span class='ocrx_word' id='word_1_807' title='bbox 2329 5290 2483 5346; x_wconf 82' lang='lat' dir='ltr'><strong>Tum.</strong></span> <span class='ocrx_word' id='word_1_808' title='bbox 2515 5307 2591 5350; x_wconf 85' lang='lat' dir='ltr'><strong>lli,</strong></span> <span class='ocrx_word' id='word_1_809' title='bbox 2631 5308 2747 5361; x_wconf 79' lang='lat' dir='ltr'><strong>pag.</strong></span> <span class='ocrx_word' id='word_1_810' title='bbox 2777 5291 2866 5348; x_wconf 69' lang='lat'><strong>5‘5.</strong></span> <span class='ocrx_word' id='word_1_811' title='bbox 2896 5292 3024 5346; x_wconf 91' lang='lat' dir='ltr'><strong>edit.</strong></span> <span class='ocrx_word' id='word_1_812' title='bbox 3059 5292 3228 5346; x_wconf 64' lang='lat' dir='ltr'><strong>Paris.</strong></span> <span class='ocrx_word' id='word_1_813' title='bbox 3265 5290 3428 5347; x_wconf 73' lang='grc'><strong>1644.</strong></span> 
     </span>
    </p>
   </div>
   <div class='ocr_carea' id='block_1_113' title="bbox 2356 5361 3935 5487">
    <p class='ocr_par' dir='ltr' id='par_1_113' title="bbox 2356 5361 3935 5487">
     <span class='ocr_line' id='line_1_113' title="bbox 2356 5361 3935 5487; baseline -0.03 -49"><span class='ocrx_word' id='word_1_814' title='bbox 2356 5362 2481 5487; x_wconf 51' lang='lat' dir='ltr'><strong>“Si</strong></span> <span class='ocrx_word' id='word_1_815' title='bbox 2825 5361 2992 5432; x_wconf 81' lang='lat' dir='ltr'><strong>Epist.</strong></span> <span class='ocrx_word' id='word_1_816' title='bbox 3022 5365 3089 5417; x_wconf 85' lang='lat' dir='ltr'><strong>ad</strong></span> <span class='ocrx_word' id='word_1_817' title='bbox 3108 5364 3168 5418; x_wconf 89' lang='lat' dir='ltr'><strong>S.</strong></span> <span class='ocrx_word' id='word_1_818' title='bbox 3194 5362 3442 5435; x_wconf 78' lang='lat' dir='ltr'><strong>Cypriuu.</strong></span> <span class='ocrx_word' id='word_1_819' title='bbox 3477 5364 3504 5436; x_wconf 60' lang='grc' dir='ltr'><strong>δ</strong></span> <span class='ocrx_word' id='word_1_820' title='bbox 3533 5365 3566 5419; x_wconf 72' lang='grc'>4</span> <span class='ocrx_word' id='word_1_821' title='bbox 3590 5404 3604 5429; x_wconf 74' lang='grc'><em>,</em></span> <span class='ocrx_word' id='word_1_822' title='bbox 3635 5362 3777 5434; x_wconf 67' lang='lat' dir='ltr'><strong>apud</strong></span> <span class='ocrx_word' id='word_1_823' title='bbox 3804 5361 3935 5420; x_wconf 56' lang='lat' dir='ltr'><strong>Gal.</strong></span> 
     </span>
    </p>
   </div>
   <div class='ocr_carea' id='block_1_114' title="bbox 2331 5434 3935 5578">
    <p class='ocr_par' dir='ltr' id='par_1_114' title="bbox 2331 5434 3935 5578">
     <span class='ocr_line' id='line_1_114' title="bbox 2331 5434 3935 5578; baseline 0.012 -35"><span class='ocrx_word' id='word_1_824' title='bbox 2331 5434 2483 5577; x_wconf 57' lang='lat' dir='ltr'><strong>lmigl)</strong></span> <span class='ocrx_word' id='word_1_825' title='bbox 2508 5434 2917 5561; x_wconf 37' lang='lat' dir='ltr'><strong>gﬁla‘iﬁﬁbibl.</strong></span> <span class='ocrx_word' id='word_1_826' title='bbox 2943 5506 3047 5562; x_wconf 90' lang='lat' dir='ltr'><strong>PP.</strong></span> <span class='ocrx_word' id='word_1_827' title='bbox 3076 5507 3232 5562; x_wconf 93' lang='lat' dir='ltr'><strong>Tom.</strong></span> <span class='ocrx_word' id='word_1_828' title='bbox 3259 5522 3335 5562; x_wconf 90' lang='lat' dir='ltr'><strong>nt.</strong></span> <span class='ocrx_word' id='word_1_829' title='bbox 3373 5506 3682 5578; x_wconf 84' lang='lat' dir='ltr'><strong>Prolegottt.</strong></span> <span class='ocrx_word' id='word_1_830' title='bbox 3709 5520 3831 5578; x_wconf 85' lang='lat' dir='ltr'><strong>cap.</strong></span> <span class='ocrx_word' id='word_1_831' title='bbox 3858 5522 3935 5577; x_wconf 86' lang='lat' dir='ltr'><strong>tv,</strong></span> 
     </span>
    </p>
   </div>
   <div class='ocr_carea' id='block_1_115' title="bbox 2339 5577 3580 5720">
    <p class='ocr_par' dir='ltr' id='par_1_115' title="bbox 2339 5577 3580 5720">
     <span class='ocr_line' id='line_1_115' title="bbox 2339 5577 3580 5720; baseline 0 -17"><span class='ocrx_word' id='word_1_832' title='bbox 2339 5577 2366 5647; x_wconf 53' lang='grc' dir='ltr'>ἕ</span> <span class='ocrx_word' id='word_1_833' title='bbox 2523 5649 2835 5718; x_wconf 82' lang='lat' dir='ltr'><strong>IIieronym.</strong></span> <span class='ocrx_word' id='word_1_834' title='bbox 2866 5649 2929 5703; x_wconf 89' lang='lat' dir='ltr'><strong>de</strong></span> <span class='ocrx_word' id='word_1_835' title='bbox 2970 5648 3077 5703; x_wconf 85' lang='lat' dir='ltr'><strong>Vir.</strong></span> <span class='ocrx_word' id='word_1_836' title='bbox 3100 5649 3303 5705; x_wconf 83' lang='lat' dir='ltr'><strong>Iilustr.</strong></span> <span class='ocrx_word' id='word_1_837' title='bbox 3336 5655 3456 5720; x_wconf 81' lang='lat' dir='ltr'><strong>cap.</strong></span> <span class='ocrx_word' id='word_1_838' title='bbox 3493 5650 3580 5707; x_wconf 82' lang='lat'><strong>70.</strong></span> 
     </span>
    </p>
   </div>
   <div class='ocr_carea' id='block_1_116' title="bbox 2359 5718 3939 5800">
    <p class='ocr_par' dir='ltr' id='par_1_116' title="bbox 2359 5718 3939 5800">
     <span class='ocr_line' id='line_1_116' title="bbox 2359 5718 3939 5800; baseline 0.001 -25"><span class='ocrx_word' id='word_1_839' title='bbox 2359 5791 2369 5800; x_wconf 82' lang='lat'>_</span> <span class='ocrx_word' id='word_1_840' title='bbox 2407 5718 2485 5792; x_wconf 82' lang='lat'>(9)</span> <span class='ocrx_word' id='word_1_841' title='bbox 2515 5720 2651 5790; x_wconf 90' lang='lat' dir='ltr'><strong>Opp.</strong></span> <span class='ocrx_word' id='word_1_842' title='bbox 2685 5721 3002 5792; x_wconf 88' lang='lat' dir='ltr'><strong>Ilieronym.</strong></span> <span class='ocrx_word' id='word_1_843' title='bbox 3035 5718 3421 5800; x_wconf 66' lang='lat' dir='ltr'><strong>&#39;[0tn._v,_pag.</strong></span> <span class='ocrx_word' id='word_1_844' title='bbox 3458 5723 3583 5800; x_wconf 62' lang='lat' dir='ltr'><strong>I59,</strong></span> <span class='ocrx_word' id='word_1_845' title='bbox 3629 5720 3939 5800; x_wconf 24' lang='lat' dir='ltr'><strong>adﬁnger-</strong></span> 
     </span>
    </p>
   </div>
   <div class='ocr_carea' id='block_1_117' title="bbox 2336 5792 3937 5865">
    <p class='ocr_par' dir='ltr' id='par_1_117' title="bbox 2336 5792 3937 5865">
     <span class='ocr_line' id='line_1_117' title="bbox 2336 5792 3937 5865; baseline 0.002 -21"><span class='ocrx_word' id='word_1_846' title='bbox 2336 5792 2710 5865; x_wconf 15' lang='lat' dir='ltr'><strong>tian._e_tgtont.</strong></span> <span class='ocrx_word' id='word_1_847' title='bbox 2747 5809 2805 5846; x_wconf 76' lang='lat' dir='ltr'><strong>tu</strong></span> <span class='ocrx_word' id='word_1_848' title='bbox 2825 5835 2840 5860; x_wconf 93' lang='lat'><strong>,</strong></span> <span class='ocrx_word' id='word_1_849' title='bbox 2873 5803 3006 5865; x_wconf 83' lang='lat' dir='ltr'><strong>part.</strong></span> <span class='ocrx_word' id='word_1_850' title='bbox 3046 5793 3100 5861; x_wconf 74' lang='lat'><strong>2,</strong></span> <span class='ocrx_word' id='word_1_851' title='bbox 3128 5793 3257 5850; x_wconf 90' lang='lat' dir='ltr'><strong>edit.</strong></span> <span class='ocrx_word' id='word_1_852' title='bbox 3285 5792 3480 5851; x_wconf 75' lang='lat' dir='ltr'><strong>Venet.</strong></span> <span class='ocrx_word' id='word_1_853' title='bbox 3505 5794 3574 5852; x_wconf 77' lang='lat' dir='ltr'><strong>de</strong></span> <span class='ocrx_word' id='word_1_854' title='bbox 3601 5807 3746 5851; x_wconf 87' lang='lat' dir='ltr'><strong>anno</strong></span> <span class='ocrx_word' id='word_1_855' title='bbox 3770 5793 3937 5864; x_wconf 72' lang='grc'>1771,</span> 
     </span>
    </p>
   </div>
   <div class='ocr_carea' id='block_1_118' title="bbox 2333 5861 2844 5933">
    <p class='ocr_par' dir='ltr' id='par_1_118' title="bbox 2333 5861 2844 5933">
     <span class='ocr_line' id='line_1_118' title="bbox 2333 5861 2844 5933; baseline 0.006 -20"><span class='ocrx_word' id='word_1_856' title='bbox 2333 5875 2453 5930; x_wconf 81' lang='lat' dir='ltr'><strong>pag.</strong></span> <span class='ocrx_word' id='word_1_857' title='bbox 2480 5861 2590 5917; x_wconf 61' lang='lat'><strong>320</strong></span> <span class='ocrx_word' id='word_1_858' title='bbox 2613 5872 2668 5918; x_wconf 88' lang='lat' dir='ltr'><strong>et</strong></span> <span class='ocrx_word' id='word_1_859' title='bbox 2691 5875 2844 5933; x_wconf 77' lang='lat' dir='ltr'><strong>seqq.</strong></span> 
     </span>
    </p>
   </div>
  </div>
