4260 6266
510 236 613 306 im

1976 242 2374 307 NOVATIANI.

3709 264 3815 339 ars

507 385 628 426 esse
650 367 1005 440 proTractatu
1026 351 1398 421 Novatianide
1414 363 1679 422 Paschate
1701 364 1804 438 (1).
1834 365 2116 436 Inscriptio
2141 370 2190 429 Α
2220 367 2521 424 illustratus
2558 383 2655 440 per
2696 369 3007 429 Eduardum
3035 371 3377 431 Welchman.
3430 376 3668 450 Denique
3697 401 3815 440 rur.

511 456 900 519 lucubrationis
959 456 1243 513 Novatiani
1273 457 1341 512 de
1390 456 1651 514 lnstantla
1702 459 1911 515 videtur
1961 460 2115 515 nobis

509 553 803 612 admodum
852 549 1123 615 obscura;
1178 549 1401 607 Graecus
1454 551 1726 621 interpres
1775 551 1974 616 reddit,
2007 558 2117 623 περὶ

509 646 979 707 ἑνωτώτωνέῖοΐιο
1028 644 1164 716 legis
1209 644 1278 700 de
1348 643 1695 701 lnstantibus.
1767 643 1877 701 Nos
1942 646 2111 702 inter-

506 754 781 816 pretamur
793 741 862 797 de
878 741 1130 797 instantia
1146 755 1243 797 seu
1258 740 1654 811 perseverantia
1671 740 1723 795 in
1742 740 1986 797 oratione
2007 740 2110 813 (ε).

575 838 780 894 Omnes
828 851 1044 907 quoque
1102 834 1383 891 Novationi
1447 836 1691 902 litteras,
1764 850 1916 906 quas,
1971 834 2114 891 facto

504 932 819 999 schismate,
853 930 920 985 ad
950 928 1198 986 diversas
1229 930 1471 985 exaravit
1502 929 1798 994 Ecclesiae,
1828 930 1963 986 edax
2019 946 2112 985 re-

506 1041 626 1082 rum
675 1036 888 1094 tempus
928 1023 1251 1093 absumpsit.
1288 1022 1531 1079 Meminit
1555 1023 1614 1079 S.
1645 1023 1943 1094 Cyprianus
1986 1039 2110 1094 per-

506 1134 651 1192 saepe
672 1133 860 1175 earum
901 1117 1263 1188 Epistolarum
1289 1156 1304 1183 ,
1354 1133 1489 1189 quas
1539 1116 1906 1184 Novatianus,
1961 1126 2112 1189 post-

507 1227 665 1283 quam
692 1210 1022 1267 Cathedram
1053 1209 1350 1266 Romanam
1376 1210 1692 1281 occupavit,
1723 1210 1791 1265 ad
1821 1210 1958 1266 alios
1993 1211 2110 1280 epi-

506 1321 701 1377 scopos
721 1305 1056 1377 perscripsit.
1073 1303 1306 1361 Sanctus
1325 1305 1486 1361 etlam
1505 1305 1869 1379 Hieronymus
1898 1321 2111 1361 earum.

505 1399 628 1456 dem
657 1401 993 1455 mentionem
1025 1401 1149 1453 facit
1176 1398 1261 1453 his
1290 1400 1469 1455 verbis
1498 1414 1513 1454 ι
1549 1400 1822 1471 Simulque
1847 1400 2114 1470 Epistolas

418 1471 443 1489 ‘
509 1492 790 1548 Novatiani
816 1534 832 1561 ,
870 1502 926 1547 ut
954 1492 1075 1547 dum
1127 1491 1459 1547 Schismatici
1505 1493 1728 1548 hominis
1775 1510 1969 1549 venena
2023 1510 2112 1548 co-

506 1587 819 1659 gnoscimus,
853 1585 1089 1640 libentius
1118 1586 1285 1640 sancti
1314 1584 1563 1657 Martyris
1588 1583 1839 1658 Cypriani
1875 1587 2108 1641 bibamus

509 1684 797 1737 antidotum
825 1678 926 1754 (5).
979 1679 1132 1736 Unde
1183 1679 1517 1751 colligimus,
1577 1680 1724 1752 quod
1772 1680 1859 1736 ha
1912 1681 2108 1737 littera:

510 1772 825 1846 Hieronymi
846 1781 1005 1827 aetate
1033 1770 1214 1827 adhuc
1241 1773 1571 1828 exstiterint.

586 1871 663 1927 De
700 1870 846 1943 ston
870 1869 1153 1926 Novatiani
1200 1870 1316 1925 haec
1349 1877 1502 1924 notat
1553 1867 1639 1924 Cl.
1685 1869 1952 1939 Dupinius
1982 1868 2062 1941 (4)
2096 1887 2110 1923 :

518 1984 537 2019 ι
559 1964 660 2020 Hic
679 1964 879 2021 Auctor
908 1964 1143 2035 ingenio,
1167 1964 1494 2034 eloquentia,
1511 1971 1567 2019 et
1592 1963 1820 2027 scientia
1854 1963 2111 2034 pollebat.

508 2057 641 2128 Ejus
671 2057 844 2120 stylus
864 2066 947 2113 est
970 2071 1160 2123 purus,
1188 2057 1412 2123 nitidus,
1455 2067 1512 2113 et
1539 2058 1843 2127 expolitus;
1887 2057 2113 2127 phrases

505 2152 694 2208 electae
717 2192 731 2215 ,
758 2151 1113 2223 cogitationes
1136 2150 1410 2205 naturales
1434 2191 1449 2216 ,
1501 2159 1558 2206 et
1599 2150 1881 2206 ratiocinia
1915 2150 2109 2205 solida.

507 2244 674 2300 Multa
702 2243 865 2299 habet
881 2244 1177 2313 Scriptura:
1204 2243 1319 2298 loca
1351 2242 1600 2313 apposite
1620 2242 1782 2297 citata
1817 2259 1830 2297 :
1862 2241 2029 2296 inuno
2057 2242 2113 2298 in

506 2336 869 2403 Tractatibus,
902 2335 995 2406 qui
1024 2349 1168 2389 nunc
1194 2344 1432 2401 exstant,
1463 2334 1599 2389 ordo
1625 2342 1681 2389 et
1706 2333 1994 2389 methodus
2019 2350 2116 2403 op-

514 2431 643 2485 tima
673 2428 1025 2495 observatur,
1053 2443 1376 2499 semperque
1406 2427 1614 2498 placide
1638 2416 1697 2482 et
1724 2429 2000 2484 moderate
2030 2428 2113 2484 lo-

509 2526 716 2597 quitur.
756 2543 776 2578 s
800 2523 977 2594 Hujus
1004 2523 1133 2578 crisi
1183 2534 1415 2591 utroque
1446 2521 1639 2592 pollice
1667 2521 1957 2577 subscribit
1989 2537 2113 2592 per-

507 2618 706 2673 doctus
757 2615 981 2673 Ceillier
1026 2614 1137 2687 (5).
1173 2614 1414 2670 Libellus
1461 2614 1526 2669 de
1584 2612 1936 2686 Negatoribus
1984 2614 2116 2669 reci—

511 2710 750 2781 piendis,
783 2709 876 2779 qui
906 2723 937 2764 a
964 2708 1198 2763 Paciauo
1223 2705 1305 2781 (6)
1330 2705 1660 2761 adscribitur
1692 2718 1908 2773 nostro,
1938 2714 2115 2777 potest

511 2818 636 2859 esse
661 2817 849 2857 xxxvr.
878 2801 1119 2872 Epistola
1146 2800 1292 2856 inter
1318 2799 1691 2872 Cyprianicas,
1718 2798 1860 2855 Cleri
1887 2796 2116 2855 Romani

515 2897 734 2954 nomine
753 2897 950 2967 scripta
975 2896 1126 2967 juxta
1154 2892 1524 2952 Oxoniensem
1553 2896 1868 2953 editionem.

1118 3026 1416 3068 Αιιτιεῠιοδ
1442 3029 1501 3067 ν.

895 3129 1162 3205 Εάὶιίοηεξ
1185 3163 1398 3220 operum
1425 3145 1725 3207 Novatiani.

586 3309 666 3365 Ex
697 3309 763 3366 iis
792 3315 971 3364 autem
1002 3306 1288 3378 operibus,
1320 3321 1441 3377 quae
1472 3304 1579 3361 huc
1610 3320 1780 3376 usque
1806 3302 2110 3360 Novatiano

513 3404 878 3468 asseruimus,
940 3401 1133 3455 librum
1189 3400 1252 3454 de
1304 3396 1556 3453 Trinitate
1603 3413 1724 3453 cum
1782 3398 2022 3469 Epistola
2052 3397 2115 3451 de

513 3498 651 3554 Cibis
676 3496 913 3551 Judaicis
940 3495 1146 3567 primus
1168 3509 1236 3549 ex
1261 3491 1611 3564 antiquisimo
1636 3490 1823 3546 codice
1851 3489 1904 3544 in
1936 3490 2114 3545 lucem

516 3594 726 3662 extulit,
752 3591 994 3659 Parisiis,
1010 3605 1155 3649 anno
1171 3586 1580 3655 1545,10annes
1602 3585 1892 3657 Gagnmus.
1914 3584 2117 3640 Deinde

518 3686 587 3741 ad
618 3685 743 3741 Mss.
770 3684 1137 3740 Britannicum
1159 3682 1213 3737 in
1244 3682 1577 3738 Masburensi
1606 3678 1872 3736 Cmoobio
1924 3694 2112 3748 reper-

523 3789 636 3836 tum
666 3766 841 3850 exegit
856 3778 1132 3843 Gelenius,
1155 3774 1497 3847 vulgavitque
1515 3774 1739 3829 Basileaa
1770 3788 1913 3828 anno
1951 3771 2107 3840 1550,

520 3872 821 3944 iterumque
872 3870 1030 3927 1562.
1067 3869 1337 3925 Pamelius
1384 3877 1649 3940 praeterea
1683 3866 1865 3920 multis
1897 3865 1948 3920 in
1981 3865 2114 3919 locis

518 3966 831 4040 recognovit
856 3966 923 4021 ad
951 3963 1230 4036 Anglicum
1259 3977 1392 4018 mss.
1435 3960 1714 4032 exemplar
1757 3960 1857 4014 Dn.
1890 3957 2115 4014 Joannis

515 4066 844 4131 Clementis,
893 4070 949 4117 et
975 4057 1296 4133 quibusdam
1339 4073 1403 4115 ex
1445 4056 1774 4128 conjecturis
1796 4053 1970 4109 Latini
1997 4053 2114 4109 La-

517 4159 668 4227 tinii,
696 4168 858 4228 atque
883 4154 1141 4226 operibus
1170 4150 1489 4211 Tertulliani
1516 4150 1767 4216 attexuit,
1801 4148 1964 4203 Duaci
1998 4147 2111 4217 pri-

516 4267 665 4310 mum
697 4249 856 4306 editis
883 4262 1025 4303 anno
1050 4246 1213 4312 1579,
1250 4246 1559 4315 saepiusque
1594 4240 1852 4312 deinceps
1881 4239 2109 4296 recusis.

517 4348 678 4403 Anno
731 4344 950 4399 demum
1010 4341 1328 4411 insequente
1380 4337 1552 4405 1580,
1619 4334 1927 4400 recensuit,
1994 4331 2111 4387 edi-

518 4439 704 4510 ditque
748 4436 972 4491 Parisiis
1020 4434 1260 4489 Renatus
1316 4430 1642 4486 Laurentius
1695 4429 1762 4483 de
1818 4428 1865 4482 la
1920 4426 2107 4481 Barre.

518 4532 696 4604 Atque
724 4529 985 4589 hactenus
1011 4528 1151 4584 inter
1187 4541 1352 4598 opera
1378 4523 1696 4580 Tertulliani
1741 4522 1897 4576 latuit
1931 4519 2110 4574 Nova-

524 4628 721 4683 tiauus.

2218 476 2312 516 sus
2358 462 2586 518 Londini
2644 480 2787 519 anno
2838 466 3011 531 1728,
3068 467 3260 523 Studio
3307 468 3529 531 Joannis
3555 473 3815 548 Jackson,

2219 554 2478 611 Ecclesia:
2517 555 2826 626 Anglicana:
2868 557 3175 630 Presbyteri
3219 562 3387 619 iii-8°.
3435 567 3609 636 Atque
3655 568 3817 626 Win-

2218 655 2407 703 stonus
2436 649 2654 719 quidem
2683 666 2847 707 unum
2875 651 3069 711 librum
3122 654 3185 707 de
3232 654 3482 713 Trinitate
3524 658 3817 720 lectoribus

2217 740 2453 797 exhibet.
2488 742 2878 801 Welclimanus
2927 761 3055 803 vero
3094 747 3226 803 duas
3250 761 3510 820 prailcroa
3544 753 3816 824 Epistolas

2218 832 2449 903 adjecit,
2494 835 2719 892 alteram
2768 837 2831 891 de
2858 836 2997 893 Cibis
3022 838 3260 901 Iudaicis
3286 884 3301 910 ,
3344 845 3567 907 alterum
3593 848 3818 907 Romani

2217 923 2353 980 Cleri
2418 929 2621 983 nomine
2698 930 2977 998 scriptam.
3064 931 3300 993 Jackson
3359 946 3541 995 autem
3594 942 3816 998 tertiam

2217 1016 2439 1088 insuper
2481 1019 2661 1090 juuxit
2711 1021 3042 1091 Epistolam,
3094 1040 3252 1094 quam
3311 1026 3500 1085 Clerus
3540 1031 3817 1089 Romanus

2214 1110 2491 1183 Cypriauo
2538 1114 2814 1185 inscripsit
2845 1133 2857 1168 :
2892 1116 3130 1173 incertus
3160 1129 3337 1176 tamen
3360 1132 3414 1177 et
3442 1123 3555 1194 ipse
3575 1167 3589 1190 ,
3638 1135 3817 1182 utrum

2217 1203 2486 1271 ejusmodi
2528 1205 2768 1277 Epistola
2811 1208 3167 1267 Novatianum
3213 1225 3470 1284 agnoscat
3518 1228 3818 1275 auctorem.

2216 1294 2418 1365 Omnes
2472 1298 2526 1353 bi
2572 1308 2682 1356 tres
2733 1300 2973 1358 editores
3029 1303 3385 1363 Novatianum
3433 1308 3817 1368 eruditissimis

2217 1398 2362 1452 notis
2392 1406 2553 1468 atque
2578 1399 3049 1458 observationibus
3075 1402 3445 1470 illustrarunt,
3489 1406 3591 1461 hoc
3637 1415 3820 1463 tamen

2216 1489 2549 1558 discrimine,
2566 1492 2710 1562 quod
2727 1493 3063 1550 Welchmani
3083 1503 3225 1551 not-.e
3254 1498 3476 1553 omnino
3498 1498 3819 1555 orthodoxa:

2192 1583 2363 1648 ‘sint,
2404 1584 2736 1655 reliquorum
2765 1584 2994 1641 duorum
3024 1586 3199 1657 quoad
3226 1587 3420 1659 dogma
3442 1589 3510 1645 de
3540 1590 3822 1647 divinitate

2214 1675 2338 1731 Filii
2379 1692 2569 1747 purum
2600 1678 2956 1750 putidumque
3002 1679 3368 1737 Arianismum
3410 1681 3643 1753 sapiant.
3677 1682 3823 1738 liue-

2139 1770 2190 1834 B
2220 1782 2391 1838 usque
2417 1767 2485 1825 de
2511 1770 2840 1827 editionibus
2879 1771 3137 1842 antiquis.

2287 1861 2645 1920 Novissimam
2666 1904 2680 1930 ,
2713 1879 2873 1934 quam
2920 1863 3004 1921 Cl.
3039 1864 3284 1922 Andreas
3314 1866 3634 1924 Callandius
3664 1884 3822 1939 para-

2217 1955 2313 2020 vit,
2347 1955 2640 2013 editionem
2667 1959 2854 2026 exegit
2880 1958 3219 2028 potissimum
3246 1959 3312 2014 ad
3334 1962 3611 2031 exemplar
3636 1961 3823 2017 Pome-

2218 2050 2414 2105 lianum
2437 2094 2453 2118 ,
2483 2051 2723 2123 illudque
2750 2068 2870 2107 cum
2892 2052 3117 2109 duobus
3146 2056 3433 2124 postremis
3472 2056 3824 2127 editionibus,

2216 2144 2528 2212 Oxouiensi,
2558 2156 2613 2201 et
2637 2146 2968 2203 Londinensi
2997 2149 3250 2215 contulit;
3282 2164 3456 2213 neque
3479 2150 3828 2221 negligendas

2217 2239 2439 2293 omnino
2467 2239 2764 2295 arbitratus
2787 2249 2871 2297 est
2899 2240 3166 2296 editiones
3186 2242 3360 2315 magis
3384 2243 3651 2313 antiquas.
3684 2242 3827 2299 Illud

2217 2348 2347 2387 vero
2369 2333 2603 2387 maxime
2629 2333 2857 2399 curavit,
2884 2342 2943 2388 ut
2971 2332 3038 2389 ad
3069 2348 3167 2388 sua.
3193 2350 3421 2405 quasque
3451 2335 3568 2391 loca
3598 2336 3828 2391 reduce-

2218 2435 2406 2480 rentur
2450 2425 2631 2480 luxata
2678 2431 2920 2483 membra
2944 2467 2960 2491 ,
2994 2425 3134 2481 duce
3173 2427 3519 2496 potissimum
3551 2439 3830 2497 praeeunte

2216 2515 2509 2584 Colelerio,
2538 2516 2630 2586 qui
2655 2518 2889 2586 capitum
2920 2519 3270 2586 trajectiones
3299 2519 3352 2573 in
3381 2519 3522 2576 libro
3549 2520 3612 2575 de
3644 2518 3823 2574 Trini-

2219 2619 2320 2664 tate
2346 2619 2468 2680 post
2495 2609 2786 2664 Heuricum
2824 2608 3095 2665 Valesium
3127 2618 3281 2667 acute
3311 2612 3562 2679 advertit,
3597 2621 3825 2668 annota-

2220 2704 2422 2772 vitque.
2471 2703 2551 2758 Ex
2594 2703 2793 2773 quibus
2833 2713 2915 2758 est
2945 2704 3312 2774 perspicuum,
3341 2716 3601 2776 quantum
3633 2707 3831 2763 debeat

2221 2796 2463 2867 praeferri
2507 2790 2879 2852 recentiSsiitta
2921 2795 3039 2849 haec
3083 2794 3365 2850 Novatiani
3405 2796 3571 2853 editio
3613 2797 3829 2853 caeteris

2221 2888 2672 2960 praecedentibus.
2709 2889 2869 2944 Anno
2896 2886 3059 2955 1782,
3091 2890 3229 2959 typis
3261 2888 3589 2946 Stabelianis
3619 2889 3827 2947 Wiree—

2219 2982 2373 3053 burgi
2407 2981 2686 3038 Novatiani
2726 2996 2890 3051 opera
2920 2996 3112 3037 recusa
3137 2982 3289 3039 luere
3316 2982 3591 3038 volumine
3618 2986 3831 3040 winter

2219 3090 2382 3145 opera
2418 3075 2516 3132 SS.
2550 3074 2772 3130 Patrum
2816 3075 3128 3143 latinorum,
3152 3091 3182 3130 a
3213 3091 3332 3147 pag.
3366 3076 3630 3142 453-514,
3660 3076 3828 3131 in-8".

2136 3167 2185 3233 α
2221 3167 2480 3239 Analysin
2513 3167 2791 3235 utriusque
2836 3167 3081 3238 opusculi
3116 3177 3225 3223 tum
3267 3167 3336 3224 de
3375 3168 3639 3224 Trinitate
3663 3211 3678 3236 ,
3714 3178 3827 3224 tum

2218 3260 2288 3316 de
2317 3259 2467 3315 Cibis
2492 3258 2733 3316 Judaicis
2762 3259 2996 3317 confecit
3022 3257 3103 3316 Cl.
3134 3260 3196 3316 P.
3230 3261 3544 3315 Dominicus
3571 3260 3824 3327 Schratn,

2218 3361 2351 3408 tom.
2378 3369 2452 3406 ονι
2499 3351 2583 3407 sui
2610 3351 2791 3421 operis
2825 3350 3115 3418 Patristici,
3149 3367 3180 3407 a
3211 3367 3333 3422 pag.
3358 3350 3607 3407 269-5l9
3628 3393 3642 3415 ,
3682 3366 3829 3408 anno

2220 3444 2381 3500 1784.
2428 3443 2544 3501 Jam
2596 3458 2740 3498 anno
2792 3443 2952 3509 1777,
2999 3440 3084 3499 Cl.
3131 3441 3467 3498 Christianus
3516 3442 3826 3497 Fridericus

2217 3537 2512 3601 Roslerus,
2543 3545 2691 3591 temo
2733 3551 2790 3590 ιιι
2840 3535 3185 3592 Bibliouieca:
3237 3535 3455 3590 Patrum
3488 3535 3682 3605 Lipsiae
3725 3537 3827 3590 im—

2219 3644 2409 3700 presso
2444 3645 2475 3684 e
2503 3628 2790 3685 Novatiani
2817 3628 3071 3684 Tractatu
3097 3627 3166 3684 de
3194 3626 3458 3684 Trinitate
3487 3636 3740 3697 excerpta
3770 3627 3827 3683 in

2218 3725 2398 3796 lingua
2440 3733 2626 3781 nostra
2670 3724 2955 3779 vernacula
2998 3722 3224 3793 adjectis
3267 3720 3650 3779 eruditissimis
3682 3721 3823 3779 u0tis

2216 3818 2337 3875 orbi
2367 3815 2581 3874 erudito
2608 3816 3042 3873 communicavit.

2833 3951 3061 4008 CAPUT
3092 3950 3180 4006 Ill.

2631 4061 2957 4102 DOCTRINA
2997 4056 3363 4099 NOVATIANI

2749 4149 3047 4192 ARTICL'LUS
3066 4148 3280 4189 PBIIUS.

2218 4256 2423 4312 Puncta
2436 4253 2723 4324 dogmatica
2738 4251 2799 4306 de
2811 4251 2944 4318 Deo,
2961 4249 3240 4320 divinisque
3261 4248 3372 4320 ejus
3391 4247 3815 4320 perfectionibus.

2286 4377 2403 4433 Etsi
2448 4388 2612 4447 pauca
2654 4370 2944 4429 admodum
2971 4411 2985 4438 ,
3036 4383 3208 4439 eaque
3253 4366 3571 4423 brevissima
3622 4369 3827 4427 vetusti

2218 4472 2379 4544 hujus
2417 4468 2643 4525 Romani
2678 4464 2979 4538 presbyteri
3007 4478 3168 4535 opera
3205 4462 3272 4518 ad
3315 4476 3415 4517 nos
3445 4464 3817 4533 pervenerint,

2137 4569 2510 4631 Doccurrunt
2555 4559 2906 4617 nihilominus
2973 4557 3025 4611 in
3074 4556 3192 4624 ejus
3242 4553 3493 4609 Tractatu
3524 4552 3609 4619 de
3647 4553 3822 4608 Trini~

2221 4670 2349 4728 tate,
2383 4658 2477 4729 qui
2499 4654 2685 4712 fusiori
2717 4652 2928 4709 calamo
2957 4659 3208 4704 exaratos
3234 4654 3338 4711 est,
3372 4645 3650 4700 innumera
3680 4661 3820 4715 pene

595 4715 2116 4820 Separ‘ffif?_"f’r°l’f_if?“m“0“”{1'0'Tdim“““°_”99’
2216 4715 2447 4809 dixerim
2490 4748 2720 4820 pretiosa
2764 4744 3060 4814 fragmenta
3106 4737 3281 4808 quoad
3320 4738 3619 4809 prazcipuas
3658 4736 3820 4794 Cbri-
3868 4776 3869 4779 η

522 4825 745 4874 curante
774 4814 1069 4871 Willtelmo
1094 4813 1407 4881 Whistono,
1456 4813 1525 4867 ad
1564 4812 1767 4869 calcem
1797 4811 1978 4883 operis
2006 4808 2119 4866 An-

520 4911 660 4983 glice
709 4908 990 4979 inscripti,
1035 4908 1293 4963 Sermons
1333 4905 1440 4961 and
1487 4906 1687 4978 Essays
1735 4919 1879 4975 upon
1909 4901 2120 4958 several

521 5006 794 5077 subjects,
829 5018 951 5077 pag.
982 5001 1110 5071 327,
1137 5000 1332 5059 deinde
1378 5000 1572 5057 Oxonii
1611 5016 1753 5056 anno
1784 4997 1945 5064 1724,
1980 4996 2121 5052 uotis

705 5138 950 5222 pertinet:
1046 5138 1328 5222 credibilitg
1350 5141 1413 5211 of
1426 5142 1508 5194 the
1528 5137 1594 5193 G.
1612 5136 1684 5193 Η.
1710 5146 1848 5209 part.
1867 5131 1925 5203 Ξ,
1944 5150 1999 5207 p.
2020 5132 2114 5189 82.

610 5210 656 5266 "2
705 5211 872 5266 Idem.
909 5210 1038 5265 Ibid.
1084 5226 1201 5280 pag.
1230 5212 1324 5267 21.
1386 5210 1393 5211 ί

597 5214 678 5356 i5;
713 5283 1030 5356 Hieronymi
1058 5281 1217 5356 Epist.
1266 5300 1322 5356 χ,
1372 5283 1439 5337 ad
1492 5281 1719 5356 Paulum
1747 5278 2108 5356 Concordiens.

527 5350 681 5412 Tom.
716 5371 766 5409 tv
784 5350 927 5423 Opp.
948 5353 1075 5409 edit.
1098 5350 1298 5409 Bened.
1343 5371 1464 5424 pag.
1488 5354 1575 5419 17,
1601 5362 1657 5408 et
1676 5360 1803 5406 tum.
1835 5367 1872 5418 ι,
1900 5359 2037 5420 part.
2056 5350 2108 5417 1,

527 5424 771 5500 pag.g2‘1,
803 5425 930 5500 edit.
948 5425 1150 5500 _Ven_et._
1179 5427 1336 5500 “11".
1371 5425 1525 5482 1766.

552 5570 567 5588 ν
597 5491 684 5588 ξι)
716 5495 1184 5588 DltLpnin,Bibliotlt.
1236 5496 1389 5553 Tom.
1442 5513 1479 5565 ι,
1529 5510 1650 5567 pag.
1696 5491 1827 5561 285,
1883 5491 2113 5549 edit.lat.

526 5569 715 5631 Colon.
747 5569 905 5627 1703.

599 5641 683 5712 (ὅ)
698 5640 934 5713 Ceillier,
960 5638 1188 5695 Histoire
1209 5640 1448 5713 generale
1468 5640 1559 5696 des
1582 5646 1806 5696 autum.
1847 5636 2001 5695 Tom.
2028 5652 2119 5704 ιιι,

534 5712 925 5859 Ρδῗάῗὲξξὶωι.
961 5783 1130 5857 Epist.
1164 5797 1244 5858 ut,
1273 5783 1342 5840 ad
1358 5783 1813 5857 Symproniamwz.

2219 4848 2405 4903 stiana:
2440 4843 2702 4900 doctrinae
2731 4840 3007 4895 veritates.
3050 4834 3125 4890 lbi
3154 4831 3418 4904 siquidem
3450 4832 3818 4905 deprehendi-

2224 4951 2327 5004 tur,
2355 4939 2480 5011 quid
2504 4938 2573 4993 de
2602 4936 2712 4991 Deo
2741 4928 3084 4988 sentiendum
3112 4926 3201 4991 sit,
3230 4925 3454 4995 ejusque
3480 4924 3821 4994 perfectioni-

2222 5034 2357 5101 bus;
2411 5045 2655 5102 quaenam
2706 5026 2773 5081 sit
2816 5024 2950 5079 ﬁdes
3003 5019 3261 5075 Ecclesia:
3305 5018 3451 5072 circa
3501 5015 3820 5087 Mysterium

2219 5124 2571 5180 sanctissima:
2617 5116 2895 5173 Trinitatis
2920 5154 2935 5178 ,
2983 5120 3039 5168 et
3077 5109 3203 5166 Jesu
3229 5105 3430 5163 Christi
3456 5104 3816 5177 divinitatem,

2215 5219 2439 5291 ejusque
2465 5211 2908 5271 incarnationem.

2287 5311 2614 5367 Novatiauus
2642 5304 2797 5359 initio
2824 5300 3107 5356 Tractatus
3133 5296 3216 5351 sui
3244 5295 3314 5351 de
3342 5292 3609 5348 Trinitate
3629 5291 3816 5362 docet,

2219 5404 2389 5463 teneri
2424 5418 2541 5467 nos,
2582 5407 2737 5471 prout
2760 5389 3211 5473 prazscribitur‘in
3242 5386 3521 5459 Symbolo,
3551 5385 3696 5457 quod
3729 5401 3817 5442 re-

2217 5498 2394 5570 gulam
2425 5493 2571 5557 lidei,
2600 5506 2695 5547 seu
2725 5485 2963 5544 veritatis
2995 5487 3286 5551 nuncupat,
3326 5477 3551 5534 credere
3574 5477 3629 5532 in
3652 5478 3824 5534 Deum

2222 5595 2457 5655 Patrem,
2488 5598 2543 5644 et
2564 5584 2848 5642 Dominum
2876 5579 3301 5648 omnipotentem
3322 5615 3337 5640 ,
3362 5571 3603 5627 universi
3635 5571 3827 5628 condi-

2223 5695 2417 5742 torem.
2451 5681 2592 5736 Deus
2620 5678 2718 5733 iste
2740 5690 2845 5729 non
2869 5672 3042 5727 soluat
3071 5666 3271 5724 creavit
3298 5664 3494 5721 coelum
3517 5672 3572 5719 et
3598 5672 3825 5733 terram,

2235 5778 2329 5836 sed
2371 5777 2592 5847 insuper
2626 5771 2741 5827 haec
2772 5765 2952 5825 omnia
2981 5761 3214 5836 propriis
3241 5771 3296 5817 et
3320 5756 3603 5829 condignis
3633 5758 3837 5817 instru.
