4250 6224
508 221 617 285 8'79

1814 225 1901 282 DE
1944 220 2102 281 VITA
2147 220 2235 279 ΕΤ
2274 219 2582 281 SCRIPTIS

3713 226 3821 285 880

502 346 704 402 mentis
732 352 786 400 et
813 352 1025 411 ornata,
1052 352 1107 400 et
1130 343 1285 415 plena
1308 343 1551 415 digessit.
1576 342 1796 398 Creavit
1828 343 1917 397 ille
1941 341 2113 396 homi-
2145 343 2191 402 A
2222 341 2317 417 sed
2371 342 2567 412 populo
2613 342 2797 413 potius
2850 342 3143 414 imputetur
3173 362 3185 398 :
3221 342 3343 398 Non
3366 342 3522 416 igitur
3550 344 3821 400 mediocris

504 453 629 494 nem
660 436 727 492 ad
756 437 1041 507 imaginem
1074 452 1249 504 suam,
1280 436 1364 492 cui
1394 446 1628 490 mentem
1656 444 1705 490 et
1733 426 1996 489 rationem
2027 435 2108 488 in~

502 530 675 595 didit,
713 538 767 585 et
795 528 1133 599 prudentiam
1152 572 1166 595 ,
1198 538 1257 583 ut
1282 529 1448 584 Deum
1486 536 1667 598 posset
1693 526 1911 581 imitari.
1940 525 2108 595 Cujus

500 624 605 682 etsi
633 624 877 694 corporis
910 634 1121 679 terrena
1168 622 1500 695 primordia,
1546 622 1783 677 caelestis
1832 631 2009 675 tamen
2055 630 2109 673 et

499 719 669 774 divini
700 718 900 773 halitus
930 718 1189 788 inspirata
1233 717 1530 772 substantia
1570 733 1582 768 :
1618 731 1737 783 qua:
1773 730 1894 770 cum
1927 715 2105 768 omnia

498 813 553 867 in
594 810 907 867 servitutem
952 811 1027 865 illi
1057 810 1334 875 dedisset,
1368 810 1541 864 solum
1587 809 1817 864 liberum
1848 822 1968 863 esse
2009 822 2105 863 vo-

494 905 613 960 luit.
650 904 714 959 Et
742 919 809 960 ne
834 905 885 959 in
916 904 1211 974 periculum
1254 902 1475 958 caderet
1500 917 1713 957 rursum
1746 902 1919 956 soluta
1949 901 2107 957 liber-

494 1009 599 1063 tas,
630 984 937 1052 mandatum
958 997 1136 1068 posuit
1154 995 1433 1068 (homini),
1460 1010 1566 1065 quo
1592 1004 1769 1049 tamen
1795 1009 1899 1048 non
1925 992 2105 1049 inesse

496 1092 702 1146 malum
744 1091 797 1145 in
839 1091 1011 1146 fructu
1055 1089 1265 1145 arboris
1293 1088 1583 1154 diceretur,
1623 1086 1718 1142 sed
1752 1086 1985 1140 futurum
2014 1127 2026 1149 ,
2059 1085 2103 1139 si

494 1185 637 1240 forte
664 1200 730 1239 ex
771 1184 1044 1239 voluntate
1084 1182 1320 1237 hominis
1350 1181 1417 1235 de
1456 1188 1769 1249 contemptu
1802 1179 1941 1233 data:
1972 1179 2103 1248 legis

489 1287 921 1348 praemoneretur
950 1275 1053 1347 (I).
1084 1275 1261 1331 Arbor
1289 1276 1469 1344 itaque
1492 1274 1653 1329 vetita
1674 1273 1831 1342 juxta
1848 1271 2100 1327 Novatia-

493 1386 622 1427 untn
666 1385 772 1426 non
799 1386 866 1425 ex
906 1386 966 1426 se
1004 1379 1121 1424 erat
1150 1378 1413 1424 venenata
1458 1375 1550 1421 aut
1590 1366 1771 1421 noxia.
1823 1383 1841 1416 ‹
1878 1366 1942 1419 Ει
1968 1364 2103 1418 liber

491 1480 614 1519 esse
643 1463 937 1529 debuerat,
969 1463 1141 1533 pergit
1174 1462 1501 1517 Novatianns
1521 1502 1533 1523 ,
1571 1476 1639 1516 ne
1682 1460 2102 1530 incongruenter

488 1558 589 1614 Dei
626 1560 800 1627 imago
828 1558 1076 1621 serviret,
1101 1566 1153 1612 et
1181 1558 1266 1611 lex
1297 1555 1565 1625 addenda,
1597 1571 1663 1610 ne
1686 1570 1858 1624 usque
1888 1554 1952 1608 ad
1972 1568 2101 1608 con-

484 1662 749 1722 temptum
771 1652 951 1707 dantis
983 1652 1204 1706 libertas
1227 1650 1501 1705 efl‘rzenata
1531 1659 1924 1719 prorumperet,
1962 1657 2018 1701 nt
2045 1658 2099 1701 et

2220 434 2378 501 Deus,
2409 434 2502 489 sed
2536 433 2716 504 populi
2750 433 3037 490 mediocris
3065 444 3149 489 est
3176 449 3390 491 sensus.
3422 456 3441 487 ι
3466 435 3567 491 Cui
3597 437 3823 507 praecla-

2212 526 2441 581 rissimm
2453 525 2817 581 observationi
2831 527 3101 599 subjungit
3122 527 3468 593 Novatianus,
3491 529 3821 599 Scripturam

2214 636 2310 689 per
2346 621 2587 677 membra
2613 636 2717 676 non
2746 623 3049 692 corporalia
3078 622 3423 688 lineamenta,
3452 622 3546 677 sed
3578 622 3823 680 diversas

2213 713 2304 767 Dei
2337 712 2681 782 operationes
2722 712 3321 781 ostendere:efficaciaa
3342 712 3503 784 igitur
3540 713 3823 771 ibidivinas

2212 824 2308 876 per
2338 806 2582 863 membra
2614 816 3034 864 monstrantur.«
3064 805 3198 862 Nam
3225 816 3422 863 etcum
3445 807 3585 862 oculi
3616 807 3822 863 descri-

2211 899 2430 965 buntur,
2463 920 2480 952 ι
2515 901 2859 970 prosequitur
2880 900 3025 956 idem
3061 900 3371 972 Presbyter,
3408 918 3426 951 ‹
3463 899 3607 971 quod
3642 900 3823 955 omnia

2209 993 2408 1059 videat,
2438 995 2777 1066 exprimitur.
2811 994 2878 1050 Et
2900 996 3116 1065 quando
3138 995 3304 1061 auris,
3335 994 3479 1064 quod
3512 994 3691 1049 omnia
3720 1010 3819 1049 au-

2209 1087 2340 1155 diat,
2361 1090 2699 1160 pr0ponitur.
2722 1090 2927 1145 Etcum
2950 1088 3166 1158 digitus.
3192 1088 3545 1161 signiﬁcantia
3576 1090 3818 1159 qumdam

2208 1179 2498 1235 voluntatis
2526 1182 2787 1250 aperitur;
2807 1194 2862 1237 et
2881 1182 2959 1237 sic
2972 1180 3041 1236 de
3057 1177 3500 1251 reliquis.Neque
3527 1181 3669 1236 enim
3697 1172 3855 1238 sunt'

2206 1272 2255 1327 ei
2271 1283 2363 1327 aut
2380 1274 2643 1339 membra,
2658 1284 2748 1329 aut
2766 1274 3131 1330 membrorum
3145 1274 3319 1330 officia
3340 1283 3467 1329 sunt
3488 1276 3817 1343 necessaria,

2207 1366 2275 1421 ad
2321 1368 2474 1437 cujus
2515 1368 2761 1423 solum...
2802 1368 3118 1434 arbitrium,
3157 1377 3210 1423 et
3238 1368 3511 1433 serviunt,
3544 1377 3599 1424 et
3624 1367 3822 1423 adsunt

2209 1460 2415 1513 omnia.
2462 1478 2479 1509 ι
2512 1458 2622 1515 Cur
2644 1461 2788 1516 enim
2819 1461 3055 1531 requirat
3079 1460 3288 1525 oculos,
3328 1462 3417 1531 qui
3444 1461 3532 1515 lux
3563 1462 3685 1517 est?
3716 1464 3821 1517 Aut

2208 1566 2307 1604 cur
2336 1561 2549 1621 quaerat
2595 1551 2791 1622 pedes,
2835 1553 2926 1622 qui
2967 1551 3162 1621 ubique
3193 1552 3316 1606 est?
3349 1554 3454 1606 Aut
3494 1567 3589 1607 cur
3629 1569 3820 1609 manus

2207 1657 2442 1717 expetat,
2474 1648 2628 1719 cujus
2656 1664 2809 1704 mens
2837 1648 2903 1704 ad
2934 1650 3112 1703 omnia
3144 1649 3473 1704 instituenda
3495 1649 3687 1705 artifex
3709 1661 3814 1715 est,

489 1747 709 1817 praemia
736 1746 999 1816 condigna
1027 1787 1041 1811 ,
1071 1754 1124 1798 et
1163 1745 1352 1799 merita
1391 1758 1670 1813 poenarum
1703 1749 2098 1810 consequenter
2127 1741 2175 1801 B
2204 1748 2259 1795 et
2278 1740 2443 1796 silens
2472 1742 2751 1796 voluntas?
2778 1741 2885 1797 Nec
2906 1742 3127 1797 auribus
3148 1751 3290 1813 eget,
3316 1742 3406 1813 qui
3433 1743 3623 1797 tacitas
3653 1744 3814 1799 etiam

484 1838 801 1907 exciperet:
832 1852 895 1892 ex
945 1853 1051 1904 quo
1095 1834 1411 1900 mortalitas,
1449 1834 1643 1887 invidia
1678 1834 1859 1903 utique
1899 1832 2000 1905 (2),
2044 1833 2095 1887 in

480 1932 659 2003 ipsum
693 1930 860 1996 redit,
886 1930 977 2000 qui
1004 1945 1124 1984 cum
1157 1929 1299 1983 illam
1323 1928 1389 1982 de
1414 1928 1720 1984 obedientia
1753 1937 1936 1997 posset
1972 1942 2096 1982 eva-

486 2023 621 2079 dere
644 2064 657 2088 ,
685 2023 736 2077 in
768 2020 1011 2077 eamdem
1040 2019 1299 2084 incurrit,
1329 2018 1456 2073 dum
1488 2035 1554 2074 ex
1580 2017 1809 2073 consilio
1839 2033 2096 2087 perverso

484 2116 631 2173 Dens
657 2130 777 2171 esse
811 2114 1047 2169 festinat.
1098 2111 1264 2182 Cujus
1290 2123 1469 2168 tamen
1500 2128 1713 2183 pinnam
1748 2112 2096 2169 nihilominus

482 2206 833 2276 indulgenter
885 2205 1203 2276 temperavit
1254 2203 1481 2276 (Deus),
1519 2204 1644 2259 dum
1680 2220 1784 2259 non
1817 2214 1924 2259 tam
1960 2206 2093 2274 ipse,

485 2316 645 2370 quam
676 2299 887 2354 labores
913 2298 1030 2368 ejus
1072 2297 1468 2352 maledicuntur
1502 2314 1663 2369 super
1692 2308 1912 2354 terram.
1943 2299 2096 2368 Quod

481 2406 556 2445 ne
584 2390 653 2445 de
675 2391 818 2461 ligno
847 2390 1055 2446 arboris
1076 2392 1200 2445 vita:
1222 2391 1519 2461 contingat,
1541 2401 1776 2455 arcetur,
1800 2407 1906 2446 non
1929 2392 1995 2448 de
2018 2394 2098 2447 in-

478 2482 639 2538 vidia:
685 2483 915 2552 maligno
970 2484 1137 2537 livore
1191 2482 1508 2548 descendit,
1554 2483 1649 2538 sed
1702 2500 1767 2539 ne
1814 2485 2000 2540 vivens
2042 2486 2094 2540 in

478 2588 780 2642 :eternnm,
818 2576 918 2629 nisi
971 2576 1187 2645 peccata
1219 2574 1467 2630 Christus
1498 2585 1623 2631 ante
1650 2575 1940 2641 donasset,
1986 2578 2093 2631 cir-

483 2669 785 2728 cumferret
829 2685 1011 2725 secum
1058 2670 1108 2725 in
1150 2686 1364 2741 pinnam
1404 2672 1486 2725 sui
1527 2687 1743 2741 semper
1792 2672 2097 2727 immortale

482 2766 766 2822 delictum.
811 2785 829 2817 ι
869 2766 1104 2821 [renatus
1130 2764 1345 2820 adducit
1375 2766 1536 2819 etiam
1565 2765 1841 2836 antiquum
1871 2766 2096 2835 scripto-

476 2876 599 2917 rem
652 2862 730 2932 (5)
763 2904 777 2928 ,
827 2862 916 2931 qui
960 2861 1191 2915 asseruit
1231 2875 1443 2931 quoque
1486 2876 1591 2914 non
1639 2870 1745 2914 tam
1798 2861 2093 2926 hominem,

480 2971 642 3025 quam
698 2965 894 3009 terram
944 2953 1230 3008 maledicto
1288 2953 1586 3023 subjectam
1634 2952 1820 3009 fuisse.
1871 2972 1889 3005 ι
1949 2952 2100 3008 Sicut

477 3059 702 3105 enarrat
748 3048 1025 3118 Scriptura
1059 3089 1072 3114 ,
1130 3048 1342 3119 inquit,
1404 3063 1511 3102 non
1582 3048 1757 3118 ipsum
1815 3048 2099 3103 maledixit

2202 1832 2353 1887 novit
2379 1832 2705 1889 voluntates.
2752 1837 2856 1889 Aut
2875 1838 3115 1904 jpropter
3141 1849 3301 1905 quam
3330 1849 3548 1889 causam
3580 1835 3813 1909 linguam

2204 1935 2443 1996 quairat,
2484 1945 2503 1978 ‹
2538 1926 2623 1981 cui
2652 1927 2887 1997 cogitare
2922 1926 3151 1996 jussisse
3176 1926 3300 1981 est?
3332 1945 3351 1978 ι
3410 1926 3697 1983 Fateamur
3735 1929 3815 1984 in-

2201 2032 2414 2089 genueh
2465 2034 2655 2075 omnes
2703 2020 2801 2073 has
2844 2018 2993 2074 ideas
3048 2018 3409 2074 nobilissimas
3448 2034 3511 2074 ac
3554 2020 3813 2077 sublimes

2200 2124 2361 2177 esse,
2408 2108 2597 2181 hisque
2642 2110 2907 2181 indigitari
2949 2111 3185 2166 auctoris
3230 2112 3503 2183 ingenium
3551 2113 3803 2169 eximium

2200 2204 2441 2259 omnino.
2484 2202 2595 2259 Nec
2639 2205 2816 2260 minus
2858 2203 3019 2260 docte
3057 2216 3220 2276 atque
3257 2206 3523 2262 subtiliter
3565 2210 3803 2278 exponit,

2199 2310 2306 2365 quo
2334 2305 2489 2367 pacto
2512 2296 2855 2367 interpretari
2893 2306 3139 2367 oporteat
3170 2298 3473 2369 passiones,
3503 2316 3635 2371 quas
3665 2302 3813 2358 Scri-

2200 2396 2351 2457 plura
2370 2388 2477 2444 Deo
2494 2389 2730 2445 tribuere
2748 2388 2959 2444 videtur
2981 2390 3050 2444 ita
3080 2389 3359 2446 disserens
3388 2389 3491 2463 (7).
3529 2412 3548 2445 (
3578 2392 3733 2460 Quod
3765 2394 3810 2449 si

2203 2479 2296 2535 Dei
2349 2480 2652 2536 iracundias
2695 2482 2943 2553 legimus,
2990 2492 3044 2538 et
3082 2482 3203 2539 odia
3244 2484 3409 2540 relata
3444 2487 3807 2555 agnoscimus.

2202 2586 2309 2625 non
2366 2581 2544 2627 tamen
2585 2572 2702 2627 haec
2737 2573 3084 2645 intelligimus
3124 2575 3192 2631 ad
3236 2575 3596 2634 humanorum
3642 2580 3807 2634 relata

2203 2678 2326 2719 esse
2367 2667 2613 2736 exempla
2644 2668 2933 2734 vitiorum;
2987 2670 3260 2739 passiones
3287 2672 3431 2726 enim
3476 2674 3592 2729 ista:
3628 2674 3680 2728 in
3714 2674 3810 2730 ho-

2199 2756 2431 2810 minibus
2472 2758 2662 2815 merito
2703 2759 2969 2827 dicentur,
3016 2761 3071 2816 in
3100 2762 3208 2817 Deo
3238 2779 3342 2819 non
3375 2766 3569 2821 merito
3598 2767 3810 2835 judica-

2199 2850 2435 2916 buntnr;
2482 2853 2756 2924 corrumpi
2799 2855 2943 2909 enim
2974 2870 3070 2926 per
3108 2854 3226 2912 haec
3256 2856 3417 2913 homo
3446 2869 3643 2929 potest,
3683 2862 3808 2932 quia

2200 2948 2473 3018 corrumpi
2508 2958 2699 3018 potest,
2730 2950 3004 3022 corrumpi
3037 2966 3131 3022 per
3151 2951 3269 3008 haec
3299 2953 3439 3009 Deus
3468 2970 3574 3010 non
3606 2965 3804 3025 potest,

2200 3038 2321 3108 quia
2361 3054 2461 3094 nec
2501 3043 2776 3112 corrumpi
2826 3052 3042 3113 potest;
3095 3058 3218 3099 nam
3273 3054 3325 3101 et
3369 3046 3513 3118 quod
3562 3048 3809 3105 irascitur

482 3142 654 3195 Adam
681 3180 695 3203 ,
729 3139 824 3195 sed
864 3150 1063 3196 terram
1094 3139 1147 3193 in
1174 3139 1432 3210 operibus
1464 3139 1602 3209 ejus,
1633 3138 2092 3209 quemadmodum

2204 3129 2364 3192 Deus.
2397 3146 2502 3186 non
2531 3147 2595 3187 ex
2623 3132 2750 3187 vitio
2784 3133 2902 3204 ejus
2931 3136 3109 3201 venit,
3139 3136 3234 3192 sed
3269 3136 3334 3191 ad
3364 3138 3659 3194 remedium
3686 3158 3809 3197 nos-

476 3248 549 3289 cx
582 3231 854 3287 veteribus
923 3231 1143 3301 quidam
1176 3232 1251 3285 ait
1296 3250 1309 3285 :
1360 3230 1624 3296 Quoniam
1688 3231 1904 3300 quidem
1954 3231 2093 3303 (lucc

475 3326 759 3381 sententia
784 3325 988 3380 veteris
1016 3324 1158 3379 illius
1184 3323 1440 3393 auctoris)
1481 3323 1926 3390 transtulitDens
1981 3340 2095 3377 ma-

482 3418 739 3473 ledictum
765 3417 816 3471 in
844 3426 1064 3481 terram,
1099 3425 1155 3470 ut
1181 3430 1288 3469 non
1314 3424 1687 3484 perseveraret
1711 3416 1761 3469 iu
1793 3415 2026 3471 homine.
2072 3438 2087 3469 ι

556 3509 745 3564 Tradit
770 3508 1129 3571 Novatianns,
1162 3506 1305 3578 quod
1336 3523 1397 3562 ea
1422 3550 1435 3572 ,
1466 3523 1587 3577 ane
1618 3508 1751 3561 infra
1785 3517 1981 3563 terram
2005 3509 2087 3579 ja-

481 3612 626 3669 ceot,
658 3617 832 3670 neque
854 3601 962 3655 sint
995 3599 1217 3671 digestis
1241 3608 1296 3655 et
1320 3598 1587 3653 ordinatis
1614 3601 1971 3669 potestatibus
1996 3617 2093 3655 va-

482 3710 605 3749 cna.
638 3694 811 3749 Locus
840 3694 983 3748 enim
1006 3700 1109 3758 est,
1149 3707 1256 3763 quo
1296 3693 1507 3762 piorum
1536 3693 1749 3757 animai,
1782 3695 2095 3764 impiorum-

483 3802 591 3858 que
612 3786 903 3850 ducuntur,
927 3783 1089 3839 futuri
1108 3782 1296 3854 judicii
1325 3782 1631 3853 praeiudicia
1657 3784 1975 3841 sentientes.
1999 3786 2095 3842 Se-

483 3881 721 3938 cundum
767 3890 1003 3935 mentem
1049 3878 1219 3933 nostri
1268 3877 1506 3933 auctoris
1554 3879 1598 3932 is
1641 3879 1791 3933 locus
1837 3880 1971 3936 forte
2014 3891 2097 3936 cst

485 3981 607 4045 eam
635 3973 922 4047 (infernus)
954 3987 1205 4043 magnum
1244 3971 1378 4026 illud
1410 3987 1440 4027 e
1468 3972 1785 4042 corporibus
1822 3972 2094 4030 deceden-

484 4071 617 4124 tium
650 4067 949 4122 animarum
982 4063 1387 4135 receptaculum
1420 4062 1521 4135 (4).

556 4162 711 4218 Circa
754 4161 1151 4231 simplicitatem
1200 4160 1294 4215 Dei
1323 4160 1602 4228 sequentia
1635 4160 1794 4215 docet
1834 4160 2095 4215 Novatia-

487 4270 592 4311 nus
618 4255 696 4327 (ὅ)
735 4272 747 4307 :
786 4272 804 4305 ι
842 4254 935 4308 Est
960 4254 1189 4323 simplex
1218 4250 1405 4325 (Deus)
1442 4262 1495 4307 et
1517 4254 1635 4308 sine
1683 4253 1789 4307 ulla
1837 4268 2093 4323 corporea

496 4345 1385 4417 concretione...quandoquidem
1409 4345 1640 4415 Spiritus
1659 4347 1727 4400 sit
1753 4344 1946 4401 dictus.
1988 4365 2005 4397 ι
2035 4347 2097 4401 Ει

487 4442 620 4497 dum
655 4440 931 4509 Scriptura
979 4439 1090 4493 Deo
1119 4438 1302 4492 tribuit
1349 4439 1557 4502 oculos,
1592 4438 1829 4504 brachia,
1881 4455 2091 4507 manus,

2200 3233 2337 3279 trum
2366 3226 2493 3281 illud
2540 3224 2696 3293 facit;
2737 3228 3024 3299 indulgens
3048 3231 3190 3285 enim
3215 3241 3299 3286 est
3322 3232 3483 3286 etiam
3509 3242 3653 3301 tunc,
3684 3251 3807 3292 cum

2202 3319 2456 3386 minatur,
2487 3320 2614 3375 dum
2654 3337 2749 3391 per
2780 3321 2897 3377 haec
2929 3323 3175 3379 homines
3214 3324 3281 3379 ad
3322 3335 3470 3381 recta
3508 3338 3803 3395 vocantur;

2199 3427 2321 3466 nam
2350 3413 2544 3483 quibus
2586 3414 2652 3468 ad
2707 3414 2987 3471 honestam
3019 3417 3187 3471 vitam
3222 3416 3377 3473 deest
3424 3420 3555 3473 ratio
3578 3461 3592 3485 ,
3626 3430 3801 3477 metus

2198 3513 2279 3558 est
2305 3507 2664 3573 necessarius,
2693 3517 2770 3575 ut,
2796 3508 2884 3578 qui
2907 3509 3167 3564 rationem
3193 3511 3544 3582 reliquerunt,
3568 3513 3652 3568 vel
3685 3523 3798 3569 ter-

2199 3617 2320 3658 rore
2368 3612 2721 3671 moveantur;
2778 3615 2832 3661 et
2872 3606 2995 3662 ideo
3034 3622 3225 3664 omnes
3273 3609 3426 3675 istas,
3483 3612 3563 3665 vel
3592 3611 3805 3667 iracun-

2197 3694 2300 3750 dia:
2339 3695 2456 3763 Dei,
2492 3696 2572 3752 vel
2616 3696 2739 3752 odia
2774 3698 2901 3764 Dei,
2942 3699 3028 3755 vel
3058 3716 3413 3771 qurecumque
3453 3711 3579 3757 sunt
3617 3704 3807 3775 hujus-

2198 3790 2387 3859 modi,
2419 3790 2545 3846 dum
2592 3791 2659 3847 ad
2700 3792 3021 3850 medicinam
3061 3802 3301 3849 nostram
3340 3796 3709 3867 proferuntur,
3743 3815 3809 3855 ex

2198 3882 2445 3946 consilio,
2471 3898 2577 3937 non
2603 3900 2667 3939 ex
2688 3885 3126 3951 vitio,venerunt.
3157 3885 3310 3941 lianc
3337 3904 3459 3960 ergo
3474 3888 3661 3957 Deum,
3678 3906 3806 3947 con-

2198 3972 2363 4027 cludit
2400 3971 2727 4030 Novatianus
2754 3975 2854 4047 (8),
2907 3978 3049 4033 novit
3077 4021 3091 4043 ,
3122 3987 3176 4034 et
3221 3992 3517 4038 veneratur
3544 3983 3802 4050 Ecclesia,

2200 4064 2286 4119 cui
2330 4066 2693 4122 testimonium
2722 4068 2901 4125 reddit
2927 4079 3033 4126 tam
3057 4071 3425 4142 invisibilium,
3451 4091 3612 4148 quam
3643 4079 3806 4134 etiam

2200 4159 2519 4227 visibilium,
2562 4172 2612 4217 et
2645 4177 2882 4233 semper,
2930 4173 2985 4219 et
3015 4175 3122 4220 tota
3162 4176 3391 4236 natura,
3419 4185 3578 4239 quem
3614 4173 3808 4243 Angeli

2200 4255 2466 4324 adorant,
2540 4272 2693 4313 mens
2751 4258 2984 4313 humana
3032 4261 3229 4325 sentit,
3302 4262 3392 4331 qui
3461 4265 3806 4335 protoplastis

2201 4359 2416 4405 aeternae
2506 4350 2660 4405 vitae
2696 4351 2955 4406 mundum
3020 4352 3307 4422 quemdam
3370 4353 3683 4413 Paradisum
3751 4360 3804 4414 in

2198 4442 2416 4499 Oriente
2436 4446 2712 4500 constituit
2739 4445 2838 4517 (9),
2871 4448 3111 4501 Arborem
3135 4448 3249 4502 vita:
3270 4449 3556 4519 plantavit;
3584 4454 3807 4509 scientitc

487 4535 679 4606 pedes,
713 4533 924 4602 aliaque
960 4532 1177 4587 humani
1202 4532 1445 4603 corporis
1486 4534 1750 4597 membra,
1780 4550 1887 4589 non
1922 4536 2094 4589 inten-
2127 4519 2180 4579 Ῑ)
2209 4535 2326 4589 boni
2373 4546 2419 4590 et
2466 4537 2589 4591 mali
2644 4538 2892 4594 similiter
2930 4539 3152 4593 alteram
3194 4540 3441 4595 arborem
3482 4541 3801 4611 collocavit;

491 4626 571 4681 dit
625 4613 716 4680 Dei
761 4625 1048 4679 essentiam
1088 4626 1427 4693 exprimere,
1470 4626 1693 4694 ejusque
1722 4640 1904 4679 veram
1938 4627 2093 4682 nobis

489 4724 885 4789 repracsentare
912 4727 1186 4771 naturam:
1218 4716 1310 4771 sed
1339 4716 1679 4771 solummodo
1706 4732 1829 4771 eum
1861 4717 1940 4773 sic
1970 4732 2094 4788 pro—

488 4825 717 4883 ponere,
748 4809 963 4878 qualem
1004 4826 1201 4881 capere
1231 4810 1460 4864 humana
1502 4824 1655 4864 mens
1688 4820 1863 4881 potest
1912 4830 1923 4865 :
1973 4810 2094 4867 Non

493 4902 749 4975 quomodo
773 4899 915 4957 Deus
941 4913 1048 4969 erat
1068 4944 1084 4970 ,
1116 4903 1205 4957 sed
1230 4902 1483 4973 quomodo
1523 4903 1743 4972 populus
1785 4920 1965 4974 capere
2006 4921 2096 4974 po-

492 5006 620 5052 terat
642 4994 758 5067 (6);
796 5005 853 5051 ut
873 4995 1036 5067 igitur
1060 4995 1175 5051 haec
1202 4997 1280 5051 sic
1305 4996 1372 5051 de
1404 4996 1513 5052 Deo
1539 4996 1804 5063 dicantur,
1831 5014 1936 5052 non
1964 4998 2092 5065 Deo,

570 5173 649 5245 (1)
690 5171 881 5245 Novat.
909 5177 973 5245 d_e
1005 5169 1190 5245 Trinit.
1223 5187 1342 5241 cap.
1378 5173 1426 5229 1.

490 5243 648 5373 δῖ,(2)
692 5243 899 5299 Invidia
920 5243 1126 5299 Diaboli
1155 5247 1361 5300 intravit
1388 5262 1523 5302 mors
1543 5248 1595 5301 in
1621 5248 1789 5303 orbem
1819 5261 2090 5309 terrarum.

513 5318 527 5332 ’
569 5318 737 5373 hient.

513 5318 737 5382 inpiant.

564 5387 647 5460 (ὅ)
688 5387 827 5460 lien.
858 5384 975 5460 Lﬂ).
1013 5401 1069 5440 ιιι
1097 5388 1224 5460 adv.
1246 5389 1425 5446 haeres.
1454 5406 1569 5460 cap.
1602 5391 1691 5449 25.

563 5456 645 5532 (4)
687 5458 871 5532 Novat.
901 5456 1068 5532 Trac_t.
1096 5461 1160 5512 de
1186 5458 1366 5523 Trinit.
1392 5456 1586 5532 σαρξί.
1610 5465 1665 5520 ln
1697 5469 1942 5529 eamdem
1976 5488 2098 5527 sen-

489 5527 711 5598 tentiam
742 5530 983 5598 plerique
1010 5527 1232 5585 Patrum
1261 5527 1605 5593 concessere.

564 5594 640 5668 (ὅ)
680 5594 759 5656 Ιιιζ
784 5594 911 5654 ibid.
938 5616 1055 5668 cap.
1086 5602 1149 5659 5-

559 5663 634 5735 (δ)
675 5672 753 5730 ld.
778 5670 903 5733 ibid.
1078 5688 1158 5729 γι.

2198 4629 2504 4685 mandatum
2528 4630 3027 4697 dedit,sententiam
3057 4644 3243 4687 contra
3272 4633 3525 4689 delictum
3544 4639 3803 4695 statuit...

2199 4722 2248 4776 ls
2293 4721 2481 4795 (Deus)
2535 4723 2836 4795 Prophetas
2891 4726 3091 4795 Spiritu
3138 4725 3425 4796 instruxit,
3466 4739 3521 4785 et
3568 4746 3663 4799 per
3706 4731 3806 4788 hos

2197 4828 2385 4870 omnes
2416 4813 2607 4870 Filium
2645 4831 2799 4871 suum
2825 4815 3098 4900 Christum
3134 4823 3471 4891 repromisit,
3516 4833 3569 4879 et
3591 4825 3805 4897 quando

2199 4904 2447 4961 daturum
2494 4923 2554 4963 se
2596 4912 2995 4979 spoponderat,
3030 4913 3193 4980 misit,
3245 4930 3340 4985 per
3376 4933 3535 4988 quem
3566 4920 3720 4975 nobis
3745 4921 3803 4977 in

2200 5000 2440 5055 notitiam
2467 5002 2650 5057 venire
2666 5002 2857 5072 voluit,
2882 5014 2934 5060 et
2954 5005 3007 5060 in
3031 5021 3128 5061 nos
3149 5006 3497 5080 indulgentiae
3518 5025 3628 5067 sua:
3650 5012 3805 5068 sinus

2198 5092 2375 5166 largos
2413 5095 2683 5166 profudit,
2730 5098 2917 5169 egenis
2958 5099 3283 5170 locupletem
3350 5102 3613 5174 Spiritum
3670 5122 3800 5163 con-

2272 5334 2349 5407 (ἶ)
2392 5334 2581 5407 Norat.
2607 5334 2735 5390 ibid.
2768 5351 2884 5405 cap.

2273 5404 2354 5477 (8)
2396 5406 2473 5460 ld.
2505 5406 2633 5461 ibid.
2662 5422 2783 5475 cap.
2816 5404 2870 5463 8.

2273 5476 2519 5555 (iliSine
2540 5481 2903 5555 controversia
2946 5480 3122 5551 itaque
3150 5483 3481 5541 Novatianus
3514 5487 3797 5555 historiam

2202 5550 2270 5622 de
2303 5549 2445 5622 Edgn
2495 5559 2567 5622 et_
2595 5549 2827 5605 hominis
2872 5552 3022 5611 lapsu
3038 5549 3314 5621 tamquam
3347 5573 3527 5613 veram
3556 5552 3796 5622 admisit.

2204 5621 2341 5703 sicut
2367 5619 2697 5703 Tamphilus
2731 5623 3117 5703 Antioclteuus,
3139 5619 3372 5698 quocum
3415 5630 3466 5684 in
3489 5630 3612 5687 aliis
3632 5619 3797 5689 etiam

2207 5694 2485 5750 sententiis
2512 5694 2731 5751 omnino
2758 5696 3053 5769 conspirat.
