  <div class='ocr_page' id='page_1' title='image "/cluster/home/n/w/nwhite01/storage/ocr_20150623/3/hvd.32044054086798/490.png"; bbox 0 0 4260 6266; ppageno 0'>
   <div class='ocr_carea' id='block_1_1' title="bbox 469 311 571 368">
    <p class='ocr_par' dir='ltr' id='par_1_1' title="bbox 469 311 571 368">
     <span class='ocr_line' id='line_1_1' title="bbox 469 311 571 368; baseline -0.029 0"><span class='ocrx_word' id='word_1_1' title='bbox 469 311 571 368; x_wconf 77' lang='grc'>881</span> 
     </span>
    </p>
   </div>
   <div class='ocr_carea' id='block_1_2' title="bbox 1929 304 2322 364">
    <p class='ocr_par' dir='ltr' id='par_1_2' title="bbox 1929 304 2322 364">
     <span class='ocr_line' id='line_1_2' title="bbox 1929 304 2322 364; baseline 0 -3"><span class='ocrx_word' id='word_1_2' title='bbox 1929 304 2322 364; x_wconf 80' lang='lat' dir='ltr'><strong>NOVATIANI.</strong></span> 
     </span>
    </p>
   </div>
   <div class='ocr_carea' id='block_1_3' title="bbox 3682 314 3795 372">
    <p class='ocr_par' dir='ltr' id='par_1_3' title="bbox 3682 314 3795 372">
     <span class='ocr_line' id='line_1_3' title="bbox 3682 314 3795 372; baseline 0.009 -1"><span class='ocrx_word' id='word_1_3' title='bbox 3682 314 3795 372; x_wconf 70' lang='lat'><strong>882</strong></span> 
     </span>
    </p>
   </div>
   <div class='ocr_carea' id='block_1_4' title="bbox 468 420 3791 495">
    <p class='ocr_par' dir='ltr' id='par_1_4' title="bbox 468 420 3791 495">
     <span class='ocr_line' id='line_1_4' title="bbox 468 420 3791 495; baseline 0 -13"><span class='ocrx_word' id='word_1_4' title='bbox 468 424 714 483; x_wconf 83' lang='lat' dir='ltr'><strong>ferendo.</strong></span> <span class='ocrx_word' id='word_1_5' title='bbox 771 425 843 480; x_wconf 84' lang='lat' dir='ltr'><strong>Et</strong></span> <span class='ocrx_word' id='word_1_6' title='bbox 890 423 1015 495; x_wconf 84' lang='lat' dir='ltr'><strong>quia</strong></span> <span class='ocrx_word' id='word_1_7' title='bbox 1047 422 1191 477; x_wconf 91' lang='lat' dir='ltr'><strong>ultro</strong></span> <span class='ocrx_word' id='word_1_8' title='bbox 1228 430 1282 478; x_wconf 89' lang='lat' dir='ltr'><strong>et</strong></span> <span class='ocrx_word' id='word_1_9' title='bbox 1323 420 1521 491; x_wconf 88' lang='lat' dir='ltr'><strong>largus,</strong></span> <span class='ocrx_word' id='word_1_10' title='bbox 1566 428 1620 475; x_wconf 91' lang='lat' dir='ltr'><strong>et</strong></span> <span class='ocrx_word' id='word_1_11' title='bbox 1650 420 1823 476; x_wconf 90' lang='lat' dir='ltr'><strong>bonus</strong></span> <span class='ocrx_word' id='word_1_12' title='bbox 1852 430 1956 487; x_wconf 90' lang='lat' dir='ltr'><strong>est,</strong></span> <span class='ocrx_word' id='word_1_13' title='bbox 1997 436 2064 476; x_wconf 90' lang='lat' dir='ltr'><strong>ne</strong></span> <span class='ocrx_word' id='word_1_14' title='bbox 2090 423 2143 483; x_wconf 85' lang='grc' dir='ltr'><strong>Α</strong></span> <span class='ocrx_word' id='word_1_15' title='bbox 2170 421 2346 491; x_wconf 93' lang='lat' dir='ltr'><strong>ipsam</strong></span> <span class='ocrx_word' id='word_1_16' title='bbox 2400 420 2798 493; x_wconf 78' lang='lat' dir='ltr'><strong>aggrediamur.</strong></span> <span class='ocrx_word' id='word_1_17' title='bbox 2864 420 2922 476; x_wconf 84' lang='lat' dir='ltr'><strong>In</strong></span> <span class='ocrx_word' id='word_1_18' title='bbox 2985 422 3164 492; x_wconf 92' lang='lat' dir='ltr'><strong>capite</strong></span> <span class='ocrx_word' id='word_1_19' title='bbox 3230 422 3303 478; x_wconf 70' lang='grc'><strong>25</strong></span> <span class='ocrx_word' id='word_1_20' title='bbox 3344 432 3535 480; x_wconf 88' lang='lat' dir='ltr'><strong>auctor</strong></span> <span class='ocrx_word' id='word_1_21' title='bbox 3587 422 3791 482; x_wconf 90' lang='lat' dir='ltr'><strong>Christi</strong></span> 
     </span>
    </p>
   </div>
   <div class='ocr_carea' id='block_1_5' title="bbox 471 512 2069 585">
    <p class='ocr_par' dir='ltr' id='par_1_5' title="bbox 471 512 2069 585">
     <span class='ocr_line' id='line_1_5' title="bbox 471 512 2069 585; baseline -0.003 -12"><span class='ocrx_word' id='word_1_22' title='bbox 471 526 618 575; x_wconf 88' lang='lat' dir='ltr'><strong>totus</strong></span> <span class='ocrx_word' id='word_1_23' title='bbox 648 516 731 571; x_wconf 91' lang='lat' dir='ltr'><strong>hic</strong></span> <span class='ocrx_word' id='word_1_24' title='bbox 759 514 906 571; x_wconf 81' lang='lat' dir='ltr'><strong>orbis</strong></span> <span class='ocrx_word' id='word_1_25' title='bbox 933 529 1155 570; x_wconf 87' lang='lat' dir='ltr'><strong>aversus</strong></span> <span class='ocrx_word' id='word_1_26' title='bbox 1176 514 1361 585; x_wconf 67' lang='lat' dir='ltr'><strong>gratiae</strong></span> <span class='ocrx_word' id='word_1_27' title='bbox 1389 512 1504 582; x_wconf 89' lang='lat' dir='ltr'><strong>ejus</strong></span> <span class='ocrx_word' id='word_1_28' title='bbox 1524 512 1831 568; x_wconf 86' lang='lat' dir='ltr'><strong>ﬂuminibus</strong></span> <span class='ocrx_word' id='word_1_29' title='bbox 1858 528 2069 569; x_wconf 85' lang='lat' dir='ltr'><strong>aresce-</strong></span> 
     </span>
    </p>
   </div>
   <div class='ocr_carea' id='block_1_6' title="bbox 470 606 2070 681">
    <p class='ocr_par' dir='ltr' id='par_1_6' title="bbox 470 606 2070 681">
     <span class='ocr_line' id='line_1_6' title="bbox 470 606 2070 681; baseline -0.004 -15"><span class='ocrx_word' id='word_1_30' title='bbox 470 620 591 676; x_wconf 90' lang='lat' dir='ltr'><strong>ret,</strong></span> <span class='ocrx_word' id='word_1_31' title='bbox 622 609 908 681; x_wconf 89' lang='lat' dir='ltr'><strong>Apostolus</strong></span> <span class='ocrx_word' id='word_1_32' title='bbox 938 608 1272 663; x_wconf 91' lang='lat' dir='ltr'><strong>institutores</strong></span> <span class='ocrx_word' id='word_1_33' title='bbox 1306 606 1357 661; x_wconf 94' lang='lat' dir='ltr'><strong>in</strong></span> <span class='ocrx_word' id='word_1_34' title='bbox 1391 616 1559 661; x_wconf 90' lang='lat' dir='ltr'><strong>totum</strong></span> <span class='ocrx_word' id='word_1_35' title='bbox 1588 606 1774 661; x_wconf 89' lang='lat' dir='ltr'><strong>orbem</strong></span> <span class='ocrx_word' id='word_1_36' title='bbox 1806 607 1943 661; x_wconf 88' lang='lat' dir='ltr'><strong>mitti</strong></span> <span class='ocrx_word' id='word_1_37' title='bbox 1975 620 2070 676; x_wconf 86' lang='lat' dir='ltr'><strong>per</strong></span> 
     </span>
    </p>
   </div>
   <div class='ocr_carea' id='block_1_7' title="bbox 476 700 2072 772">
    <p class='ocr_par' dir='ltr' id='par_1_7' title="bbox 476 700 2072 772">
     <span class='ocr_line' id='line_1_7' title="bbox 476 700 2072 772; baseline -0.003 -13"><span class='ocrx_word' id='word_1_38' title='bbox 476 702 674 759; x_wconf 90' lang='lat' dir='ltr'><strong>Filium</strong></span> <span class='ocrx_word' id='word_1_39' title='bbox 699 717 854 757; x_wconf 91' lang='lat' dir='ltr'><strong>suum</strong></span> <span class='ocrx_word' id='word_1_40' title='bbox 886 701 1145 767; x_wconf 87' lang='lat' dir='ltr'><strong>voluit,ut</strong></span> <span class='ocrx_word' id='word_1_41' title='bbox 1163 700 1401 755; x_wconf 90' lang='lat' dir='ltr'><strong>conditio</strong></span> <span class='ocrx_word' id='word_1_42' title='bbox 1430 702 1641 769; x_wconf 77' lang='lat' dir='ltr'><strong>generis</strong></span> <span class='ocrx_word' id='word_1_43' title='bbox 1663 702 1879 755; x_wconf 85' lang='lat' dir='ltr'><strong>humani</strong></span> <span class='ocrx_word' id='word_1_44' title='bbox 1907 716 2072 772; x_wconf 88' lang='lat' dir='ltr'><strong>agno-</strong></span> 
     </span>
    </p>
   </div>
   <div class='ocr_carea' id='block_1_8' title="bbox 472 791 2068 861">
    <p class='ocr_par' dir='ltr' id='par_1_8' title="bbox 472 791 2068 861">
     <span class='ocr_line' id='line_1_8' title="bbox 472 791 2068 861; baseline -0.001 -11"><span class='ocrx_word' id='word_1_45' title='bbox 472 804 648 850; x_wconf 86' lang='lat' dir='ltr'><strong>sceret</strong></span> <span class='ocrx_word' id='word_1_46' title='bbox 676 793 1067 848; x_wconf 91' lang='lat' dir='ltr'><strong>institutioncm</strong></span> <span class='ocrx_word' id='word_1_47' title='bbox 1090 834 1103 856; x_wconf 94' lang='lat'><strong>,</strong></span> <span class='ocrx_word' id='word_1_48' title='bbox 1133 802 1188 846; x_wconf 91' lang='lat' dir='ltr'><strong>et</strong></span> <span class='ocrx_word' id='word_1_49' title='bbox 1227 792 1271 846; x_wconf 94' lang='lat' dir='ltr'><strong>si</strong></span> <span class='ocrx_word' id='word_1_50' title='bbox 1313 794 1462 861; x_wconf 90' lang='lat' dir='ltr'><strong>sequi</strong></span> <span class='ocrx_word' id='word_1_51' title='bbox 1492 792 1787 857; x_wconf 86' lang='lat' dir='ltr'><strong>maluisset,</strong></span> <span class='ocrx_word' id='word_1_52' title='bbox 1823 791 2068 858; x_wconf 82' lang='lat' dir='ltr'><strong>haberet,</strong></span> 
     </span>
    </p>
   </div>
   <div class='ocr_carea' id='block_1_9' title="bbox 470 884 2072 957">
    <p class='ocr_par' dir='ltr' id='par_1_9' title="bbox 470 884 2072 957">
     <span class='ocr_line' id='line_1_9' title="bbox 470 884 2072 957; baseline -0.001 -16"><span class='ocrx_word' id='word_1_53' title='bbox 470 902 627 957; x_wconf 89' lang='lat' dir='ltr'><strong>quem</strong></span> <span class='ocrx_word' id='word_1_54' title='bbox 652 902 753 957; x_wconf 88' lang='lat' dir='ltr'><strong>pro</strong></span> <span class='ocrx_word' id='word_1_55' title='bbox 783 885 893 940; x_wconf 90' lang='lat' dir='ltr'><strong>Deo</strong></span> <span class='ocrx_word' id='word_1_56' title='bbox 918 885 970 939; x_wconf 92' lang='lat' dir='ltr'><strong>in</strong></span> <span class='ocrx_word' id='word_1_57' title='bbox 1002 886 1113 939; x_wconf 88' lang='lat' dir='ltr'><strong>suis</strong></span> <span class='ocrx_word' id='word_1_58' title='bbox 1135 884 1241 955; x_wconf 89' lang='lat' dir='ltr'><strong>jam</strong></span> <span class='ocrx_word' id='word_1_59' title='bbox 1275 884 1723 954; x_wconf 75' lang='lat' dir='ltr'><strong>postulationibus</strong></span> <span class='ocrx_word' id='word_1_60' title='bbox 1750 884 1958 939; x_wconf 81' lang='lat' dir='ltr'><strong>Patrem</strong></span> <span class='ocrx_word' id='word_1_61' title='bbox 1990 884 2072 939; x_wconf 81' lang='lat' dir='ltr'><strong>di-</strong></span> 
     </span>
    </p>
   </div>
   <div class='ocr_carea' id='block_1_10' title="bbox 470 977 2069 1049">
    <p class='ocr_par' dir='ltr' id='par_1_10' title="bbox 470 977 2069 1049">
     <span class='ocr_line' id='line_1_10' title="bbox 470 977 2069 1049; baseline -0.001 -13"><span class='ocrx_word' id='word_1_62' title='bbox 470 987 637 1036; x_wconf 85' lang='lat' dir='ltr'><strong>ceret.</strong></span> <span class='ocrx_word' id='word_1_63' title='bbox 675 998 695 1031; x_wconf 80' lang='grc'><strong>»</strong></span> <span class='ocrx_word' id='word_1_64' title='bbox 746 978 897 1033; x_wconf 88' lang='lat' dir='ltr'><strong>Hanc</strong></span> <span class='ocrx_word' id='word_1_65' title='bbox 936 978 1028 1032; x_wconf 92' lang='lat' dir='ltr'><strong>Dei</strong></span> <span class='ocrx_word' id='word_1_66' title='bbox 1067 978 1289 1049; x_wconf 87' lang='lat' dir='ltr'><strong>ejusque</strong></span> <span class='ocrx_word' id='word_1_67' title='bbox 1330 977 1629 1032; x_wconf 87' lang='lat' dir='ltr'><strong>divinarum</strong></span> <span class='ocrx_word' id='word_1_68' title='bbox 1681 977 2069 1049; x_wconf 82' lang='lat' dir='ltr'><strong>perfeCIionnm</strong></span> 
     </span>
    </p>
   </div>
   <div class='ocr_carea' id='block_1_11' title="bbox 473 1070 2071 1143">
    <p class='ocr_par' dir='ltr' id='par_1_11' title="bbox 473 1070 2071 1143">
     <span class='ocr_line' id='line_1_11' title="bbox 473 1070 2071 1143; baseline -0.001 -15"><span class='ocrx_word' id='word_1_69' title='bbox 473 1073 646 1128; x_wconf 91' lang='lat' dir='ltr'><strong>ideam</strong></span> <span class='ocrx_word' id='word_1_70' title='bbox 674 1072 918 1143; x_wconf 89' lang='lat' dir='ltr'><strong>perhibet</strong></span> <span class='ocrx_word' id='word_1_71' title='bbox 948 1071 1292 1126; x_wconf 84' lang='lat' dir='ltr'><strong>Novatianns.</strong></span> <span class='ocrx_word' id='word_1_72' title='bbox 1332 1070 1619 1126; x_wconf 80' lang='lat' dir='ltr'><strong>Videamus</strong></span> <span class='ocrx_word' id='word_1_73' title='bbox 1642 1071 1801 1126; x_wconf 91' lang='lat' dir='ltr'><strong>modo</strong></span> <span class='ocrx_word' id='word_1_74' title='bbox 1823 1088 1942 1142; x_wconf 60' lang='lat' dir='ltr'><strong>quae</strong></span> <span class='ocrx_word' id='word_1_75' title='bbox 1965 1081 2071 1127; x_wconf 85' lang='lat' dir='ltr'><strong>tra-</strong></span> 
     </span>
    </p>
   </div>
   <div class='ocr_carea' id='block_1_12' title="bbox 473 1166 1933 1239">
    <p class='ocr_par' dir='ltr' id='par_1_12' title="bbox 473 1166 1933 1239">
     <span class='ocr_line' id='line_1_12' title="bbox 473 1166 1933 1239; baseline -0.001 -16"><span class='ocrx_word' id='word_1_76' title='bbox 473 1168 561 1223; x_wconf 90' lang='lat' dir='ltr'><strong>dat</strong></span> <span class='ocrx_word' id='word_1_77' title='bbox 591 1170 706 1239; x_wconf 90' lang='lat' dir='ltr'><strong>ipse</strong></span> <span class='ocrx_word' id='word_1_78' title='bbox 735 1167 880 1223; x_wconf 88' lang='lat' dir='ltr'><strong>circa</strong></span> <span class='ocrx_word' id='word_1_79' title='bbox 910 1166 1216 1238; x_wconf 87' lang='lat' dir='ltr'><strong>Mysterium</strong></span> <span class='ocrx_word' id='word_1_80' title='bbox 1243 1166 1608 1222; x_wconf 85' lang='lat' dir='ltr'><strong>Sanctissimae</strong></span> <span class='ocrx_word' id='word_1_81' title='bbox 1637 1166 1933 1222; x_wconf 83' lang='lat' dir='ltr'><strong>Trinitatis.</strong></span> 
     </span>
    </p>
   </div>
   <div class='ocr_carea' id='block_1_13' title="bbox 1079 1280 1467 1338">
    <p class='ocr_par' dir='ltr' id='par_1_13' title="bbox 1079 1280 1467 1338">
     <span class='ocr_line' id='line_1_13' title="bbox 1079 1280 1467 1338; baseline -0.005 0"><span class='ocrx_word' id='word_1_82' title='bbox 1079 1296 1373 1338; x_wconf 79' lang='lat' dir='ltr'><strong>ARTICULUS</strong></span> <span class='ocrx_word' id='word_1_83' title='bbox 1404 1280 1467 1336; x_wconf 93' lang='lat' dir='ltr'><strong>ll.</strong></span> 
     </span>
    </p>
   </div>
   <div class='ocr_carea' id='block_1_14' title="bbox 582 1395 1960 1473">
    <p class='ocr_par' dir='ltr' id='par_1_14' title="bbox 582 1395 1960 1473">
     <span class='ocr_line' id='line_1_14' title="bbox 582 1395 1960 1473; baseline -0.003 -20"><span class='ocrx_word' id='word_1_84' title='bbox 582 1400 825 1473; x_wconf 77' lang='lat' dir='ltr'><strong>Doctrina</strong></span> <span class='ocrx_word' id='word_1_85' title='bbox 852 1399 1131 1454; x_wconf 73' lang='lat' dir='ltr'><strong>Novatiam‘</strong></span> <span class='ocrx_word' id='word_1_86' title='bbox 1153 1399 1216 1452; x_wconf 80' lang='lat' dir='ltr'><strong>de</strong></span> <span class='ocrx_word' id='word_1_87' title='bbox 1247 1397 1495 1467; x_wconf 75' lang='lat' dir='ltr'><strong>Mysterio</strong></span> <span class='ocrx_word' id='word_1_88' title='bbox 1527 1396 1633 1452; x_wconf 86' lang='lat' dir='ltr'><strong>SS.</strong></span> <span class='ocrx_word' id='word_1_89' title='bbox 1672 1395 1960 1451; x_wconf 79' lang='lat' dir='ltr'><strong>Trinitatis.</strong></span> 
     </span>
    </p>
   </div>
   <div class='ocr_carea' id='block_1_15' title="bbox 550 1507 2072 1584">
    <p class='ocr_par' dir='ltr' id='par_1_15' title="bbox 550 1507 2072 1584">
     <span class='ocr_line' id='line_1_15' title="bbox 550 1507 2072 1584; baseline -0.001 -19"><span class='ocrx_word' id='word_1_90' title='bbox 550 1534 567 1565; x_wconf 83' lang='grc'><strong><em>‹</em></strong></span> <span class='ocrx_word' id='word_1_91' title='bbox 601 1513 802 1584; x_wconf 81' lang='lat' dir='ltr'><strong>Regula</strong></span> <span class='ocrx_word' id='word_1_92' title='bbox 848 1512 1014 1581; x_wconf 78' lang='lat' dir='ltr'><strong>exigit</strong></span> <span class='ocrx_word' id='word_1_93' title='bbox 1052 1511 1325 1575; x_wconf 80' lang='lat' dir='ltr'><strong>veritatis,</strong></span> <span class='ocrx_word' id='word_1_94' title='bbox 1386 1509 1555 1578; x_wconf 87' lang='lat' dir='ltr'><strong>inquit</strong></span> <span class='ocrx_word' id='word_1_95' title='bbox 1613 1508 1939 1563; x_wconf 87' lang='lat' dir='ltr'><strong>Novatianns</strong></span> <span class='ocrx_word' id='word_1_96' title='bbox 1989 1507 2072 1580; x_wconf 83' lang='lat' dir='ltr'><strong>(l)</strong></span> 
     </span>
    </p>
   </div>
   <div class='ocr_carea' id='block_1_16' title="bbox 473 1601 2069 1677">
    <p class='ocr_par' dir='ltr' id='par_1_16' title="bbox 473 1601 2069 1677">
     <span class='ocr_line' id='line_1_16' title="bbox 473 1601 2069 1677; baseline -0.003 -18"><span class='ocrx_word' id='word_1_97' title='bbox 473 1616 528 1661; x_wconf 93' lang='lat' dir='ltr'><strong>ut</strong></span> <span class='ocrx_word' id='word_1_98' title='bbox 586 1606 760 1677; x_wconf 92' lang='lat' dir='ltr'><strong>primo</strong></span> <span class='ocrx_word' id='word_1_99' title='bbox 798 1605 1039 1659; x_wconf 91' lang='lat' dir='ltr'><strong>omnium</strong></span> <span class='ocrx_word' id='word_1_100' title='bbox 1094 1602 1383 1658; x_wconf 86' lang='lat' dir='ltr'><strong>credamus</strong></span> <span class='ocrx_word' id='word_1_101' title='bbox 1436 1603 1487 1654; x_wconf 93' lang='lat' dir='ltr'><strong>in</strong></span> <span class='ocrx_word' id='word_1_102' title='bbox 1536 1601 1702 1655; x_wconf 90' lang='lat' dir='ltr'><strong>Deum</strong></span> <span class='ocrx_word' id='word_1_103' title='bbox 1758 1601 2069 1656; x_wconf 73' lang='lat' dir='ltr'><strong>Patrem...</strong></span> 
     </span>
    </p>
   </div>
   <div class='ocr_carea' id='block_1_17' title="bbox 473 1692 2075 1767">
    <p class='ocr_par' dir='ltr' id='par_1_17' title="bbox 473 1692 2075 1767">
     <span class='ocr_line' id='line_1_17' title="bbox 473 1692 2075 1767; baseline -0.004 -14"><span class='ocrx_word' id='word_1_104' title='bbox 473 1698 672 1753; x_wconf 81' lang='lat' dir='ltr'><strong>Eadem</strong></span> <span class='ocrx_word' id='word_1_105' title='bbox 716 1697 896 1767; x_wconf 88' lang='lat' dir='ltr'><strong>regula</strong></span> <span class='ocrx_word' id='word_1_106' title='bbox 947 1695 1209 1757; x_wconf 84' lang='lat' dir='ltr'><strong>veritatis,</strong></span> <span class='ocrx_word' id='word_1_107' title='bbox 1249 1712 1266 1745; x_wconf 76' lang='grc' dir='ltr'><strong><em>ι</em></strong></span> <span class='ocrx_word' id='word_1_108' title='bbox 1315 1693 1487 1763; x_wconf 80' lang='lat' dir='ltr'><strong>pergit</strong></span> <span class='ocrx_word' id='word_1_109' title='bbox 1537 1693 1627 1746; x_wconf 92' lang='lat' dir='ltr'><strong>ille</strong></span> <span class='ocrx_word' id='word_1_110' title='bbox 1679 1692 1785 1764; x_wconf 74' lang='lat'><strong>(2),</strong></span> <span class='ocrx_word' id='word_1_111' title='bbox 1840 1712 1858 1743; x_wconf 75' lang='grc' dir='ltr'><strong><em>ι</em></strong></span> <span class='ocrx_word' id='word_1_112' title='bbox 1914 1693 2075 1749; x_wconf 88' lang='lat' dir='ltr'><strong>docet</strong></span> 
     </span>
    </p>
   </div>
   <div class='ocr_carea' id='block_1_18' title="bbox 476 1785 2880 1879">
    <p class='ocr_par' dir='ltr' id='par_1_18' title="bbox 476 1785 2880 1879">
     <span class='ocr_line' id='line_1_18' title="bbox 476 1785 2880 1879; baseline 0.002 -34"><span class='ocrx_word' id='word_1_113' title='bbox 476 1806 573 1845; x_wconf 92' lang='lat' dir='ltr'><strong>nos</strong></span> <span class='ocrx_word' id='word_1_114' title='bbox 624 1789 850 1845; x_wconf 89' lang='lat' dir='ltr'><strong>credere</strong></span> <span class='ocrx_word' id='word_1_115' title='bbox 889 1798 1011 1858; x_wconf 86' lang='lat' dir='ltr'><strong>post</strong></span> <span class='ocrx_word' id='word_1_116' title='bbox 1057 1787 1269 1841; x_wconf 88' lang='lat' dir='ltr'><strong>Patrem</strong></span> <span class='ocrx_word' id='word_1_117' title='bbox 1318 1786 1369 1840; x_wconf 91' lang='lat' dir='ltr'><strong>in</strong></span> <span class='ocrx_word' id='word_1_118' title='bbox 1419 1785 1608 1839; x_wconf 86' lang='lat' dir='ltr'><strong>Filium</strong></span> <span class='ocrx_word' id='word_1_119' title='bbox 1662 1786 1755 1841; x_wconf 91' lang='lat' dir='ltr'><strong>Dei</strong></span> <span class='ocrx_word' id='word_1_120' title='bbox 1797 1786 2070 1841; x_wconf 85' lang='lat' dir='ltr'><strong>Christum</strong></span> <span class='ocrx_word' id='word_1_121' title='bbox 2104 1820 2150 1879; x_wconf 78' lang='grc' dir='ltr'><strong>Β</strong></span> <span class='ocrx_word' id='word_1_122' title='bbox 2180 1785 2355 1867; x_wconf 43' lang='lat' dir='ltr'><strong>min&quot;;</strong></span> <span class='ocrx_word' id='word_1_123' title='bbox 2393 1813 2595 1869; x_wconf 62' lang='lat' dir='ltr'><strong>diseﬂe</strong></span> <span class='ocrx_word' id='word_1_124' title='bbox 2631 1785 2880 1869; x_wconf 60' lang='lat' dir='ltr'><strong>amr‘nm</strong></span> 
     </span>
    </p>
   </div>
   <div class='ocr_carea' id='block_1_19' title="bbox 476 1879 2075 1952">
    <p class='ocr_par' dir='ltr' id='par_1_19' title="bbox 476 1879 2075 1952">
     <span class='ocr_line' id='line_1_19' title="bbox 476 1879 2075 1952; baseline -0.001 -13"><span class='ocrx_word' id='word_1_125' title='bbox 476 1883 658 1939; x_wconf 82' lang='lat' dir='ltr'><strong>Jesum</strong></span> <span class='ocrx_word' id='word_1_126' title='bbox 702 1883 986 1939; x_wconf 89' lang='lat' dir='ltr'><strong>Dominum</strong></span> <span class='ocrx_word' id='word_1_127' title='bbox 1027 1881 1198 1936; x_wconf 88' lang='lat' dir='ltr'><strong>Deum</strong></span> <span class='ocrx_word' id='word_1_128' title='bbox 1240 1888 1506 1935; x_wconf 73' lang='lat' dir='ltr'><strong>nostrum.</strong></span> <span class='ocrx_word' id='word_1_129' title='bbox 1551 1900 1569 1931; x_wconf 71' lang='grc' dir='ltr'>ι</span> <span class='ocrx_word' id='word_1_130' title='bbox 1628 1879 1866 1936; x_wconf 84' lang='lat' dir='ltr'><strong>Tandem</strong></span> <span class='ocrx_word' id='word_1_131' title='bbox 1908 1897 2075 1952; x_wconf 88' lang='lat' dir='ltr'><strong>prope</strong></span> 
     </span>
    </p>
   </div>
   <div class='ocr_carea' id='block_1_20' title="bbox 474 1972 2075 2046">
    <p class='ocr_par' dir='ltr' id='par_1_20' title="bbox 474 1972 2075 2046">
     <span class='ocr_line' id='line_1_20' title="bbox 474 1972 2075 2046; baseline 0 -16"><span class='ocrx_word' id='word_1_132' title='bbox 474 1977 634 2031; x_wconf 89' lang='lat' dir='ltr'><strong>ﬁnem</strong></span> <span class='ocrx_word' id='word_1_133' title='bbox 679 1975 922 2046; x_wconf 88' lang='lat' dir='ltr'><strong>ejusdem</strong></span> <span class='ocrx_word' id='word_1_134' title='bbox 974 1974 1289 2039; x_wconf 87' lang='lat' dir='ltr'><strong>Tractatns,</strong></span> <span class='ocrx_word' id='word_1_135' title='bbox 1320 1987 1577 2042; x_wconf 79' lang='lat' dir='ltr'><strong>expresse</strong></span> <span class='ocrx_word' id='word_1_136' title='bbox 1631 1972 1826 2040; x_wconf 90' lang='lat' dir='ltr'><strong>tradit,</strong></span> <span class='ocrx_word' id='word_1_137' title='bbox 1876 1973 2075 2031; x_wconf 89' lang='lat' dir='ltr'><strong>debere</strong></span> 
     </span>
    </p>
   </div>
   <div class='ocr_carea' id='block_1_21' title="bbox 472 2068 2072 2138">
    <p class='ocr_par' dir='ltr' id='par_1_21' title="bbox 472 2068 2072 2138">
     <span class='ocr_line' id='line_1_21' title="bbox 472 2068 2072 2138; baseline 0 -15"><span class='ocrx_word' id='word_1_138' title='bbox 472 2085 571 2123; x_wconf 91' lang='lat' dir='ltr'><strong>nos</strong></span> <span class='ocrx_word' id='word_1_139' title='bbox 598 2068 819 2125; x_wconf 79' lang='lat' dir='ltr'><strong>credere</strong></span> <span class='ocrx_word' id='word_1_140' title='bbox 871 2070 922 2123; x_wconf 94' lang='lat' dir='ltr'><strong>in</strong></span> <span class='ocrx_word' id='word_1_141' title='bbox 975 2068 1234 2138; x_wconf 87' lang='lat' dir='ltr'><strong>Spiritum</strong></span> <span class='ocrx_word' id='word_1_142' title='bbox 1289 2077 1569 2130; x_wconf 89' lang='lat' dir='ltr'><strong>sanctum,</strong></span> <span class='ocrx_word' id='word_1_143' title='bbox 1621 2068 1749 2123; x_wconf 89' lang='lat' dir='ltr'><strong>olim</strong></span> <span class='ocrx_word' id='word_1_144' title='bbox 1816 2068 2072 2123; x_wconf 77' lang='lat' dir='ltr'><strong>Ecclesia:</strong></span> 
     </span>
    </p>
   </div>
   <div class='ocr_carea' id='block_1_22' title="bbox 470 2161 2070 2232">
    <p class='ocr_par' dir='ltr' id='par_1_22' title="bbox 470 2161 2070 2232">
     <span class='ocr_line' id='line_1_22' title="bbox 470 2161 2070 2232; baseline 0.001 -17"><span class='ocrx_word' id='word_1_145' title='bbox 470 2163 893 2229; x_wconf 90' lang='lat' dir='ltr'><strong>repromissum,</strong></span> <span class='ocrx_word' id='word_1_146' title='bbox 940 2161 1033 2217; x_wconf 90' lang='lat' dir='ltr'><strong>sed</strong></span> <span class='ocrx_word' id='word_1_147' title='bbox 1080 2161 1293 2215; x_wconf 90' lang='lat' dir='ltr'><strong>statutis</strong></span> <span class='ocrx_word' id='word_1_148' title='bbox 1344 2169 1641 2231; x_wconf 79' lang='lat' dir='ltr'><strong>temporum</strong></span> <span class='ocrx_word' id='word_1_149' title='bbox 1696 2164 2070 2232; x_wconf 78' lang='lat' dir='ltr'><strong>Opportunita-</strong></span> 
     </span>
    </p>
   </div>
   <div class='ocr_carea' id='block_1_23' title="bbox 466 2252 2069 2328">
    <p class='ocr_par' dir='ltr' id='par_1_23' title="bbox 466 2252 2069 2328">
     <span class='ocr_line' id='line_1_23' title="bbox 466 2252 2069 2328; baseline 0.001 -20"><span class='ocrx_word' id='word_1_150' title='bbox 466 2255 608 2308; x_wconf 90' lang='lat' dir='ltr'><strong>tibus</strong></span> <span class='ocrx_word' id='word_1_151' title='bbox 629 2254 896 2310; x_wconf 90' lang='lat' dir='ltr'><strong>redditum</strong></span> <span class='ocrx_word' id='word_1_152' title='bbox 927 2252 1009 2328; x_wconf 81' lang='grc'><strong>(5)</strong></span> <span class='ocrx_word' id='word_1_153' title='bbox 1037 2272 1048 2307; x_wconf 90' lang='lat'><strong>:</strong></span> <span class='ocrx_word' id='word_1_154' title='bbox 1090 2273 1109 2305; x_wconf 83' lang='grc'><strong>‹</strong></span> <span class='ocrx_word' id='word_1_155' title='bbox 1140 2254 1244 2310; x_wconf 90' lang='lat' dir='ltr'><strong>Sed</strong></span> <span class='ocrx_word' id='word_1_156' title='bbox 1275 2254 1417 2308; x_wconf 90' lang='lat' dir='ltr'><strong>enim</strong></span> <span class='ocrx_word' id='word_1_157' title='bbox 1448 2252 1581 2308; x_wconf 91' lang='lat' dir='ltr'><strong>ordo</strong></span> <span class='ocrx_word' id='word_1_158' title='bbox 1613 2255 1836 2309; x_wconf 88' lang='lat' dir='ltr'><strong>rationis</strong></span> <span class='ocrx_word' id='word_1_159' title='bbox 1862 2265 1917 2309; x_wconf 91' lang='lat' dir='ltr'><strong>et</strong></span> <span class='ocrx_word' id='word_1_160' title='bbox 1950 2254 2069 2310; x_wconf 88' lang='lat' dir='ltr'><strong>ﬁdei</strong></span> 
     </span>
    </p>
   </div>
   <div class='ocr_carea' id='block_1_24' title="bbox 467 2347 2071 2417">
    <p class='ocr_par' dir='ltr' id='par_1_24' title="bbox 467 2347 2071 2417">
     <span class='ocr_line' id='line_1_24' title="bbox 467 2347 2071 2417; baseline 0 -14"><span class='ocrx_word' id='word_1_161' title='bbox 467 2349 778 2403; x_wconf 79' lang='lat' dir='ltr'><strong>Auctoritas</strong></span> <span class='ocrx_word' id='word_1_162' title='bbox 816 2347 1040 2417; x_wconf 84' lang='lat' dir='ltr'><strong>digestis</strong></span> <span class='ocrx_word' id='word_1_163' title='bbox 1092 2348 1315 2403; x_wconf 84' lang='lat' dir='ltr'><strong>vocibus</strong></span> <span class='ocrx_word' id='word_1_164' title='bbox 1361 2357 1417 2402; x_wconf 92' lang='lat' dir='ltr'><strong>et</strong></span> <span class='ocrx_word' id='word_1_165' title='bbox 1466 2348 1659 2404; x_wconf 87' lang='lat' dir='ltr'><strong>litteris</strong></span> <span class='ocrx_word' id='word_1_166' title='bbox 1716 2349 1924 2403; x_wconf 88' lang='lat' dir='ltr'><strong>Domini</strong></span> <span class='ocrx_word' id='word_1_167' title='bbox 1977 2348 2071 2403; x_wconf 85' lang='lat' dir='ltr'><strong>ad-</strong></span> 
     </span>
    </p>
   </div>
   <div class='ocr_carea' id='block_1_25' title="bbox 471 2440 2068 2512">
    <p class='ocr_par' dir='ltr' id='par_1_25' title="bbox 471 2440 2068 2512">
     <span class='ocr_line' id='line_1_25' title="bbox 471 2440 2068 2512; baseline 0 -16"><span class='ocrx_word' id='word_1_168' title='bbox 471 2450 656 2496; x_wconf 89' lang='lat' dir='ltr'><strong>monet</strong></span> <span class='ocrx_word' id='word_1_169' title='bbox 696 2456 795 2498; x_wconf 90' lang='lat' dir='ltr'><strong>nos</strong></span> <span class='ocrx_word' id='word_1_170' title='bbox 854 2449 977 2512; x_wconf 89' lang='lat' dir='ltr'><strong>post</strong></span> <span class='ocrx_word' id='word_1_171' title='bbox 1029 2441 1144 2496; x_wconf 58' lang='lat' dir='ltr'><strong>haec</strong></span> <span class='ocrx_word' id='word_1_172' title='bbox 1200 2440 1424 2497; x_wconf 89' lang='lat' dir='ltr'><strong>credere</strong></span> <span class='ocrx_word' id='word_1_173' title='bbox 1475 2442 1635 2495; x_wconf 90' lang='lat' dir='ltr'><strong>etiam</strong></span> <span class='ocrx_word' id='word_1_174' title='bbox 1704 2443 1755 2495; x_wconf 92' lang='lat' dir='ltr'><strong>in</strong></span> <span class='ocrx_word' id='word_1_175' title='bbox 1813 2442 2068 2512; x_wconf 81' lang='lat' dir='ltr'><strong>Spiritum</strong></span> 
     </span>
    </p>
   </div>
   <div class='ocr_carea' id='block_1_26' title="bbox 470 2534 2069 2606">
    <p class='ocr_par' dir='ltr' id='par_1_26' title="bbox 470 2534 2069 2606">
     <span class='ocr_line' id='line_1_26' title="bbox 470 2534 2069 2606; baseline 0.001 -17"><span class='ocrx_word' id='word_1_176' title='bbox 470 2546 739 2591; x_wconf 91' lang='lat' dir='ltr'><strong>sanctum.</strong></span> <span class='ocrx_word' id='word_1_177' title='bbox 764 2555 782 2588; x_wconf 86' lang='grc'><strong>›</strong></span> <span class='ocrx_word' id='word_1_178' title='bbox 818 2535 994 2590; x_wconf 88' lang='lat' dir='ltr'><strong>llabes</strong></span> <span class='ocrx_word' id='word_1_179' title='bbox 1042 2534 1202 2606; x_wconf 84' lang='lat' dir='ltr'><strong>igitur</strong></span> <span class='ocrx_word' id='word_1_180' title='bbox 1234 2545 1343 2589; x_wconf 90' lang='lat' dir='ltr'><strong>tres</strong></span> <span class='ocrx_word' id='word_1_181' title='bbox 1364 2534 1575 2589; x_wconf 84' lang='lat' dir='ltr'><strong>divinas</strong></span> <span class='ocrx_word' id='word_1_182' title='bbox 1618 2534 1887 2590; x_wconf 82' lang='lat' dir='ltr'><strong>Personas</strong></span> <span class='ocrx_word' id='word_1_183' title='bbox 1918 2551 2069 2605; x_wconf 89' lang='lat' dir='ltr'><strong>pers-</strong></span> 
     </span>
    </p>
   </div>
   <div class='ocr_carea' id='block_1_27' title="bbox 468 2627 2069 2700">
    <p class='ocr_par' dir='ltr' id='par_1_27' title="bbox 468 2627 2069 2700">
     <span class='ocr_line' id='line_1_27' title="bbox 468 2627 2069 2700; baseline 0.001 -18"><span class='ocrx_word' id='word_1_184' title='bbox 468 2630 626 2700; x_wconf 88' lang='lat' dir='ltr'><strong>picue</strong></span> <span class='ocrx_word' id='word_1_185' title='bbox 672 2643 703 2683; x_wconf 92' lang='lat' dir='ltr'><strong>a</strong></span> <span class='ocrx_word' id='word_1_186' title='bbox 739 2627 1037 2684; x_wconf 82' lang='lat' dir='ltr'><strong>Novatiano</strong></span> <span class='ocrx_word' id='word_1_187' title='bbox 1071 2627 1369 2692; x_wconf 88' lang='lat' dir='ltr'><strong>distinctas,</strong></span> <span class='ocrx_word' id='word_1_188' title='bbox 1420 2628 1510 2698; x_wconf 92' lang='lat' dir='ltr'><strong>qui</strong></span> <span class='ocrx_word' id='word_1_189' title='bbox 1562 2628 1718 2697; x_wconf 90' lang='lat' dir='ltr'><strong>paulo</strong></span> <span class='ocrx_word' id='word_1_190' title='bbox 1766 2627 1903 2683; x_wconf 83' lang='lat' dir='ltr'><strong>inl‘ra</strong></span> <span class='ocrx_word' id='word_1_191' title='bbox 1952 2628 2069 2685; x_wconf 68' lang='lat' dir='ltr'><strong>haec</strong></span> 
     </span>
    </p>
   </div>
   <div class='ocr_carea' id='block_1_28' title="bbox 465 2718 2065 2791">
    <p class='ocr_par' dir='ltr' id='par_1_28' title="bbox 465 2718 2065 2791">
     <span class='ocr_line' id='line_1_28' title="bbox 465 2718 2065 2791; baseline 0.002 -17"><span class='ocrx_word' id='word_1_192' title='bbox 465 2719 624 2777; x_wconf 78' lang='lat' dir='ltr'><strong>habet</strong></span> <span class='ocrx_word' id='word_1_193' title='bbox 654 2718 738 2791; x_wconf 73' lang='grc'><strong>(4)</strong></span> <span class='ocrx_word' id='word_1_194' title='bbox 768 2738 779 2773; x_wconf 89' lang='lat'>:</span> <span class='ocrx_word' id='word_1_195' title='bbox 818 2738 836 2771; x_wconf 71' lang='grc' dir='ltr'><em>ι</em></span> <span class='ocrx_word' id='word_1_196' title='bbox 871 2720 940 2774; x_wconf 91' lang='lat' dir='ltr'><strong>Et</strong></span> <span class='ocrx_word' id='word_1_197' title='bbox 962 2720 1077 2775; x_wconf 80' lang='lat' dir='ltr'><strong>hch</strong></span> <span class='ocrx_word' id='word_1_198' title='bbox 1104 2720 1321 2790; x_wconf 90' lang='lat' dir='ltr'><strong>quidem</strong></span> <span class='ocrx_word' id='word_1_199' title='bbox 1366 2720 1433 2775; x_wconf 91' lang='lat' dir='ltr'><strong>de</strong></span> <span class='ocrx_word' id='word_1_200' title='bbox 1482 2721 1660 2787; x_wconf 87' lang='lat' dir='ltr'><strong>Patre,</strong></span> <span class='ocrx_word' id='word_1_201' title='bbox 1704 2732 1751 2776; x_wconf 90' lang='lat' dir='ltr'><strong>et</strong></span> <span class='ocrx_word' id='word_1_202' title='bbox 1787 2721 1855 2777; x_wconf 89' lang='lat' dir='ltr'><strong>de</strong></span> <span class='ocrx_word' id='word_1_203' title='bbox 1906 2721 2065 2787; x_wconf 86' lang='lat' dir='ltr'><strong>Filio,</strong></span> 
     </span>
    </p>
   </div>
   <div class='ocr_carea' id='block_1_29' title="bbox 462 2814 2066 2885">
    <p class='ocr_par' dir='ltr' id='par_1_29' title="bbox 462 2814 2066 2885">
     <span class='ocr_line' id='line_1_29' title="bbox 462 2814 2066 2885; baseline 0.001 -17"><span class='ocrx_word' id='word_1_204' title='bbox 462 2824 516 2868; x_wconf 90' lang='lat' dir='ltr'><strong>ct</strong></span> <span class='ocrx_word' id='word_1_205' title='bbox 549 2814 617 2869; x_wconf 89' lang='lat' dir='ltr'><strong>de</strong></span> <span class='ocrx_word' id='word_1_206' title='bbox 662 2814 864 2885; x_wconf 83' lang='lat' dir='ltr'><strong>Spiritu</strong></span> <span class='ocrx_word' id='word_1_207' title='bbox 894 2823 1099 2869; x_wconf 90' lang='lat' dir='ltr'><strong>sancto.</strong></span> <span class='ocrx_word' id='word_1_208' title='bbox 1146 2834 1163 2865; x_wconf 75' lang='grc' dir='ltr'><strong><em>ι</em></strong></span> <span class='ocrx_word' id='word_1_209' title='bbox 1202 2814 1279 2869; x_wconf 82' lang='lat' dir='ltr'><strong>Ex</strong></span> <span class='ocrx_word' id='word_1_210' title='bbox 1310 2814 1503 2885; x_wconf 89' lang='lat' dir='ltr'><strong>quibus</strong></span> <span class='ocrx_word' id='word_1_211' title='bbox 1546 2816 1771 2880; x_wconf 88' lang='lat' dir='ltr'><strong>eruitur,</strong></span> <span class='ocrx_word' id='word_1_212' title='bbox 1803 2830 1901 2885; x_wconf 86' lang='lat' dir='ltr'><strong>per</strong></span> <span class='ocrx_word' id='word_1_213' title='bbox 1937 2830 2066 2871; x_wconf 92' lang='lat' dir='ltr'><strong>con-</strong></span> 
     </span>
    </p>
   </div>
   <div class='ocr_carea' id='block_1_30' title="bbox 460 2905 2059 2975">
    <p class='ocr_par' dir='ltr' id='par_1_30' title="bbox 460 2905 2059 2975">
     <span class='ocr_line' id='line_1_30' title="bbox 460 2905 2059 2975; baseline 0.002 -17"><span class='ocrx_word' id='word_1_214' title='bbox 460 2905 787 2975; x_wconf 77' lang='lat' dir='ltr'><strong>iunctionem</strong></span> <span class='ocrx_word' id='word_1_215' title='bbox 838 2914 927 2972; x_wconf 90' lang='lat' dir='ltr'><strong>et,</strong></span> <span class='ocrx_word' id='word_1_216' title='bbox 981 2906 1136 2960; x_wconf 89' lang='lat' dir='ltr'><strong>sicuti</strong></span> <span class='ocrx_word' id='word_1_217' title='bbox 1180 2914 1233 2959; x_wconf 89' lang='lat' dir='ltr'><strong>et</strong></span> <span class='ocrx_word' id='word_1_218' title='bbox 1283 2922 1376 2975; x_wconf 89' lang='lat' dir='ltr'><strong>per</strong></span> <span class='ocrx_word' id='word_1_219' title='bbox 1428 2905 1738 2960; x_wconf 82' lang='lat' dir='ltr'><strong>adverbium</strong></span> <span class='ocrx_word' id='word_1_220' title='bbox 1794 2925 1809 2957; x_wconf 77' lang='grc' dir='ltr'><strong><em>ι</em></strong></span> <span class='ocrx_word' id='word_1_221' title='bbox 1850 2908 2007 2961; x_wconf 91' lang='lat' dir='ltr'><strong>etiam</strong></span> <span class='ocrx_word' id='word_1_222' title='bbox 2040 2928 2059 2961; x_wconf 74' lang='grc' dir='ltr'><strong><em>ι</em></strong></span> 
     </span>
    </p>
   </div>
   <div class='ocr_carea' id='block_1_31' title="bbox 467 2996 2064 3067">
    <p class='ocr_par' dir='ltr' id='par_1_31' title="bbox 467 2996 2064 3067">
     <span class='ocr_line' id='line_1_31' title="bbox 467 2996 2064 3067; baseline 0.004 -18"><span class='ocrx_word' id='word_1_223' title='bbox 467 3006 644 3052; x_wconf 75' lang='lat' dir='ltr'><strong>textus</strong></span> <span class='ocrx_word' id='word_1_224' title='bbox 673 3012 829 3067; x_wconf 89' lang='lat' dir='ltr'><strong>supra</strong></span> <span class='ocrx_word' id='word_1_225' title='bbox 872 2998 1144 3062; x_wconf 90' lang='lat' dir='ltr'><strong>recensiti,</strong></span> <span class='ocrx_word' id='word_1_226' title='bbox 1189 2996 1293 3052; x_wconf 91' lang='lat' dir='ltr'><strong>hoc</strong></span> <span class='ocrx_word' id='word_1_227' title='bbox 1328 2998 1447 3052; x_wconf 87' lang='lat' dir='ltr'><strong>loco</strong></span> <span class='ocrx_word' id='word_1_228' title='bbox 1503 3013 1808 3053; x_wconf 86' lang='lat' dir='ltr'><strong>sermonem</strong></span> <span class='ocrx_word' id='word_1_229' title='bbox 1850 3014 1970 3055; x_wconf 92' lang='lat' dir='ltr'><strong>esse</strong></span> <span class='ocrx_word' id='word_1_230' title='bbox 1995 2999 2064 3056; x_wconf 90' lang='lat' dir='ltr'><strong>de</strong></span> 
     </span>
    </p>
   </div>
   <div class='ocr_carea' id='block_1_32' title="bbox 467 3090 2059 3160">
    <p class='ocr_par' dir='ltr' id='par_1_32' title="bbox 467 3090 2059 3160">
     <span class='ocr_line' id='line_1_32' title="bbox 467 3090 2059 3160; baseline 0.002 -17"><span class='ocrx_word' id='word_1_231' title='bbox 467 3090 631 3143; x_wconf 86' lang='lat' dir='ltr'><strong>trilms</strong></span> <span class='ocrx_word' id='word_1_232' title='bbox 660 3091 902 3160; x_wconf 89' lang='lat' dir='ltr'><strong>personis</strong></span> <span class='ocrx_word' id='word_1_233' title='bbox 928 3090 1223 3154; x_wconf 89' lang='lat' dir='ltr'><strong>distinctis,</strong></span> <span class='ocrx_word' id='word_1_234' title='bbox 1272 3106 1497 3160; x_wconf 85' lang='lat' dir='ltr'><strong>quarum</strong></span> <span class='ocrx_word' id='word_1_235' title='bbox 1543 3106 1644 3144; x_wconf 90' lang='lat' dir='ltr'><strong>una</strong></span> <span class='ocrx_word' id='word_1_236' title='bbox 1692 3106 1796 3145; x_wconf 89' lang='lat' dir='ltr'><strong>non</strong></span> <span class='ocrx_word' id='word_1_237' title='bbox 1826 3100 1908 3146; x_wconf 88' lang='lat' dir='ltr'><strong>est</strong></span> <span class='ocrx_word' id='word_1_238' title='bbox 1934 3090 2059 3146; x_wconf 89' lang='lat' dir='ltr'><strong>alia.</strong></span> 
     </span>
    </p>
   </div>
   <div class='ocr_carea' id='block_1_33' title="bbox 461 3182 2605 3277">
    <p class='ocr_par' dir='ltr' id='par_1_33' title="bbox 461 3182 2605 3277">
     <span class='ocr_line' id='line_1_33' title="bbox 461 3182 2605 3277; baseline 0.005 -40"><span class='ocrx_word' id='word_1_239' title='bbox 461 3182 687 3237; x_wconf 85' lang='lat' dir='ltr'><strong>Certum</strong></span> <span class='ocrx_word' id='word_1_240' title='bbox 746 3182 957 3253; x_wconf 88' lang='lat' dir='ltr'><strong>itaque,</strong></span> <span class='ocrx_word' id='word_1_241' title='bbox 1010 3182 1328 3253; x_wconf 87' lang='lat' dir='ltr'><strong>ﬁrmumque</strong></span> <span class='ocrx_word' id='word_1_242' title='bbox 1359 3194 1538 3237; x_wconf 90' lang='lat' dir='ltr'><strong>manet</strong></span> <span class='ocrx_word' id='word_1_243' title='bbox 1567 3225 1580 3247; x_wconf 96' lang='lat'><strong>,</strong></span> <span class='ocrx_word' id='word_1_244' title='bbox 1632 3182 1984 3238; x_wconf 77' lang='lat' dir='ltr'><strong>Nomtianum</strong></span> <span class='ocrx_word' id='word_1_245' title='bbox 2031 3200 2059 3238; x_wconf 94' lang='lat' dir='ltr'><strong>a</strong></span> <span class='ocrx_word' id='word_1_246' title='bbox 2089 3215 2132 3277; x_wconf 63' lang='grc' dir='ltr'><strong>Ο</strong></span> <span class='ocrx_word' id='word_1_247' title='bbox 2168 3211 2326 3265; x_wconf 47' lang='lat' dir='ltr'><strong>nam.</strong></span> <span class='ocrx_word' id='word_1_248' title='bbox 2356 3221 2409 3266; x_wconf 66' lang='grc' dir='ltr'><strong>ει</strong></span> <span class='ocrx_word' id='word_1_249' title='bbox 2437 3211 2605 3266; x_wconf 63' lang='lat' dir='ltr'><strong>Filius</strong></span> 
     </span>
    </p>
   </div>
   <div class='ocr_carea' id='block_1_34' title="bbox 469 3275 2064 3346">
    <p class='ocr_par' dir='ltr' id='par_1_34' title="bbox 469 3275 2064 3346">
     <span class='ocr_line' id='line_1_34' title="bbox 469 3275 2064 3346; baseline 0.001 -17"><span class='ocrx_word' id='word_1_250' title='bbox 469 3276 688 3330; x_wconf 86' lang='lat' dir='ltr'><strong>nemine</strong></span> <span class='ocrx_word' id='word_1_251' title='bbox 738 3275 1040 3329; x_wconf 82' lang='lat' dir='ltr'><strong>insimulari</strong></span> <span class='ocrx_word' id='word_1_252' title='bbox 1088 3290 1282 3346; x_wconf 88' lang='lat' dir='ltr'><strong>posse,</strong></span> <span class='ocrx_word' id='word_1_253' title='bbox 1341 3275 1481 3345; x_wconf 89' lang='lat' dir='ltr'><strong>quod</strong></span> <span class='ocrx_word' id='word_1_254' title='bbox 1512 3277 1682 3330; x_wconf 90' lang='lat' dir='ltr'><strong>errori</strong></span> <span class='ocrx_word' id='word_1_255' title='bbox 1712 3275 1928 3331; x_wconf 89' lang='lat' dir='ltr'><strong>Sabellii</strong></span> <span class='ocrx_word' id='word_1_256' title='bbox 1985 3275 2064 3330; x_wconf 81' lang='lat' dir='ltr'><strong>fa—</strong></span> 
     </span>
    </p>
   </div>
   <div class='ocr_carea' id='block_1_35' title="bbox 464 3369 1856 3439">
    <p class='ocr_par' dir='ltr' id='par_1_35' title="bbox 464 3369 1856 3439">
     <span class='ocr_line' id='line_1_35' title="bbox 464 3369 1856 3439; baseline -0.001 -17"><span class='ocrx_word' id='word_1_257' title='bbox 464 3371 603 3423; x_wconf 87' lang='lat' dir='ltr'><strong>verit</strong></span> <span class='ocrx_word' id='word_1_258' title='bbox 627 3380 714 3423; x_wconf 92' lang='lat' dir='ltr'><strong>aut</strong></span> <span class='ocrx_word' id='word_1_259' title='bbox 744 3369 1065 3439; x_wconf 72' lang='lat' dir='ltr'><strong>prmluserit.</strong></span> <span class='ocrx_word' id='word_1_260' title='bbox 1100 3370 1205 3425; x_wconf 89' lang='lat' dir='ltr'><strong>Sed</strong></span> <span class='ocrx_word' id='word_1_261' title='bbox 1231 3369 1356 3439; x_wconf 89' lang='lat' dir='ltr'><strong>quid</strong></span> <span class='ocrx_word' id='word_1_262' title='bbox 1390 3370 1458 3424; x_wconf 93' lang='lat' dir='ltr'><strong>de</strong></span> <span class='ocrx_word' id='word_1_263' title='bbox 1498 3370 1856 3424; x_wconf 89' lang='lat' dir='ltr'><strong>Arianismo?</strong></span> 
     </span>
    </p>
   </div>
   <div class='ocr_carea' id='block_1_36' title="bbox 536 3461 2065 3535">
    <p class='ocr_par' dir='ltr' id='par_1_36' title="bbox 536 3461 2065 3535">
     <span class='ocr_line' id='line_1_36' title="bbox 536 3461 2065 3535; baseline -0.001 -18"><span class='ocrx_word' id='word_1_264' title='bbox 536 3463 597 3518; x_wconf 89' lang='lat' dir='ltr'><strong>ll.</strong></span> <span class='ocrx_word' id='word_1_265' title='bbox 642 3461 994 3517; x_wconf 84' lang='lat' dir='ltr'><strong>Novatianum</strong></span> <span class='ocrx_word' id='word_1_266' title='bbox 1037 3462 1105 3518; x_wconf 89' lang='lat' dir='ltr'><strong>de</strong></span> <span class='ocrx_word' id='word_1_267' title='bbox 1134 3462 1411 3517; x_wconf 88' lang='lat' dir='ltr'><strong>Trinitatis</strong></span> <span class='ocrx_word' id='word_1_268' title='bbox 1441 3464 1699 3535; x_wconf 89' lang='lat' dir='ltr'><strong>mysterio</strong></span> <span class='ocrx_word' id='word_1_269' title='bbox 1746 3483 1763 3515; x_wconf 77' lang='grc' dir='ltr'>ι</span> <span class='ocrx_word' id='word_1_270' title='bbox 1799 3478 1905 3518; x_wconf 95' lang='lat' dir='ltr'><strong>non</strong></span> <span class='ocrx_word' id='word_1_271' title='bbox 1933 3462 2065 3517; x_wconf 89' lang='lat' dir='ltr'><strong>satis</strong></span> 
     </span>
    </p>
   </div>
   <div class='ocr_carea' id='block_1_37' title="bbox 462 3555 2064 3625">
    <p class='ocr_par' dir='ltr' id='par_1_37' title="bbox 462 3555 2064 3625">
     <span class='ocr_line' id='line_1_37' title="bbox 462 3555 2064 3625; baseline 0.001 -16"><span class='ocrx_word' id='word_1_272' title='bbox 462 3566 711 3610; x_wconf 89' lang='lat' dir='ltr'><strong>accurate</strong></span> <span class='ocrx_word' id='word_1_273' title='bbox 768 3569 889 3610; x_wconf 85' lang='lat' dir='ltr'><strong>esse</strong></span> <span class='ocrx_word' id='word_1_274' title='bbox 951 3555 1219 3619; x_wconf 91' lang='lat' dir='ltr'><strong>locutum,</strong></span> <span class='ocrx_word' id='word_1_275' title='bbox 1289 3556 1453 3609; x_wconf 88' lang='lat' dir='ltr'><strong>immo</strong></span> <span class='ocrx_word' id='word_1_276' title='bbox 1504 3555 1738 3610; x_wconf 89' lang='lat' dir='ltr'><strong>absurde</strong></span> <span class='ocrx_word' id='word_1_277' title='bbox 1807 3555 2064 3625; x_wconf 90' lang='lat' dir='ltr'><strong>pleraque</strong></span> 
     </span>
    </p>
   </div>
   <div class='ocr_carea' id='block_1_38' title="bbox 464 3647 2066 3719">
    <p class='ocr_par' dir='ltr' id='par_1_38' title="bbox 464 3647 2066 3719">
     <span class='ocr_line' id='line_1_38' title="bbox 464 3647 2066 3719; baseline -0.002 -15"><span class='ocrx_word' id='word_1_278' title='bbox 464 3651 779 3715; x_wconf 69' lang='lat' dir='ltr'><strong>tradidisse,</strong></span> <span class='ocrx_word' id='word_1_279' title='bbox 834 3668 852 3701; x_wconf 71' lang='grc' dir='ltr'><strong>ι</strong></span> <span class='ocrx_word' id='word_1_280' title='bbox 885 3648 1015 3704; x_wconf 90' lang='lat' dir='ltr'><strong>dicit</strong></span> <span class='ocrx_word' id='word_1_281' title='bbox 1054 3650 1300 3704; x_wconf 74' lang='lat' dir='ltr'><strong>Petavius</strong></span> <span class='ocrx_word' id='word_1_282' title='bbox 1329 3647 1439 3719; x_wconf 84' lang='lat'><strong>(5);</strong></span> <span class='ocrx_word' id='word_1_283' title='bbox 1471 3658 1523 3703; x_wconf 89' lang='lat' dir='ltr'><strong>et</strong></span> <span class='ocrx_word' id='word_1_284' title='bbox 1566 3648 1814 3715; x_wconf 90' lang='lat' dir='ltr'><strong>Sandins,</strong></span> <span class='ocrx_word' id='word_1_285' title='bbox 1865 3647 2066 3703; x_wconf 82' lang='lat' dir='ltr'><strong>Petavii</strong></span> 
     </span>
    </p>
   </div>
   <div class='ocr_carea' id='block_1_39' title="bbox 462 3744 2062 3815">
    <p class='ocr_par' dir='ltr' id='par_1_39' title="bbox 462 3744 2062 3815">
     <span class='ocr_line' id='line_1_39' title="bbox 462 3744 2062 3815; baseline -0.001 -18"><span class='ocrx_word' id='word_1_286' title='bbox 462 3744 707 3815; x_wconf 88' lang='lat' dir='ltr'><strong>judicio,</strong></span> <span class='ocrx_word' id='word_1_287' title='bbox 755 3752 812 3799; x_wconf 93' lang='lat' dir='ltr'><strong>ut</strong></span> <span class='ocrx_word' id='word_1_288' title='bbox 858 3744 1019 3809; x_wconf 89' lang='lat' dir='ltr'><strong>solet,</strong></span> <span class='ocrx_word' id='word_1_289' title='bbox 1071 3744 1294 3798; x_wconf 88' lang='lat' dir='ltr'><strong>nimium</strong></span> <span class='ocrx_word' id='word_1_290' title='bbox 1315 3744 1570 3806; x_wconf 87' lang='lat' dir='ltr'><strong>conlisus,</strong></span> <span class='ocrx_word' id='word_1_291' title='bbox 1617 3745 1788 3812; x_wconf 90' lang='lat' dir='ltr'><strong>ipsum</strong></span> <span class='ocrx_word' id='word_1_292' title='bbox 1814 3750 2062 3797; x_wconf 89' lang='lat' dir='ltr'><strong>accenset</strong></span> 
     </span>
    </p>
   </div>
   <div class='ocr_carea' id='block_1_40' title="bbox 468 3836 2065 3911">
    <p class='ocr_par' dir='ltr' id='par_1_40' title="bbox 468 3836 2065 3911">
     <span class='ocr_line' id='line_1_40' title="bbox 468 3836 2065 3911; baseline -0.001 -19"><span class='ocrx_word' id='word_1_293' title='bbox 468 3840 531 3893; x_wconf 92' lang='lat' dir='ltr'><strong>iis</strong></span> <span class='ocrx_word' id='word_1_294' title='bbox 582 3840 670 3910; x_wconf 87' lang='lat' dir='ltr'><strong>qui</strong></span> <span class='ocrx_word' id='word_1_295' title='bbox 720 3838 856 3895; x_wconf 90' lang='lat' dir='ltr'><strong>idem</strong></span> <span class='ocrx_word' id='word_1_296' title='bbox 911 3840 1051 3911; x_wconf 90' lang='lat' dir='ltr'><strong>quod</strong></span> <span class='ocrx_word' id='word_1_297' title='bbox 1082 3841 1270 3902; x_wconf 84' lang='lat' dir='ltr'><strong>Arius,</strong></span> <span class='ocrx_word' id='word_1_298' title='bbox 1302 3848 1424 3892; x_wconf 87' lang='lat' dir='ltr'><strong>ante</strong></span> <span class='ocrx_word' id='word_1_299' title='bbox 1467 3838 1803 3893; x_wconf 87' lang='lat' dir='ltr'><strong>tradiderunt</strong></span> <span class='ocrx_word' id='word_1_300' title='bbox 1832 3836 1932 3911; x_wconf 81' lang='lat'><strong>(6).</strong></span> <span class='ocrx_word' id='word_1_301' title='bbox 1960 3837 2065 3891; x_wconf 82' lang='lat' dir='ltr'><strong>Ve-</strong></span> 
     </span>
    </p>
   </div>
   <div class='ocr_carea' id='block_1_41' title="bbox 470 3929 2064 3986">
    <p class='ocr_par' dir='ltr' id='par_1_41' title="bbox 470 3929 2064 3986">
     <span class='ocr_line' id='line_1_41' title="bbox 470 3929 2064 3986; baseline -0.001 -1"><span class='ocrx_word' id='word_1_302' title='bbox 470 3946 589 3985; x_wconf 88' lang='lat' dir='ltr'><strong>rum</strong></span> <span class='ocrx_word' id='word_1_303' title='bbox 641 3931 815 3985; x_wconf 91' lang='lat' dir='ltr'><strong>minus</strong></span> <span class='ocrx_word' id='word_1_304' title='bbox 864 3942 1113 3986; x_wconf 90' lang='lat' dir='ltr'><strong>accurata</strong></span> <span class='ocrx_word' id='word_1_305' title='bbox 1160 3942 1214 3985; x_wconf 89' lang='lat' dir='ltr'><strong>ct</strong></span> <span class='ocrx_word' id='word_1_306' title='bbox 1257 3931 1486 3985; x_wconf 83' lang='lat' dir='ltr'><strong>absurda</strong></span> <span class='ocrx_word' id='word_1_307' title='bbox 1542 3930 1629 3983; x_wconf 85' lang='lat' dir='ltr'><strong>illa</strong></span> <span class='ocrx_word' id='word_1_308' title='bbox 1678 3932 1761 3985; x_wconf 87' lang='lat' dir='ltr'><strong>vel</strong></span> <span class='ocrx_word' id='word_1_309' title='bbox 1816 3930 1881 3983; x_wconf 90' lang='lat' dir='ltr'><strong>ad</strong></span> <span class='ocrx_word' id='word_1_310' title='bbox 1944 3929 2064 3984; x_wconf 91' lang='lat' dir='ltr'><strong>Filii</strong></span> 
     </span>
    </p>
   </div>
   <div class='ocr_carea' id='block_1_42' title="bbox 466 4022 2063 4091">
    <p class='ocr_par' dir='ltr' id='par_1_42' title="bbox 466 4022 2063 4091">
     <span class='ocr_line' id='line_1_42' title="bbox 466 4022 2063 4091; baseline -0.001 -14"><span class='ocrx_word' id='word_1_311' title='bbox 466 4029 770 4091; x_wconf 75' lang='grc' dir='ltr'><strong>οῖνοκομίαν,</strong></span> <span class='ocrx_word' id='word_1_312' title='bbox 800 4025 882 4079; x_wconf 82' lang='lat' dir='ltr'><strong>vel</strong></span> <span class='ocrx_word' id='word_1_313' title='bbox 915 4024 979 4078; x_wconf 91' lang='lat' dir='ltr'><strong>ad</strong></span> <span class='ocrx_word' id='word_1_314' title='bbox 1013 4024 1373 4077; x_wconf 84' lang='lat' dir='ltr'><strong>minoritatem</strong></span> <span class='ocrx_word' id='word_1_315' title='bbox 1407 4023 1561 4077; x_wconf 90' lang='lat' dir='ltr'><strong>istam</strong></span> <span class='ocrx_word' id='word_1_316' title='bbox 1608 4022 1723 4076; x_wconf 87' lang='lat' dir='ltr'><strong>Filii</strong></span> <span class='ocrx_word' id='word_1_317' title='bbox 1754 4022 1819 4075; x_wconf 91' lang='lat' dir='ltr'><strong>ad</strong></span> <span class='ocrx_word' id='word_1_318' title='bbox 1851 4022 2063 4077; x_wconf 87' lang='lat' dir='ltr'><strong>Patrem</strong></span> 
     </span>
    </p>
   </div>
   <div class='ocr_carea' id='block_1_43' title="bbox 468 4112 2061 4187">
    <p class='ocr_par' dir='ltr' id='par_1_43' title="bbox 468 4112 2061 4187">
     <span class='ocr_line' id='line_1_43' title="bbox 468 4112 2061 4187; baseline -0.002 -17"><span class='ocrx_word' id='word_1_319' title='bbox 468 4125 737 4187; x_wconf 87' lang='lat' dir='ltr'><strong>tamquam</strong></span> <span class='ocrx_word' id='word_1_320' title='bbox 786 4116 852 4171; x_wconf 89' lang='lat' dir='ltr'><strong>ad</strong></span> <span class='ocrx_word' id='word_1_321' title='bbox 890 4124 1164 4171; x_wconf 75' lang='lat' dir='ltr'><strong>auctorem</strong></span> <span class='ocrx_word' id='word_1_322' title='bbox 1211 4124 1265 4170; x_wconf 90' lang='lat' dir='ltr'><strong>et</strong></span> <span class='ocrx_word' id='word_1_323' title='bbox 1296 4115 1615 4185; x_wconf 87' lang='lat' dir='ltr'><strong>principium</strong></span> <span class='ocrx_word' id='word_1_324' title='bbox 1644 4128 1798 4167; x_wconf 89' lang='lat' dir='ltr'><strong>suum</strong></span> <span class='ocrx_word' id='word_1_325' title='bbox 1847 4112 2061 4179; x_wconf 87' lang='lat' dir='ltr'><strong>eollati,</strong></span> 
     </span>
    </p>
   </div>
   <div class='ocr_carea' id='block_1_44' title="bbox 466 4205 2064 4279">
    <p class='ocr_par' dir='ltr' id='par_1_44' title="bbox 466 4205 2064 4279">
     <span class='ocr_line' id='line_1_44' title="bbox 466 4205 2064 4279; baseline -0.002 -17"><span class='ocrx_word' id='word_1_326' title='bbox 466 4225 627 4279; x_wconf 82' lang='lat' dir='ltr'><strong>quam</strong></span> <span class='ocrx_word' id='word_1_327' title='bbox 674 4207 931 4263; x_wconf 80' lang='lat' dir='ltr'><strong>Catholici</strong></span> <span class='ocrx_word' id='word_1_328' title='bbox 961 4223 1146 4263; x_wconf 83' lang='lat' dir='ltr'><strong>omnes</strong></span> <span class='ocrx_word' id='word_1_329' title='bbox 1175 4208 1335 4263; x_wconf 87' lang='lat' dir='ltr'><strong>etiam</strong></span> <span class='ocrx_word' id='word_1_330' title='bbox 1360 4215 1473 4277; x_wconf 82' lang='lat' dir='ltr'><strong>post</strong></span> <span class='ocrx_word' id='word_1_331' title='bbox 1507 4206 1767 4277; x_wconf 85' lang='lat' dir='ltr'><strong>synodum</strong></span> <span class='ocrx_word' id='word_1_332' title='bbox 1797 4205 2064 4259; x_wconf 67' lang='lat' dir='ltr'><strong>Nicmnam</strong></span> 
     </span>
    </p>
   </div>
   <div class='ocr_carea' id='block_1_45' title="bbox 466 4297 2065 4372">
    <p class='ocr_par' dir='ltr' id='par_1_45' title="bbox 466 4297 2065 4372">
     <span class='ocr_line' id='line_1_45' title="bbox 466 4297 2065 4372; baseline -0.004 -17"><span class='ocrx_word' id='word_1_333' title='bbox 466 4311 822 4372; x_wconf 82' lang='lat' dir='ltr'><strong>agnoverunt,</strong></span> <span class='ocrx_word' id='word_1_334' title='bbox 842 4301 1125 4355; x_wconf 78' lang='lat' dir='ltr'><strong>referenda</strong></span> <span class='ocrx_word' id='word_1_335' title='bbox 1146 4298 1462 4369; x_wconf 88' lang='lat' dir='ltr'><strong>snntjndice</strong></span> <span class='ocrx_word' id='word_1_336' title='bbox 1476 4298 1785 4353; x_wconf 86' lang='lat' dir='ltr'><strong>doctissimo</strong></span> <span class='ocrx_word' id='word_1_337' title='bbox 1804 4297 2065 4369; x_wconf 87' lang='lat' dir='ltr'><strong>Bullo(7).</strong></span> 
     </span>
    </p>
   </div>
   <div class='ocr_carea' id='block_1_46' title="bbox 467 4389 2065 4456">
    <p class='ocr_par' dir='ltr' id='par_1_46' title="bbox 467 4389 2065 4456">
     <span class='ocr_line' id='line_1_46' title="bbox 467 4389 2065 4456; baseline -0.001 -9"><span class='ocrx_word' id='word_1_338' title='bbox 467 4393 819 4448; x_wconf 74' lang='lat' dir='ltr'><strong>Novatiannm</strong></span> <span class='ocrx_word' id='word_1_339' title='bbox 881 4402 1058 4447; x_wconf 75' lang='lat' dir='ltr'><strong>autem</strong></span> <span class='ocrx_word' id='word_1_340' title='bbox 1141 4408 1260 4446; x_wconf 87' lang='lat' dir='ltr'><strong>cum</strong></span> <span class='ocrx_word' id='word_1_341' title='bbox 1330 4391 1457 4445; x_wconf 85' lang='lat' dir='ltr'><strong>Ario</strong></span> <span class='ocrx_word' id='word_1_342' title='bbox 1525 4389 1743 4444; x_wconf 89' lang='lat' dir='ltr'><strong>minime</strong></span> <span class='ocrx_word' id='word_1_343' title='bbox 1810 4390 2065 4456; x_wconf 87' lang='lat' dir='ltr'><strong>sensisse,</strong></span> 
     </span>
    </p>
   </div>
   <div class='ocr_carea' id='block_1_47' title="bbox 470 4482 2069 4557">
    <p class='ocr_par' dir='ltr' id='par_1_47' title="bbox 470 4482 2069 4557">
     <span class='ocr_line' id='line_1_47' title="bbox 470 4482 2069 4557; baseline -0.001 -19"><span class='ocrx_word' id='word_1_344' title='bbox 470 4489 652 4557; x_wconf 83' lang='lat' dir='ltr'><strong>paucis</strong></span> <span class='ocrx_word' id='word_1_345' title='bbox 692 4504 754 4541; x_wconf 78' lang='lat' dir='ltr'><strong>ex</strong></span> <span class='ocrx_word' id='word_1_346' title='bbox 807 4488 941 4556; x_wconf 90' lang='lat' dir='ltr'><strong>ipso,</strong></span> <span class='ocrx_word' id='word_1_347' title='bbox 975 4486 1067 4541; x_wconf 89' lang='lat' dir='ltr'><strong>sed</strong></span> <span class='ocrx_word' id='word_1_348' title='bbox 1103 4486 1167 4540; x_wconf 93' lang='lat' dir='ltr'><strong>iis</strong></span> <span class='ocrx_word' id='word_1_349' title='bbox 1199 4482 1657 4549; x_wconf 89' lang='lat' dir='ltr'><strong>luculentissimis,</strong></span> <span class='ocrx_word' id='word_1_350' title='bbox 1688 4482 1931 4537; x_wconf 91' lang='lat' dir='ltr'><strong>adductis</strong></span> <span class='ocrx_word' id='word_1_351' title='bbox 1963 4491 2069 4537; x_wconf 89' lang='lat' dir='ltr'><strong>tes-</strong></span> 
     </span>
    </p>
   </div>
   <div class='ocr_carea' id='block_1_48' title="bbox 2174 512 3787 588">
    <p class='ocr_par' dir='ltr' id='par_1_48' title="bbox 2174 512 3787 588">
     <span class='ocr_line' id='line_1_48' title="bbox 2174 512 3787 588; baseline 0.002 -19"><span class='ocrx_word' id='word_1_352' title='bbox 2174 514 2513 569; x_wconf 86' lang='lat' dir='ltr'><strong>divinitatem</strong></span> <span class='ocrx_word' id='word_1_353' title='bbox 2544 516 2620 569; x_wconf 90' lang='lat' dir='ltr'><strong>sic</strong></span> <span class='ocrx_word' id='word_1_354' title='bbox 2670 514 2938 569; x_wconf 88' lang='lat' dir='ltr'><strong>adstruit:</strong></span> <span class='ocrx_word' id='word_1_355' title='bbox 2995 533 3013 565; x_wconf 86' lang='grc'><strong><em>‹</em></strong></span> <span class='ocrx_word' id='word_1_356' title='bbox 3073 512 3129 571; x_wconf 90' lang='lat' dir='ltr'><strong>Si</strong></span> <span class='ocrx_word' id='word_1_357' title='bbox 3179 513 3379 583; x_wconf 87' lang='lat' dir='ltr'><strong>homo,</strong></span> <span class='ocrx_word' id='word_1_358' title='bbox 3429 518 3633 588; x_wconf 90' lang='lat' dir='ltr'><strong>inquit,</strong></span> <span class='ocrx_word' id='word_1_359' title='bbox 3665 529 3787 573; x_wconf 88' lang='lat' dir='ltr'><strong>tan-</strong></span> 
     </span>
    </p>
   </div>
   <div class='ocr_carea' id='block_1_49' title="bbox 2177 606 3788 680">
    <p class='ocr_par' dir='ltr' id='par_1_49' title="bbox 2177 606 3788 680">
     <span class='ocr_line' id='line_1_49' title="bbox 2177 606 3788 680; baseline 0.001 -19"><span class='ocrx_word' id='word_1_360' title='bbox 2177 607 2459 663; x_wconf 90' lang='lat' dir='ltr'><strong>tummodo</strong></span> <span class='ocrx_word' id='word_1_361' title='bbox 2518 606 2804 673; x_wconf 89' lang='lat' dir='ltr'><strong>Christus,</strong></span> <span class='ocrx_word' id='word_1_362' title='bbox 2869 608 3141 678; x_wconf 92' lang='lat' dir='ltr'><strong>quomodo</strong></span> <span class='ocrx_word' id='word_1_363' title='bbox 3207 606 3365 666; x_wconf 91' lang='lat' dir='ltr'><strong>dicit:</strong></span> <span class='ocrx_word' id='word_1_364' title='bbox 3421 608 3535 680; x_wconf 81' lang='lat' dir='ltr'><strong>Ego</strong></span> <span class='ocrx_word' id='word_1_365' title='bbox 3574 626 3637 665; x_wconf 76' lang='lat' dir='ltr'><strong>ea:</strong></span> <span class='ocrx_word' id='word_1_366' title='bbox 3679 609 3788 664; x_wconf 89' lang='lat' dir='ltr'><strong>Deo</strong></span> 
     </span>
    </p>
   </div>
   <div class='ocr_carea' id='block_1_50' title="bbox 2179 699 3790 767">
    <p class='ocr_par' dir='ltr' id='par_1_50' title="bbox 2179 699 3790 767">
     <span class='ocr_line' id='line_1_50' title="bbox 2179 699 3790 767; baseline 0.001 -14"><span class='ocrx_word' id='word_1_367' title='bbox 2179 701 2388 767; x_wconf 80' lang='lat' dir='ltr'><strong>prodii,</strong></span> <span class='ocrx_word' id='word_1_368' title='bbox 2445 707 2490 752; x_wconf 84' lang='lat' dir='ltr'><strong>et</strong></span> <span class='ocrx_word' id='word_1_369' title='bbox 2541 699 2693 762; x_wconf 85' lang='lat' dir='ltr'><strong>veni,</strong></span> <span class='ocrx_word' id='word_1_370' title='bbox 2748 712 2868 753; x_wconf 91' lang='lat' dir='ltr'><strong>cum</strong></span> <span class='ocrx_word' id='word_1_371' title='bbox 2935 708 3156 756; x_wconf 89' lang='lat' dir='ltr'><strong>.constet</strong></span> <span class='ocrx_word' id='word_1_372' title='bbox 3230 699 3502 756; x_wconf 92' lang='lat' dir='ltr'><strong>hominem</strong></span> <span class='ocrx_word' id='word_1_373' title='bbox 3568 716 3598 755; x_wconf 91' lang='lat' dir='ltr'><strong>a</strong></span> <span class='ocrx_word' id='word_1_374' title='bbox 3678 702 3790 756; x_wconf 87' lang='lat' dir='ltr'><strong>Deo</strong></span> 
     </span>
    </p>
   </div>
   <div class='ocr_carea' id='block_1_51' title="bbox 2176 792 3788 862">
    <p class='ocr_par' dir='ltr' id='par_1_51' title="bbox 2176 792 3788 862">
     <span class='ocr_line' id='line_1_51' title="bbox 2176 792 3788 862; baseline 0.001 -15"><span class='ocrx_word' id='word_1_375' title='bbox 2176 792 2374 848; x_wconf 78' lang='lat' dir='ltr'><strong>factum</strong></span> <span class='ocrx_word' id='word_1_376' title='bbox 2437 807 2589 857; x_wconf 92' lang='lat' dir='ltr'><strong>esse,</strong></span> <span class='ocrx_word' id='word_1_377' title='bbox 2646 807 2751 847; x_wconf 92' lang='lat' dir='ltr'><strong>non</strong></span> <span class='ocrx_word' id='word_1_378' title='bbox 2830 807 2897 848; x_wconf 82' lang='lat' dir='ltr'><strong>ex</strong></span> <span class='ocrx_word' id='word_1_379' title='bbox 2956 793 3067 848; x_wconf 87' lang='lat' dir='ltr'><strong>Deo</strong></span> <span class='ocrx_word' id='word_1_380' title='bbox 3131 795 3482 862; x_wconf 88' lang='lat' dir='ltr'><strong>processisse.</strong></span> <span class='ocrx_word' id='word_1_381' title='bbox 3544 794 3623 850; x_wconf 77' lang='lat' dir='ltr'><strong>Ex</strong></span> <span class='ocrx_word' id='word_1_382' title='bbox 3678 795 3788 850; x_wconf 88' lang='lat' dir='ltr'><strong>Deo</strong></span> 
     </span>
    </p>
   </div>
   <div class='ocr_carea' id='block_1_52' title="bbox 2176 884 3790 955">
    <p class='ocr_par' dir='ltr' id='par_1_52' title="bbox 2176 884 3790 955">
     <span class='ocr_line' id='line_1_52' title="bbox 2176 884 3790 955; baseline 0 -15"><span class='ocrx_word' id='word_1_383' title='bbox 2176 897 2358 942; x_wconf 89' lang='lat' dir='ltr'><strong>autem</strong></span> <span class='ocrx_word' id='word_1_384' title='bbox 2418 885 2585 940; x_wconf 91' lang='lat' dir='ltr'><strong>homo</strong></span> <span class='ocrx_word' id='word_1_385' title='bbox 2640 884 2913 955; x_wconf 90' lang='lat' dir='ltr'><strong>quomodo</strong></span> <span class='ocrx_word' id='word_1_386' title='bbox 2953 901 3059 940; x_wconf 89' lang='lat' dir='ltr'><strong>non</strong></span> <span class='ocrx_word' id='word_1_387' title='bbox 3106 888 3369 955; x_wconf 87' lang='lat' dir='ltr'><strong>processit</strong></span> <span class='ocrx_word' id='word_1_388' title='bbox 3395 888 3472 942; x_wconf 92' lang='lat' dir='ltr'><strong>sic</strong></span> <span class='ocrx_word' id='word_1_389' title='bbox 3518 887 3610 943; x_wconf 92' lang='lat' dir='ltr'><strong>Dei</strong></span> <span class='ocrx_word' id='word_1_390' title='bbox 3651 889 3790 942; x_wconf 75' lang='lat' dir='ltr'><strong>Ver-</strong></span> 
     </span>
    </p>
   </div>
   <div class='ocr_carea' id='block_1_53' title="bbox 2176 976 3791 1049">
    <p class='ocr_par' dir='ltr' id='par_1_53' title="bbox 2176 976 3791 1049">
     <span class='ocr_line' id='line_1_53' title="bbox 2176 976 3791 1049; baseline 0 -16"><span class='ocrx_word' id='word_1_391' title='bbox 2176 978 2301 1033; x_wconf 86' lang='lat' dir='ltr'><strong>bum</strong></span> <span class='ocrx_word' id='word_1_392' title='bbox 2354 977 2635 1047; x_wconf 87' lang='lat' dir='ltr'><strong>processit.</strong></span> <span class='ocrx_word' id='word_1_393' title='bbox 2672 996 2689 1028; x_wconf 78' lang='grc'><strong>»</strong></span> <span class='ocrx_word' id='word_1_394' title='bbox 2727 976 2846 1031; x_wconf 83' lang='lat' dir='ltr'><strong>Mox</strong></span> <span class='ocrx_word' id='word_1_395' title='bbox 2901 977 3091 1031; x_wconf 87' lang='lat' dir='ltr'><strong>addit:</strong></span> <span class='ocrx_word' id='word_1_396' title='bbox 3132 997 3149 1027; x_wconf 86' lang='grc'><strong>‹</strong></span> <span class='ocrx_word' id='word_1_397' title='bbox 3180 978 3320 1032; x_wconf 91' lang='lat' dir='ltr'><strong>Deus</strong></span> <span class='ocrx_word' id='word_1_398' title='bbox 3359 993 3489 1049; x_wconf 86' lang='lat' dir='ltr'><strong>ergo</strong></span> <span class='ocrx_word' id='word_1_399' title='bbox 3526 982 3791 1049; x_wconf 82' lang='lat' dir='ltr'><strong>processit</strong></span> 
     </span>
    </p>
   </div>
   <div class='ocr_carea' id='block_1_54' title="bbox 2175 1072 3793 1145">
    <p class='ocr_par' dir='ltr' id='par_1_54' title="bbox 2175 1072 3793 1145">
     <span class='ocr_line' id='line_1_54' title="bbox 2175 1072 3793 1145; baseline 0.002 -18"><span class='ocrx_word' id='word_1_400' title='bbox 2175 1088 2239 1127; x_wconf 84' lang='lat' dir='ltr'><strong>ex</strong></span> <span class='ocrx_word' id='word_1_401' title='bbox 2277 1073 2405 1137; x_wconf 89' lang='lat' dir='ltr'><strong>Deo,</strong></span> <span class='ocrx_word' id='word_1_402' title='bbox 2450 1072 2577 1126; x_wconf 89' lang='lat' dir='ltr'><strong>dum</strong></span> <span class='ocrx_word' id='word_1_403' title='bbox 2628 1072 2717 1142; x_wconf 89' lang='lat' dir='ltr'><strong>qui</strong></span> <span class='ocrx_word' id='word_1_404' title='bbox 2766 1072 3030 1141; x_wconf 89' lang='lat' dir='ltr'><strong>processit</strong></span> <span class='ocrx_word' id='word_1_405' title='bbox 3060 1072 3287 1140; x_wconf 90' lang='lat' dir='ltr'><strong>Sermo,</strong></span> <span class='ocrx_word' id='word_1_406' title='bbox 3327 1074 3471 1130; x_wconf 88' lang='lat' dir='ltr'><strong>Deus</strong></span> <span class='ocrx_word' id='word_1_407' title='bbox 3510 1084 3595 1131; x_wconf 88' lang='lat' dir='ltr'><strong>est</strong></span> <span class='ocrx_word' id='word_1_408' title='bbox 3622 1118 3637 1143; x_wconf 91' lang='lat'><strong>,</strong></span> <span class='ocrx_word' id='word_1_409' title='bbox 3695 1077 3793 1145; x_wconf 85' lang='lat' dir='ltr'><strong>qui</strong></span> 
     </span>
    </p>
   </div>
   <div class='ocr_carea' id='block_1_55' title="bbox 2178 1165 2787 1233">
    <p class='ocr_par' dir='ltr' id='par_1_55' title="bbox 2178 1165 2787 1233">
     <span class='ocr_line' id='line_1_55' title="bbox 2178 1165 2787 1233; baseline -0.005 -13"><span class='ocrx_word' id='word_1_410' title='bbox 2178 1166 2440 1233; x_wconf 88' lang='lat' dir='ltr'><strong>processit</strong></span> <span class='ocrx_word' id='word_1_411' title='bbox 2482 1182 2547 1219; x_wconf 74' lang='lat' dir='ltr'><strong>ex</strong></span> <span class='ocrx_word' id='word_1_412' title='bbox 2597 1165 2727 1220; x_wconf 90' lang='lat' dir='ltr'><strong>Deo.</strong></span> <span class='ocrx_word' id='word_1_413' title='bbox 2770 1185 2787 1217; x_wconf 75' lang='grc' dir='ltr'><strong><em>ι</em></strong></span> 
     </span>
    </p>
   </div>
   <div class='ocr_carea' id='block_1_56' title="bbox 2253 1256 3789 1330">
    <p class='ocr_par' dir='ltr' id='par_1_56' title="bbox 2253 1256 3789 1330">
     <span class='ocr_line' id='line_1_56' title="bbox 2253 1256 3789 1330; baseline 0.003 -19"><span class='ocrx_word' id='word_1_414' title='bbox 2253 1258 2335 1311; x_wconf 89' lang='lat' dir='ltr'><strong>lll.</strong></span> <span class='ocrx_word' id='word_1_415' title='bbox 2360 1257 2496 1325; x_wconf 83' lang='lat' dir='ltr'><strong>Quid</strong></span> <span class='ocrx_word' id='word_1_416' title='bbox 2522 1256 2637 1313; x_wconf 82' lang='lat' dir='ltr'><strong>fere</strong></span> <span class='ocrx_word' id='word_1_417' title='bbox 2657 1257 2708 1312; x_wconf 94' lang='lat' dir='ltr'><strong>in</strong></span> <span class='ocrx_word' id='word_1_418' title='bbox 2736 1258 2851 1327; x_wconf 92' lang='lat' dir='ltr'><strong>ipso</strong></span> <span class='ocrx_word' id='word_1_419' title='bbox 2866 1256 3084 1313; x_wconf 84' lang='lat' dir='ltr'><strong>Nicaeno</strong></span> <span class='ocrx_word' id='word_1_420' title='bbox 3104 1258 3364 1330; x_wconf 80' lang='lat' dir='ltr'><strong>Symbolo</strong></span> <span class='ocrx_word' id='word_1_421' title='bbox 3385 1268 3572 1314; x_wconf 90' lang='lat' dir='ltr'><strong>contra</strong></span> <span class='ocrx_word' id='word_1_422' title='bbox 3598 1260 3789 1315; x_wconf 86' lang='lat' dir='ltr'><strong>Arium</strong></span> 
     </span>
    </p>
   </div>
   <div class='ocr_carea' id='block_1_57' title="bbox 2178 1350 3787 1420">
    <p class='ocr_par' dir='ltr' id='par_1_57' title="bbox 2178 1350 3787 1420">
     <span class='ocr_line' id='line_1_57' title="bbox 2178 1350 3787 1420; baseline 0.001 -15"><span class='ocrx_word' id='word_1_423' title='bbox 2178 1350 2486 1420; x_wconf 82' lang='lat' dir='ltr'><strong>expressius</strong></span> <span class='ocrx_word' id='word_1_424' title='bbox 2515 1350 2755 1405; x_wconf 90' lang='lat' dir='ltr'><strong>dicitur?</strong></span> <span class='ocrx_word' id='word_1_425' title='bbox 2793 1350 2927 1405; x_wconf 88' lang='lat' dir='ltr'><strong>Nam</strong></span> <span class='ocrx_word' id='word_1_426' title='bbox 2976 1350 3090 1405; x_wconf 64' lang='lat' dir='ltr'><strong>haec</strong></span> <span class='ocrx_word' id='word_1_427' title='bbox 3141 1352 3249 1407; x_wconf 90' lang='lat' dir='ltr'><strong>duo</strong></span> <span class='ocrx_word' id='word_1_428' title='bbox 3274 1394 3288 1417; x_wconf 94' lang='lat'><strong>,</strong></span> <span class='ocrx_word' id='word_1_429' title='bbox 3330 1372 3346 1403; x_wconf 88' lang='grc'><em>‹</em></span> <span class='ocrx_word' id='word_1_430' title='bbox 3382 1368 3409 1406; x_wconf 93' lang='lat' dir='ltr'><strong>a</strong></span> <span class='ocrx_word' id='word_1_431' title='bbox 3447 1352 3557 1408; x_wconf 91' lang='lat' dir='ltr'><strong>Deo</strong></span> <span class='ocrx_word' id='word_1_432' title='bbox 3588 1353 3787 1407; x_wconf 81' lang='lat' dir='ltr'><strong>factum</strong></span> 
     </span>
    </p>
   </div>
   <div class='ocr_carea' id='block_1_58' title="bbox 2177 1441 3787 1511">
    <p class='ocr_par' dir='ltr' id='par_1_58' title="bbox 2177 1441 3787 1511">
     <span class='ocr_line' id='line_1_58' title="bbox 2177 1441 3787 1511; baseline 0 -14"><span class='ocrx_word' id='word_1_433' title='bbox 2177 1457 2333 1506; x_wconf 88' lang='lat' dir='ltr'><strong>esse,</strong></span> <span class='ocrx_word' id='word_1_434' title='bbox 2387 1450 2533 1496; x_wconf 80' lang='lat' dir='ltr'><strong>etex</strong></span> <span class='ocrx_word' id='word_1_435' title='bbox 2597 1441 2708 1497; x_wconf 90' lang='lat' dir='ltr'><strong>Deo</strong></span> <span class='ocrx_word' id='word_1_436' title='bbox 2752 1442 3085 1511; x_wconf 89' lang='lat' dir='ltr'><strong>procedere,</strong></span> <span class='ocrx_word' id='word_1_437' title='bbox 3129 1462 3146 1495; x_wconf 74' lang='grc' dir='ltr'><strong><em>ι</em></strong></span> <span class='ocrx_word' id='word_1_438' title='bbox 3198 1442 3530 1498; x_wconf 84' lang='lat' dir='ltr'><strong>Novatianus</strong></span> <span class='ocrx_word' id='word_1_439' title='bbox 3584 1443 3787 1500; x_wconf 84' lang='lat' dir='ltr'><strong>diserte</strong></span> 
     </span>
    </p>
   </div>
   <div class='ocr_carea' id='block_1_59' title="bbox 2178 1537 3786 1607">
    <p class='ocr_par' dir='ltr' id='par_1_59' title="bbox 2178 1537 3786 1607">
     <span class='ocr_line' id='line_1_59' title="bbox 2178 1537 3786 1607; baseline 0.002 -15"><span class='ocrx_word' id='word_1_440' title='bbox 2178 1538 2405 1607; x_wconf 81' lang='lat' dir='ltr'><strong>Opponit</strong></span> <span class='ocrx_word' id='word_1_441' title='bbox 2443 1557 2456 1591; x_wconf 89' lang='lat'><strong>:</strong></span> <span class='ocrx_word' id='word_1_442' title='bbox 2488 1548 2544 1593; x_wconf 90' lang='lat' dir='ltr'><strong>et</strong></span> <span class='ocrx_word' id='word_1_443' title='bbox 2593 1537 2867 1594; x_wconf 88' lang='lat' dir='ltr'><strong>Christum</strong></span> <span class='ocrx_word' id='word_1_444' title='bbox 2925 1540 2976 1593; x_wconf 87' lang='lat' dir='ltr'><strong>in</strong></span> <span class='ocrx_word' id='word_1_445' title='bbox 3025 1540 3396 1595; x_wconf 80' lang='lat' dir='ltr'><strong>excellentiori</strong></span> <span class='ocrx_word' id='word_1_446' title='bbox 3453 1556 3548 1595; x_wconf 90' lang='lat' dir='ltr'><strong>sua</strong></span> <span class='ocrx_word' id='word_1_447' title='bbox 3592 1552 3786 1595; x_wconf 84' lang='lat' dir='ltr'><strong>natura</strong></span> 
     </span>
    </p>
   </div>
   <div class='ocr_carea' id='block_1_60' title="bbox 2184 1628 3779 1702">
    <p class='ocr_par' dir='ltr' id='par_1_60' title="bbox 2184 1628 3779 1702">
     <span class='ocr_line' id='line_1_60' title="bbox 2184 1628 3779 1702; baseline 0.003 -19"><span class='ocrx_word' id='word_1_448' title='bbox 2184 1645 2287 1683; x_wconf 93' lang='lat' dir='ltr'><strong>non</strong></span> <span class='ocrx_word' id='word_1_449' title='bbox 2336 1628 2535 1683; x_wconf 79' lang='lat' dir='ltr'><strong>factum</strong></span> <span class='ocrx_word' id='word_1_450' title='bbox 2584 1629 2697 1683; x_wconf 74' lang='lat' dir='ltr'><strong>sive</strong></span> <span class='ocrx_word' id='word_1_451' title='bbox 2726 1629 2944 1683; x_wconf 91' lang='lat' dir='ltr'><strong>minime</strong></span> <span class='ocrx_word' id='word_1_452' title='bbox 2965 1641 3206 1685; x_wconf 89' lang='lat' dir='ltr'><strong>creatum</strong></span> <span class='ocrx_word' id='word_1_453' title='bbox 3248 1646 3401 1697; x_wconf 89' lang='lat' dir='ltr'><strong>esse,</strong></span> <span class='ocrx_word' id='word_1_454' title='bbox 3439 1631 3536 1687; x_wconf 90' lang='lat' dir='ltr'><strong>sed</strong></span> <span class='ocrx_word' id='word_1_455' title='bbox 3563 1648 3631 1687; x_wconf 81' lang='lat' dir='ltr'><strong>ex</strong></span> <span class='ocrx_word' id='word_1_456' title='bbox 3658 1634 3779 1702; x_wconf 86' lang='lat' dir='ltr'><strong>ipso</strong></span> 
     </span>
    </p>
   </div>
   <div class='ocr_carea' id='block_1_61' title="bbox 2183 1720 3780 1790">
    <p class='ocr_par' dir='ltr' id='par_1_61' title="bbox 2183 1720 3780 1790">
     <span class='ocr_line' id='line_1_61' title="bbox 2183 1720 3780 1790; baseline 0.003 -16"><span class='ocrx_word' id='word_1_457' title='bbox 2183 1720 2295 1775; x_wconf 91' lang='lat' dir='ltr'><strong>Deo</strong></span> <span class='ocrx_word' id='word_1_458' title='bbox 2335 1722 2664 1789; x_wconf 90' lang='lat' dir='ltr'><strong>processisse</strong></span> <span class='ocrx_word' id='word_1_459' title='bbox 2688 1762 2703 1787; x_wconf 93' lang='lat'><strong>,</strong></span> <span class='ocrx_word' id='word_1_460' title='bbox 2737 1720 2963 1790; x_wconf 89' lang='lat' dir='ltr'><strong>proinde</strong></span> <span class='ocrx_word' id='word_1_461' title='bbox 2996 1722 3161 1777; x_wconf 90' lang='lat' dir='ltr'><strong>Deum</strong></span> <span class='ocrx_word' id='word_1_462' title='bbox 3207 1738 3273 1777; x_wconf 86' lang='lat' dir='ltr'><strong>ex</strong></span> <span class='ocrx_word' id='word_1_463' title='bbox 3324 1724 3432 1779; x_wconf 89' lang='lat' dir='ltr'><strong>Deo</strong></span> <span class='ocrx_word' id='word_1_464' title='bbox 3462 1740 3604 1789; x_wconf 89' lang='lat' dir='ltr'><strong>esse,</strong></span> <span class='ocrx_word' id='word_1_465' title='bbox 3637 1725 3780 1779; x_wconf 87' lang='lat' dir='ltr'><strong>haud</strong></span> 
     </span>
    </p>
   </div>
   <div class='ocr_carea' id='block_1_62' title="bbox 2928 1814 3783 1887">
    <p class='ocr_par' dir='ltr' id='par_1_62' title="bbox 2928 1814 3783 1887">
     <span class='ocr_line' id='line_1_62' title="bbox 2928 1814 3783 1887; baseline 0.009 -20"><span class='ocrx_word' id='word_1_466' title='bbox 2928 1814 3071 1870; x_wconf 85' lang='lat' dir='ltr'><strong>Idem</strong></span> <span class='ocrx_word' id='word_1_467' title='bbox 3108 1817 3263 1885; x_wconf 91' lang='lat' dir='ltr'><strong>paulo</strong></span> <span class='ocrx_word' id='word_1_468' title='bbox 3314 1828 3435 1887; x_wconf 82' lang='lat' dir='ltr'><strong>pOsl.</strong></span> <span class='ocrx_word' id='word_1_469' title='bbox 3489 1819 3542 1872; x_wconf 91' lang='lat' dir='ltr'><strong>in</strong></span> <span class='ocrx_word' id='word_1_470' title='bbox 3588 1818 3783 1875; x_wconf 78' lang='lat' dir='ltr'><strong>eodem</strong></span> 
     </span>
    </p>
   </div>
   <div class='ocr_carea' id='block_1_63' title="bbox 2180 1909 3775 1981">
    <p class='ocr_par' dir='ltr' id='par_1_63' title="bbox 2180 1909 3775 1981">
     <span class='ocr_line' id='line_1_63' title="bbox 2180 1909 3775 1981; baseline 0.001 -17"><span class='ocrx_word' id='word_1_471' title='bbox 2180 1910 2394 1978; x_wconf 88' lang='lat' dir='ltr'><strong>capite:</strong></span> <span class='ocrx_word' id='word_1_472' title='bbox 2435 1927 2452 1959; x_wconf 89' lang='grc'><em>‹</em></span> <span class='ocrx_word' id='word_1_473' title='bbox 2493 1909 2572 1973; x_wconf 89' lang='lat' dir='ltr'><strong>Si,</strong></span> <span class='ocrx_word' id='word_1_474' title='bbox 2606 1910 2798 1981; x_wconf 90' lang='lat' dir='ltr'><strong>inquit,</strong></span> <span class='ocrx_word' id='word_1_475' title='bbox 2852 1910 3016 1965; x_wconf 89' lang='lat' dir='ltr'><strong>homo</strong></span> <span class='ocrx_word' id='word_1_476' title='bbox 3067 1911 3438 1968; x_wconf 87' lang='lat' dir='ltr'><strong>tantummodo</strong></span> <span class='ocrx_word' id='word_1_477' title='bbox 3488 1912 3734 1968; x_wconf 89' lang='lat' dir='ltr'><strong>Christus</strong></span> <span class='ocrx_word' id='word_1_478' title='bbox 3760 1956 3775 1977; x_wconf 92' lang='lat'><strong>,</strong></span> 
     </span>
    </p>
   </div>
   <div class='ocr_carea' id='block_1_64' title="bbox 2178 2002 3782 2079">
    <p class='ocr_par' dir='ltr' id='par_1_64' title="bbox 2178 2002 3782 2079">
     <span class='ocr_line' id='line_1_64' title="bbox 2178 2002 3782 2079; baseline 0.004 -24"><span class='ocrx_word' id='word_1_479' title='bbox 2178 2002 2304 2072; x_wconf 89' lang='lat' dir='ltr'><strong>quid</strong></span> <span class='ocrx_word' id='word_1_480' title='bbox 2357 2012 2469 2066; x_wconf 89' lang='lat' dir='ltr'><strong>est,</strong></span> <span class='ocrx_word' id='word_1_481' title='bbox 2515 2003 2657 2073; x_wconf 90' lang='lat' dir='ltr'><strong>quod</strong></span> <span class='ocrx_word' id='word_1_482' title='bbox 2696 2006 2811 2079; x_wconf 85' lang='lat' dir='ltr'><strong>ait_:</strong></span> <span class='ocrx_word' id='word_1_483' title='bbox 2900 2002 3011 2075; x_wconf 88' lang='lat' dir='ltr'><strong>Ego</strong></span> <span class='ocrx_word' id='word_1_484' title='bbox 3059 2016 3103 2059; x_wconf 86' lang='lat' dir='ltr'><strong>et</strong></span> <span class='ocrx_word' id='word_1_485' title='bbox 3157 2005 3317 2061; x_wconf 87' lang='lat' dir='ltr'><strong>Pater</strong></span> <span class='ocrx_word' id='word_1_486' title='bbox 3356 2024 3511 2061; x_wconf 86' lang='lat' dir='ltr'><strong>unum</strong></span> <span class='ocrx_word' id='word_1_487' title='bbox 3562 2011 3782 2061; x_wconf 77' lang='lat' dir='ltr'><strong>sumus?</strong></span> 
     </span>
    </p>
   </div>
   <div class='ocr_carea' id='block_1_65' title="bbox 2174 2094 3776 2167">
    <p class='ocr_par' dir='ltr' id='par_1_65' title="bbox 2174 2094 3776 2167">
     <span class='ocr_line' id='line_1_65' title="bbox 2174 2094 3776 2167; baseline 0.004 -20"><span class='ocrx_word' id='word_1_488' title='bbox 2174 2094 2457 2162; x_wconf 87' lang='lat' dir='ltr'><strong>Quomodo</strong></span> <span class='ocrx_word' id='word_1_489' title='bbox 2487 2096 2629 2150; x_wconf 89' lang='lat' dir='ltr'><strong>enim</strong></span> <span class='ocrx_word' id='word_1_490' title='bbox 2671 2111 2771 2167; x_wconf 91' lang='lat' dir='ltr'><strong>ego</strong></span> <span class='ocrx_word' id='word_1_491' title='bbox 2816 2106 2871 2151; x_wconf 88' lang='lat' dir='ltr'><strong>et</strong></span> <span class='ocrx_word' id='word_1_492' title='bbox 2920 2097 3076 2152; x_wconf 89' lang='lat' dir='ltr'><strong>Pater</strong></span> <span class='ocrx_word' id='word_1_493' title='bbox 3128 2114 3291 2153; x_wconf 91' lang='lat' dir='ltr'><strong>unum</strong></span> <span class='ocrx_word' id='word_1_494' title='bbox 3336 2114 3544 2167; x_wconf 90' lang='lat' dir='ltr'><strong>sumus,</strong></span> <span class='ocrx_word' id='word_1_495' title='bbox 3591 2100 3636 2155; x_wconf 92' lang='lat' dir='ltr'><strong>si</strong></span> <span class='ocrx_word' id='word_1_496' title='bbox 3668 2116 3776 2155; x_wconf 90' lang='lat' dir='ltr'><strong>non</strong></span> 
     </span>
    </p>
   </div>
   <div class='ocr_carea' id='block_1_66' title="bbox 2176 2188 3778 2262">
    <p class='ocr_par' dir='ltr' id='par_1_66' title="bbox 2176 2188 3778 2262">
     <span class='ocr_line' id='line_1_66' title="bbox 2176 2188 3778 2262; baseline 0.001 -19"><span class='ocrx_word' id='word_1_497' title='bbox 2176 2201 2229 2243; x_wconf 86' lang='lat' dir='ltr'><strong>et</strong></span> <span class='ocrx_word' id='word_1_498' title='bbox 2278 2189 2417 2243; x_wconf 91' lang='lat' dir='ltr'><strong>Dens</strong></span> <span class='ocrx_word' id='word_1_499' title='bbox 2465 2198 2547 2243; x_wconf 88' lang='lat' dir='ltr'><strong>est</strong></span> <span class='ocrx_word' id='word_1_500' title='bbox 2577 2198 2629 2243; x_wconf 90' lang='lat' dir='ltr'><strong>et</strong></span> <span class='ocrx_word' id='word_1_501' title='bbox 2659 2188 2860 2253; x_wconf 89' lang='lat' dir='ltr'><strong>Filius,</strong></span> <span class='ocrx_word' id='word_1_502' title='bbox 2894 2190 2984 2257; x_wconf 89' lang='lat' dir='ltr'><strong>qui</strong></span> <span class='ocrx_word' id='word_1_503' title='bbox 3018 2190 3218 2246; x_wconf 90' lang='lat' dir='ltr'><strong>idcirco</strong></span> <span class='ocrx_word' id='word_1_504' title='bbox 3250 2207 3415 2245; x_wconf 91' lang='lat' dir='ltr'><strong>unum</strong></span> <span class='ocrx_word' id='word_1_505' title='bbox 3448 2200 3627 2262; x_wconf 88' lang='lat' dir='ltr'><strong>potest</strong></span> <span class='ocrx_word' id='word_1_506' title='bbox 3653 2192 3778 2258; x_wconf 90' lang='lat' dir='ltr'><strong>diei,</strong></span> 
     </span>
    </p>
   </div>
   <div class='ocr_carea' id='block_1_67' title="bbox 2175 2279 3788 2351">
    <p class='ocr_par' dir='ltr' id='par_1_67' title="bbox 2175 2279 3788 2351">
     <span class='ocr_line' id='line_1_67' title="bbox 2175 2279 3788 2351; baseline 0.003 -17"><span class='ocrx_word' id='word_1_507' title='bbox 2175 2279 2303 2334; x_wconf 89' lang='lat' dir='ltr'><strong>dum</strong></span> <span class='ocrx_word' id='word_1_508' title='bbox 2344 2296 2410 2336; x_wconf 84' lang='lat' dir='ltr'><strong>ex</strong></span> <span class='ocrx_word' id='word_1_509' title='bbox 2454 2281 2570 2351; x_wconf 91' lang='lat' dir='ltr'><strong>ipso</strong></span> <span class='ocrx_word' id='word_1_510' title='bbox 2601 2290 2703 2347; x_wconf 79' lang='lat' dir='ltr'><strong>est,</strong></span> <span class='ocrx_word' id='word_1_511' title='bbox 2751 2292 2805 2337; x_wconf 90' lang='lat' dir='ltr'><strong>et</strong></span> <span class='ocrx_word' id='word_1_512' title='bbox 2833 2282 2959 2337; x_wconf 91' lang='lat' dir='ltr'><strong>dum</strong></span> <span class='ocrx_word' id='word_1_513' title='bbox 3003 2281 3172 2338; x_wconf 88' lang='lat' dir='ltr'><strong>Filius</strong></span> <span class='ocrx_word' id='word_1_514' title='bbox 3199 2284 3317 2351; x_wconf 92' lang='lat' dir='ltr'><strong>ejus</strong></span> <span class='ocrx_word' id='word_1_515' title='bbox 3382 2292 3501 2349; x_wconf 91' lang='lat' dir='ltr'><strong>est,</strong></span> <span class='ocrx_word' id='word_1_516' title='bbox 3548 2293 3602 2339; x_wconf 90' lang='lat' dir='ltr'><strong>et</strong></span> <span class='ocrx_word' id='word_1_517' title='bbox 3653 2283 3788 2339; x_wconf 88' lang='lat' dir='ltr'><strong>dum</strong></span> 
     </span>
    </p>
   </div>
   <div class='ocr_carea' id='block_1_68' title="bbox 2175 2375 3775 2450">
    <p class='ocr_par' dir='ltr' id='par_1_68' title="bbox 2175 2375 3775 2450">
     <span class='ocr_line' id='line_1_68' title="bbox 2175 2375 3775 2450; baseline 0.002 -20"><span class='ocrx_word' id='word_1_518' title='bbox 2175 2391 2240 2430; x_wconf 79' lang='lat' dir='ltr'><strong>ex</strong></span> <span class='ocrx_word' id='word_1_519' title='bbox 2290 2375 2407 2445; x_wconf 89' lang='lat' dir='ltr'><strong>ipso</strong></span> <span class='ocrx_word' id='word_1_520' title='bbox 2438 2376 2699 2441; x_wconf 86' lang='lat' dir='ltr'><strong>nascitur,</strong></span> <span class='ocrx_word' id='word_1_521' title='bbox 2734 2386 2788 2431; x_wconf 90' lang='lat' dir='ltr'><strong>et</strong></span> <span class='ocrx_word' id='word_1_522' title='bbox 2832 2376 2960 2430; x_wconf 87' lang='lat' dir='ltr'><strong>dum</strong></span> <span class='ocrx_word' id='word_1_523' title='bbox 3004 2392 3069 2432; x_wconf 76' lang='lat' dir='ltr'><strong>ex</strong></span> <span class='ocrx_word' id='word_1_524' title='bbox 3118 2379 3234 2447; x_wconf 87' lang='lat' dir='ltr'><strong>ipso</strong></span> <span class='ocrx_word' id='word_1_525' title='bbox 3263 2380 3593 2447; x_wconf 87' lang='lat' dir='ltr'><strong>processisse</strong></span> <span class='ocrx_word' id='word_1_526' title='bbox 3623 2394 3775 2450; x_wconf 84' lang='lat' dir='ltr'><strong>repe—</strong></span> 
     </span>
    </p>
   </div>
   <div class='ocr_carea' id='block_1_69' title="bbox 2174 2468 3774 2542">
    <p class='ocr_par' dir='ltr' id='par_1_69' title="bbox 2174 2468 3774 2542">
     <span class='ocr_line' id='line_1_69' title="bbox 2174 2468 3774 2542; baseline 0.003 -20"><span class='ocrx_word' id='word_1_527' title='bbox 2174 2468 2309 2522; x_wconf 88' lang='lat' dir='ltr'><strong>ritur</strong></span> <span class='ocrx_word' id='word_1_528' title='bbox 2332 2510 2347 2534; x_wconf 92' lang='lat'><strong>,</strong></span> <span class='ocrx_word' id='word_1_529' title='bbox 2405 2485 2499 2538; x_wconf 85' lang='lat' dir='ltr'><strong>per</strong></span> <span class='ocrx_word' id='word_1_530' title='bbox 2532 2468 2674 2538; x_wconf 92' lang='lat' dir='ltr'><strong>quod</strong></span> <span class='ocrx_word' id='word_1_531' title='bbox 2718 2479 2770 2523; x_wconf 91' lang='lat' dir='ltr'><strong>et</strong></span> <span class='ocrx_word' id='word_1_532' title='bbox 2830 2470 2975 2525; x_wconf 90' lang='lat' dir='ltr'><strong>Deus</strong></span> <span class='ocrx_word' id='word_1_533' title='bbox 3010 2480 3112 2525; x_wconf 84' lang='lat' dir='ltr'><strong>est.</strong></span> <span class='ocrx_word' id='word_1_534' title='bbox 3155 2490 3173 2521; x_wconf 72' lang='grc' dir='ltr'><strong><em>ι</em></strong></span> <span class='ocrx_word' id='word_1_535' title='bbox 3211 2470 3286 2525; x_wconf 79' lang='lat' dir='ltr'><strong>Ex</strong></span> <span class='ocrx_word' id='word_1_536' title='bbox 3318 2486 3425 2542; x_wconf 92' lang='lat' dir='ltr'><strong>quo</strong></span> <span class='ocrx_word' id='word_1_537' title='bbox 3460 2472 3579 2528; x_wconf 93' lang='lat' dir='ltr'><strong>loco</strong></span> <span class='ocrx_word' id='word_1_538' title='bbox 3626 2471 3774 2527; x_wconf 88' lang='lat' dir='ltr'><strong>clare</strong></span> 
     </span>
    </p>
   </div>
   <div class='ocr_carea' id='block_1_70' title="bbox 2173 2557 3772 2629">
    <p class='ocr_par' dir='ltr' id='par_1_70' title="bbox 2173 2557 3772 2629">
     <span class='ocr_line' id='line_1_70' title="bbox 2173 2557 3772 2629; baseline 0.003 -16"><span class='ocrx_word' id='word_1_539' title='bbox 2173 2557 2437 2613; x_wconf 80' lang='lat' dir='ltr'><strong>refellitur</strong></span> <span class='ocrx_word' id='word_1_540' title='bbox 2480 2559 2679 2615; x_wconf 86' lang='lat' dir='ltr'><strong>Petavii</strong></span> <span class='ocrx_word' id='word_1_541' title='bbox 2713 2560 2979 2614; x_wconf 90' lang='lat' dir='ltr'><strong>calumnia</strong></span> <span class='ocrx_word' id='word_1_542' title='bbox 3025 2561 3076 2614; x_wconf 92' lang='lat' dir='ltr'><strong>in</strong></span> <span class='ocrx_word' id='word_1_543' title='bbox 3130 2561 3288 2629; x_wconf 88' lang='lat' dir='ltr'><strong>hujus</strong></span> <span class='ocrx_word' id='word_1_544' title='bbox 3311 2562 3431 2618; x_wconf 93' lang='lat' dir='ltr'><strong>libri</strong></span> <span class='ocrx_word' id='word_1_545' title='bbox 3464 2565 3772 2625; x_wconf 76' lang='lat' dir='ltr'><strong>Auctorem,</strong></span> 
     </span>
    </p>
   </div>
   <div class='ocr_carea' id='block_1_71' title="bbox 2173 2651 3778 2728">
    <p class='ocr_par' dir='ltr' id='par_1_71' title="bbox 2173 2651 3778 2728">
     <span class='ocr_line' id='line_1_71' title="bbox 2173 2651 3778 2728; baseline 0.002 -22"><span class='ocrx_word' id='word_1_546' title='bbox 2173 2651 2300 2706; x_wconf 90' lang='lat' dir='ltr'><strong>dum</strong></span> <span class='ocrx_word' id='word_1_547' title='bbox 2339 2653 2443 2715; x_wconf 90' lang='lat' dir='ltr'><strong>ait,</strong></span> <span class='ocrx_word' id='word_1_548' title='bbox 2503 2652 2675 2722; x_wconf 86' lang='lat' dir='ltr'><strong>ipsum</strong></span> <span class='ocrx_word' id='word_1_549' title='bbox 2714 2671 2731 2703; x_wconf 73' lang='grc' dir='ltr'>ς</span> <span class='ocrx_word' id='word_1_550' title='bbox 2788 2652 2955 2707; x_wconf 89' lang='lat' dir='ltr'><strong>verba</strong></span> <span class='ocrx_word' id='word_1_551' title='bbox 2989 2652 3077 2707; x_wconf 91' lang='lat' dir='ltr'><strong>illa</strong></span> <span class='ocrx_word' id='word_1_552' title='bbox 3107 2652 3334 2709; x_wconf 84' lang='lat' dir='ltr'><strong>Joannis</strong></span> <span class='ocrx_word' id='word_1_553' title='bbox 3380 2654 3624 2723; x_wconf 91' lang='lat' dir='ltr'><strong>decimo,</strong></span> <span class='ocrx_word' id='word_1_554' title='bbox 3668 2656 3778 2728; x_wconf 85' lang='lat' dir='ltr'><strong>Ego</strong></span> 
     </span>
    </p>
   </div>
   <div class='ocr_carea' id='block_1_72' title="bbox 2171 2744 3779 2817">
    <p class='ocr_par' dir='ltr' id='par_1_72' title="bbox 2171 2744 3779 2817">
     <span class='ocr_line' id='line_1_72' title="bbox 2171 2744 3779 2817; baseline 0.002 -19"><span class='ocrx_word' id='word_1_555' title='bbox 2171 2756 2217 2799; x_wconf 85' lang='lat' dir='ltr'><strong>et</strong></span> <span class='ocrx_word' id='word_1_556' title='bbox 2273 2744 2429 2799; x_wconf 84' lang='lat' dir='ltr'><strong>Pater</strong></span> <span class='ocrx_word' id='word_1_557' title='bbox 2474 2763 2637 2799; x_wconf 86' lang='lat' dir='ltr'><strong>unum</strong></span> <span class='ocrx_word' id='word_1_558' title='bbox 2688 2762 2901 2813; x_wconf 76' lang='lat' dir='ltr'><strong>sumus,</strong></span> <span class='ocrx_word' id='word_1_559' title='bbox 2945 2746 3144 2802; x_wconf 85' lang='lat' dir='ltr'><strong>Ariano</strong></span> <span class='ocrx_word' id='word_1_560' title='bbox 3202 2764 3336 2817; x_wconf 91' lang='lat' dir='ltr'><strong>pene</strong></span> <span class='ocrx_word' id='word_1_561' title='bbox 3394 2766 3547 2805; x_wconf 88' lang='lat' dir='ltr'><strong>more</strong></span> <span class='ocrx_word' id='word_1_562' title='bbox 3594 2750 3779 2807; x_wconf 69' lang='lat' dir='ltr'><strong>decla.</strong></span> 
     </span>
    </p>
   </div>
   <div class='ocr_carea' id='block_1_73' title="bbox 2170 2840 3773 2906">
    <p class='ocr_par' dir='ltr' id='par_1_73' title="bbox 2170 2840 3773 2906">
     <span class='ocr_line' id='line_1_73' title="bbox 2170 2840 3773 2906; baseline 0.004 -12"><span class='ocrx_word' id='word_1_563' title='bbox 2170 2854 2360 2906; x_wconf 90' lang='lat' dir='ltr'><strong>rasse;</strong></span> <span class='ocrx_word' id='word_1_564' title='bbox 2406 2860 2423 2891; x_wconf 80' lang='grc' dir='ltr'><strong><em>ι</em></strong></span> <span class='ocrx_word' id='word_1_565' title='bbox 2478 2840 2543 2895; x_wconf 91' lang='lat' dir='ltr'><strong>ad</strong></span> <span class='ocrx_word' id='word_1_566' title='bbox 2598 2842 2735 2896; x_wconf 91' lang='lat' dir='ltr'><strong>hanc</strong></span> <span class='ocrx_word' id='word_1_567' title='bbox 2790 2858 3071 2897; x_wconf 90' lang='lat' dir='ltr'><strong>censuram</strong></span> <span class='ocrx_word' id='word_1_568' title='bbox 3124 2842 3547 2899; x_wconf 88' lang='lat' dir='ltr'><strong>conﬁrmandam</strong></span> <span class='ocrx_word' id='word_1_569' title='bbox 3601 2846 3773 2900; x_wconf 89' lang='lat' dir='ltr'><strong>citans</strong></span> 
     </span>
    </p>
   </div>
   <div class='ocr_carea' id='block_1_74' title="bbox 2170 2932 3775 3006">
    <p class='ocr_par' dir='ltr' id='par_1_74' title="bbox 2170 2932 3775 3006">
     <span class='ocr_line' id='line_1_74' title="bbox 2170 2932 3775 3006; baseline 0.001 -19"><span class='ocrx_word' id='word_1_570' title='bbox 2170 2935 2266 2988; x_wconf 89' lang='lat' dir='ltr'><strong>ista</strong></span> <span class='ocrx_word' id='word_1_571' title='bbox 2294 2934 2411 3003; x_wconf 90' lang='lat' dir='ltr'><strong>ejus</strong></span> <span class='ocrx_word' id='word_1_572' title='bbox 2435 2935 2598 2989; x_wconf 84' lang='lat' dir='ltr'><strong>verba</strong></span> <span class='ocrx_word' id='word_1_573' title='bbox 2636 2950 2755 3004; x_wconf 88' lang='lat' dir='ltr'><strong>cap.</strong></span> <span class='ocrx_word' id='word_1_574' title='bbox 2788 2951 2976 2989; x_wconf 69' lang='grc' dir='ltr'>χχχιιι</span> <span class='ocrx_word' id='word_1_575' title='bbox 3016 2954 3033 2986; x_wconf 73' lang='lat' dir='ltr'><strong>t</strong></span> <span class='ocrx_word' id='word_1_576' title='bbox 3066 2932 3243 2989; x_wconf 90' lang='lat' dir='ltr'><strong>Unum</strong></span> <span class='ocrx_word' id='word_1_577' title='bbox 3285 2945 3465 2989; x_wconf 90' lang='lat' dir='ltr'><strong>autem</strong></span> <span class='ocrx_word' id='word_1_578' title='bbox 3499 2935 3641 3006; x_wconf 88' lang='lat' dir='ltr'><strong>quod</strong></span> <span class='ocrx_word' id='word_1_579' title='bbox 3668 2936 3775 3003; x_wconf 87' lang='lat' dir='ltr'><strong>ait,</strong></span> 
     </span>
    </p>
   </div>
   <div class='ocr_carea' id='block_1_75' title="bbox 2168 3024 3779 3097">
    <p class='ocr_par' dir='ltr' id='par_1_75' title="bbox 2168 3024 3779 3097">
     <span class='ocr_line' id='line_1_75' title="bbox 2168 3024 3779 3097; baseline 0.002 -18"><span class='ocrx_word' id='word_1_580' title='bbox 2168 3024 2231 3079; x_wconf 91' lang='lat' dir='ltr'><strong>ad</strong></span> <span class='ocrx_word' id='word_1_581' title='bbox 2281 3025 2625 3081; x_wconf 88' lang='lat' dir='ltr'><strong>concordiam</strong></span> <span class='ocrx_word' id='word_1_582' title='bbox 2680 3036 2734 3081; x_wconf 89' lang='lat' dir='ltr'><strong>et</strong></span> <span class='ocrx_word' id='word_1_583' title='bbox 2788 3026 3032 3081; x_wconf 88' lang='lat' dir='ltr'><strong>eamdem</strong></span> <span class='ocrx_word' id='word_1_584' title='bbox 3070 3026 3392 3081; x_wconf 88' lang='lat' dir='ltr'><strong>sententiam</strong></span> <span class='ocrx_word' id='word_1_585' title='bbox 3422 3070 3436 3092; x_wconf 96' lang='lat'><strong>,</strong></span> <span class='ocrx_word' id='word_1_586' title='bbox 3499 3036 3555 3081; x_wconf 88' lang='lat' dir='ltr'><strong>et.</strong></span> <span class='ocrx_word' id='word_1_587' title='bbox 3607 3027 3779 3097; x_wconf 89' lang='lat' dir='ltr'><strong>ipsam</strong></span> 
     </span>
    </p>
   </div>
   <div class='ocr_carea' id='block_1_76' title="bbox 2167 3117 3768 3187">
    <p class='ocr_par' dir='ltr' id='par_1_76' title="bbox 2167 3117 3768 3187">
     <span class='ocr_line' id='line_1_76' title="bbox 2167 3117 3768 3187; baseline -0.001 -14"><span class='ocrx_word' id='word_1_588' title='bbox 2167 3117 2445 3173; x_wconf 89' lang='lat' dir='ltr'><strong>charitatis</strong></span> <span class='ocrx_word' id='word_1_589' title='bbox 2475 3118 2786 3172; x_wconf 89' lang='lat' dir='ltr'><strong>societatem</strong></span> <span class='ocrx_word' id='word_1_590' title='bbox 2822 3119 3091 3187; x_wconf 90' lang='lat' dir='ltr'><strong>pertinet;</strong></span> <span class='ocrx_word' id='word_1_591' title='bbox 3125 3127 3182 3172; x_wconf 93' lang='lat' dir='ltr'><strong>ut</strong></span> <span class='ocrx_word' id='word_1_592' title='bbox 3230 3119 3420 3172; x_wconf 89' lang='lat' dir='ltr'><strong>merito</strong></span> <span class='ocrx_word' id='word_1_593' title='bbox 3458 3134 3622 3173; x_wconf 88' lang='lat' dir='ltr'><strong>unttm</strong></span> <span class='ocrx_word' id='word_1_594' title='bbox 3666 3120 3768 3173; x_wconf 89' lang='lat' dir='ltr'><strong>sint</strong></span> 
     </span>
    </p>
   </div>
   <div class='ocr_carea' id='block_1_77' title="bbox 2651 3212 3776 3282">
    <p class='ocr_par' dir='ltr' id='par_1_77' title="bbox 2651 3212 3776 3282">
     <span class='ocr_line' id='line_1_77' title="bbox 2651 3212 3776 3282; baseline -0.001 -15"><span class='ocrx_word' id='word_1_595' title='bbox 2651 3226 2747 3281; x_wconf 86' lang='lat' dir='ltr'><strong>per</strong></span> <span class='ocrx_word' id='word_1_596' title='bbox 2786 3212 3130 3268; x_wconf 88' lang='lat' dir='ltr'><strong>concordiam</strong></span> <span class='ocrx_word' id='word_1_597' title='bbox 3150 3255 3165 3279; x_wconf 98' lang='lat'><strong>,</strong></span> <span class='ocrx_word' id='word_1_598' title='bbox 3197 3224 3251 3266; x_wconf 89' lang='lat' dir='ltr'><strong>et</strong></span> <span class='ocrx_word' id='word_1_599' title='bbox 3292 3228 3388 3282; x_wconf 90' lang='lat' dir='ltr'><strong>per</strong></span> <span class='ocrx_word' id='word_1_600' title='bbox 3411 3227 3650 3268; x_wconf 89' lang='lat' dir='ltr'><strong>amorem</strong></span> <span class='ocrx_word' id='word_1_601' title='bbox 3673 3256 3689 3277; x_wconf 93' lang='lat'><strong>,</strong></span> <span class='ocrx_word' id='word_1_602' title='bbox 3717 3226 3776 3267; x_wconf 85' lang='lat' dir='ltr'><strong>et</strong></span> 
     </span>
    </p>
   </div>
   <div class='ocr_carea' id='block_1_78' title="bbox 2171 3303 3776 3375">
    <p class='ocr_par' dir='ltr' id='par_1_78' title="bbox 2171 3303 3776 3375">
     <span class='ocr_line' id='line_1_78' title="bbox 2171 3303 3776 3375; baseline 0.001 -18"><span class='ocrx_word' id='word_1_603' title='bbox 2171 3318 2265 3373; x_wconf 90' lang='lat' dir='ltr'><strong>per</strong></span> <span class='ocrx_word' id='word_1_604' title='bbox 2321 3303 2746 3359; x_wconf 68' lang='lat' dir='ltr'><strong>dilectionem.»</strong></span> <span class='ocrx_word' id='word_1_605' title='bbox 2797 3305 2995 3374; x_wconf 88' lang='lat' dir='ltr'><strong>Atqui,</strong></span> <span class='ocrx_word' id='word_1_606' title='bbox 3051 3304 3303 3374; x_wconf 89' lang='lat' dir='ltr'><strong>inquam,</strong></span> <span class='ocrx_word' id='word_1_607' title='bbox 3364 3318 3428 3359; x_wconf 79' lang='lat' dir='ltr'><strong>ex</strong></span> <span class='ocrx_word' id='word_1_608' title='bbox 3486 3306 3606 3360; x_wconf 86' lang='lat' dir='ltr'><strong>loco</strong></span> <span class='ocrx_word' id='word_1_609' title='bbox 3665 3305 3776 3375; x_wconf 89' lang='lat' dir='ltr'><strong>jam</strong></span> 
     </span>
    </p>
   </div>
   <div class='ocr_carea' id='block_1_79' title="bbox 2167 3399 3779 3466">
    <p class='ocr_par' dir='ltr' id='par_1_79' title="bbox 2167 3399 3779 3466">
     <span class='ocr_line' id='line_1_79' title="bbox 2167 3399 3779 3466; baseline 0.001 -14"><span class='ocrx_word' id='word_1_610' title='bbox 2167 3414 2196 3452; x_wconf 89' lang='lat' dir='ltr'><strong>a</strong></span> <span class='ocrx_word' id='word_1_611' title='bbox 2227 3400 2381 3455; x_wconf 92' lang='lat' dir='ltr'><strong>nobis</strong></span> <span class='ocrx_word' id='word_1_612' title='bbox 2432 3400 2596 3454; x_wconf 90' lang='lat' dir='ltr'><strong>allato</strong></span> <span class='ocrx_word' id='word_1_613' title='bbox 2641 3408 2894 3466; x_wconf 80' lang='lat' dir='ltr'><strong>constat,</strong></span> <span class='ocrx_word' id='word_1_614' title='bbox 2937 3410 3214 3455; x_wconf 89' lang='lat' dir='ltr'><strong>auctorem</strong></span> <span class='ocrx_word' id='word_1_615' title='bbox 3244 3401 3407 3454; x_wconf 87' lang='lat' dir='ltr'><strong>verba</strong></span> <span class='ocrx_word' id='word_1_616' title='bbox 3438 3400 3525 3453; x_wconf 89' lang='lat' dir='ltr'><strong>illa</strong></span> <span class='ocrx_word' id='word_1_617' title='bbox 3556 3399 3779 3455; x_wconf 84' lang='lat' dir='ltr'><strong>Joannis</strong></span> 
     </span>
    </p>
   </div>
   <div class='ocr_carea' id='block_1_80' title="bbox 2170 3492 3778 3559">
    <p class='ocr_par' dir='ltr' id='par_1_80' title="bbox 2170 3492 3778 3559">
     <span class='ocr_line' id='line_1_80' title="bbox 2170 3492 3778 3559; baseline 0 -12"><span class='ocrx_word' id='word_1_618' title='bbox 2170 3509 2277 3547; x_wconf 91' lang='lat' dir='ltr'><strong>non</strong></span> <span class='ocrx_word' id='word_1_619' title='bbox 2324 3492 2391 3548; x_wconf 90' lang='lat' dir='ltr'><strong>de</strong></span> <span class='ocrx_word' id='word_1_620' title='bbox 2443 3493 2557 3547; x_wconf 88' lang='lat' dir='ltr'><strong>sola</strong></span> <span class='ocrx_word' id='word_1_621' title='bbox 2597 3494 2927 3559; x_wconf 90' lang='lat' dir='ltr'><strong>concordia,</strong></span> <span class='ocrx_word' id='word_1_622' title='bbox 2985 3494 3098 3549; x_wconf 75' lang='lat' dir='ltr'><strong>sive</strong></span> <span class='ocrx_word' id='word_1_623' title='bbox 3150 3508 3420 3549; x_wconf 89' lang='lat' dir='ltr'><strong>consensu</strong></span> <span class='ocrx_word' id='word_1_624' title='bbox 3482 3494 3778 3548; x_wconf 74' lang='lat' dir='ltr'><strong>voluntatis</strong></span> 
     </span>
    </p>
   </div>
   <div class='ocr_carea' id='block_1_81' title="bbox 2170 3582 3774 3657">
    <p class='ocr_par' dir='ltr' id='par_1_81' title="bbox 2170 3582 3774 3657">
     <span class='ocr_line' id='line_1_81' title="bbox 2170 3582 3774 3657; baseline 0.002 -22"><span class='ocrx_word' id='word_1_625' title='bbox 2170 3582 2336 3654; x_wconf 86' lang='lat' dir='ltr'><strong>(quod</strong></span> <span class='ocrx_word' id='word_1_626' title='bbox 2379 3584 2563 3639; x_wconf 88' lang='lat' dir='ltr'><strong>Ariani</strong></span> <span class='ocrx_word' id='word_1_627' title='bbox 2601 3584 2903 3657; x_wconf 80' lang='lat' dir='ltr'><strong>fecerunt),</strong></span> <span class='ocrx_word' id='word_1_628' title='bbox 2934 3584 3030 3641; x_wconf 89' lang='lat' dir='ltr'><strong>sed</strong></span> <span class='ocrx_word' id='word_1_629' title='bbox 3062 3586 3247 3651; x_wconf 89' lang='lat' dir='ltr'><strong>etiam,</strong></span> <span class='ocrx_word' id='word_1_630' title='bbox 3279 3596 3438 3656; x_wconf 90' lang='lat' dir='ltr'><strong>atque</strong></span> <span class='ocrx_word' id='word_1_631' title='bbox 3471 3585 3733 3655; x_wconf 88' lang='lat' dir='ltr'><strong>imprimis</strong></span> <span class='ocrx_word' id='word_1_632' title='bbox 3761 3630 3774 3650; x_wconf 94' lang='lat'><strong>,</strong></span> 
     </span>
    </p>
   </div>
   <div class='ocr_carea' id='block_1_82' title="bbox 2169 3676 3775 3749">
    <p class='ocr_par' dir='ltr' id='par_1_82' title="bbox 2169 3676 3775 3749">
     <span class='ocr_line' id='line_1_82' title="bbox 2169 3676 3775 3749; baseline 0 -20"><span class='ocrx_word' id='word_1_633' title='bbox 2169 3676 2236 3730; x_wconf 88' lang='lat' dir='ltr'><strong>de</strong></span> <span class='ocrx_word' id='word_1_634' title='bbox 2284 3676 2661 3731; x_wconf 91' lang='lat' dir='ltr'><strong>communione</strong></span> <span class='ocrx_word' id='word_1_635' title='bbox 2707 3676 3055 3743; x_wconf 48' lang='lat' dir='ltr'><strong>substantia»,</strong></span> <span class='ocrx_word' id='word_1_636' title='bbox 3103 3694 3222 3749; x_wconf 78' lang='lat' dir='ltr'><strong>qua:</strong></span> <span class='ocrx_word' id='word_1_637' title='bbox 3269 3678 3408 3732; x_wconf 91' lang='lat' dir='ltr'><strong>inter</strong></span> <span class='ocrx_word' id='word_1_638' title='bbox 3456 3677 3667 3732; x_wconf 89' lang='lat' dir='ltr'><strong>Patrem</strong></span> <span class='ocrx_word' id='word_1_639' title='bbox 3722 3688 3775 3730; x_wconf 84' lang='lat' dir='ltr'><strong>et</strong></span> 
     </span>
    </p>
   </div>
   <div class='ocr_carea' id='block_1_83' title="bbox 2171 3768 3773 3834">
    <p class='ocr_par' dir='ltr' id='par_1_83' title="bbox 2171 3768 3773 3834">
     <span class='ocr_line' id='line_1_83' title="bbox 2171 3768 3773 3834; baseline 0 -11"><span class='ocrx_word' id='word_1_640' title='bbox 2171 3768 2365 3823; x_wconf 88' lang='lat' dir='ltr'><strong>Filium</strong></span> <span class='ocrx_word' id='word_1_641' title='bbox 2412 3768 2727 3834; x_wconf 89' lang='lat' dir='ltr'><strong>intercedit,</strong></span> <span class='ocrx_word' id='word_1_642' title='bbox 2776 3784 2897 3824; x_wconf 92' lang='lat' dir='ltr'><strong>cum</strong></span> <span class='ocrx_word' id='word_1_643' title='bbox 2948 3769 3229 3826; x_wconf 87' lang='lat' dir='ltr'><strong>catholicis</strong></span> <span class='ocrx_word' id='word_1_644' title='bbox 3276 3771 3497 3825; x_wconf 90' lang='lat' dir='ltr'><strong>omnino</strong></span> <span class='ocrx_word' id='word_1_645' title='bbox 3559 3769 3773 3825; x_wconf 84' lang='lat' dir='ltr'><strong>intelle-</strong></span> 
     </span>
    </p>
   </div>
   <div class='ocr_carea' id='block_1_84' title="bbox 2172 3862 3772 3933">
    <p class='ocr_par' dir='ltr' id='par_1_84' title="bbox 2172 3862 3772 3933">
     <span class='ocr_line' id='line_1_84' title="bbox 2172 3862 3772 3933; baseline -0.001 -16"><span class='ocrx_word' id='word_1_646' title='bbox 2172 3864 2341 3917; x_wconf 80' lang='lat' dir='ltr'><strong>xisse.</strong></span> <span class='ocrx_word' id='word_1_647' title='bbox 2385 3863 2539 3931; x_wconf 87' lang='lat' dir='ltr'><strong>Quod</strong></span> <span class='ocrx_word' id='word_1_648' title='bbox 2567 3873 2622 3917; x_wconf 90' lang='lat' dir='ltr'><strong>et</strong></span> <span class='ocrx_word' id='word_1_649' title='bbox 2651 3878 2717 3918; x_wconf 90' lang='lat' dir='ltr'><strong>eo</strong></span> <span class='ocrx_word' id='word_1_650' title='bbox 2748 3865 2865 3933; x_wconf 92' lang='lat' dir='ltr'><strong>ipso</strong></span> <span class='ocrx_word' id='word_1_651' title='bbox 2889 3864 2941 3918; x_wconf 91' lang='lat' dir='ltr'><strong>in</strong></span> <span class='ocrx_word' id='word_1_652' title='bbox 2973 3863 3092 3917; x_wconf 90' lang='lat' dir='ltr'><strong>loco</strong></span> <span class='ocrx_word' id='word_1_653' title='bbox 3113 3905 3127 3929; x_wconf 95' lang='lat'><strong>,</strong></span> <span class='ocrx_word' id='word_1_654' title='bbox 3157 3879 3316 3933; x_wconf 88' lang='lat' dir='ltr'><strong>quem</strong></span> <span class='ocrx_word' id='word_1_655' title='bbox 3344 3865 3471 3918; x_wconf 89' lang='lat' dir='ltr'><strong>citat</strong></span> <span class='ocrx_word' id='word_1_656' title='bbox 3502 3862 3772 3927; x_wconf 86' lang='lat' dir='ltr'><strong>Petavius,</strong></span> 
     </span>
    </p>
   </div>
   <div class='ocr_carea' id='block_1_85' title="bbox 2169 3955 3777 4029">
    <p class='ocr_par' dir='ltr' id='par_1_85' title="bbox 2169 3955 3777 4029">
     <span class='ocr_line' id='line_1_85' title="bbox 2169 3955 3777 4029; baseline -0.002 -18"><span class='ocrx_word' id='word_1_657' title='bbox 2169 3968 2357 4011; x_wconf 91' lang='lat' dir='ltr'><strong>auctor</strong></span> <span class='ocrx_word' id='word_1_658' title='bbox 2405 3956 2549 4011; x_wconf 91' lang='lat' dir='ltr'><strong>clare</strong></span> <span class='ocrx_word' id='word_1_659' title='bbox 2574 3956 2707 4010; x_wconf 91' lang='lat' dir='ltr'><strong>satis</strong></span> <span class='ocrx_word' id='word_1_660' title='bbox 2730 3956 3001 4025; x_wconf 81' lang='lat' dir='ltr'><strong>exprimit,</strong></span> <span class='ocrx_word' id='word_1_661' title='bbox 3035 3955 3160 4009; x_wconf 88' lang='lat' dir='ltr'><strong>dum</strong></span> <span class='ocrx_word' id='word_1_662' title='bbox 3178 3955 3292 4009; x_wconf 85' lang='lat' dir='ltr'><strong>haec</strong></span> <span class='ocrx_word' id='word_1_663' title='bbox 3310 3956 3469 4011; x_wconf 87' lang='lat' dir='ltr'><strong>verba</strong></span> <span class='ocrx_word' id='word_1_664' title='bbox 3489 3957 3541 4029; x_wconf 91' lang='lat' dir='ltr'><strong>(a</strong></span> <span class='ocrx_word' id='word_1_665' title='bbox 3558 3955 3777 4012; x_wconf 85' lang='lat' dir='ltr'><strong>Petavio</strong></span> 
     </span>
    </p>
   </div>
   <div class='ocr_carea' id='block_1_86' title="bbox 2172 4048 3769 4121">
    <p class='ocr_par' dir='ltr' id='par_1_86' title="bbox 2172 4048 3769 4121">
     <span class='ocr_line' id='line_1_86' title="bbox 2172 4048 3769 4121; baseline 0.001 -18"><span class='ocrx_word' id='word_1_666' title='bbox 2172 4050 2310 4103; x_wconf 89' lang='lat' dir='ltr'><strong>haud</strong></span> <span class='ocrx_word' id='word_1_667' title='bbox 2335 4050 2471 4103; x_wconf 88' lang='lat' dir='ltr'><strong>bona</strong></span> <span class='ocrx_word' id='word_1_668' title='bbox 2503 4049 2608 4103; x_wconf 91' lang='lat' dir='ltr'><strong>ﬁde</strong></span> <span class='ocrx_word' id='word_1_669' title='bbox 2632 4048 2823 4121; x_wconf 83' lang='lat' dir='ltr'><strong>celata)</strong></span> <span class='ocrx_word' id='word_1_670' title='bbox 2853 4056 3039 4117; x_wconf 73' lang='grc' dir='ltr'><strong><em>ἀμξσως</em></strong></span> <span class='ocrx_word' id='word_1_671' title='bbox 3064 4048 3276 4116; x_wconf 92' lang='lat' dir='ltr'><strong>suhjicit</strong></span> <span class='ocrx_word' id='word_1_672' title='bbox 3302 4068 3313 4104; x_wconf 91' lang='lat'>:</span> <span class='ocrx_word' id='word_1_673' title='bbox 3352 4067 3369 4100; x_wconf 83' lang='grc'><strong><em>‹</em></strong></span> <span class='ocrx_word' id='word_1_674' title='bbox 3412 4049 3479 4103; x_wconf 80' lang='lat' dir='ltr'><strong>Et</strong></span> <span class='ocrx_word' id='word_1_675' title='bbox 3518 4052 3769 4119; x_wconf 89' lang='lat' dir='ltr'><strong>quoniam</strong></span> 
     </span>
    </p>
   </div>
   <div class='ocr_carea' id='block_1_87' title="bbox 2170 4138 3775 4210">
    <p class='ocr_par' dir='ltr' id='par_1_87' title="bbox 2170 4138 3775 4210">
     <span class='ocr_line' id='line_1_87' title="bbox 2170 4138 3775 4210; baseline -0.001 -14"><span class='ocrx_word' id='word_1_676' title='bbox 2170 4157 2237 4196; x_wconf 81' lang='lat' dir='ltr'><strong>ex</strong></span> <span class='ocrx_word' id='word_1_677' title='bbox 2274 4140 2437 4195; x_wconf 89' lang='lat' dir='ltr'><strong>Patre</strong></span> <span class='ocrx_word' id='word_1_678' title='bbox 2464 4149 2578 4205; x_wconf 91' lang='lat' dir='ltr'><strong>est,</strong></span> <span class='ocrx_word' id='word_1_679' title='bbox 2612 4139 2865 4210; x_wconf 91' lang='lat' dir='ltr'><strong>quicquid</strong></span> <span class='ocrx_word' id='word_1_680' title='bbox 2897 4139 3025 4193; x_wconf 89' lang='lat' dir='ltr'><strong>illud</strong></span> <span class='ocrx_word' id='word_1_681' title='bbox 3048 4150 3131 4193; x_wconf 88' lang='lat' dir='ltr'><strong>est</strong></span> <span class='ocrx_word' id='word_1_682' title='bbox 3156 4138 3321 4193; x_wconf 89' lang='lat' dir='ltr'><strong>Filius</strong></span> <span class='ocrx_word' id='word_1_683' title='bbox 3366 4150 3478 4203; x_wconf 85' lang='lat' dir='ltr'><strong>est;</strong></span> <span class='ocrx_word' id='word_1_684' title='bbox 3524 4150 3775 4195; x_wconf 89' lang='lat' dir='ltr'><strong>manente</strong></span> 
     </span>
    </p>
   </div>
   <div class='ocr_carea' id='block_1_88' title="bbox 2174 4229 3767 4300">
    <p class='ocr_par' dir='ltr' id='par_1_88' title="bbox 2174 4229 3767 4300">
     <span class='ocr_line' id='line_1_88' title="bbox 2174 4229 3767 4300; baseline -0.003 -12"><span class='ocrx_word' id='word_1_685' title='bbox 2174 4243 2351 4288; x_wconf 89' lang='lat' dir='ltr'><strong>tamen</strong></span> <span class='ocrx_word' id='word_1_686' title='bbox 2380 4231 2755 4297; x_wconf 89' lang='lat' dir='ltr'><strong>distinctione,</strong></span> <span class='ocrx_word' id='word_1_687' title='bbox 2789 4242 2845 4285; x_wconf 91' lang='lat' dir='ltr'><strong>ut</strong></span> <span class='ocrx_word' id='word_1_688' title='bbox 2878 4248 2984 4285; x_wconf 89' lang='lat' dir='ltr'><strong>non</strong></span> <span class='ocrx_word' id='word_1_689' title='bbox 3033 4232 3101 4284; x_wconf 84' lang='lat' dir='ltr'><strong>sit</strong></span> <span class='ocrx_word' id='word_1_690' title='bbox 3129 4230 3289 4285; x_wconf 89' lang='lat' dir='ltr'><strong>Pater</strong></span> <span class='ocrx_word' id='word_1_691' title='bbox 3319 4230 3410 4285; x_wconf 92' lang='lat' dir='ltr'><strong>ille</strong></span> <span class='ocrx_word' id='word_1_692' title='bbox 3436 4231 3524 4300; x_wconf 88' lang='lat' dir='ltr'><strong>qui</strong></span> <span class='ocrx_word' id='word_1_693' title='bbox 3558 4229 3726 4285; x_wconf 87' lang='lat' dir='ltr'><strong>Filius</strong></span> <span class='ocrx_word' id='word_1_694' title='bbox 3751 4273 3767 4294; x_wconf 89' lang='lat'><strong>,</strong></span> 
     </span>
    </p>
   </div>
   <div class='ocr_carea' id='block_1_89' title="bbox 2171 4322 3767 4397">
    <p class='ocr_par' dir='ltr' id='par_1_89' title="bbox 2171 4322 3767 4397">
     <span class='ocr_line' id='line_1_89' title="bbox 2171 4322 3767 4397; baseline -0.001 -17"><span class='ocrx_word' id='word_1_695' title='bbox 2171 4329 2293 4397; x_wconf 89' lang='lat' dir='ltr'><strong>quia</strong></span> <span class='ocrx_word' id='word_1_696' title='bbox 2326 4340 2425 4380; x_wconf 82' lang='lat' dir='ltr'><strong>nec</strong></span> <span class='ocrx_word' id='word_1_697' title='bbox 2454 4324 2619 4379; x_wconf 81' lang='lat' dir='ltr'><strong>Filius</strong></span> <span class='ocrx_word' id='word_1_698' title='bbox 2650 4323 2771 4388; x_wconf 90' lang='lat' dir='ltr'><strong>ille,</strong></span> <span class='ocrx_word' id='word_1_699' title='bbox 2803 4325 2890 4395; x_wconf 89' lang='lat' dir='ltr'><strong>qui</strong></span> <span class='ocrx_word' id='word_1_700' title='bbox 2920 4324 3078 4379; x_wconf 90' lang='lat' dir='ltr'><strong>Pater</strong></span> <span class='ocrx_word' id='word_1_701' title='bbox 3107 4334 3209 4379; x_wconf 89' lang='lat' dir='ltr'><strong>est.</strong></span> <span class='ocrx_word' id='word_1_702' title='bbox 3248 4344 3265 4374; x_wconf 71' lang='grc' dir='ltr'><strong><em>ι</em></strong></span> <span class='ocrx_word' id='word_1_703' title='bbox 3298 4323 3561 4378; x_wconf 86' lang='lat' dir='ltr'><strong>Nimirum</strong></span> <span class='ocrx_word' id='word_1_704' title='bbox 3581 4322 3767 4380; x_wconf 88' lang='lat' dir='ltr'><strong>Sabel—</strong></span> 
     </span>
    </p>
   </div>
   <div class='ocr_carea' id='block_1_90' title="bbox 2176 4416 3772 4487">
    <p class='ocr_par' dir='ltr' id='par_1_90' title="bbox 2176 4416 3772 4487">
     <span class='ocr_line' id='line_1_90' title="bbox 2176 4416 3772 4487; baseline -0.001 -15"><span class='ocrx_word' id='word_1_705' title='bbox 2176 4418 2227 4472; x_wconf 91' lang='lat' dir='ltr'><strong>lii</strong></span> <span class='ocrx_word' id='word_1_706' title='bbox 2262 4416 2490 4471; x_wconf 79' lang='lat' dir='ltr'><strong>lnercsin</strong></span> <span class='ocrx_word' id='word_1_707' title='bbox 2534 4416 2607 4469; x_wconf 88' lang='lat' dir='ltr'><strong>ibi</strong></span> <span class='ocrx_word' id='word_1_708' title='bbox 2653 4416 2808 4472; x_wconf 93' lang='lat' dir='ltr'><strong>unice</strong></span> <span class='ocrx_word' id='word_1_709' title='bbox 2855 4417 3150 4487; x_wconf 83' lang='lat' dir='ltr'><strong>impugnat,</strong></span> <span class='ocrx_word' id='word_1_710' title='bbox 3188 4432 3309 4487; x_wconf 73' lang='lat' dir='ltr'><strong>qua:</strong></span> <span class='ocrx_word' id='word_1_711' title='bbox 3363 4416 3574 4471; x_wconf 82' lang='lat' dir='ltr'><strong>Patrem</strong></span> <span class='ocrx_word' id='word_1_712' title='bbox 3605 4427 3657 4471; x_wconf 91' lang='lat' dir='ltr'><strong>et</strong></span> <span class='ocrx_word' id='word_1_713' title='bbox 3677 4416 3772 4470; x_wconf 85' lang='lat' dir='ltr'><strong>Fi-</strong></span> 
     </span>
    </p>
   </div>
   <div class='ocr_carea' id='block_1_91' title="bbox 2175 4508 3771 4579">
    <p class='ocr_par' dir='ltr' id='par_1_91' title="bbox 2175 4508 3771 4579">
     <span class='ocr_line' id='line_1_91' title="bbox 2175 4508 3771 4579; baseline 0.001 -16"><span class='ocrx_word' id='word_1_714' title='bbox 2175 4510 2303 4564; x_wconf 92' lang='lat' dir='ltr'><strong>lium</strong></span> <span class='ocrx_word' id='word_1_715' title='bbox 2353 4510 2434 4565; x_wconf 88' lang='lat' dir='ltr'><strong>sic</strong></span> <span class='ocrx_word' id='word_1_716' title='bbox 2478 4524 2640 4564; x_wconf 88' lang='lat' dir='ltr'><strong>unum</strong></span> <span class='ocrx_word' id='word_1_717' title='bbox 2689 4510 2979 4579; x_wconf 64' lang='lat' dir='ltr'><strong>prmdicat,</strong></span> <span class='ocrx_word' id='word_1_718' title='bbox 3032 4520 3089 4563; x_wconf 93' lang='lat' dir='ltr'><strong>ut</strong></span> <span class='ocrx_word' id='word_1_719' title='bbox 3135 4508 3532 4565; x_wconf 85' lang='lat' dir='ltr'><strong>distinctionem</strong></span> <span class='ocrx_word' id='word_1_720' title='bbox 3572 4509 3771 4565; x_wconf 87' lang='lat' dir='ltr'><strong>Perso-</strong></span> 
     </span>
    </p>
   </div>
   <div class='ocr_carea' id='block_1_92' title="bbox 470 4574 3770 4675">
    <p class='ocr_par' dir='ltr' id='par_1_92' title="bbox 470 4574 3770 4675">
     <span class='ocr_line' id='line_1_92' title="bbox 470 4574 3770 4675; baseline -0.002 -43"><span class='ocrx_word' id='word_1_721' title='bbox 470 4582 708 4635; x_wconf 85' lang='lat' dir='ltr'><strong>timoniis</strong></span> <span class='ocrx_word' id='word_1_722' title='bbox 730 4582 1095 4645; x_wconf 84' lang='lat' dir='ltr'><strong>demonstrat;</strong></span> <span class='ocrx_word' id='word_1_723' title='bbox 1124 4580 1206 4634; x_wconf 90' lang='lat' dir='ltr'><strong>cui</strong></span> <span class='ocrx_word' id='word_1_724' title='bbox 1255 4576 1698 4633; x_wconf 89' lang='lat' dir='ltr'><strong>demonstrationi</strong></span> <span class='ocrx_word' id='word_1_725' title='bbox 1733 4575 1881 4648; x_wconf 91' lang='lat' dir='ltr'><strong>(sunt</strong></span> <span class='ocrx_word' id='word_1_726' title='bbox 1905 4574 2067 4630; x_wconf 89' lang='lat' dir='ltr'><strong>verba</strong></span> <span class='ocrx_word' id='word_1_727' title='bbox 2095 4615 2146 4675; x_wconf 83' lang='lat' dir='ltr'>D</span> <span class='ocrx_word' id='word_1_728' title='bbox 2174 4619 2364 4657; x_wconf 64' lang='lat' dir='ltr'><strong>narum</strong></span> <span class='ocrx_word' id='word_1_729' title='bbox 2394 4603 2616 4658; x_wconf 67' lang='lat' dir='ltr'>omnino</span> <span class='ocrx_word' id='word_1_730' title='bbox 2652 4574 2821 4658; x_wconf 40' lang='lat' dir='ltr'><strong>uiuat.</strong></span> <span class='ocrx_word' id='word_1_731' title='bbox 2858 4602 3133 4658; x_wconf 60' lang='lat' dir='ltr'><strong>Adversus</strong></span> <span class='ocrx_word' id='word_1_732' title='bbox 3162 4603 3296 4657; x_wconf 63' lang='lat' dir='ltr'><strong>hanc</strong></span> <span class='ocrx_word' id='word_1_733' title='bbox 3328 4603 3559 4659; x_wconf 48' lang='grc' dir='ltr'><strong>Μηδείῃ</strong></span> <span class='ocrx_word' id='word_1_734' title='bbox 3590 4602 3770 4670; x_wconf 51' lang='grc' dir='ltr'><strong>ὤκει.</strong></span> 
     </span>
    </p>
   </div>
   <div class='ocr_carea' id='block_1_93' title="bbox 468 4667 2059 4742">
    <p class='ocr_par' dir='ltr' id='par_1_93' title="bbox 468 4667 2059 4742">
     <span class='ocr_line' id='line_1_93' title="bbox 468 4667 2059 4742; baseline -0.003 -17"><span class='ocrx_word' id='word_1_735' title='bbox 468 4671 550 4725; x_wconf 90' lang='lat' dir='ltr'><strong>Cl.</strong></span> <span class='ocrx_word' id='word_1_736' title='bbox 602 4671 763 4739; x_wconf 83' lang='lat' dir='ltr'><strong>Bnlli)</strong></span> <span class='ocrx_word' id='word_1_737' title='bbox 812 4672 913 4727; x_wconf 89' lang='lat' dir='ltr'><strong>hoc</strong></span> <span class='ocrx_word' id='word_1_738' title='bbox 962 4688 1122 4726; x_wconf 91' lang='lat' dir='ltr'><strong>unum</strong></span> <span class='ocrx_word' id='word_1_739' title='bbox 1192 4671 1565 4742; x_wconf 73' lang='lat' dir='ltr'><strong>prmmittimus</strong></span> <span class='ocrx_word' id='word_1_740' title='bbox 1631 4667 2059 4736; x_wconf 87' lang='lat' dir='ltr'><strong>observandum,</strong></span> 
     </span>
    </p>
   </div>
   <div class='ocr_carea' id='block_1_94' title="bbox 474 4759 2063 4835">
    <p class='ocr_par' dir='ltr' id='par_1_94' title="bbox 474 4759 2063 4835">
     <span class='ocr_line' id='line_1_94' title="bbox 474 4759 2063 4835; baseline -0.003 -18"><span class='ocrx_word' id='word_1_741' title='bbox 474 4766 644 4834; x_wconf 86' lang='lat' dir='ltr'><strong>ipsum</strong></span> <span class='ocrx_word' id='word_1_742' title='bbox 697 4767 969 4821; x_wconf 80' lang='lat' dir='ltr'><strong>Petavium</strong></span> <span class='ocrx_word' id='word_1_743' title='bbox 1036 4766 1163 4821; x_wconf 89' lang='lat' dir='ltr'><strong>alibi</strong></span> <span class='ocrx_word' id='word_1_744' title='bbox 1211 4764 1287 4835; x_wconf 89' lang='lat'><strong>(8)</strong></span> <span class='ocrx_word' id='word_1_745' title='bbox 1355 4762 1509 4817; x_wconf 79' lang='lat' dir='ltr'><strong>fateri</strong></span> <span class='ocrx_word' id='word_1_746' title='bbox 1574 4760 1790 4816; x_wconf 91' lang='lat' dir='ltr'><strong>disertis</strong></span> <span class='ocrx_word' id='word_1_747' title='bbox 1846 4759 2063 4824; x_wconf 87' lang='lat' dir='ltr'><strong>verbis,</strong></span> 
     </span>
    </p>
   </div>
   <div class='ocr_carea' id='block_1_95' title="bbox 474 4854 2066 4925">
    <p class='ocr_par' dir='ltr' id='par_1_95' title="bbox 474 4854 2066 4925">
     <span class='ocr_line' id='line_1_95' title="bbox 474 4854 2066 4925; baseline -0.006 -12"><span class='ocrx_word' id='word_1_748' title='bbox 474 4862 648 4913; x_wconf 85' lang='lat' dir='ltr'><strong>minus</strong></span> <span class='ocrx_word' id='word_1_749' title='bbox 698 4870 979 4925; x_wconf 89' lang='lat' dir='ltr'><strong>accurata,</strong></span> <span class='ocrx_word' id='word_1_750' title='bbox 1032 4869 1085 4913; x_wconf 89' lang='lat' dir='ltr'><strong>et</strong></span> <span class='ocrx_word' id='word_1_751' title='bbox 1129 4857 1359 4913; x_wconf 88' lang='lat' dir='ltr'><strong>absurda</strong></span> <span class='ocrx_word' id='word_1_752' title='bbox 1417 4856 1541 4921; x_wconf 84' lang='lat' dir='ltr'><strong>illa,</strong></span> <span class='ocrx_word' id='word_1_753' title='bbox 1606 4870 1725 4925; x_wconf 81' lang='lat' dir='ltr'><strong>quae</strong></span> <span class='ocrx_word' id='word_1_754' title='bbox 1771 4854 1920 4923; x_wconf 85' lang='lat' dir='ltr'><strong>Operi</strong></span> <span class='ocrx_word' id='word_1_755' title='bbox 1968 4865 2066 4905; x_wconf 90' lang='lat' dir='ltr'><strong>suo</strong></span> 
     </span>
    </p>
   </div>
   <div class='ocr_carea' id='block_1_96' title="bbox 475 4948 2068 5021">
    <p class='ocr_par' dir='ltr' id='par_1_96' title="bbox 475 4948 2068 5021">
     <span class='ocr_line' id='line_1_96' title="bbox 475 4948 2068 5021; baseline -0.004 -14"><span class='ocrx_word' id='word_1_756' title='bbox 475 4953 696 5008; x_wconf 67' lang='lat' dir='ltr'><strong>inseruit</strong></span> <span class='ocrx_word' id='word_1_757' title='bbox 741 4954 1065 5009; x_wconf 85' lang='lat' dir='ltr'><strong>Novatianus</strong></span> <span class='ocrx_word' id='word_1_758' title='bbox 1092 4996 1105 5019; x_wconf 91' lang='lat'><strong>,</strong></span> <span class='ocrx_word' id='word_1_759' title='bbox 1139 4972 1156 5004; x_wconf 74' lang='grc' dir='ltr'>ι</span> <span class='ocrx_word' id='word_1_760' title='bbox 1197 4963 1288 5007; x_wconf 91' lang='lat' dir='ltr'><strong>aut</strong></span> <span class='ocrx_word' id='word_1_761' title='bbox 1331 4952 1447 5005; x_wconf 91' lang='lat' dir='ltr'><strong>solo</strong></span> <span class='ocrx_word' id='word_1_762' title='bbox 1481 4949 1729 5021; x_wconf 87' lang='lat' dir='ltr'><strong>loquendi</strong></span> <span class='ocrx_word' id='word_1_763' title='bbox 1762 4948 1943 5013; x_wconf 88' lang='lat' dir='ltr'><strong>modo,</strong></span> <span class='ocrx_word' id='word_1_764' title='bbox 1976 4956 2068 5000; x_wconf 92' lang='lat' dir='ltr'><strong>aut</strong></span> 
     </span>
    </p>
   </div>
   <div class='ocr_carea' id='block_1_97' title="bbox 471 5041 2068 5119">
    <p class='ocr_par' dir='ltr' id='par_1_97' title="bbox 471 5041 2068 5119">
     <span class='ocr_line' id='line_1_97' title="bbox 471 5041 2068 5119; baseline -0.003 -20"><span class='ocrx_word' id='word_1_765' title='bbox 471 5059 619 5103; x_wconf 84' lang='lat' dir='ltr'><strong>certe</strong></span> <span class='ocrx_word' id='word_1_766' title='bbox 676 5050 808 5103; x_wconf 89' lang='lat' dir='ltr'><strong>citra</strong></span> <span class='ocrx_word' id='word_1_767' title='bbox 882 5047 1123 5119; x_wconf 86' lang='lat' dir='ltr'><strong>mysterii</strong></span> <span class='ocrx_word' id='word_1_768' title='bbox 1206 5046 1600 5109; x_wconf 92' lang='lat' dir='ltr'><strong>substantiam,</strong></span> <span class='ocrx_word' id='word_1_769' title='bbox 1660 5045 1727 5099; x_wconf 88' lang='lat' dir='ltr'><strong>ab</strong></span> <span class='ocrx_word' id='word_1_770' title='bbox 1791 5041 2068 5098; x_wconf 87' lang='lat' dir='ltr'><strong>Catholica</strong></span> 
     </span>
    </p>
   </div>
   <div class='ocr_carea' id='block_1_98' title="bbox 475 5139 2069 5213">
    <p class='ocr_par' dir='ltr' id='par_1_98' title="bbox 475 5139 2069 5213">
     <span class='ocr_line' id='line_1_98' title="bbox 475 5139 2069 5213; baseline -0.002 -20"><span class='ocrx_word' id='word_1_771' title='bbox 475 5140 675 5211; x_wconf 79' lang='lat' dir='ltr'><strong>Regula</strong></span> <span class='ocrx_word' id='word_1_772' title='bbox 744 5143 1071 5213; x_wconf 87' lang='lat' dir='ltr'><strong>discrepare.</strong></span> <span class='ocrx_word' id='word_1_773' title='bbox 1112 5161 1129 5193; x_wconf 71' lang='grc' dir='ltr'><strong>ι</strong></span> <span class='ocrx_word' id='word_1_774' title='bbox 1194 5140 1306 5196; x_wconf 88' lang='lat' dir='ltr'><strong>Hoc</strong></span> <span class='ocrx_word' id='word_1_775' title='bbox 1370 5139 1596 5194; x_wconf 91' lang='lat' dir='ltr'><strong>strictim</strong></span> <span class='ocrx_word' id='word_1_776' title='bbox 1657 5146 1886 5202; x_wconf 83' lang='lat' dir='ltr'><strong>notato,</strong></span> <span class='ocrx_word' id='word_1_777' title='bbox 1955 5149 2069 5190; x_wconf 90' lang='lat' dir='ltr'><strong>rem</strong></span> 
     </span>
    </p>
   </div>
   <div class='ocr_carea' id='block_1_99' title="bbox 548 5248 1711 5324">
    <p class='ocr_par' dir='ltr' id='par_1_99' title="bbox 548 5248 1711 5324">
     <span class='ocr_line' id='line_1_99' title="bbox 548 5248 1711 5324; baseline -0.004 -17"><span class='ocrx_word' id='word_1_778' title='bbox 548 5256 629 5324; x_wconf 87' lang='lat' dir='ltr'><strong>(t)</strong></span> <span class='ocrx_word' id='word_1_779' title='bbox 669 5254 949 5309; x_wconf 86' lang='lat' dir='ltr'><strong>Notavian.</strong></span> <span class='ocrx_word' id='word_1_780' title='bbox 996 5252 1083 5307; x_wconf 83' lang='lat' dir='ltr'><strong>lib.</strong></span> <span class='ocrx_word' id='word_1_781' title='bbox 1116 5254 1178 5306; x_wconf 85' lang='lat' dir='ltr'><strong>de</strong></span> <span class='ocrx_word' id='word_1_782' title='bbox 1212 5251 1448 5307; x_wconf 78' lang='lat' dir='ltr'><strong>Trinitat.</strong></span> <span class='ocrx_word' id='word_1_783' title='bbox 1478 5264 1597 5320; x_wconf 90' lang='lat' dir='ltr'><strong>cap.</strong></span> <span class='ocrx_word' id='word_1_784' title='bbox 1628 5248 1711 5304; x_wconf 88' lang='lat' dir='ltr'><strong>l0.</strong></span> 
     </span>
    </p>
   </div>
   <div class='ocr_carea' id='block_1_100' title="bbox 546 5325 1146 5394">
    <p class='ocr_par' dir='ltr' id='par_1_100' title="bbox 546 5325 1146 5394">
     <span class='ocr_line' id='line_1_100' title="bbox 546 5325 1146 5394; baseline -0.007 -13"><span class='ocrx_word' id='word_1_785' title='bbox 546 5327 630 5394; x_wconf 71' lang='lat'><strong>(2)</strong></span> <span class='ocrx_word' id='word_1_786' title='bbox 666 5326 745 5381; x_wconf 86' lang='lat' dir='ltr'><strong>Id.</strong></span> <span class='ocrx_word' id='word_1_787' title='bbox 778 5326 907 5379; x_wconf 86' lang='lat' dir='ltr'><strong>ibid.</strong></span> <span class='ocrx_word' id='word_1_788' title='bbox 936 5340 1053 5393; x_wconf 87' lang='lat' dir='ltr'><strong>cap.</strong></span> <span class='ocrx_word' id='word_1_789' title='bbox 1098 5325 1146 5377; x_wconf 78' lang='lat' dir='ltr'><strong>l.</strong></span> 
     </span>
    </p>
   </div>
   <div class='ocr_carea' id='block_1_101' title="bbox 546 5395 1169 5467">
    <p class='ocr_par' dir='ltr' id='par_1_101' title="bbox 546 5395 1169 5467">
     <span class='ocr_line' id='line_1_101' title="bbox 546 5395 1169 5467; baseline -0.01 -14"><span class='ocrx_word' id='word_1_790' title='bbox 546 5400 626 5467; x_wconf 81' lang='lat'><strong>(5)</strong></span> <span class='ocrx_word' id='word_1_791' title='bbox 667 5399 743 5453; x_wconf 91' lang='lat' dir='ltr'><strong>ld.</strong></span> <span class='ocrx_word' id='word_1_792' title='bbox 770 5397 899 5452; x_wconf 89' lang='lat' dir='ltr'><strong>ibid.</strong></span> <span class='ocrx_word' id='word_1_793' title='bbox 926 5411 1045 5465; x_wconf 92' lang='lat' dir='ltr'><strong>cap.</strong></span> <span class='ocrx_word' id='word_1_794' title='bbox 1078 5395 1169 5450; x_wconf 75' lang='lat'><strong>29.</strong></span> 
     </span>
    </p>
   </div>
   <div class='ocr_carea' id='block_1_102' title="bbox 547 5468 1907 5542">
    <p class='ocr_par' dir='ltr' id='par_1_102' title="bbox 547 5468 1907 5542">
     <span class='ocr_line' id='line_1_102' title="bbox 547 5468 1907 5542; baseline -0.004 -18"><span class='ocrx_word' id='word_1_795' title='bbox 547 5470 629 5541; x_wconf 71' lang='grc' dir='ltr'><strong>(ί)</strong></span> <span class='ocrx_word' id='word_1_796' title='bbox 674 5470 749 5523; x_wconf 87' lang='lat' dir='ltr'><strong>Id.</strong></span> <span class='ocrx_word' id='word_1_797' title='bbox 778 5468 1178 5542; x_wconf 26' lang='lat' dir='ltr'><strong>ibid._cap.‘5(l.</strong></span> <span class='ocrx_word' id='word_1_798' title='bbox 1255 5536 1285 5542; x_wconf 88' lang='lat'>_</span> <span class='ocrx_word' id='word_1_799' title='bbox 1550 5532 1563 5542; x_wconf 88' lang='lat'><em>_</em></span> <span class='ocrx_word' id='word_1_800' title='bbox 1635 5530 1722 5542; x_wconf 44' lang='grc' dir='ltr'><em>η,</em></span> <span class='ocrx_word' id='word_1_801' title='bbox 1770 5532 1800 5542; x_wconf 17' lang='grc' dir='ltr'><strong>,Α</strong></span> <span class='ocrx_word' id='word_1_802' title='bbox 1877 5528 1907 5542; x_wconf 45' lang='grc' dir='ltr'><strong>ν</strong></span> 
     </span>
    </p>
   </div>
   <div class='ocr_carea' id='block_1_103' title="bbox 547 5528 2069 5620">
    <p class='ocr_par' dir='ltr' id='par_1_103' title="bbox 547 5528 2069 5620">
     <span class='ocr_line' id='line_1_103' title="bbox 547 5528 2069 5620; baseline -0.009 -24"><span class='ocrx_word' id='word_1_803' title='bbox 547 5528 852 5620; x_wconf 59' lang='lat' dir='ltr'><strong>(5}__Pcta_v.</strong></span> <span class='ocrx_word' id='word_1_804' title='bbox 908 5528 1199 5610; x_wconf 73' lang='lat' dir='ltr'><strong>Théologic.</strong></span> <span class='ocrx_word' id='word_1_805' title='bbox 1244 5536 1484 5606; x_wconf 85' lang='lat' dir='ltr'><strong>Dognmt.</strong></span> <span class='ocrx_word' id='word_1_806' title='bbox 1532 5532 1600 5587; x_wconf 87' lang='lat' dir='ltr'><strong>de</strong></span> <span class='ocrx_word' id='word_1_807' title='bbox 1635 5530 1827 5585; x_wconf 88' lang='lat' dir='ltr'><strong>Trinit.</strong></span> <span class='ocrx_word' id='word_1_808' title='bbox 1877 5528 1972 5584; x_wconf 89' lang='lat' dir='ltr'><strong>lib.</strong></span> <span class='ocrx_word' id='word_1_809' title='bbox 2032 5545 2069 5595; x_wconf 82' lang='grc' dir='ltr'><strong>ι,</strong></span> 
     </span>
    </p>
   </div>
   <div class='ocr_carea' id='block_1_104' title="bbox 475 5613 1775 5762">
    <p class='ocr_par' dir='ltr' id='par_1_104' title="bbox 475 5613 1775 5762">
     <span class='ocr_line' id='line_1_104' title="bbox 557 5613 827 5642; baseline -0.011 -22"><span class='ocrx_word' id='word_1_810' title='bbox 557 5613 566 5620; x_wconf 76' lang='grc'>.</span> <span class='ocrx_word' id='word_1_811' title='bbox 632 5614 659 5641; x_wconf 53' lang='grc' dir='ltr'>,υ</span> <span class='ocrx_word' id='word_1_812' title='bbox 800 5613 827 5642; x_wconf 46' lang='grc' dir='ltr'>ν</span> 
     </span>
     <span class='ocr_line' id='line_1_105' title="bbox 475 5630 1775 5762; baseline -0.011 -23"><span class='ocrx_word' id='word_1_813' title='bbox 475 5630 1029 5762; x_wconf 56' lang='lat' dir='ltr'><strong>°&quot;i’i;)°s!.&#39;.g.i’.&#39;_nqa.</strong></span> <span class='ocrx_word' id='word_1_814' title='bbox 1064 5679 1225 5762; x_wconf 49' lang='lat' dir='ltr'><strong>ll.&quot;</strong></span> <span class='ocrx_word' id='word_1_815' title='bbox 1262 5677 1379 5762; x_wconf 53' lang='lat'><strong>1:31;.</strong></span> <span class='ocrx_word' id='word_1_816' title='bbox 1417 5692 1453 5741; x_wconf 88' lang='grc' dir='ltr'><strong>ι,</strong></span> <span class='ocrx_word' id='word_1_817' title='bbox 1486 5691 1604 5762; x_wconf 76' lang='lat' dir='ltr'><strong>pag.</strong></span> <span class='ocrx_word' id='word_1_818' title='bbox 1651 5673 1775 5762; x_wconf 53' lang='lat' dir='ltr'><strong>ire.</strong></span> 
     </span>
    </p>
   </div>
   <div class='ocr_carea' id='block_1_105' title="bbox 553 5745 1784 5827">
    <p class='ocr_par' dir='ltr' id='par_1_105' title="bbox 553 5745 1784 5827">
     <span class='ocr_line' id='line_1_106' title="bbox 553 5745 1784 5827; baseline -0.015 -13"><span class='ocrx_word' id='word_1_819' title='bbox 553 5745 634 5827; x_wconf 66' lang='grc' dir='ltr'><strong>(τέ)</strong></span> <span class='ocrx_word' id='word_1_820' title='bbox 678 5755 813 5827; x_wconf 72' lang='lat' dir='ltr'><strong>nun.</strong></span> <span class='ocrx_word' id='word_1_821' title='bbox 852 5750 1230 5827; x_wconf 78' lang='lat' dir='ltr'><strong>Defem._Fid_.</strong></span> <span class='ocrx_word' id='word_1_822' title='bbox 1271 5747 1476 5827; x_wconf 67' lang='lat' dir='ltr'><strong>Nica&#39;n.</strong></span> <span class='ocrx_word' id='word_1_823' title='bbox 1506 5761 1624 5816; x_wconf 74' lang='lat' dir='ltr'><strong>pag.</strong></span> <span class='ocrx_word' id='word_1_824' title='bbox 1660 5745 1784 5797; x_wconf 71' lang='lat'><strong>154.</strong></span> 
     </span>
    </p>
   </div>
   <div class='ocr_carea' id='block_1_106' title="bbox 556 5814 2071 5898">
    <p class='ocr_par' dir='ltr' id='par_1_106' title="bbox 556 5814 2071 5898">
     <span class='ocr_line' id='line_1_107' title="bbox 556 5814 2071 5898; baseline -0.013 -11"><span class='ocrx_word' id='word_1_825' title='bbox 556 5814 633 5898; x_wconf 63' lang='grc' dir='ltr'><strong>ξε)</strong></span> <span class='ocrx_word' id='word_1_826' title='bbox 678 5826 857 5881; x_wconf 88' lang='lat' dir='ltr'><strong>Petav.</strong></span> <span class='ocrx_word' id='word_1_827' title='bbox 886 5814 947 5881; x_wconf 56' lang='grc' dir='ltr'><strong>ιζ.</strong></span> <span class='ocrx_word' id='word_1_828' title='bbox 991 5842 1038 5882; x_wconf 89' lang='lat' dir='ltr'><strong>c.</strong></span> <span class='ocrx_word' id='word_1_829' title='bbox 1077 5819 1291 5877; x_wconf 66' lang='lat' dir='ltr'><strong>Prtefat.</strong></span> <span class='ocrx_word' id='word_1_830' title='bbox 1341 5819 1393 5874; x_wconf 91' lang='lat' dir='ltr'><strong>in</strong></span> <span class='ocrx_word' id='word_1_831' title='bbox 1423 5814 1551 5874; x_wconf 87' lang='lat' dir='ltr'><strong>tum.</strong></span> <span class='ocrx_word' id='word_1_832' title='bbox 1582 5833 1639 5881; x_wconf 85' lang='grc' dir='ltr'><strong>ιι,</strong></span> <span class='ocrx_word' id='word_1_833' title='bbox 1676 5831 1795 5885; x_wconf 90' lang='lat' dir='ltr'><strong>cap.</strong></span> <span class='ocrx_word' id='word_1_834' title='bbox 1829 5814 1884 5881; x_wconf 82' lang='lat'><strong>5,</strong></span> <span class='ocrx_word' id='word_1_835' title='bbox 1933 5831 1986 5869; x_wconf 93' lang='lat' dir='ltr'><strong>n.</strong></span> <span class='ocrx_word' id='word_1_836' title='bbox 2018 5815 2071 5867; x_wconf 76' lang='lat'><strong>5.</strong></span> 
     </span>
    </p>
   </div>
   <div class='ocr_carea' id='block_1_107' title="bbox 2170 4693 3769 4769">
    <p class='ocr_par' dir='ltr' id='par_1_107' title="bbox 2170 4693 3769 4769">
     <span class='ocr_line' id='line_1_108' title="bbox 2170 4693 3769 4769; baseline 0.001 -20"><span class='ocrx_word' id='word_1_837' title='bbox 2170 4694 2381 4769; x_wconf 84' lang='lat' dir='ltr'><strong>Patrem</strong></span> <span class='ocrx_word' id='word_1_838' title='bbox 2428 4702 2481 4750; x_wconf 90' lang='lat' dir='ltr'><strong>et</strong></span> <span class='ocrx_word' id='word_1_839' title='bbox 2514 4693 2706 4749; x_wconf 87' lang='lat' dir='ltr'><strong>Filium</strong></span> <span class='ocrx_word' id='word_1_840' title='bbox 2758 4710 2923 4749; x_wconf 89' lang='lat' dir='ltr'><strong>unum</strong></span> <span class='ocrx_word' id='word_1_841' title='bbox 2969 4695 3185 4764; x_wconf 89' lang='lat' dir='ltr'><strong>quidem</strong></span> <span class='ocrx_word' id='word_1_842' title='bbox 3235 4709 3356 4749; x_wconf 90' lang='lat' dir='ltr'><strong>esse</strong></span> <span class='ocrx_word' id='word_1_843' title='bbox 3401 4708 3523 4749; x_wconf 90' lang='lat' dir='ltr'><strong>cum</strong></span> <span class='ocrx_word' id='word_1_844' title='bbox 3581 4694 3769 4750; x_wconf 87' lang='lat' dir='ltr'><strong>volun-</strong></span> 
     </span>
    </p>
   </div>
   <div class='ocr_carea' id='block_1_108' title="bbox 2173 4786 3772 4855">
    <p class='ocr_par' dir='ltr' id='par_1_108' title="bbox 2173 4786 3772 4855">
     <span class='ocr_line' id='line_1_109' title="bbox 2173 4786 3772 4855; baseline -0.001 -13"><span class='ocrx_word' id='word_1_845' title='bbox 2173 4789 2297 4843; x_wconf 89' lang='lat' dir='ltr'><strong>tatis</strong></span> <span class='ocrx_word' id='word_1_846' title='bbox 2332 4802 2620 4855; x_wconf 89' lang='lat' dir='ltr'><strong>consensu,</strong></span> <span class='ocrx_word' id='word_1_847' title='bbox 2673 4796 2783 4841; x_wconf 92' lang='lat' dir='ltr'><strong>tum</strong></span> <span class='ocrx_word' id='word_1_848' title='bbox 2836 4788 2996 4842; x_wconf 88' lang='lat' dir='ltr'><strong>etiam</strong></span> <span class='ocrx_word' id='word_1_849' title='bbox 3052 4786 3365 4840; x_wconf 83' lang='lat' dir='ltr'><strong>substantiae</strong></span> <span class='ocrx_word' id='word_1_850' title='bbox 3414 4787 3650 4854; x_wconf 89' lang='lat' dir='ltr'><strong>unitate,</strong></span> <span class='ocrx_word' id='word_1_851' title='bbox 3698 4789 3772 4842; x_wconf 88' lang='lat' dir='ltr'><strong>si-</strong></span> 
     </span>
    </p>
   </div>
   <div class='ocr_carea' id='block_1_109' title="bbox 2170 4878 3767 4952">
    <p class='ocr_par' dir='ltr' id='par_1_109' title="bbox 2170 4878 3767 4952">
     <span class='ocr_line' id='line_1_110' title="bbox 2170 4878 3767 4952; baseline -0.001 -17"><span class='ocrx_word' id='word_1_852' title='bbox 2170 4880 2384 4952; x_wconf 91' lang='lat' dir='ltr'><strong>quidem</strong></span> <span class='ocrx_word' id='word_1_853' title='bbox 2429 4881 2595 4935; x_wconf 86' lang='lat' dir='ltr'><strong>Filius</strong></span> <span class='ocrx_word' id='word_1_854' title='bbox 2621 4894 2685 4934; x_wconf 80' lang='lat' dir='ltr'><strong>ex</strong></span> <span class='ocrx_word' id='word_1_855' title='bbox 2711 4881 2830 4951; x_wconf 84' lang='lat' dir='ltr'><strong>ipso</strong></span> <span class='ocrx_word' id='word_1_856' title='bbox 2876 4888 3112 4949; x_wconf 76' lang='lat' dir='ltr'><strong>paternae</strong></span> <span class='ocrx_word' id='word_1_857' title='bbox 3141 4880 3388 4933; x_wconf 69' lang='lat' dir='ltr'><strong>essentia:</strong></span> <span class='ocrx_word' id='word_1_858' title='bbox 3426 4878 3573 4935; x_wconf 81' lang='lat' dir='ltr'><strong>fonte</strong></span> <span class='ocrx_word' id='word_1_859' title='bbox 3617 4878 3767 4933; x_wconf 89' lang='lat' dir='ltr'><strong>deri—</strong></span> 
     </span>
    </p>
   </div>
   <div class='ocr_carea' id='block_1_110' title="bbox 2174 4972 3776 5042">
    <p class='ocr_par' dir='ltr' id='par_1_110' title="bbox 2174 4972 3776 5042">
     <span class='ocr_line' id='line_1_111' title="bbox 2174 4972 3776 5042; baseline 0 -13"><span class='ocrx_word' id='word_1_860' title='bbox 2174 4984 2367 5042; x_wconf 84' lang='lat' dir='ltr'><strong>vetur;</strong></span> <span class='ocrx_word' id='word_1_861' title='bbox 2424 4974 2523 5031; x_wconf 86' lang='lat' dir='ltr'><strong>sed</strong></span> <span class='ocrx_word' id='word_1_862' title='bbox 2571 4984 2749 5030; x_wconf 90' lang='lat' dir='ltr'><strong>tamen</strong></span> <span class='ocrx_word' id='word_1_863' title='bbox 2793 4974 2928 5029; x_wconf 89' lang='lat' dir='ltr'><strong>duos</strong></span> <span class='ocrx_word' id='word_1_864' title='bbox 2973 4972 3193 5029; x_wconf 92' lang='lat' dir='ltr'><strong>omnino</strong></span> <span class='ocrx_word' id='word_1_865' title='bbox 3244 4989 3365 5030; x_wconf 90' lang='lat' dir='ltr'><strong>esse</strong></span> <span class='ocrx_word' id='word_1_866' title='bbox 3427 4974 3776 5031; x_wconf 89' lang='lat' dir='ltr'><strong>subsistentia</strong></span> 
     </span>
    </p>
   </div>
   <div class='ocr_carea' id='block_1_111' title="bbox 2176 5072 2567 5141">
    <p class='ocr_par' dir='ltr' id='par_1_111' title="bbox 2176 5072 2567 5141">
     <span class='ocr_line' id='line_1_112' title="bbox 2176 5072 2567 5141; baseline -0.005 -15"><span class='ocrx_word' id='word_1_867' title='bbox 2176 5072 2288 5126; x_wconf 89' lang='lat' dir='ltr'><strong>sive</strong></span> <span class='ocrx_word' id='word_1_868' title='bbox 2320 5084 2567 5141; x_wconf 89' lang='lat' dir='ltr'><strong>persona.</strong></span> 
     </span>
    </p>
   </div>
   <div class='ocr_carea' id='block_1_112' title="bbox 2250 5158 3780 5229">
    <p class='ocr_par' dir='ltr' id='par_1_112' title="bbox 2250 5158 3780 5229">
     <span class='ocr_line' id='line_1_113' title="bbox 2250 5158 3780 5229; baseline -0.001 -11"><span class='ocrx_word' id='word_1_869' title='bbox 2250 5164 2515 5218; x_wconf 70' lang='lat' dir='ltr'><strong>Prazterca</strong></span> <span class='ocrx_word' id='word_1_870' title='bbox 2546 5171 2599 5217; x_wconf 86' lang='grc' dir='ltr'><strong>τὸ</strong></span> <span class='ocrx_word' id='word_1_871' title='bbox 2629 5163 2881 5229; x_wconf 70' lang='grc' dir='ltr'><strong>ὁμοούσιον</strong></span> <span class='ocrx_word' id='word_1_872' title='bbox 2910 5159 3027 5214; x_wconf 87' lang='lat' dir='ltr'><strong>Filii</strong></span> <span class='ocrx_word' id='word_1_873' title='bbox 3050 5158 3471 5215; x_wconf 86' lang='lat' dir='ltr'><strong>luculentissime</strong></span> <span class='ocrx_word' id='word_1_874' title='bbox 3495 5160 3780 5217; x_wconf 90' lang='lat' dir='ltr'><strong>conﬁrmat</strong></span> 
     </span>
    </p>
   </div>
   <div class='ocr_carea' id='block_1_113' title="bbox 2176 5255 3779 5328">
    <p class='ocr_par' dir='ltr' id='par_1_113' title="bbox 2176 5255 3779 5328">
     <span class='ocr_line' id='line_1_114' title="bbox 2176 5255 3779 5328; baseline -0.002 -12"><span class='ocrx_word' id='word_1_875' title='bbox 2176 5263 2324 5317; x_wconf 91' lang='lat' dir='ltr'><strong>locus</strong></span> <span class='ocrx_word' id='word_1_876' title='bbox 2367 5276 2433 5315; x_wconf 82' lang='lat' dir='ltr'><strong>ex</strong></span> <span class='ocrx_word' id='word_1_877' title='bbox 2478 5260 2652 5328; x_wconf 89' lang='lat' dir='ltr'><strong>capite</strong></span> <span class='ocrx_word' id='word_1_878' title='bbox 2690 5260 2775 5325; x_wconf 85' lang='lat' dir='ltr'><strong>ll,</strong></span> <span class='ocrx_word' id='word_1_879' title='bbox 2809 5258 2895 5313; x_wconf 91' lang='lat' dir='ltr'><strong>ubi</strong></span> <span class='ocrx_word' id='word_1_880' title='bbox 2938 5256 3007 5312; x_wconf 92' lang='lat' dir='ltr'><strong>de</strong></span> <span class='ocrx_word' id='word_1_881' title='bbox 3056 5265 3282 5327; x_wconf 89' lang='lat' dir='ltr'><strong>utraque</strong></span> <span class='ocrx_word' id='word_1_882' title='bbox 3326 5255 3523 5313; x_wconf 89' lang='lat' dir='ltr'><strong>Christi</strong></span> <span class='ocrx_word' id='word_1_883' title='bbox 3563 5268 3779 5324; x_wconf 80' lang='lat' dir='ltr'><strong>natura,</strong></span> 
     </span>
    </p>
   </div>
   <div class='ocr_carea' id='block_1_114' title="bbox 2176 5348 3781 5421">
    <p class='ocr_par' dir='ltr' id='par_1_114' title="bbox 2176 5348 3781 5421">
     <span class='ocr_line' id='line_1_115' title="bbox 2176 5348 3781 5421; baseline 0 -15"><span class='ocrx_word' id='word_1_884' title='bbox 2176 5352 2355 5406; x_wconf 85' lang='lat' dir='ltr'><strong>divina</strong></span> <span class='ocrx_word' id='word_1_885' title='bbox 2396 5362 2450 5405; x_wconf 91' lang='lat' dir='ltr'><strong>et</strong></span> <span class='ocrx_word' id='word_1_886' title='bbox 2486 5350 2718 5405; x_wconf 91' lang='lat' dir='ltr'><strong>humana</strong></span> <span class='ocrx_word' id='word_1_887' title='bbox 2762 5350 2841 5405; x_wconf 90' lang='lat' dir='ltr'><strong>sic</strong></span> <span class='ocrx_word' id='word_1_888' title='bbox 2881 5348 3211 5405; x_wconf 85' lang='lat' dir='ltr'><strong>Novatianus</strong></span> <span class='ocrx_word' id='word_1_889' title='bbox 3255 5349 3529 5421; x_wconf 89' lang='lat' dir='ltr'><strong>loquitur:</strong></span> <span class='ocrx_word' id='word_1_890' title='bbox 3581 5370 3600 5403; x_wconf 78' lang='grc' dir='ltr'>ι</span> <span class='ocrx_word' id='word_1_891' title='bbox 3646 5352 3781 5406; x_wconf 76' lang='lat' dir='ltr'><strong>&#39;l‘ani</strong></span> 
     </span>
    </p>
   </div>
   <div class='ocr_carea' id='block_1_115' title="bbox 2184 5443 3778 5514">
    <p class='ocr_par' dir='ltr' id='par_1_115' title="bbox 2184 5443 3778 5514">
     <span class='ocr_line' id='line_1_116' title="bbox 2184 5443 3778 5514; baseline 0.002 -18"><span class='ocrx_word' id='word_1_892' title='bbox 2184 5467 2199 5496; x_wconf 84' lang='grc'><em>‹</em></span> <span class='ocrx_word' id='word_1_893' title='bbox 2250 5446 2391 5501; x_wconf 90' lang='lat' dir='ltr'><strong>enim</strong></span> <span class='ocrx_word' id='word_1_894' title='bbox 2432 5444 2707 5514; x_wconf 90' lang='lat' dir='ltr'><strong>Scriptura</strong></span> <span class='ocrx_word' id='word_1_895' title='bbox 2756 5443 2915 5498; x_wconf 90' lang='lat' dir='ltr'><strong>etiam</strong></span> <span class='ocrx_word' id='word_1_896' title='bbox 2954 5443 3121 5498; x_wconf 92' lang='lat' dir='ltr'><strong>Deum</strong></span> <span class='ocrx_word' id='word_1_897' title='bbox 3167 5445 3450 5499; x_wconf 89' lang='lat' dir='ltr'><strong>annuntiat</strong></span> <span class='ocrx_word' id='word_1_898' title='bbox 3479 5443 3778 5511; x_wconf 90' lang='lat' dir='ltr'><strong>Christum,</strong></span> 
     </span>
    </p>
   </div>
   <div class='ocr_carea' id='block_1_116' title="bbox 2177 5534 3778 5607">
    <p class='ocr_par' dir='ltr' id='par_1_116' title="bbox 2177 5534 3778 5607">
     <span class='ocr_line' id='line_1_117' title="bbox 2177 5534 3778 5607; baseline -0.001 -16"><span class='ocrx_word' id='word_1_899' title='bbox 2177 5553 2334 5607; x_wconf 89' lang='lat' dir='ltr'><strong>quam</strong></span> <span class='ocrx_word' id='word_1_900' title='bbox 2377 5538 2535 5592; x_wconf 91' lang='lat' dir='ltr'><strong>etiam</strong></span> <span class='ocrx_word' id='word_1_901' title='bbox 2582 5537 2753 5606; x_wconf 90' lang='lat' dir='ltr'><strong>ipsum</strong></span> <span class='ocrx_word' id='word_1_902' title='bbox 2808 5534 3081 5591; x_wconf 90' lang='lat' dir='ltr'><strong>hominem</strong></span> <span class='ocrx_word' id='word_1_903' title='bbox 3112 5536 3397 5590; x_wconf 90' lang='lat' dir='ltr'><strong>annuntiat</strong></span> <span class='ocrx_word' id='word_1_904' title='bbox 3426 5536 3613 5592; x_wconf 89' lang='lat' dir='ltr'><strong>Deum.</strong></span> <span class='ocrx_word' id='word_1_905' title='bbox 3643 5536 3778 5592; x_wconf 86' lang='lat' dir='ltr'><strong>Tam</strong></span> 
     </span>
    </p>
   </div>
   <div class='ocr_carea' id='block_1_117' title="bbox 2178 5626 3778 5699">
    <p class='ocr_par' dir='ltr' id='par_1_117' title="bbox 2178 5626 3778 5699">
     <span class='ocr_line' id='line_1_118' title="bbox 2178 5626 3778 5699; baseline 0 -16"><span class='ocrx_word' id='word_1_906' title='bbox 2178 5628 2451 5683; x_wconf 89' lang='lat' dir='ltr'><strong>hominem</strong></span> <span class='ocrx_word' id='word_1_907' title='bbox 2483 5626 2669 5682; x_wconf 81' lang='lat' dir='ltr'><strong>Jesum</strong></span> <span class='ocrx_word' id='word_1_908' title='bbox 2700 5642 2859 5699; x_wconf 90' lang='lat' dir='ltr'><strong>quam</strong></span> <span class='ocrx_word' id='word_1_909' title='bbox 2888 5627 3051 5683; x_wconf 87' lang='lat' dir='ltr'><strong>Dettm</strong></span> <span class='ocrx_word' id='word_1_910' title='bbox 3073 5642 3289 5699; x_wconf 90' lang='lat' dir='ltr'><strong>quoque</strong></span> <span class='ocrx_word' id='word_1_911' title='bbox 3315 5628 3597 5697; x_wconf 88' lang='lat' dir='ltr'><strong>descripsit</strong></span> <span class='ocrx_word' id='word_1_912' title='bbox 3621 5628 3778 5684; x_wconf 85' lang='lat' dir='ltr'><strong>Chri—</strong></span> 
     </span>
    </p>
   </div>
   <div class='ocr_carea' id='block_1_118' title="bbox 2177 5719 3781 5787">
    <p class='ocr_par' dir='ltr' id='par_1_118' title="bbox 2177 5719 3781 5787">
     <span class='ocr_line' id='line_1_119' title="bbox 2177 5719 3781 5787; baseline 0 -12"><span class='ocrx_word' id='word_1_913' title='bbox 2177 5731 2316 5775; x_wconf 92' lang='lat' dir='ltr'><strong>stum</strong></span> <span class='ocrx_word' id='word_1_914' title='bbox 2346 5719 2646 5775; x_wconf 89' lang='lat' dir='ltr'><strong>Dominum.</strong></span> <span class='ocrx_word' id='word_1_915' title='bbox 2675 5719 2937 5787; x_wconf 91' lang='lat' dir='ltr'><strong>Quoniam</strong></span> <span class='ocrx_word' id='word_1_916' title='bbox 2958 5734 3055 5774; x_wconf 87' lang='lat' dir='ltr'><strong>nec</strong></span> <span class='ocrx_word' id='word_1_917' title='bbox 3078 5720 3168 5775; x_wconf 88' lang='lat' dir='ltr'><strong>Dei</strong></span> <span class='ocrx_word' id='word_1_918' title='bbox 3190 5728 3392 5773; x_wconf 86' lang='lat' dir='ltr'><strong>tantum</strong></span> <span class='ocrx_word' id='word_1_919' title='bbox 3418 5720 3563 5774; x_wconf 91' lang='lat' dir='ltr'><strong>illum</strong></span> <span class='ocrx_word' id='word_1_920' title='bbox 3588 5719 3781 5776; x_wconf 85' lang='lat' dir='ltr'><strong>Filium</strong></span> 
     </span>
    </p>
   </div>
   <div class='ocr_carea' id='block_1_119' title="bbox 2186 5810 3785 5884">
    <p class='ocr_par' dir='ltr' id='par_1_119' title="bbox 2186 5810 3785 5884">
     <span class='ocr_line' id='line_1_120' title="bbox 2186 5810 3785 5884; baseline 0.002 -17"><span class='ocrx_word' id='word_1_921' title='bbox 2186 5828 2306 5868; x_wconf 80' lang='lat' dir='ltr'><strong>esse</strong></span> <span class='ocrx_word' id='word_1_922' title='bbox 2342 5814 2620 5884; x_wconf 90' lang='lat' dir='ltr'><strong>proponit,</strong></span> <span class='ocrx_word' id='word_1_923' title='bbox 2667 5812 2759 5866; x_wconf 81' lang='lat' dir='ltr'><strong>sed</strong></span> <span class='ocrx_word' id='word_1_924' title='bbox 2802 5820 2852 5865; x_wconf 91' lang='lat' dir='ltr'><strong>et</strong></span> <span class='ocrx_word' id='word_1_925' title='bbox 2886 5810 3153 5879; x_wconf 87' lang='lat' dir='ltr'><strong>hominis;</strong></span> <span class='ocrx_word' id='word_1_926' title='bbox 3190 5825 3289 5867; x_wconf 88' lang='lat' dir='ltr'><strong>nec</strong></span> <span class='ocrx_word' id='word_1_927' title='bbox 3321 5811 3551 5867; x_wconf 87' lang='lat' dir='ltr'><strong>hominis</strong></span> <span class='ocrx_word' id='word_1_928' title='bbox 3580 5822 3785 5870; x_wconf 87' lang='lat' dir='ltr'><strong>tantum</strong></span> 
     </span>
    </p>
   </div>
  </div>
