4250 6224
488 281 595 340 885

1545 280 1634 337 DE
1675 279 1834 337 VlTA
1862 280 1953 338 ET
1995 278 2308 339 SCRIPTIS
2355 279 2753 338 NOVATIANI.

3698 279 3806 337 εει

487 397 641 466 dicit,
672 396 766 453 sed
790 404 845 452 et
858 396 957 453 Dei
982 395 1187 453 referre
1206 396 1487 452 consuevit
1515 413 1528 449 :
1558 395 1766 452 ut‘dum
1784 412 1849 453 ex
1867 407 2093 470 utroque
2120 400 2175 459 Α
2200 396 2505 469 prehendit,
2537 395 2683 467 quod
2727 397 2907 468 capite
2953 396 2987 451 7
3031 396 3236 453 scribat
3274 396 3556 468 sequentia
3590 413 3604 451 :
3640 410 3665 449 ι
3698 396 3808 453 0e-

482 504 592 559 est,
616 501 903 563 utrumque
950 492 1043 560 sit,
1064 507 1155 559 ne,
1175 491 1220 545 si
1252 491 1479 546 alterum
1506 498 1714 547 tantum
1746 492 1832 560 sit,
1859 492 2089 547 alterunt

481 601 608 644 esse
654 600 761 641 non
815 586 1003 656 possit.
1064 584 1135 641 Ut
1180 585 1324 639 enim
1386 583 1716 655 praescripsit
1745 584 1858 654 ipsa
1902 592 2090 639 natura

482 679 759 734 hominem
816 665 1179 742 credendum,
1208 675 1300 747 qui
1339 691 1403 731 ex
1434 674 1653 731 homine
1674 676 1761 741 sit,
1785 675 1856 730 ita
1899 675 2089 731 eadem

483 778 675 824 natura
707 767 1003 838 praseribit
1050 776 1105 823 et
1136 768 1301 822 Deum
1330 767 1656 823 credendum
1714 782 1856 834 esse,
1888 769 1977 839 qui
2023 783 2091 824 ex

485 865 602 919 Deo
650 862 860 919 sitzne
900 864 946 918 si
1001 878 1108 916 non
1150 871 1203 918 et
1239 862 1380 917 Deus
1433 860 1629 926 fuerit,
1685 875 1805 916 cum
1860 878 1927 916 ex
1981 862 2091 917 Deo

483 957 578 1023 sit,
605 954 715 1025 jam
775 968 878 1009 nec
938 953 1102 1008 homo
1154 954 1262 1018 sit,
1331 953 1455 1007 licet
1510 968 1576 1008 ex
1639 952 1859 1007 homine
1902 952 2086 1021 fuerit,

483 1062 539 1105 et
587 1049 642 1103 in
686 1047 949 1102 alterutro
1002 1056 1288 1116 utrumque
1316 1046 1668 1116 periclitetur,
1701 1046 1827 1100 dum
1860 1046 2087 1101 alterum

483 1142 657 1197 altero
700 1139 859 1194 ﬁdem
902 1140 1202 1209 perdidisse
1257 1139 1615 1194 convincitur.
1655 1157 1674 1190 ι
1724 1137 1884 1193 Certe
1933 1153 2088 1194 mens

477 1233 560 1290 illi
587 1243 696 1288 tota
735 1234 945 1303 caligat,
992 1233 1082 1304 qui
1116 1248 1218 1286 non
1265 1232 1405 1286 illico
1429 1231 1705 1302 perspicit,
1741 1230 1889 1286 hisee
1910 1232 2088 1287 verbis

479 1326 821 1397 apertissime
851 1325 1033 1380 doceri
1059 1325 1331 1380 Christum
1359 1322 1581 1394 perinde
1606 1326 1718 1378 Deo
1749 1323 1893 1378 Patri
1919 1329 2087 1392 agone.

479 1444 584 1474 σιον
614 1433 756 1484 esse,
785 1433 887 1489 qua
933 1433 998 1473 ex
1050 1418 1158 1472 Deo
1190 1428 1293 1482 est,
1326 1427 1484 1487 atque
1521 1422 1773 1486 ὁμοοὺσιος
1812 1424 1895 1471 est
1934 1417 2088 1472 nobis

481 1513 811 1577 hominibus,
846 1528 948 1581 qua
984 1528 1049 1567 ex
1080 1511 1298 1567 homine
1317 1522 1440 1577 est;
1478 1526 1652 1582 neque
1680 1511 1861 1565 minus
1897 1528 2085 1569 verum

480 1608 675 1670 Deum,
721 1620 881 1675 quam
914 1620 1100 1660 verum
1130 1603 1411 1658 hominem.
1434 1618 1574 1658 esse.
1632 1602 1900 1657 Cancrum
1942 1604 2086 1661 haud

479 1698 827 1771 injucundum
856 1699 958 1752 erit
984 1698 1292 1761 observare,
1316 1696 1455 1765 quod
1484 1694 1837 1763 Novatiauus,
1864 1700 2083 1767 cap.l'5,

2196 490 2359 562 nique
2388 491 2434 546 si
2461 491 2737 563 acceperis
2763 490 3021 560 Spiritum
3051 491 3408 548 substantiam
3434 492 3555 559 Dei,
3584 502 3808 548 creatu-

2194 599 2308 639 ram
2333 584 2523 639 feceris
2545 584 2737 652 Deum,
2757 585 2936 640 omnis
2955 586 3097 641 enim
3123 585 3355 657 Spiritus
3373 593 3621 643 creatura
3642 597 3745 644 est.
3778 607 3799 641 ι

2195 675 2323 731 Haec
2337 675 2485 733 enim
2518 676 2702 743 verba,
2738 695 2758 729 ‹
2791 678 2969 732 omnis
2993 678 3214 749 spiritus
3240 687 3489 734 creatura
3516 688 3621 748 est,
3652 697 3672 732 ο
3704 680 3808 735 mi-

2196 767 2340 823 nime
2363 767 2626 838 Spiritum
2655 778 2894 824 sanetum
2917 770 3204 842 attingunt.
3248 771 3591 827 Demonstrat
3619 772 3801 828 Nova-

2194 859 2370 914 tianus
2411 860 2579 916 Deum
2609 860 2677 914 ab
2705 862 3013 917 hominibus
3044 864 3187 918 nulla
3219 878 3355 919 voce
3379 864 3650 936 designari
3681 882 3804 936 pos-

2194 967 2274 1018 se,
2304 967 2424 1021 quae
2452 968 2558 1006 non
2576 953 2868 1023 plurimum
2886 954 3185 1011 abcrretab
3206 956 3413 1011 inﬁnita
3439 957 3527 1012 illa
3558 957 3808 1029 Majesta-

2193 1052 2266 1097 te.
2319 1043 2677 1111 Quamobrem
2728 1046 2841 1100 sive
2882 1046 3006 1109 lux,
3044 1048 3162 1103 sive
3212 1050 3459 1119 spiritus,
3502 1050 3621 1106 sive
3670 1052 3807 1123 ignis

2192 1135 2402 1191 dicatur
2421 1179 2434 1201 ,
2488 1136 2618 1191 nihil
2662 1137 2853 1192 horum
2878 1149 3003 1208 apte
3029 1139 3098 1194 de
3124 1139 3253 1205 Deo,
3281 1151 3335 1195 et
3354 1142 3640 1197 commode
3669 1157 3798 1212 pro-

2196 1231 2428 1284 nuntiari
2457 1247 2472 1296 ;
2507 1241 2790 1301 propterea
2841 1233 2983 1303 quod
3013 1244 3067 1287 et
3093 1235 3337 1303 spiritus,
3386 1243 3441 1291 et.
3477 1236 3618 1305 ignis
3646 1251 3803 1292 crea-

2199 1329 2331 1376 tura:
2349 1323 2474 1376 sint.
2511 1342 2530 1375 ι
2566 1323 2710 1388 Hinc,
2744 1325 2935 1396 inquit,
2970 1326 3265 1398 ﬁgurantur
3303 1330 3505 1400 potius,
3530 1344 3692 1399 quam
3731 1331 3804 1387 ita

2192 1426 2338 1471 sunt.
2359 1416 2489 1471 Nam
2513 1418 2635 1472 etin
2660 1417 2838 1473 Veteri
2869 1418 3220 1477 Testamento
3252 1422 3392 1478 Deus
3412 1425 3549 1495 ignis
3582 1424 3800 1491 dicitur;

2191 1519 2249 1565 ut
2277 1512 2542 1580 peccaturi
2574 1512 2770 1582 populo
2805 1521 2977 1567 metus
3007 1514 3318 1580 incutiatur,
3349 1515 3477 1570 dum
3506 1515 3683 1572 Judex
3709 1533 3803 1574 os-

2193 1602 2467 1670 tenditur;
2524 1616 2576 1661 et
2616 1604 2667 1658 in
2708 1603 2859 1659 Novo
2886 1604 3236 1662 Testamento
3265 1610 3483 1676 spiritus
3510 1624 3635 1665 esse
3680 1624 3807 1681 pro-

2193 1696 2381 1764 fertur,
2438 1707 2494 1753 ut
2537 1696 2791 1761 refector,
2835 1707 2889 1755 et
2932 1709 3147 1754 creator
3176 1699 3227 1755 in
3256 1700 3471 1757 delictis
3512 1703 3626 1757 suis
3654 1718 3803 1758 mor-

482 1795 621 1850 sicut
686 1801 740 1847 et
792 1791 983 1862 reliqui
1043 1791 1247 1861 antiqui
1302 1790 1513 1854 Patres,
1553 1791 1753 1857 passim
1798 1804 1897 1858 pro
1944 1790 2081 1845 divi-
2114 1797 2437 1862 Btuornm,
2496 1804 2591 1858 per
2646 1790 2785 1845 hanc
2835 1791 3131 1848 bonitatem
3187 1794 3399 1849 collatae
3455 1795 3807 1855 credentibus

481 1889 651 1945 nitate
675 1887 803 1943 Jesu
846 1886 1048 1941 Citriin
1092 1884 1508 1941 demonstranda
1551 1883 1615 1938 iis
1663 1883 1769 1936 sint
1812 1885 1893 1937 nsi
1947 1883 2084 1939 Novi

483 1980 727 2036 Fosderis
759 1978 1011 2037 textibus,
1053 1992 1131 2031 sc.
1162 1975 1319 2031 Joan.
1356 1992 1395 2041 ι,
1430 1976 1464 2028 5
1505 1984 1558 2029 et
1606 1975 1694 2040 M;
1728 1973 1884 2031 Joan.
1914 1991 1989 2039 ιιι,
2020 1977 2088 2031 l5

484 2081 540 2128 et
569 2073 658 2137 l7;
712 2072 865 2127 Joan.
914 2070 1099 2133 x,‘50;
1133 2085 1225 2135 xx,
1271 2068 1362 2135 9.8;
1421 2067 1580 2122 Rom.
1611 2082 1690 2129 tx;
1724 2066 1789 2121 ad
1835 2066 2083 2135 Galat.t;

481 2164 693 2219 Coloss.
733 2179 769 2230 ι,
818 2173 949 2229 etc.,
999 2176 1132 2232 quos
1187 2161 1481 2216 etiamnum
1520 2169 1575 2215 et
1624 2159 1797 2217 nostri
1825 2160 2088 2232 Tlteologi

484 2258 597 2312 suis
625 2258 678 2311 in
707 2256 1129 2311 institutionibus
1158 2254 1434 2309 adhibent.

557 2349 649 2406 IV.
691 2348 750 2404 ln
799 2350 988 2419 capitis
1034 2349 1104 2405 29
1155 2362 1433 2418 processu,
1486 2345 1814 2402 Novatianus
1842 2363 1934 2403 eas
1962 2348 2087 2418 Spi-

483 2446 819 2503 rituisancto
861 2444 1060 2498 addicit
1098 2444 1320 2498 virtutes
1365 2451 1418 2497 et
1471 2442 1831 2511 operationes,
1878 2456 1996 2511 quae
2034 2442 2088 2497 in

484 2547 792 2595 creaturam
841 2544 1149 2607 competere
1201 2535 1508 2605 neutiquam
1548 2545 1791 2603 possunt.
1838 2536 1913 2589 Ac
1940 2534 2092 2590 deni—

483 2648 590 2702 que
638 2646 805 2703 pr0pe
845 2630 1004 2686 linem
1058 2629 1245 2699 capitis
1264 2628 1438 2684 eidem
1477 2626 1696 2697 Spiritui
1729 2635 1916 2682 sancto
1953 2647 1971 2679 ‹
2010 2628 2092 2683 di-

484 2727 664 2781 vinam
697 2723 1055 2780 azternitatem
1091 2742 1109 2775 ι
1141 2736 1395 2792 expresse
1421 2720 1628 2775 tribuit.
1681 2720 1940 2789 Spiritum
1965 2735 2093 2775 san-

485 2817 765 2885 etum,ubi
821 2816 998 2885 capite
1043 2832 1150 2881 xw,
1187 2815 1258 2870 al.
1304 2829 1454 2880 xxiv,
1495 2812 1758 2868 minorem
1802 2828 1924 2867 esse
1957 2812 2092 2867 Filio

486 2912 646 2977 dicit,
703 2909 892 2966 eodem
940 2909 1096 2979 plane
1138 2908 1298 2963 modo
1341 2905 1766 2977 intelligendum,
1819 2921 1926 2975 quo
1974 2904 2092 2960 Filii

486 3002 1004 3064 Subordinationem,
1046 3000 1111 3054 ad
1157 3000 1374 3055 Patrem
1416 2999 1592 3062 relati,
1636 2997 1896 3068 Tlieologi
1926 2998 2093 3051 inter-

484 3094 870 3166 pretantur,ita
889 3092 1440 3163 scilicet,utSpiritus
1468 3101 1687 3146 sanctus
1715 3090 1926 3144 dicatur
1955 3088 2092 3143 Filio

2193 1881 2559 1953 indulgentia,
2615 1883 3023 1953 comprobetur.
3065 1904 3084 1937 ι
3121 1882 3223 1941 Ubi
3269 1886 3457 1952 vides,
3511 1905 3532 1939 ι
3571 1884 3710 1958 ignis
3755 1899 3809 1947 et

2192 1974 2414 2043 Spiritus
2454 1993 2472 2026 ι
2506 1975 2901 2044 appellationes
2932 1975 3233 2033 Noratiano
3275 1994 3304 2032 a
3347 1978 3514 2034 rebus
3555 1981 3809 2035 materia-

2192 2064 2333 2119 libus
2379 2065 2664 2120 translatas
2706 2065 2911 2131 videri;
2959 2081 3062 2122 nec
3114 2083 3236 2123 eum
3281 2068 3349 2122 de
3379 2068 3579 2138 Spiritu
3614 2080 3808 2126 sancto

2191 2157 2391 2212 dictum
2425 2158 2690 2226 voluisse,
2722 2160 2865 2231 quod
2898 2179 2917 2211 ‹
2948 2176 3167 2217 omnem
3199 2163 3452 2233 Spiritum
3491 2183 3509 2215 ι
3543 2165 3618 2218 ait
3645 2179 3803 2221 crea-

2196 2260 2372 2306 turam
2397 2266 2539 2307 cs~e.
2570 2251 2699 2306 llaec
2729 2252 2980 2310 Maranus
3011 2253 3115 2329 (Ξ).

2266 2346 2520 2412 Queritur
2556 2346 2680 2402 dein
2732 2347 3022 2414 Pamelius,
3069 2346 3450 2412 Novatianutn,
3483 2354 3657 2421 capite
3711 2351 3806 2421 50,

2197 2439 2456 2511 Spiritum
2499 2449 2741 2495 sanctum
2791 2458 2897 2495 non
2943 2441 3221 2512 appellare
3264 2442 3467 2510 Deum,
3498 2458 3597 2498 nec
3645 2443 3810 2498 ullam

2196 2532 2527 2587 mentionem
2558 2533 2675 2602 ejus
2705 2532 2906 2601 facere,
2936 2548 3057 2588 cum
3088 2533 3301 2590 Patrem
3326 2544 3379 2590 et
3421 2534 3618 2590 Filium
3644 2552 3807 2592 unum

2195 2642 2317 2683 esse
2352 2628 2542 2696 Deum,
2574 2627 2741 2682 hocce
2767 2629 2819 2683 in
2862 2629 3037 2699 capite
3071 2638 3260 2683 auctor
3288 2629 3643 2685 demonstrat.
3677 2631 3812 2688 San-

2195 2731 2339 2775 ctum
2363 2721 2579 2791 quidem
2605 2720 2864 2789 Spiritum
2893 2720 3212 2776 nominatim
3242 2735 3348 2775 non
3374 2722 3615 2792 appellat
3642 2724 3812 2780 Deum

2194 2809 2527 2867 Novatianus
2562 2811 2707 2867 :Sed
2759 2811 2829 2866 de
2885 2811 3025 2866 illius
3076 2831 3095 2863 ‹
3149 2813 3326 2867 divina
3367 2815 3668 2871 aeternitate
3700 2834 3719 2867 ι
3757 2817 3811 2872 in

2196 2907 2372 2974 capite
2422 2905 2759 2974 praecedente
2807 2922 2911 2961 non
2958 2905 3102 2970 silet,
3136 2916 3189 2960 ct
3243 2906 3411 2962 Deum
3460 2924 3584 2964 esse
3630 2910 3812 2965 multis

2196 2998 2524 3070 argumentis
2581 3000 2792 3070 probat.
2850 2997 2989 3066 Quid
3035 2999 3178 3053 enim
3223 3000 3271 3055 ei
3322 3000 3662 3071 propositum
3690 3013 3811 3073 est,

2198 3107 2319 3146 cum
2352 3090 2532 3146 divina
2581 3092 2725 3147 illius
2766 3093 3025 3145 attributa
3071 3090 3350 3160 defendit;
3402 3093 3505 3148 nisi
3538 3104 3599 3149 ut
3621 3096 3815 3165 probet

483 3190 661 3243 minor
692 3201 797 3240 non
827 3196 1050 3250 naturae,
1082 3185 1175 3241 sed
1199 3184 1421 3255 originis
1451 3193 1721 3253 respectu,
1745 3182 1869 3252 quia
1896 3195 2092 3250 nempe
2120 3196 2163 3259 ρ
2196 3184 2340 3255 quod
2384 3200 2444 3240 se
2484 3185 2834 3256 probaturum
2886 3186 3231 3255 promiserat,
3286 3201 3482 3256 nempe
3530 3198 3808 3258 oportere,

482 3298 511 3337 a
540 3283 696 3337 Patre
719 3296 812 3351 per
829 3279 1019 3335 Filium
1042 3279 1345 3342 deducitur,
1377 3287 1434 3332 ut
1450 3278 1685 3345 loquitur
1700 3275 2087 3339 Tertullianus,

485 3375 605 3430 adv.
637 3373 899 3429 Praxeam
923 3414 936 3439 ,
966 3387 1086 3442 cap.
1131 3374 1186 3439 4,
1220 3386 1283 3425 ac
1322 3370 1547 3440 proinde
1575 3384 1670 3427 sua
1720 3368 1898 3422 omnia
1928 3383 1958 3422 ιι
1992 3368 2090 3420 Pa-

486 3482 566 3528 tre
595 3488 690 3543 pcr
718 3471 909 3526 Filium
938 3471 1147 3541 accipit,
1180 3479 1236 3525 ut
1259 3469 1388 3524 dicit
1408 3467 1739 3523 Novatianus
1770 3465 1873 3540 (l).

557 3566 847 3621 Levissima
879 3572 1024 3632 sunt,
1075 3579 1194 3634 qua:
1245 3561 1513 3619 Pamelius
1558 3562 1610 3615 in
1658 3559 1962 3615 Novatiano
2002 3572 2091 3613 re-

552 3722 632 3793 (l)
673 3721 751 3776 Ex
774 3720 1052 3793 Novatiani
1080 3719 1379 3793 principiis,
1404 3719 1497 3789 qui
1526 3718 1719 3775 Filium
1767 3729 2034 3789 quatenus
2057 3733 2085 3772 a

479 3794 642 3850 Patre
667 3793 903 3862 genitus,
941 3792 1085 3846 Patri
1116 3792 1376 3862 aequalem
1403 3800 1578 3860 negat,
1613 3801 1796 3858 aptum
1825 3802 1940 3846 erat
1972 3808 2088 3843 om-

476 3866 608 3918 nino
654 3875 708 3917 et
762 3878 1121 3932 consequens,
1178 3874 1234 3917 ut
1269 3863 1528 3929 Spiritum
1569 3871 1848 3925 sanctum,
1894 3862 1981 3929 qni
2019 3878 2085 3916 ex

475 3937 638 3991 Patre
688 3933 932 4005 Filioque
971 3933 1231 4001 procedit,
1262 3944 1490 4001 utroque
1537 3934 1800 4005 minorem
1828 3947 1949 3988 esse
1974 3945 2084 3987 sta-

471 4016 671 4061 tueret.
699 4006 809 4062 Nec
836 4004 1005 4075 magis
1031 4005 1098 4060 de
1137 4006 1369 4075 Spiritus
1398 4005 1565 4059 saneti
1594 4004 1871 4059 divinitate
1901 4006 2084 4059 detra-

475 4079 576 4141 hit,
609 4094 729 4133 cum
763 4093 883 4131 eum
926 4081 1026 4131 hoc
1053 4092 1215 4133 sensu
1256 4076 1516 4147 aequalem
1549 4076 1685 4133 Filio
1713 4087 1889 4144 negat,
1923 4092 2084 4145 quam

473 4149 544 4204 de
573 4148 714 4215 Filii,
748 4164 867 4204 cum
900 4164 1021 4209 eum
1052 4148 1199 4203 Patri
1232 4146 1467 4215 sulijicit,
1515 4157 1569 4201 ιιι
1617 4146 1838 4214 originis
1887 4149 2086 4215 princi-

471 4222 585 4291 pio,
637 4236 667 4274 a
711 4236 815 4290 quo
868 4230 1033 4273 totam
1084 4220 1377 4274 divinitatis
1431 4219 1809 4273 auctoritatem
1850 4223 2081 4289 acoepit.

475 4292 612 4360 Quin
640 4293 800 4345 etiam
828 4291 1077 4344 divinitas
1105 4291 1335 4360 Spiritus
1357 4291 1531 4344 sancti
1564 4305 1666 4344 non
1701 4291 1890 4345 leviter
1934 4306 2083 4346 com-

470 4363 759 4417 mendatur
788 4362 892 4417 hoc
924 4364 1062 4418 loco.
1104 4362 1236 4417 Nam
1265 4363 1309 4417 si
1337 4362 1566 4431 Spiritus
1595 4371 1812 4415 sanctus
1837 4371 2082 4418 creatura

470 4446 652 4498 esset;
706 4434 756 4489 id
792 4450 902 4488 non
952 4432 1124 4503 majus
1177 4444 1323 4489 esset
1366 4441 1741 4501 argumentum
1788 4432 2084 4490 Divinitatis

468 4503 709 4569 Christi,
766 4520 925 4574 quam
958 4504 1099 4575 quod
1151 4514 1363 4559 cmterze
1410 4520 1500 4559 res
1546 4514 1740 4558 creatae
1774 4505 1842 4558 ab
1889 4506 2081 4560 eodem

2206 3298 2223 3329 ι
2260 3278 2484 3335 credere
2508 3281 2671 3334 etiam
2700 3281 2751 3334 in
2808 3279 3067 3351 Spiritum
3113 3288 3382 3343 sanctum,
3424 3301 3443 3333 ι
3476 3296 3539 3336 ac
3587 3283 3812 3353 proinde

2199 3388 2321 3430 eum
2378 3390 2544 3428 unum
2586 3389 2710 3430 esse
2739 3389 2860 3428 eum
2907 3374 3062 3427 Patre
3106 3383 3157 3430 et
3215 3372 3354 3429 Filio
3384 3373 3595 3429 Deum?
3656 3376 3810 3432 Unde

2196 3470 2357 3523 etiam
2411 3478 2691 3540 postquam
2738 3484 2800 3523 ea
2848 3468 3241 3538 absolvil,quae
3269 3469 3338 3525 de
3376 3469 3569 3539 Spiritu
3616 3481 3804 3525 sancto

2197 3560 2378 3617 dicere
2404 3561 2688 3628 statuerat,
2722 3563 2800 3617 sic
2830 3560 2985 3616 initio
3009 3561 3165 3632 hujus
3192 3562 3386 3632 capitis
3418 3562 3798 3617 tresPersonas

2196 3654 2470 3725 conjungit
2502 3671 2515 3707 :
2553 3673 2571 3705 ι
2607 3654 2676 3709 Ει
2718 3655 2833 3708 haec
2859 3652 3075 3723 quidem
3102 3654 3171 3709 de
3199 3653 3359 3711 Patre
3386 3666 3441 3708 et
3462 3653 3617 3720 Filio,
3647 3665 3701 3710 et
3731 3656 3801 3713 de

2194 3747 2397 3817 Spiritu
2420 3756 2607 3799 sancto
2630 3746 3029 3801 breviternobis
3045 3745 3367 3801 sintdicta.»
3390 3749 3541 3814 Quod
3562 3749 3605 3802 si
3628 3756 3807 3806 tacere

2193 3839 2260 3895 de
2289 3840 2494 3909 Spiritu
2528 3848 2716 3895 sancto
2767 3839 2976 3893 videtur
3017 3837 3374 3907 Novatianus,
3426 3840 3553 3895 dum
3589 3842 3805 3898 Patrem

2192 3942 2249 3989 ct
2279 3933 2471 3988 Flllllm
2502 3949 2607 3988 nou
2639 3934 2776 3989 duos
2807 3948 2928 3989 esse
2968 3933 3136 4000 Deos,
3171 3934 3265 3988 sed
3307 3950 3473 3988 unum
3525 3936 3805 4002 ostendit;

2192 4043 2299 4081 non
2350 4025 2568 4081 aliunde
2621 4026 2910 4096 quiereuda
2956 4025 3111 4096 hujus
3167 4028 3243 4081 rei
3270 4042 3456 4094 causa,
3513 4030 3618 4085 nisi
3662 4030 3805 4100 quod

2191 4123 2245 4177 in
2296 4121 2588 4177 evertenda
2620 4121 2737 4175 Filii
2762 4121 3041 4177 divinitate
3069 4122 3248 4176 omnis
3296 4120 3681 4203 hereticorum
3712 4139 3804 4179 eo-

2190 4227 2348 4272 natus
2403 4216 2736 4272 versabatur.
2793 4214 2925 4271 Nam
2958 4217 3001 4271 si
3034 4216 3203 4271 semel
3248 4215 3565 4285 probassent
3608 4217 3803 4273 Filium

2190 4324 2295 4364 non
2324 4324 2446 4364 esse
2474 4325 2635 4363 unum
2665 4324 2786 4363 cum
2822 4308 2978 4362 Patre
3009 4307 3175 4361 Deum
3200 4322 3214 4374 ;
3249 4308 3437 4363 eadem
3467 4324 3633 4380 opera
3675 4311 3801 4381 Spi-

2188 4400 2348 4455 ritum
2376 4411 2619 4456 sanctnm
2650 4416 2677 4454 a
2731 4401 2929 4455 divinae
2955 4407 3162 4455 natura:
3206 4403 3483 4455 consortio
3508 4401 3803 4457 dissocias-

2186 4503 2327 4548 scut.
2390 4494 2480 4549 Sic
2506 4494 2667 4549 etiam
2716 4494 2887 4549 semel
2915 4492 3311 4560 demonstrato,
3355 4494 3571 4550 Patrem
3605 4507 3659 4551 et
3699 4496 3792 4552 Fi-

467 4577 719 4659 accipenre
747 4576 1048 4659 dicuntur."
1075 4576 1274 4658 Deinde
1309 4590 1438 4631 vero
1489 4575 1629 4644 quod
1661 4575 1809 4630 addit
1834 4575 2082 4659 Novatia-

2193 4587 2319 4642 lium
2350 4607 2369 4640 ι
2407 4604 2501 4658 per
2531 4588 2847 4643 substantiae
2876 4588 3336 4653 communionem,
3382 4608 3400 4639 ι
3436 4599 3493 4644 ιιι
3514 4589 3591 4644 ait
3622 4590 3800 4645 Nova-

465 4662 591 4708 nus,
639 4648 910 4703 Christum
957 4664 986 4702 a
1014 4647 1217 4715 Spiritu
1263 4657 1454 4703 sancto
1491 4657 1836 4712 accepturum
1890 4647 2074 4714 fuisse,

463 4718 511 4773 si
535 4718 698 4792 homo
727 4728 928 4792 tantum
955 4729 1249 4792 esset,ant
1306 4721 1545 4790 Angelus
1601 4720 1900 4792 (Augelum
1933 4721 2075 4776 enim

463 4804 587 4844 esse
621 4788 922 4843 fatebantur
964 4790 1262 4861 luerctici),
1297 4788 1472 4846 nonne
1508 4788 1824 4861 argumento
1852 4801 1953 4857 est,
1988 4807 2075 4846 res

462 4876 655 4916 omnes
680 4871 911 4926 creatas,
945 4861 989 4914 si
1040 4864 1201 4917 modo
1231 4862 1438 4917 ratione
1480 4871 1721 4928 utantur,
1766 4878 1831 4917 ex
1872 4862 2072 4933 Spiritu

460 4944 691 4997 sancto,
726 4941 786 5004 ut
824 4934 1085 5004 Auctore
1121 4934 1443 4998 sanctitatis,
1494 4933 1752 5004 pendere.
1801 4935 2067 4999 Maranus,

457 5004 677 5059 unum.
708 5002 775 5058 υ.
808 5002 879 5058 N.
915 5003 972 5060 ι.
1007 5002 1067 5059 e.
1095 5005 1189 5061 lib.
1230 5020 1457 5078 1V,Cnp.
1497 5002 1596 5075 '19,
1635 5004 1748 5077 gs,
1797 5022 1920 5080 pag.
1962 5007 2068 5065 διο

463 5084 522 5131 et
546 5091 698 5149 seqq.

2185 4677 2382 4747 tianus,
2417 4695 2583 4734 unum
2624 4694 2748 4734 esse
2776 4680 2941 4735 Deum
2975 4695 2990 4743 ;
3022 4695 3129 4734 non
3160 4679 3268 4750 jam
3315 4691 3599 4752 supererat
3641 4680 3800 4736 dubi-

2180 4774 2326 4829 tandi
2352 4774 2525 4840 locus,
2552 4773 2679 4845 quin
2710 4773 2940 4842 Spiritus
2975 4773 3147 4829 sancti
3177 4772 3430 4830 divinitas
3454 4789 3794 4845 nequaquam

2180 4876 2290 4926 tres
2318 4870 2458 4925 Deos
2487 4868 2726 4927 efﬁceret
2751 4867 2852 4943 (5).

2273 5004 2333 5060 Ξ)
2372 5005 2576 5060 Marau.
2622 5005 2727 5059 loc.
2756 5004 2852 5059 cit.

2273 5004 2307 5058 Ξ
2372 5005 2576 5060 Marau.
2622 5005 2727 5059 loc.
2756 5004 2852 5059 cit.

2246 5004 2333 5151 {5;
2366 5077 2567 5135 Maran.
2602 5076 2818 5135 Divinit.
2845 5074 2914 5133 ι).
2951 5073 3023 5133 Ν.
3056 5072 3111 5129 l.
3146 5074 3206 5130 (ἰ.
3240 5073 3343 5166 lib.
3373 5074 3467 5131 cit.
3498 5088 3622 5146 pag.
3661 5072 3791 5132 521.
