4250 6224
555 244 658 298 887

2001 231 2374 290 NOVATIANI

3766 238 3867 292 888

550 360 837 414 circumire
871 369 1038 414 totum
1068 355 1248 412 mundi
1282 354 1540 410 ambitum
1579 353 1763 419 voluit,
1796 354 2028 408 humano
2055 366 2147 422 ge-
2177 359 2227 418 Α
2251 348 2529 415 debuerat,
2562 362 2628 402 ne
2650 348 3064 420 ineongruenter
3092 349 3184 405 Dei
3205 349 3381 422 imago
3408 354 3639 408 serviret
3666 364 3756 410 :et
3785 356 3868 412 lex

553 453 666 506 neri
695 449 845 521 (Gen.
878 467 914 514 l,
941 451 1030 521 M)
1054 449 1194 516 dies,
1220 462 1453 513 menses,
1478 461 1669 512 annos,
1694 447 1864 517 signa.
1890 453 2152 514 tempora,

551 544 921 612 utilitatesquc
947 540 1170 595 factura.
1197 539 1254 594 lu
1287 540 1444 595 terris
1465 553 1678 608 quoque
1693 538 1982 592 altissimos
2004 551 2155 589 mon-

553 647 636 692 tes
666 637 716 690 in
750 637 1004 690 verticem
1029 635 1262 696 sustulit,
1291 633 1456 687 valles
1487 632 1538 685 in
1569 633 1672 685 ima
1695 630 1910 700 dejecit,
1936 643 2156 698 campos

553 730 832 801 aequaliter
862 729 1070 792 stravit,
1107 727 1415 782 animalium
1466 742 1654 797 greges
1684 725 1748 780 ad
1779 726 1952 779 varias
1982 723 2153 778 homi-

549 839 676 876 num
706 823 993 876 scrvitntes
1023 820 1226 875 utiliter
1253 819 1501 874 iustitttit.
1529 818 1794 874 Silvarum
1823 831 2036 889 quoque
2061 831 2152 870 ro-

546 915 676 970 bora
724 913 975 968 humanis
1019 912 1202 967 usibus
1244 912 1520 983 profutura
1567 910 1855 974 solidavit,
1892 911 2070 980 fruges
2099 908 2150 962 iu

547 1009 723 1063 cibum
756 1008 959 1073 elicuit,
991 1008 1218 1061 fontium
1241 1022 1334 1061 ora
1366 1007 1626 1060 reseravit
1652 1047 1665 1070 ,
1699 1017 1754 1060 et
1786 1004 2018 1071 lapsuris
2041 1002 2147 1058 ﬂu-

551 1102 781 1157 minibus
807 1101 1019 1154 infudit.
1048 1101 1169 1156 Post
1188 1115 1330 1171 qu:e,
1359 1102 1374 1130 ι
1396 1115 1461 1154 ne
1486 1115 1588 1154 non
1615 1100 1775 1154 etiam
1798 1099 2152 1168 ipsisquoque

546 1195 756 1249 deliciis
779 1204 1125 1264 procurasset
1151 1193 1447 1256 oculorum,
1475 1193 1636 1247 variis
1659 1193 1852 1246 florum
1877 1191 2151 1246 coloribus

545 1289 611 1342 ad
642 1289 967 1357 voluptatem
1015 1288 1368 1357 spectantium
1422 1295 1613 1339 cuncta
1643 1285 1876 1340 vestivit.
1927 1284 1983 1338 In
2033 1283 2151 1354 ipso

544 1397 759 1451 quoque
792 1381 922 1434 mari
949 1423 960 1445 ,
997 1381 1240 1447 quamvis
1271 1387 1417 1434 esset
1446 1389 1498 1433 et
1527 1377 1893 1448 magnitudine
1924 1387 1978 1432 et
2006 1378 2151 1432 utili-

547 1482 655 1526 tate
686 1472 950 1537 mirabile,
985 1470 1301 1541 multimoda
1331 1470 1614 1534 animalia,
1649 1485 1790 1524 nunc
1820 1469 2110 1525 mediocris
2131 1510 2148 1535 ,

549 1580 689 1618 nunc
721 1565 853 1617 vasti
887 1565 1131 1633 corporis
1164 1563 1334 1625 ﬁnxit,
1365 1563 1636 1632 ingenium
1660 1561 1880 1616 artificis
1902 1561 1970 1616 de
1998 1561 2152 1616 insti-

548 1657 770 1711 tutionis
789 1658 1048 1712 varietate
1080 1659 1347 1712 testantia.
1379 1655 1583 1723 Quibus
1612 1670 1714 1710 non
1739 1663 2048 1722 Contentus,
2082 1669 2150 1709 ne

2259 443 2523 510 addenda,
2557 459 2624 498 ne
2649 459 2818 514 usque
2843 444 2908 498 ad
2938 455 3304 515 contemptum
3336 445 3514 500 dantis
3534 447 3758 503 libertas
3786 450 3868 507 ef-

2261 535 2479 592 fraanata
2495 557 2498 560 ‘
2515 547 2888 607 prorumperet
2912 556 2925 592 :
2951 539 2972 568 ⁵
2989 551 3045 593 ut
3074 548 3127 592 et
3154 539 3374 609 prauuia
3390 539 3657 610 condigna
3670 551 3725 596 et
3753 558 3868 599 me~

2259 630 2361 684 rita
2393 643 2674 699 poenarum
2699 639 3096 701 consequenter
3124 630 3418 702 exciperet,
3450 646 3607 687 suum
3633 633 3746 704 jam
3775 636 3870 692 ha-

2258 723 2391 778 bens
2419 723 2547 777 illud
2572 765 2586 787 ,
2618 723 2759 794 quod
2793 733 2938 778 motu
2982 725 3180 780 mentis
3218 726 3270 779 in
3315 726 3628 781 alterutram
3660 739 3863 800 partem

2257 817 2460 887 agitare
2490 815 2752 871 voluisset
2778 836 2791 872 :
2815 833 2880 872 ex
2904 833 3010 888 quo
3039 818 3396 886 “mortalitas,
3418 818 3618 875 invidia
3648 824 3830 894 utique
3849 866 3864 890 ,

2256 909 2308 962 in
2340 909 2512 976 ipsum
2560 909 2728 975 redit;
2755 911 2842 978 qui
2883 925 3005 964 cum
3050 910 3194 966 illam
3223 910 3291 966 de
3334 912 3639 968 obedientia
3686 926 3867 985 posset

2255 1005 2503 1068 evadere.
2539 1006 2592 1060 in
2629 1006 2878 1062 eamdem
2923 1007 3184 1070 incurrit,
3216 1007 3342 1061 dum
3382 1023 3446 1061 ex
3477 1008 3707 1064 consilio
3736 1025 3865 1080 per-

2257 1115 2416 1155 verso
2461 1101 2480 1170 (
2504 1099 2630 1155 Gen.
2662 1116 2740 1165 tu,
2769 1101 2836 1169 5)
2865 1101 3006 1156 Deus
3047 1115 3169 1157 esse
3210 1101 3463 1155 festinat:
3491 1102 3642 1171 cujus
3686 1113 3863 1160 tamen

2255 1207 2468 1264 ptenam
2492 1193 2844 1247 nihilominus
2866 1193 3204 1264 indulgenter
3221 1195 3239 1224 ⁷
3257 1195 3594 1262 temperavit,
3613 1193 3736 1249 dum
3752 1211 3864 1251 nou

2255 1295 2361 1340 tam
2393 1288 2528 1356 ipse,
2562 1301 2721 1356 quam
2756 1286 2967 1340 labores
2993 1286 3110 1354 ejus
3138 1285 3536 1341 maledicuntur
3561 1301 3723 1357 super
3757 1296 3865 1343 ter-

2254 1394 2388 1433 ram.
2415 1377 2549 1432 Nam
2580 1387 2633 1432 et
2669 1377 2810 1447 quod
2839 1380 3146 1448 requiritur,
3183 1393 3288 1433 non
3319 1395 3385 1434 ex
3417 1380 3717 1450 ignorantia
3750 1397 3851 1436 ve-

2253 1472 2354 1536 nit,
2374 1470 2470 1526 sed
2492 1485 2642 1541 spem
2658 1469 2890 1524 hominis
2914 1471 3104 1525 futura:
3129 1473 3178 1524 in
3195 1471 3409 1526 Christo
3430 1482 3484 1526 et
3508 1476 3528 1503 ⁸
3543 1473 3866 1528 inventionis

2253 1574 2306 1620 et
2345 1564 2533 1619 salutis
2571 1565 2845 1620 ostendit:
2873 1573 2929 1618 et
2956 1563 3098 1634 quod
3131 1562 3292 1636 (Ibid.
3326 1563 3416 1630 22,
3451 1564 3542 1630 25,
3573 1565 3665 1635 24)
3698 1581 3768 1621 ne
3799 1565 3866 1621 de

2254 1655 2398 1726 ligno
2428 1655 2638 1710 arboris
2679 1658 2801 1709 vitze
2838 1656 3114 1725 contingat
3141 1665 3380 1718 arcetur,
3415 1672 3522 1710 non
3559 1655 3628 1711 de
3652 1657 3867 1729 invidize

543 1751 682 1804 forte
715 1747 958 1803 fremitus
985 1759 1034 1802 et
1063 1763 1252 1802 cursus
1273 1764 1554 1818 aquarum,
1575 1763 1694 1801 cum
1715 1747 1997 1817 dispendio
2026 1761 2147 1817 pos-
2179 1762 2226 1820 Β
2255 1749 2490 1819 maligno
2522 1748 2690 1803 livore
2716 1747 3026 1812 descendit,
3057 1746 3152 1801 sed
3182 1763 3248 1801 ne
3277 1747 3460 1802 vivens
3492 1747 3544 1802 in
3575 1757 3861 1814 internum,

543 1843 771 1896 sessoris
804 1841 1048 1906 humani,
1075 1841 1309 1895 alienum
1333 1849 1619 1910 occuparet
1640 1840 1987 1903 elementum,
2012 1839 2148 1894 ﬁnes

543 1935 812 1990 littoribus
836 1935 1047 1989 inclusit
1076 1953 1089 1988 :
1119 1950 1226 2003 qtto
1247 1949 1366 1988 cum
1390 1933 1627 1990 fremens
1655 1932 1846 1988 ﬂuctus
1870 1945 1923 1989 et
1950 1949 2016 1989 ex
2038 1934 2148 1988 alto

541 2030 664 2083 sinu
695 2043 950 2097 sptnnans
992 2028 1130 2082 unda
1162 2028 1434 2092 venisset,
1470 2044 1680 2082 rursum
1715 2029 1767 2082 in
1808 2044 1866 2083 se
1905 2028 2143 2092 rediret,

542 2136 640 2174 nec
670 2119 927 2174 terminos
951 2133 1241 2174 conceSSus
1271 2117 1578 2184 excederet,
1613 2119 1973 2189 servansjura
2005 2135 2142 2190 pra:-

539 2213 738 2282 scripta
765 2229 776 2264 :
801 2221 859 2266 ut
889 2211 1103 2266 divinas
1144 2211 1288 2281 leges
1319 2221 1466 2265 tanto
1495 2211 1663 2281 magis
1702 2211 1863 2267 homo
1893 2212 2146 2266 custodi-

539 2316 644 2372 ret,
673 2318 874 2377 quanto
899 2307 1015 2360 illas
1037 2305 1196 2360 etiam
1220 2307 1487 2361 elementa
1519 2315 1844 2360 servassent.
1878 2305 2002 2361 Post
2024 2322 2145 2376 quae

541 2399 814 2454 hominem
849 2415 1060 2470 qttoque
1092 2398 1292 2452 mundo
1325 2399 1641 2469 pl‘ftBDOSUil,
1661 2408 1713 2453 et
1743 2399 1960 2468 quidem
1987 2398 2139 2471 (Gen.

534 2507 576 2555 ι.
606 2492 699 2562 27)
728 2491 795 2545 ad
826 2491 1110 2561 imaginem
1146 2491 1237 2545 Dei
1267 2491 1460 2546 factum
1487 2509 1498 2545 :
1524 2493 1606 2544 cui
1639 2502 1871 2545 tuentem
1903 2501 1955 2546 et
1982 2494 2144 2547 ratio-

534 2598 660 2638 nem
694 2583 881 2638 indidit
909 2593 961 2638 et
989 2583 1347 2654 prudentiam,
1384 2592 1438 2636 ιιι
1471 2582 1638 2637 Deum
1673 2593 1854 2652 posset
1903 2583 2097 2637 itnitari
2127 2603 2138 2639 :

537 2682 557 2709 ³
573 2679 724 2748 cujus
741 2679 841 2732 etsi
861 2679 1106 2750 corporis
1135 2689 1343 2732 terrena
1365 2677 1674 2747 primordia,
1695 2678 1932 2733 caelestis
1962 2687 2139 2734 tamen

534 2781 589 2824 et
637 2771 800 2825 divini
854 2771 1049 2826 halitus
1091 2771 1345 2840 inspirata
1377 2771 1676 2825 substantia
1713 2771 1951 2839 :3quem
1977 2787 2138 2841 qutun

536 2865 686 2937 (Gen.
724 2883 762 2930 ι,
793 2865 880 2933 28)
909 2866 1085 2918 omnia
1118 2865 1171 2918 in
1202 2865 1512 2919 servitutem
1543 2863 1616 2917 illi
1649 2862 1888 2918 dedisset
1918 2907 1933 2930 ,
1964 2864 2137 2918 solum

534 2959 762 3014 liberum
793 2974 915 3014 esse
947 2959 1135 3013 voluit.
1163 2957 1229 3012 Et
1259 2974 1325 3012 ne
1357 2959 1407 3011 in
1444 2958 1736 3027 periculum
1765 2957 1985 3012 caderet
2015 2974 2136 3013 rur-

533 3066 650 3104 sum
681 3051 854 3105 Soluta
884 3050 1105 3105 libertas
1137 3049 1290 3123 (Gen.
1320 3065 1379 3116 ll,
1415 3047 1506 3121 17)
1530 3094 1542 3115 ,
1582 3049 1892 3104 mandatum
1925 3052 2133 3120 posuit,

2254 1842 2355 1897 nisi
2384 1852 2598 1912 peccata
2625 1841 2868 1896 Christus
2895 1849 3020 1896 ante
3044 1844 3064 1873 9
3087 1841 3361 1905 donasset,
3391 1839 3863 1896 circumferretse-

2252 1953 2375 1992 ettm
2399 1939 2450 1992 iu
2471 1950 2683 2007 poenam
2706 1936 2787 1990 sui
2804 1951 3018 2007 semper
3039 1935 3341 1990 innnortale
3364 1935 3640 1990 delictum.
3661 1941 3863 2002 Quant-

2251 2046 2413 2102 quam
2445 2031 2606 2086 etiam
2638 2029 3032 2099 superioribus,
3064 2027 3113 2083 id
3142 2037 3226 2082 est
3251 2043 3416 2098 super
3445 2029 3616 2098 ipsum
3646 2045 3862 2100 quoque

2251 2123 2665 2179 solidamentum
2699 2123 2939 2192 partibus
2962 2164 2976 2186 ,
3012 2137 3132 2192 quae
3163 2138 3270 2175 non
3303 2131 3426 2176 sunt
3457 2121 3614 2176 hodie
3645 2122 3851 2175 nostris

2250 2215 2698 2284 contemplabiles
2749 2214 2943 2279 oculis,
2981 2214 3023 2244 ¹⁰
3053 2212 3290 2283 Angelos
3341 2213 3487 2282 prius
3537 2213 3850 2277 instituerit,

2249 2309 2525 2381 Spiritales
2557 2308 2793 2362 Virtutes
2816 2307 3120 2379 digesserit,
3181 2305 3430 2361 Thronos
3453 2306 3858 2376 l‘otestatesque

2250 2404 2570 2474 praefecerit,
2599 2413 2653 2457 et
2677 2403 2778 2456 alia
2810 2402 2976 2456 nmlta
2997 2401 3259 2456 caelorum
3289 2402 3550 2456 immensa
3583 2402 3773 2470 spatia,
3806 2411 3859 2454 et

2249 2507 2710 2551 sacramentorum
2751 2495 2956 2548 infinita
2989 2509 3150 2563 opera
3180 2493 3516 2559 condiderit,
3555 2503 3611 2547 ut
3633 2494 3860 2547 immen-

2248 2605 2339 2643 sus
2364 2588 2447 2642 hic
2465 2587 2589 2641 licet
2616 2585 2844 2639 mundus
2868 2601 3025 2654 poene
3048 2585 3397 2639 novissimum
3425 2585 3594 2654 magis
3619 2584 3710 2639 Dei
3736 2598 3854 2638 cor-

2248 2681 2511 2754 poralium
2559 2695 2738 2735 rerum
2788 2688 3043 2748 appareat
3089 2693 3224 2746 Opus
3256 2693 3410 2741 esse,
3447 2693 3606 2747 quam
3653 2677 3850 2732 solum.

2249 2779 2288 2807 “
2321 2775 2562 2844 Namque
2589 2789 2709 2844 qua:
2753 2773 2886 2826 infra
2934 2781 3131 2827 terram
3154 2772 3356 2838 jacent.
3383 2787 3559 2841 neque
3589 2774 3702 2841 ipsa
3730 2781 3856 2826 sunt

2245 2868 2468 2939 digestis
2490 2879 2542 2922 et
2563 2866 2826 2920 ordinatis
2853 2866 3205 2934 potestatibus
3232 2879 3419 2918 vacua.
3442 2866 3485 2894 ¹²
3505 2864 3680 2918 Locus
3706 2865 3851 2919 enim

2244 2971 2328 3015 est
2349 2974 2455 3030 quo
2490 2959 2697 3028 piorum
2731 2959 2924 3011 aniuue
2947 2957 3342 3027 itupiornmque
3361 2956 3654 3020 ducuntur,
3685 2955 3848 3010 futuri

2237 3055 2426 3124 judicii
2460 3057 2768 3126 praejudieia
2784 3054 3081 3110 sentientes
3112 3072 3122 3105 :
3151 3053 3632 3123 ut0perumipsins
3660 3052 3712 3107 in
3728 3067 3847 3106 om-

533 3157 642 3211 qno
670 3151 847 3197 tamen
869 3157 975 3197 non
1004 3143 1182 3199 inesse
1201 3143 1398 3198 malum
1422 3143 1474 3197 in
1507 3143 1677 3197 fructu
1701 3144 1944 3198 arboris"
1974 3144 2135 3200 doce-
2162 3161 2206 3222 ί]
2243 3149 2400 3203 nibus
2427 3150 2668 3218 partibus
2697 3148 3060 3204 redundantes
3106 3145 3500 3217 magnitudines
3550 3162 3652 3200 non
3702 3147 3848 3200 intra

534 3248 704 3302 retur,
739 3238 833 3292 sed
868 3239 1126 3304 lutttrum,
1153 3239 1195 3293 si
1228 3242 1362 3293 l'orlc
1391 3255 1454 3292 ex
1489 3241 1759 3292 voluntate
1792 3239 2025 3314 hominis
2067 3239 2134 3294 de

528 3341 840 3404 Contemptu
868 3333 1004 3388 datm
1024 3333 1152 3404 legis
1177 3341 1614 3404 przemoueretur.
1640 3330 1770 3385 Nam
1795 3342 1848 3386 et
1868 3331 2001 3386 liber
2016 3347 2137 3387 esse

2244 3241 2426 3297 mundi
2461 3242 2616 3312 hujus
2664 3243 3048 3313 capacissimas
3089 3242 3248 3308 licet,
3298 3253 3354 3295 ut
3393 3242 3664 3308 diximus,
3695 3242 3848 3297 sinus

1724 3445 2096 3502 GALLANDII
2131 3443 2698 3502 COMMENTARIUS.

605 3568 616 3596 ¹
651 3564 726 3618 Ne
755 3580 854 3616 non
883 3564 1033 3616 etiam
1065 3563 1188 3631 ipsis
1212 3577 1408 3631 quoque
1437 3561 1632 3614 deliciis
1659 3571 1998 3629 procurasset.
2034 3563 2127 3617 Est

529 3636 742 3706 quidem
793 3636 906 3688 luec
931 3634 1138 3702 phrasis
1166 3633 1539 3706 Tertullianica
1569 3675 1582 3706 ,
1615 3633 1979 3706 qnales_infra
2009 3634 2128 3689 alia:

529 3703 741 3779 quoque
768 3727 778 3760 :
806 3717 862 3779 ut
887 3707 1175 3779 denotatur,
1203 3705 1330 3759 edici
1358 3719 1418 3757 ac
1448 3703 1645 3779 viritim:
1661 3718 1778 3772 cap.
1809 3703 1874 3779 '2;
1909 3722 2007 3779 qua
2029 3722 2126 3773 pa-

532 3773 606 3833 ter
635 3773 752 3847 cap.
810 3777 906 3838 12;
950 3776 1280 3844 conﬁbularet
1319 3791 1437 3842 cap.
1475 3774 1561 3828 '18.
1607 3773 1801 3847 Verum
1853 3776 1976 3830 inde
2020 3793 2125 3831 nou

529 3851 680 3919 sequi
707 3846 868 3904 hunc
901 3849 1088 3902 librmn
1121 3847 1435 3902 Tertulliani
1467 3862 1588 3919 esse
1613 3846 1694 3919 vel
1735 3861 1800 3901 ex
1845 3864 1910 3899 eo
1941 3857 2084 3915 patet
2111 3891 2124 3913 ,

525 3917 668 3991 quod
699 3923 810 3976 Afri
841 3921 1127 3987 scriptorcs
1171 3933 1383 3991 omnes,
1424 3918 1591 3991 etiam
1633 3917 1732 3991 hoe
1782 3919 2123 3991 posteriores,

525 3988 712 4061 utpote
740 3992 798 4046 Β.
833 3991 1130 4062 Cyprianus
1153 4031 1165 4047 .
1198 3989 1454 4043 Minucius
1485 3988 1630 4062 [felix
1653 4031 1667 4052 ,
1703 3988 1760 4041 Β.
1790 3989 2049 4062 Pacianus
2073 4001 2128 4060 et

525 4060 818 4127 Arnobius,
864 4060 1127 4118 similibus
1163 4062 1235 4115 uti
1266 4063 1456 4115 solent.
1501 4060 1703 4114 PAIEL.
1730 4091 1801 4100 —
1827 4062 1993 4116 Aliter
2021 4061 2125 4116 Ga-

523 4150 729 4202 gnaeus,
754 4135 892 4204 apud
915 4151 1073 4204 quem
1103 4133 1176 4186 sic
1200 4131 1425 4204 legimus
1447 4150 1466 4204 τί
1487 4130 1672 4204 Postea
1696 4142 1748 4184 ut
1780 4132 1903 4202 ipsis
1929 4150 2127 4203 quoque

522 4201 730 4261 delicias
760 4201 1051 4274 procuraret
1083 4206 1261 4258 oculis.
1311 4201 1415 4258 Sed
1456 4201 1954 4274 lectidi’atueliaua
2001 4201 2121 4259 cum

523 4277 680 4330 editis
701 4271 768 4331 ev
789 4278 972 4332 codice
994 4276 1290 4344 Anglicano
1309 4274 1565 4328 eohmret.
1602 4271 1770 4325 Ventri
1796 4285 2124 4343 procuratum

521 4358 614 4412 est,
649 4348 806 4403 habet
835 4348 1028 4402 Noster
1047 4347 1204 4413 infra,
1230 4346 1293 4399 de
1320 4345 1432 4399 Cib.
1467 4344 1676 4398 Judaic.
1704 4359 1820 4413 cap.
1847 4345 1900 4407 6,
1933 4347 2121 4401 eadem

521 4420 941 4475 construCtiouc.
983 4419 1236 4474 Jscusox.

592 4497 610 4522 ³
643 4491 823 4558 Cujus.
856 4491 951 4544 (Σηὶ
979 4490 1264 4560 legendum
1292 4489 1508 4558 conjicit
1534 4486 1935 4560 Welcbmauus.

513 4567 517 4570 '
591 4563 610 4592 ³
635 4557 816 4629 Quem.
869 4563 958 4616 Sic
1001 4557 1371 4629 rescripsimus
1396 4557 1515 4615 eum
1540 4557 1827 4623 lacksono,
1855 4569 1910 4612 nt
1935 4559 1999 4614 ad
2030 4562 2125 4614 lio-

520 4635 704 4686 minem
737 4633 1023 4688 referatur.
1060 4633 1144 4685 Al.
1179 4648 1308 4702 qum.

593 4707 611 4735 θ
629 4703 930 4758 noceretur.
959 4705 1030 4758 Ita
1059 4700 1271 4773 reposui
1295 4717 1361 4757 ex
1380 4701 1496 4756 Lat.
1524 4702 1752 4761 Latinio,
1773 4700 1912 4768 quod
1931 4701 2122 4756 melio-

518 4791 630 4831 rem
660 4776 830 4830 fundit
860 4791 1076 4831 sensum
1106 4789 1264 4846 quam
1296 4773 1424 4828 edit.
1459 4773 1679 4829 Patuelii
1708 4773 1977 4846 diceretur.

1794 4843 2042 4900 Jscnsou.

592 4917 695 4972 “Ut
726 4929 790 4974 et.
825 4917 912 4972 Sic
938 4918 1206 4973 Pamelins
1235 4933 1354 4972 cum
1373 4916 1584 4971 caneris
1613 4914 1788 4970 editis.
1820 4914 2119 4973 Jacksonus

513 5001 692 5046 tamen
725 4991 907 5046 mallet
932 5000 979 5044 et
1005 5001 1078 5044 ut.

590 5063 940 5116 “Mortalilos.
970 5062 1101 5117 Cum
1119 5061 1389 5116 Jarksono
1419 5059 1714 5113 Pamelium
1740 5061 2015 5128 sequimur
2043 5060 2114 5114 ita

512 5135 776 5204 legentem
830 5135 916 5188 Al.
947 5135 1272 5187 mortalitatis
1300 5131 1511 5197 invidia,
1547 5131 1719 5185 locum
1747 5131 1906 5186 istum
1939 5133 2115 5186 minus

512 5218 658 5260 recte
686 5207 940 5261 assecuti.

583 5279 598 5308 ⁷
635 5277 974 5346 Temperavit.
1013 5275 1326 5332 Addendam
1356 5273 1696 5329 vocetnDcus
1713 5283 1998 5329 contextus
2015 5289 2112 5344 po-

510 5349 712 5402 stulare
726 5350 954 5416 videtur,
976 5350 1229 5403 omissam
1260 5349 1482 5401 fortasse
1499 5367 1525 5397 ιι
1543 5347 1764 5402 librario
1787 5357 2003 5416 propter
2019 5361 2108 5402 se-

503 5422 721 5488 quentis
750 5420 1152 5475 similitudinem
1181 5418 1315 5472 Dmn
1338 5435 1356 5472 :
1377 5434 1496 5487 quae
1525 5429 1605 5473 est
1627 5418 1931 5487 conjectura
1961 5417 2110 5472 Wel-

503 5492 719 5545 chmani
765 5501 818 5544 et
870 5491 1140 5546 luchs-eui.
1182 5490 1299 5544 Mox
1338 5505 1470 5544 vero
1509 5492 1622 5544 sive
1670 5491 1814 5557 legas
1843 5505 1962 5542 cum
1997 5489 2105 5544 Ga-

502 5573 659 5629 guaio
695 5578 848 5632 super
894 5572 1112 5628 terram,
1147 5563 1260 5628 sive
1287 5576 1410 5616 cum
1443 5561 1667 5617 Geleuio
1696 5561 1920 5630 aliisque
1950 5577 2107 5631 super

502 5642 658 5698 terra,
689 5648 794 5688 non
828 5636 1009 5689 refert.

589 5708 607 5730 κ
635 5703 1096 5759 lnrmrtionis.Vox
1141 5706 1445 5773 importuna
1492 5702 1779 5765 Jacksono.
1805 5703 2102 5773 quirescri-

519 5771 748 5827 bendnm
773 5787 951 5829 censet
976 5771 1354 5829 resurrectionis
1376 5775 1460 5829 vel
1483 5771 1834 5842 reuelationis,
1851 5789 1915 5828 ex
1938 5774 2097 5829 Rom.

2233 3578 2345 3624 vtu,
2377 3563 2468 3627 20,
2497 3562 2588 3626 21,
2632 3578 2739 3633 quo
2797 3566 3095 3632 respexisse
3145 3563 3496 3618 Novatiannm
3546 3563 3839 3619 existimat.

2231 3635 2406 3688 Minus
2427 3636 2643 3706 quidem
2679 3636 2942 3704 apposite.
2977 3636 3163 3692 Melius
3180 3635 3584 3698 Welchmauus,
3606 3638 3842 3705 redemp-

2233 3706 2400 3759 tionis.
2435 3705 2540 3761 Sed
2568 3705 2694 3759 nihil
2716 3706 3028 3761 mutandum
3058 3708 3284 3761 videtur.
3311 3707 3562 3760 Alluseril
3611 3707 3841 3761 fortasse

2231 3787 2418 3831 auctor
2438 3777 2503 3830 ad
2535 3778 2658 3830 illud
2691 3777 2820 3832 Luc.
2856 3794 2969 3839 tux.
2997 3781 3064 3835 10
3095 3798 3106 3832 :
3144 3777 3288 3832 Venit
3313 3779 3447 3831 enim
3477 3776 3648 3832 Filius
3678 3779 3842 3832 Itami-

2232 3848 2311 3900 nis
2326 3864 2571 3918 quivrere,
2606 3859 2652 3902 et
2677 3850 2872 3904 salvum
2900 3853 3068 3920 facere
3095 3850 3230 3920 quod
3257 3851 3494 3919 perierat.

2305 3945 2325 3974 9
2348 3940 2618 3998 Donasset.
2641 3943 2943 3998 Maluissem
2966 3946 3320 4006 condonasset,
3348 3944 3446 3997 nisi
3464 3944 3713 3998 vidissem
3732 3943 3834 3997 No-

2233 4015 2503 4068 valianum
2521 4017 2780 4070 vocabulo
2802 4016 2986 4069 donavi
3005 4018 3192 4071 eodem
3217 4032 3377 4071 sensu
3397 4031 3501 4085 quo
3523 4017 3653 4078 heic,
3676 4031 3825 4068 usmn

2233 4101 2353 4140 esse
2394 4087 2444 4140 in
2486 4087 2719 4154 Epistula
2762 4089 2966 4141 romani
3001 4089 3127 4143 eleri
3163 4089 3377 4142 nomine
3406 4089 3601 4156 scripta
3640 4088 3704 4139 ad
3732 4088 3828 4157 (2y-

2232 4157 2487 4226 priauum.
2523 4159 2610 4213 Sic
2639 4159 2779 4212 enim
2810 4161 2969 4212 vertit
2994 4159 3176 4214 Matth.
3205 4175 3353 4224 XVIII,
3383 4159 3491 4224 52,:
3514 4159 3711 4212 Donavi
3741 4161 3834 4212 tibi

2231 4243 2390 4300 omne
2413 4228 2672 4283 debitum.
2713 4229 2968 4289 Jacasoa.

2304 4323 2582 4392 “Angelos
2596 4325 2734 4392 prius
2750 4325 3042 4378 instituerit.
3075 4323 3195 4378 Fuit
3227 4339 3331 4377 non
3363 4324 3524 4376 modo
3551 4324 3833 4379 Novatiani

2235 4393 2654 4466 ltmgseutenlin,
2676 4396 2766 4450 sed
2791 4399 2951 4449 etiam
2975 4396 3033 4449 Β.
3061 4396 3368 4466 llieIOuymi
3390 4396 3439 4449 in
3467 4411 3587 4464 cap.
3614 4398 3634 4450 1
3661 4395 3832 4464 Epist.

2154 4447 2204 4506 D
2230 4466 2298 4516 ad
2321 4463 2446 4528 Tit.,
2477 4447 3210 4538 1;...caseumannali“;
3225 4447 3368 4534 qua
3391 4447 3738 4538 Ᾰιιέιεὶῐρὶοῖιὶὲ
3757 4447 3831 4538 (ni

2233 4547 2337 4608 est,
2370 4546 2494 4591 ante
2527 4553 2742 4592 omnem
2795 4537 3124 4608 creaturam)
3179 4539 3396 4590 instituti
3449 4537 3661 4608 fuerint.
3724 4537 3831 4595 Sed

2232 4606 2290 4678 Β.
2316 4608 2662 4678 Augustinus,
2686 4609 2778 4664 lib.
2800 4625 2857 4663 χι
2891 4609 2952 4662 de
2981 4606 3239 4669 Civ.Dei,
3275 4624 3429 4677 capp.
3450 4606 3517 4674 Β,
3547 4610 3582 4664 6
3612 4618 3668 4665 et
3693 4612 3745 4676 7,
3777 4623 3832 4666 et

2228 4677 2321 4733 lib.
2357 4677 2450 4745 xu,
2482 4695 2600 4752 cap.
2639 4681 2722 4746 15,
2754 4693 2806 4736 et
2835 4683 2958 4752 alibi
2993 4683 3158 4749 magis
3188 4681 3612 4749 amplectendam
3645 4696 3835 4737 censet

2226 4765 2352 4811 eam.
2376 4751 2694 4806 sententiam
2722 4751 2862 4822 quod
2899 4753 3047 4821 juxta
3079 4753 3238 4805 lfccli.
3267 4769 3393 4806 xvut
3416 4796 3430 4817 ,
3463 4754 3487 4808 1
3513 4795 3527 4815 ,
3556 4757 3827 4810 creaverit

2225 4824 2396 4875 omnia
2415 4823 2568 4876 simul
2594 4823 2749 4878 Deus.
2773 4826 2944 4890 Quam
2972 4825 3130 4878 etiam
3163 4826 3401 4893 sequitur
3423 4824 3675 4894 Magister
3692 4826 3831 4881 Sen-

2224 4894 2549 4959 tentiarum,
2599 4904 2652 4949 et
2691 4906 2811 4966 post
2856 4911 2978 4950 eum
3028 4896 3284 4966 Doctores
3327 4895 3642 4950 Scholastici
3669 4914 3682 4949 :
3709 4914 3829 4966 Qtlzc

2225 4975 2480 5033 prieterea
2512 4965 2731 5022 definita
2771 4978 2854 5022 est
2901 4969 2949 5021 in
2983 4967 3210 5021 concilio
3242 4965 3493 5021 Lateran.
3529 4967 3632 5021 sub
3659 4965 3824 5023 luno-

2219 5039 2398 5091 centio
2419 5037 2504 5102 Ill,
2531 5053 2584 5092 et
2615 5041 2666 5091 in
2693 5038 2999 5094 Decretales
3029 5049 3264 5106 recepta,
3289 5053 3409 5104 cap.
3440 5037 3690 5093 Firmiter
3718 5059 3825 5094 crc-

2219 5109 2405 5169 dimus,
2439 5120 2566 5163 tom.
2602 5111 2668 5164 de
2698 5125 2904 5163 smuma
2930 5111 3120 5164 'l‘rinit.
3145 5119 3198 5162 et
3226 5108 3355 5163 Fide
3376 5109 3574 5162 cathol.
3611 5111 3819 5166 Ριιιιει..

2294 5182 2331 5211 ¹¹
2367 5179 2692 5250 Namque....
2720 5182 2833 5249 ipsa
2855 5193 2991 5237 sunt.
3017 5180 3091 5234 Ita
3125 5180 3292 5236 edidit
3317 5181 3582 5235 Pamclius
3603 5197 3668 5236 ex
3693 5199 3824 5239 coo-

2209 5251 2420 5326 jectura
2455 5253 2669 5309 Latiuii.
2704 5253 2790 5326 Ai.
2821 5271 2833 5326 ς
2864 5251 3004 5326 unt
3028 5269 3195 5326 neque
3225 5269 3344 5326 quia,
3362 5253 3500 5322 infra
3527 5263 3719 5307 terram
3735 5259 3819 5326 ja.

2213 5333 2348 5385 cent,
2382 5325 2496 5394 ipsa
2527 5335 2665 5378 sunt.
2725 5324 2830 5380 Sed
2883 5323 3092 5378 duobus
3133 5323 3432 5394 editoribus
3477 5323 3816 5394 Anglicanis,

2211 5393 2545 5460 deletonam,
2563 5397 2840 5465 legendum
2867 5395 3073 5450 videtur
3093 5413 3104 5448 :
3124 5393 3302 5467 Neque
3323 5411 3436 5466 quae
3461 5393 3603 5467 infra
3631 5409 3819 5452 terram

2202 5469 2399 5538 jaceat,
2424 5468 2537 5536 ipsa
2558 5476 2696 5533 sunt,
2730 5476 2838 5522 etc.

2285 5559 2324 5589 ¹¹
2349 5557 2512 5611 Locus
2537 5559 2670 5612 enim
2687 5569 2780 5612 est.
2811 5557 2864 5610 In
2889 5557 3134 5612 eamdem
3152 5559 3473 5613 sententiam
3495 5575 3618 5614 cum
3633 5561 3812 5617 Nova-

2208 5629 2374 5696 tiano,
2406 5631 2650 5699 plerique
2673 5632 2912 5696 Patrum,
2942 5633 3056 5685 sive
3083 5631 3394 5685 Graecorum
3413 5672 3425 5695 ,
3456 5633 3569 5685 sive
3598 5635 3814 5688 Latino-

2204 5715 2342 5754 rum.
2364 5701 2684 5756 Cousulatnr
2704 5717 2815 5772 pne
2833 5703 3047 5756 caeteris
3070 5701 3385 5772 Hippolytus
3403 5703 3646 5760 adversus
3670 5704 3810 5760 Gne-

2202 5785 2308 5836 cos,
2343 5781 2472 5830 tom.
2506 5789 2539 5826 ιι
2571 5784 2766 5829 nostra:
2793 5771 3068 5842 Biblioth.,
3100 5788 3220 5842 pag.
3247 5771 3371 5841 431,
3405 5790 3520 5843 seq.
