4260 6266
291 397 404 468 895

1577 403 1666 460 DE
1706 401 2078 461 TRINITATE
2117 404 2342 462 LIBER.

3499 404 3611 462 894

286 531 438 586 xime
481 542 642 600 quum
672 525 849 582 omnis
883 524 1010 580 mali
1049 524 1231 595 operis
1285 522 1481 580 vindex
1503 523 1572 580 sit
1598 531 1652 579 et
1693 522 1854 592 judex
1883 539 1896 587 ;
1929 524 1977 582 A
2007 523 2160 588 tium,
2195 520 2452 592 quidquid
2480 521 2822 592 occupaverit
2851 529 3040 576 totum.
3085 518 3351 589 Quoniam
3377 520 3465 577 ‘si
3497 538 3604 578 non

290 621 548 693 quoniam
588 627 645 674 et
666 632 771 672 non
795 615 1012 670 aliunde
1038 615 1272 670 occurrit
1297 613 1500 669 homini
1543 613 1764 680 malum,
1797 613 1898 668 nisi

284 728 320 769 a
345 714 488 768 bono
519 709 658 766 Deo‘
681 710 1018 778 recessisset.
1042 705 1156 762 Hoc
1195 719 1370 761 autem
1402 707 1576 775 ipsum
1608 706 1659 759 in
1685 704 1901 761 homine

287 805 578 861 denotatur
607 820 620 857 :
662 815 768 856 non
796 799 917 871 qttia
966 813 1188 854 necesse
1238 798 1334 852 fttit
1362 839 1376 863 ,
1406 797 1499 852 sed
1531 797 1653 868 quia
1686 797 1798 867 ipse
1823 798 1900 853 sic

285 897 474 954 voluit.
509 893 663 951 Unde
685 892 968 947 manifeste
996 900 1049 946 et
1076 890 1202 960 quid
1233 889 1433 944 malum
1462 898 1608 944 esset
1631 889 1895 958 apparuit,

287 1002 344 1047 et
365 1032 380 1052 ,
410 1005 479 1043 ne
508 985 705 1042 invidia
753 988 805 1040 in
840 986 950 1040 Deo
975 999 1095 1040 esse
1123 982 1397 1038 videretur
1421 1024 1437 1050 ,
1487 996 1516 1036 a
1563 998 1670 1054 quo
1699 982 1898 1035 malum

289 1094 467 1138 ortum
508 1088 694 1144 esset,
728 1078 913 1132 eluxit.
977 1076 1081 1149 Hic,
1112 1090 1241 1146 ergo
1285 1088 1498 1143 semper
1544 1074 1624 1128 sui
1693 1083 1777 1128 est
1821 1073 1897 1128 si-

289 1176 440 1232 milis
469 1217 484 1240 ,
542 1189 641 1228 nec
694 1187 755 1227 se
783 1185 1034 1240 umquam
1083 1171 1132 1223 in
1163 1168 1367 1238 aliquas
1402 1167 1600 1221 formas
1624 1168 1784 1221 vertit
1805 1177 1898 1222 aut

291 1277 466 1322 mutat
490 1265 627 1336 (Jac.
655 1279 693 1326 t,
721 1262 810 1333 17)
841 1280 854 1316 :
882 1277 949 1316 ne
974 1277 1069 1332 per
1088 1262 1508 1316 immutationem
1527 1303 1540 1325 ,
1569 1262 1728 1314 ctiam
1755 1275 1896 1314 mor-

293 1363 419 1417 talis
455 1375 573 1416 esse
615 1359 876 1413 videatur.
932 1356 1232 1412 hntnutatio
1287 1355 1430 1411 enim
1481 1357 1848 1411 conversionis
1880 1399 1893 1420 ,

291 1458 470 1529 portio
491 1455 768 1527 cujusdam
789 1453 1266 1524 comprehenditur
1287 1453 1494 1506 mortis.
1523 1451 1648 1506 Ideo
1675 1467 1772 1507 nec
1797 1451 1895 1506 ad-

289 1549 529 1621 jectioin
581 1549 672 1603 illo
725 1563 977 1618 umquam
1020 1545 1178 1600 ullius
1219 1555 1307 1598 aut
1335 1546 1499 1614 partis
1551 1551 1643 1598 aut
1675 1544 1896 1599 honoris

291 1643 521 1710 accedit,
551 1658 618 1696 ne
639 1640 764 1711 quid
789 1654 1039 1708 umquam
1083 1638 1321 1707 perfeCto
1341 1636 1579 1692 defuisse
1612 1637 1890 1691 videatur:

293 1748 398 1790 nec
446 1733 829 1788 detrimentum
885 1732 936 1784 itt
991 1744 1058 1785 eo
1109 1729 1322 1800 aliquod
1354 1729 1561 1799 agitur,
1595 1744 1661 1782 ne
1697 1728 1895 1799 gradus

289 1826 638 1882 mortalitatis
668 1831 910 1894 receptus
929 1838 1048 1879 esse
1070 1822 1347 1878 videatur:
1379 1821 1474 1876 sed
1502 1821 1644 1891 quod
1687 1829 1808 1886 est,
1841 1821 1892 1876 id

2005 633 2170 672 omne
2193 617 2242 671 id
2274 617 2415 688 quod
2445 626 2525 671 est
2551 661 2566 682 ,
2599 615 2852 687 quidquid
2883 623 2962 670 est
2995 616 3233 670 continet
3260 632 3275 680 ;
3307 614 3433 670 dum
3466 616 3602 672 intra

2005 709 2056 764 id
2088 711 2356 765 invenitur
2385 725 2492 781 quo
2517 709 2821 765 continetur
2849 751 2864 774 ,
2894 705 3068 762 minus
3098 709 3373 763 inventum
3406 723 3472 764 eo
3499 724 3606 781 quo

2004 802 2326 868 continetur,
2361 801 2500 857 Deus
2517 817 2638 856 esse
2659 803 2678 832 ³
2705 800 2948 864 desierit,
2967 801 3016 855 in
3036 799 3258 855 alterius
3282 811 3604 872 potestatem

2003 895 2258 951 redactus
2284 939 2298 962 ,
2331 895 2486 966 cujus
2517 894 2882 965 magnitudine
2909 935 2924 960 ,
2950 910 3051 966 qua
3084 893 3260 948 minor
3284 937 3297 959 ,
3334 894 3492 949 fuerit
3522 894 3606 950 in-

2003 989 2219 1043 clusus:
2246 988 2266 1019 ⁶
2289 998 2342 1044 ει
2368 989 2489 1042 ideo
2516 987 2656 1059 quod
2681 987 2965 1053 continuit,
3003 987 3142 1041 Deus
3161 987 3338 1056 potius
3355 1002 3474 1042 esse
3495 986 3606 1058 jam

2001 1084 2249 1153 coeperit.
2295 1083 2378 1136 Ex
2423 1097 2528 1151 quo
2557 1080 2809 1137 effectum
2863 1089 2947 1135 est
2978 1123 2993 1148 ,
3027 1090 3084 1134 ut
3112 1095 3211 1135 nec
3261 1095 3456 1135 nomen
3511 1080 3605 1136 Dei

2005 1178 2282 1247 proprium
2309 1175 2475 1244 possit
2503 1174 2638 1229 edici
2671 1216 2685 1241 ,
2719 1174 2968 1245 quoniam
3003 1188 3107 1227 non
3139 1174 3307 1244 possit
3359 1188 3459 1228 nec
3478 1188 3608 1228 cono

2000 1272 2126 1338 cipi.
2168 1268 2224 1325 Id
2250 1269 2390 1324 enim
2425 1271 2638 1323 nomine
2661 1269 2969 1324 continetur
2999 1309 3012 1333 ,
3040 1265 3295 1336 quidquid
3338 1265 3500 1322 etiam
3529 1282 3597 1321 ex

2000 1372 2204 1418 natura:
2227 1378 2334 1416 sure
2360 1361 2665 1417 conditione
2693 1357 3186 1430 comprehenditur.
3219 1357 3426 1413 Nomen
3447 1357 3593 1413 enim

2001 1459 2354 1530 significantia
2389 1466 2470 1510 est
2493 1458 2610 1526 ejus
2641 1457 2714 1510 rei
2743 1498 2756 1522 ,
2791 1471 2908 1524 qua:
2930 1452 3314 1522 comprehendi
3338 1452 3508 1520 potuit
3533 1466 3602 1507 ex

2001 1552 2242 1606 nomine.
2274 1551 2339 1606 At
2361 1549 2575 1618 quando
2614 1548 2662 1602 id
2691 1549 2757 1604 de
2785 1565 2889 1619 quo
2915 1548 3088 1617 agitur
3118 1547 3222 1601 tale
3243 1555 3323 1600 est
3343 1587 3357 1610 ,
3389 1556 3444 1600 ttt
3470 1559 3603 1600 con-
3687 1608 3692 1612 η

1999 1645 2157 1716 digne
2181 1661 2278 1699 nec
2310 1645 2438 1714 ipsis
2466 1643 2819 1697 intellectibus
2845 1641 3156 1711 colligatur;
3189 1639 3459 1710 quomodo
3497 1655 3595 1710 ap-

2005 1736 2317 1805 pellationis
2345 1734 2503 1805 digne
2535 1734 2794 1788 voeabulo
2826 1732 3273 1802 pronuntiabitur,
3307 1731 3446 1800 quod
3475 1730 3600 1785 dum

1999 1840 2152 1884 extra
2204 1827 2533 1882 intellectum
2584 1836 2703 1890 est,
2738 1826 2896 1880 etiam
2935 1841 3093 1895 supra
3125 1823 3500 1895 appellationis
3530 1826 3603 1880 si-

290 1936 512 1991 semper
533 1928 636 1983 est;
666 1928 719 1974 ει
747 1918 960 1989 quiest,
994 1933 1205 1987 semper
1233 1917 1347 1986 ipse
1372 1923 1492 1983 est;
1524 1926 1578 1970 et
1599 1917 1770 1986 qualis
1789 1925 1890 1982 est,

2003 1923 2366 1994 gnificantiam
2409 1922 2479 1974 sit
2535 1935 2756 1976 necesse
2785 1930 2865 1974 est
2893 1920 2916 1973 ?
2947 1919 3015 1974 Ut
3043 1921 3233 1974 merito
3261 1920 3473 1990 quando
3504 1936 3602 1975 no—

290 2030 515 2084 semper
535 2014 652 2068 talis
682 2021 781 2067 est.
814 2012 944 2067 Nam
978 2022 1029 2067 et
1056 2013 1383 2066 incrementa
1417 2011 1678 2080 originem
1708 2025 1892 2065 mons-

291 2116 454 2174 trant,
489 2116 543 2160 et
564 2105 884 2160 detrimenta
917 2115 1144 2158 ntortem
1169 2104 1619 2174 atqueinterittnn
1642 2101 1890 2173 probant,

286 2217 337 2258 et
368 2201 530 2256 ideo:
569 2199 700 2272 Ego,
733 2200 828 2264 ait,
869 2215 982 2252 sum
1031 2197 1189 2260 Deus,
1253 2206 1298 2250 et
1356 2214 1456 2252 non
1511 2213 1625 2250 sunt
1669 2206 1896 2252 mutatus

287 2294 542 2366 (Malach.
574 2309 652 2358 ιιι,
681 2291 760 2362 6),
791 2299 988 2344 statum
1036 2296 1404 2370 suuntbtenens
1429 2303 1662 2356 semper,
1682 2288 1809 2341 dum
1844 2287 1895 2341 id

283 2386 430 2456 quod
463 2394 640 2440 natum
659 2400 763 2438 non
788 2393 892 2448 est,
926 2385 1166 2439 converti
1201 2398 1306 2436 non
1333 2390 1527 2452 potest.
1553 2380 1817 2436 Hocenim
1843 2382 1892 2436 itt

284 2479 404 2548 ipso
430 2476 683 2547 quidquid
707 2475 833 2531 illud
857 2479 879 2508 ¹¹
913 2483 1085 2546 potest
1111 2475 1252 2545 quod
1275 2482 1359 2528 est
1390 2473 1550 2540 Deus,
1583 2487 1800 2544 semper
1827 2474 1898 2528 sit

285 2585 506 2625 necesse
528 2579 609 2625 est
640 2587 655 2636 ;
682 2577 739 2623 ιιι
763 2581 976 2639 semper
995 2569 1063 2622 sit
1092 2570 1229 2622 Deus
1251 2610 1264 2631 ,
1296 2581 1515 2622 servans
1537 2581 1658 2622 sese
1688 2567 1896 2622 virtuti-

287 2664 384 2720 bus
414 2666 546 2719 suis.
601 2664 668 2719 Et
698 2661 820 2718 ideo
851 2662 974 2717 dicit
1009 2660 1204 2731 (Exod.
1239 2677 1316 2727 ιιι,
1345 2660 1410 2715 id
1439 2659 1455 2731 )
1489 2679 1502 2715 :
1537 2659 1651 2732 Ego
1672 2677 1782 2714 sunt
1809 2662 1897 2731 qui

283 2775 412 2812 sum.
441 2757 596 2825 Quod
627 2758 770 2812 enim
799 2765 899 2824 est,
931 2756 1050 2810 ideo
1077 2754 1178 2809 hoc
1209 2753 1578 2808 habetnomcn
1599 2795 1611 2815 ,
1641 2755 1893 2823 quoniam

287 2850 531 2905 eamdem
571 2865 787 2918 semper
840 2851 918 2903 sui
970 2850 1175 2902 obtinet
1217 2849 1548 2918 qualitatem.
1591 2849 1895 2904 ltntnulatio

283 2946 431 3000 enim
487 2943 625 2998 tollit
662 2943 792 2999 illttd
842 2959 1035 2998 nomen
1101 2944 1236 3013 quod
1289 2953 1358 2996 est
1394 2943 1695 3012 :qnidquid
1749 2944 1892 2997 enim

284 3038 576 3110 aliquando
623 3040 842 3094 vertitur
871 3081 885 3106 ,
943 3038 1168 3092 mortale
1216 3037 1514 3091 ostenditur
1543 3078 1556 3101 ,
1613 3035 1715 3091 hoc
1777 3037 1895 3106 ipso

284 3133 426 3203 quod
478 3133 829 3188 convertitur.
876 3131 1080 3186 Desinit
1132 3130 1271 3185 enim
1314 3145 1433 3184 esse
1481 3129 1619 3199 quod
1673 3128 1889 3196 fuerat,

280 3237 333 3282 et
364 3228 546 3296 incipit
572 3235 970 3298 consequenter
999 3240 1121 3281 esse
1174 3225 1314 3295 quod
1348 3240 1453 3280 non
1486 3234 1596 3278 erat
1632 3243 1643 3278 :
1694 3223 1892 3277 idcirco

279 3330 335 3375 ct
364 3321 555 3375 merito
610 3322 661 3375 in
697 3321 809 3375 Deo
851 3329 1029 3374 manet
1077 3334 1292 3389 semper
1320 3326 1490 3373 Status
1541 3333 1669 3372 suus
1695 3359 1707 3382 ,
1759 3317 1884 3371 dum
1913 3321 1958 3384 C

280 3417 397 3472 sine
435 3417 757 3472 detrimento
812 3415 1286 3478 commutationis,
1347 3429 1560 3483 semper
1607 3414 1684 3467 sui
1717 3423 1772 3469 et.
1815 3413 1886 3467 si-

279 3509 424 3564 milis
476 3519 530 3566 ει
571 3510 792 3580 mqualis
844 3518 944 3563 est.
1004 3507 1157 3576 Quod
1193 3509 1336 3562 enim
1379 3517 1561 3562 natum
1611 3524 1716 3561 non
1758 3516 1840 3562 est
1870 3549 1885 3573 ,

281 3617 381 3657 nec
431 3603 621 3656 mutari
651 3612 867 3672 potest:
915 3615 978 3656 ea
1029 3601 1168 3654 enim
1223 3601 1335 3654 sola
1380 3605 1432 3653 in
1481 3600 1884 3654 conversionem

278 3695 520 3758 veniunt,
543 3709 898 3763 quaecumque
919 3693 1052 3746 ﬁunt
1076 3693 1158 3746 vel
1180 3707 1529 3762 quaecumque
1557 3693 1882 3762 gignuntur;

276 3781 405 3838 dun’i
434 3799 552 3854 qua:
591 3784 874 3853 aliquando
921 3799 1025 3839 non
1070 3783 1277 3839 fuerant
1309 3827 1321 3848 ,
1351 3783 1561 3838 discunt
1606 3798 1726 3838 esse
1762 3799 1884 3838 nas-

275 3876 498 3939 cendo,
549 3887 708 3946 atque
761 3876 881 3930 ideo
938 3877 1208 3931 nascendo
1264 3877 1524 3930 converti.
1579 3877 1647 3930 At
1695 3877 1835 3930 enim
1869 3917 1882 3940 ,

276 3970 365 4024 illa
403 3984 523 4039 qua:
572 3985 672 4023 nec
699 3969 1028 4023 nativitatem
1078 3970 1275 4023 habent
1303 3983 1400 4023 nec
1448 3967 1707 4022 artiﬁcem
1741 4009 1755 4032 ,
1789 3983 1882 4020 cx-

274 4061 551 4114 clnserunt
602 4077 631 4114 a
671 4076 731 4116 se
779 4061 1199 4116 detnutationeut
1225 4103 1237 4125 ,
1297 4061 1422 4114 dum
1455 4062 1503 4114 itt
1534 4077 1635 4130 qua
1661 4076 1885 4115 convcr-

275 4153 444 4207 sionis
493 4167 652 4208 causa
682 4164 783 4220 εει,
812 4169 916 4208 ιιοιι
968 4153 1165 4209 habent
1195 4154 1492 4224 originem:
1526 4155 1645 4209 ideo
1674 4164 1728 4208 et
1749 4169 1885 4209 unus

279 4250 650 4314 pronuntiatus
695 4255 810 4311 est,
862 4247 989 4300 dum
1046 4261 1226 4316 parem
1278 4262 1383 4302 non
1413 4247 1434 4278 ³
1464 4248 1620 4302 habet
1677 4266 1690 4303 :
1745 4249 1885 4303 Deus

277 4339 418 4392 enim
440 4381 455 4405 ,
489 4339 744 4409 quidquid
777 4353 898 4394 esse
929 4349 1103 4409 potest
1155 4341 1294 4395 Deus
1347 4349 1429 4396 est
1454 4383 1468 4407 ,
1521 4355 1788 4396 summum
1817 4344 1887 4398 sit

276 4445 496 4485 necesse
533 4440 636 4486 cst.
669 4431 952 4487 Summum
1000 4441 1177 4486 autem
1227 4432 1479 4502 quidquid
1510 4443 1592 4488 est
1619 4475 1633 4499 ,
1691 4434 1886 4488 ita-de-

277 4538 422 4576 munt
477 4539 749 4578 summum
780 4540 902 4579 esse
929 4534 1140 4593 Oportet
1173 4568 1186 4590 ,
1246 4527 1371 4579 dum
1395 4538 1544 4581 extra
1577 4542 1884 4598 comparem

275 4627 376 4670 est.
412 4617 475 4672 Et
504 4618 626 4672 ideo
646 4618 820 4672 solum
847 4627 903 4672 et
935 4634 1095 4672 unum
1124 4619 1194 4672 sit
1229 4634 1450 4674 necesse
1479 4630 1562 4674 est
1589 4661 1603 4686 ,
1633 4621 1717 4674 cui
1747 4635 1882 4675 con-

1999 2033 2122 2071 mcn
2162 2031 2315 2069 somn
2350 2015 2487 2068 Deus
2513 2056 2528 2080 ,
2559 2030 2622 2068 ex
2657 2011 2971 2084 quibusdam
3005 2011 3302 2066 rationibus
3355 2023 3408 2067 et
3440 2028 3598 2068 occa-

1998 2107 2239 2164 sionibus
2267 2105 2494 2176 adjicit"
2527 2115 2579 2160 ει
2613 2105 2848 2175 pra-fert,
2883 2119 2985 2159 non
3019 2113 3125 2157 tam
3151 2102 3442 2174 legitimam
3477 2121 3600 2176 pro-

1999 2203 2279 2273 prietatem
2331 2197 2704 2270 appellationis
2751 2199 2984 2252 sciamus
3012 2212 3132 2252 esse
3179 2198 3549 2268 depromptam
3581 2238 3597 2264 ,

2004 2308 2158 2362 quam
2187 2291 2595 2362 significantiatn
2624 2288 2908 2360 quamdam
2932 2291 3312 2355 constitutam;
3345 2288 3409 2344 ad
3438 2305 3596 2360 quam

2002 2386 2128 2441 dum
2160 2370 2408 2440 homines
2438 2385 2729 2440 decurrunt
2759 2426 2773 2448 ,
2808 2381 2900 2437 Dei
2929 2382 3350 2438 misericordiam
3383 2398 3477 2453 per
3515 2384 3597 2453 ip-

1998 2495 2110 2535 Sam
2141 2480 2429 2548 impetrare
2455 2493 2611 2548 posse
2635 2477 2936 2534 videantur.
2968 2475 3067 2530 Est
3094 2491 3222 2546 ergo
3251 2476 3600 2531 etimmorta-

1999 2575 2064 2630 lis
2094 2587 2148 2629 et
2175 2573 2594 2642 incorruptibilis
2627 2614 2640 2638 ,
2701 2587 2799 2627 nec
2851 2570 3169 2626 detrimenta
3221 2569 3458 2630 sentiens
3482 2584 3600 2624 om-

2000 2669 2128 2722 nino
2153 2709 2168 2734 ,
2205 2683 2301 2722 nec
2347 2666 2529 2721 tinctu.
2573 2665 2705 2720 Nam
2749 2675 2802 2720 et
2827 2665 2950 2734 quia
2983 2662 3400 2733 incorruptibilis
3430 2705 3443 2728 ,
3479 2661 3598 2718 ideo

2000 2771 2053 2814 et
2085 2760 2409 2816 immortalis
2436 2775 2450 2822 ;
2480 2767 2533 2813 ει
2562 2757 2682 2828 quia
2716 2755 3035 2811 immortalis
3062 2798 3075 2821 ,
3109 2755 3289 2826 utique
3318 2765 3372 2809 ει
3417 2755 3594 2810 incor-

1998 2853 2307 2922 rttptihilis;
2357 2860 2580 2921 utroque
2609 2851 2834 2904 invicem
2863 2848 2961 2904 sibi
2996 2855 3049 2902 et
3079 2847 3130 2901 itt
3180 2861 3238 2902 se
3263 2847 3598 2901 connexione

1999 2953 2182 2998 mutua
2200 2943 2222 2976 ⁸
2249 2945 2524 3014 perplexo,
2544 2952 2598 2996 et
2615 2942 2680 2996 ad
2696 2951 2892 2997 statum
2917 2941 3232 2994 asternitatis
3250 2939 3444 2994 vicaria
3467 2954 3597 2994 con-

1996 3038 2333 3092 catenatione
2364 3035 2628 3108 producto
2655 3077 2669 3102 ,
2702 3046 2755 3090 ει
2792 3033 3194 3088 immortalitate
3220 3033 3288 3087 de
3310 3031 3594 3102 incorrup-

1998 3129 2143 3182 tione
2184 3127 2585 3194 descendente,
2648 3136 2703 3182 et
2733 3125 3133 3196 incorruptione
3187 3122 3254 3178 de
3284 3122 3596 3178 immortali-

1998 3231 2105 3276 tate
2127 3222 2396 3275 veniente.

2623 3311 2850 3368 CAPUT
2893 3313 2956 3367 V.

1995 3406 2155 3475 Cuius
2184 3408 2227 3462 si
2273 3408 2569 3462 iracundias
2610 3417 2656 3462 et
2687 3405 3061 3478 indignationes
3090 3407 3336 3478 quasdam
3359 3449 3371 3472 ,
3400 3415 3445 3460 et
3477 3407 3596 3462 odia

2065 3500 2320 3570 descripta
2344 3501 2396 3554 in
2427 3501 2585 3554 sacris
2611 3501 2812 3572 paginis
2844 3510 3101 3554 teneamus
3129 3515 3146 3563 ;
3175 3513 3276 3554 non
3305 3509 3470 3554 tanien
3488 3501 3595 3554 lucc

2061 3592 2278 3663 intelligi
2299 3595 2366 3645 ad
2396 3593 2737 3647 humanorum
2765 3592 3000 3661 exempla
3027 3593 3284 3648 vitiorum.

2059 3687 2228 3756 Cujus
2256 3687 2418 3741 etiam
2445 3689 2493 3740 si
2524 3686 2828 3742 iracundias
2850 3690 2869 3720 θ
2894 3688 3120 3757 legimus
3141 3731 3154 3754 ,
3188 3699 3240 3743 et
3270 3687 3593 3758 indignatio-

1991 3794 2086 3834 nes
2111 3779 2368 3849 quasdam
2399 3777 2697 3848 descriptas
2727 3788 2973 3834 tenemus
2999 3821 3012 3846 ,
3058 3790 3107 3834 et
3157 3781 3277 3834 odia
3311 3781 3474 3836 relata
3503 3797 3595 3835 co-

1993 3874 2324 3943 gnoscimus,
2384 3889 2488 3928 non
2523 3883 2701 3929 tamen
2735 3876 2846 3929 tunc
2871 3873 3216 3944 intelligimus
3243 3874 3307 3928 ad
3338 3875 3598 3930 humano-

1989 3985 2105 4023 rntn
2140 3969 2303 4022 relata
2342 3984 2464 4025 esse
2485 3970 2728 4038 exempla
2762 3969 3036 4022 vitiorum.
3071 3968 3194 4022 lltcc
3221 3969 3362 4020 enim
3392 3969 3592 4034 omnia,

1989 4070 2044 4116 et
2095 4061 2140 4114 si
2189 4059 2464 4116 hominem
2517 4070 2743 4130 possunt
2781 4073 3169 4129 corrumpere,
3227 4060 3459 4114 divinam
3489 4061 3597 4115 vim

1989 4171 2096 4208 non
2129 4162 2355 4222 possunt
2388 4155 2609 4208 omnino
2633 4155 2843 4208 vitiare.
2899 4153 3186 4208 Passioncs
3210 4153 3354 4207 enim
3389 4153 3499 4206 ist-.c
3542 4153 3595 4208 in

1992 4246 2296 4302 hominibus
2327 4248 2518 4302 merito
2559 4260 2680 4302 esse
2715 4247 2960 4302 dicentur
2991 4263 3003 4311 ;
3036 4245 3088 4299 itt
3123 4246 3232 4300 Deo
3265 4261 3370 4298 non
3401 4245 3595 4300 merito

1988 4341 2392 4411 judicabuutur.
2429 4339 2712 4411 Corrumpi
2741 4342 2884 4396 enim
2908 4356 3001 4411 per
3028 4339 3143 4394 hate
3199 4338 3360 4394 homo
3390 4348 3587 4410 potest,

1989 4434 2110 4503 quia
2138 4433 2409 4503 corrumpi
2463 4440 2639 4503 potest
2669 4451 2682 4488 :
2715 4434 2987 4504 corrumpi
3022 4447 3116 4502 per
3143 4432 3257 4486 hzcc
3287 4432 3426 4487 Deus
3477 4447 3584 4487 non

1990 4538 2164 4597 potest
2197 4570 2212 4593 ,
2245 4530 2368 4598 quia
2401 4542 2498 4582 nec
2528 4527 2799 4592 corrumpi
2833 4514 3023 4598 potest.
3059 4526 3266 4581 Habent
3298 4527 3456 4597 igitur
3489 4526 3593 4580 ista

1992 4622 2100 4675 vim
2133 4636 2283 4674 suam
2309 4634 2468 4690 quam
2501 4631 2825 4685 exerceant;
2853 4620 2947 4674 sed
2977 4619 3064 4673 ubi
3089 4619 3344 4690 prarccdit
3366 4618 3595 4688 passibi-

274 4707 405 4761 ferri
445 4708 575 4762 nihil
600 4719 775 4778 potest
807 4752 821 4775 ,
877 4709 1002 4764 dum
1038 4726 1217 4779 parcnt
1250 4727 1354 4766 non
1382 4711 1575 4783 thabet.
1610 4711 1875 4779 Quoniam
1904 4725 1956 4785 ι)
1985 4716 2050 4771 lis
2074 4717 2294 4770 materia
2328 4758 2342 4782 ,
2375 4732 2480 4771 non
2504 4715 2593 4770 ubi
2625 4714 2879 4786 princ-edit
2900 4715 3246 4785 lmpassibitis
3267 4713 3588 4768 substantia.

272 4816 376 4855 nec
405 4800 514 4854 duo
556 4802 758 4857 infinita
797 4817 917 4857 esse
971 4810 1226 4872 possunt;
1262 4813 1318 4858 ut
1362 4819 1539 4859 rerum
1573 4805 1737 4859 dictat
1767 4806 1881 4876 ipsa

270 4901 482 4946 natura.
517 4892 784 4948 Infinitum
824 4902 908 4948 est
933 4903 1111 4948 autem
1141 4935 1156 4960 ,
1189 4895 1447 4966 quidqttid
1481 4912 1578 4951 nec
1607 4897 1872 4968 originem

273 4984 435 5041 habet
459 4985 700 5053 omnino,
730 5002 830 5044 nec
847 4986 1028 5043 ftncm.
1057 4988 1312 5043 Excludit
1341 4989 1482 5044 enim
1511 4991 1735 5046 alterius
1775 4992 1881 5046 ini-

1982 4813 2114 4868 Nam
2138 4813 2350 4884 etquod
2383 4813 2629 4868 irascitur
2661 4811 2798 4867 Deus
2831 4853 2844 4875 ,
2869 4826 2973 4865 non
3005 4826 3068 4865 ex
3111 4810 3240 4864 vitio
3275 4809 3390 4880 ejus
3411 4809 3591 4876 venit;

1982 4904 2080 4962 sed
2121 4905 2188 4960 ad
2237 4904 2539 4960 remedium
2569 4903 2760 4960 -nostri
2805 4902 2934 4957 illttd
2984 4901 3129 4957 facit.
3180 4901 3465 4972 Indulgens
3511 4911 3594 4956 est

1983 5000 2126 5054 enim
2153 5041 2168 5066 ,
2199 4999 2362 5054 etiam
2384 5008 2512 5054 tunc
2530 5013 2653 5054 cum
2686 4998 2920 5052 minatur
2949 5013 2962 5050 :
2995 4995 3121 5052 dum
3155 5009 3249 5066 per
3273 4995 3388 5069 haec
3417 4995 3593 5050 homi-

1438 5103 1820 5164 GALLANDII
1871 5109 2439 5168 COMMENTARIUS.

344 5195 359 5224 ¹
390 5193 720 5269 Recessisset.
757 5196 998 5269 Latinius
1021 5199 1297 5266 eleganter
1341 5199 1466 5269 legit
1493 5201 1773 5256 recessisse.
1807 5203 1874 5258 Et

269 5266 854 5340 vera_videtut_'_lectio,
886 5268 1076 5325 Graece
1118 5270 1374 5340 loquendi
1398 5266 1654 5325 formula.
1681 5273 1868 5330 lacus.

343 5337 362 5366 ²
391 5334 586 5393 Potest.
621 5337 800 5393 Malim
832 5341 932 5410 legi
952 5357 1058 5395 esse
1081 5334 1242 5410 potest
1273 5351 1364 5396 :et
1392 5341 1468 5395 sic
1491 5341 1653 5397 habet
1682 5356 1871 5400 auctor

270 5407 594 5481 ips_e_statim
622 5410 673 5464 in
711 5411 812 5481 hoc
838 5407 1033 5481 capite.
1061 5407 1139 5468 In.

341 5477 362 5507 ⁸
383 5477 572 5562 Habet.
592 5477 972 5562 “EttJFrobenio
1001 5483 1390 5540 Welcbmanus
1413 5483 1540 5562 legit
1569 5485 1787 5562 habeat;
1816 5497 1871 5543 et

270 5551 449 5632 locum
477 5552 548 5604 ita
573 5551 897 5632 distinguit;
929 5553 1065 5632 Dant
1093 5573 1294 5632 parent
1320 5573 1420 5609 non
1451 5551 1631 5632 [iubeat
1664 5575 1676 5611 :
1705 5551 1864 5632 Deus,

266 5621 474 5745 quiiem
502 5622 638 5674 enim
678 5621 803 5692 esse,
831 5634 937 5680 etc.
971 5621 1124 5693 Quod
1170 5626 1385 5696 quidem
1416 5629 1584 5696 magis
1615 5621 1867 5698 probatur

302 5706 364 5744 ac
409 5705 561 5744 sono.

302 5705 561 5744 GCKSODO.

343 5761 366 5790 ⁸
487 5777 586 5843 non
609 5778 779 5843 omne,
802 5777 906 5843 etc.
937 5767 1295 5843 Theophilum
1328 5768 1740 5843 Antiochenam
1773 5786 1870 5826 ex-

273 5833 474 5908 pressit
502 5833 984 5909 lteicNovatianus,
1017 5833 1108 5896 lib:
1134 5857 1192 5908 ll,
1216 5842 1284 5895 ad
1305 5839 1568 5912 Antolyc.,
1596 5859 1645 5896 c.
1677 5843 1730 5899 5.

281 5971 308 5978 ‘_
354 5905 375 5934 ⁵
402 5901 644 5962 Desierit.
678 5907 752 5964 Ita
783 5911 909 5966 editi
962 5911 1202 5984 plerique
1235 5931 1246 5966 :
1277 5929 1394 5984 qua:
1443 5911 1658 5984 quidem
1715 5913 1876 5973 lcetio

1986 5207 2231 5274 apprime
2265 5205 2517 5274 congruit
2569 5215 2688 5256 cum
2729 5199 3102 5274 sequentibus,
3137 5201 3331 5274 ruet-it,_
3357 5201 3584 5274 cmperit.

1981 5271 2052 5331 At
2093 5275 2357 5344 Gagnteus
2381 5271 2440 5328 et
2491 5272 2793 5334 Barrcnsis,
2830 5288 2966 5340 quos
2996 5275 3238 5342 sequitur
3265 5271 3583 5328 Welchtna-

1981 5361 2100 5396 nus.
2128 5347 2322 5396 desinet
2354 5361 2369 5396 :
2398 5345 2571 5396 minus
2601 5353 2762 5396 recte.
2800 5352 2856 5395 ut
2881 5341 3106 5396 videtur.

1979 5361 2100 5412 nus,
2128 5348 2322 5399 desinet
2354 5361 2369 5398 :
2398 5348 2571 5398 minus
2601 5353 2762 5404 recte,
2800 5352 2856 5395 ut
2881 5348 3106 5396 videtur.

2051 5419 2070 5448 θ
2099 5415 2227 5469 Ideo
2253 5413 2798 5486 quod.Welchtnanus
2821 5412 3037 5482 conjicit
3059 5411 3336 5484 legendum
3353 5414 3406 5466 id
3427 5416 3585 5482 quod.

1974 5487 2158 5557 Neque
2188 5484 2374 5540 abnuit
2401 5484 2726 5557 Jacksqnus.

2046 5555 2160 5612 7E1
2194 5562 2415 5628 prwfert.
2451 5559 2547 5612 Ms.
2587 5555 2796 5628 Voweri
2822 5556 3171 5628 autprtefert.
3207 5555 3459 5610 Jacnsoa.

2049 5627 2735 5699 “Perpleio....producto.
2792 5627 2934 5699 Editi
2987 5628 3227 5698 perplexa
3282 5629 3578 5698 producta,

1978 5711 2164 5783 contra
2201 5701 2347 5771 leges
2377 5698 2772 5772 grammaticas.
2821 5698 3101 5754 Editiones
3133 5699 3456 5770 Anglicanas
3489 5713 3580 5753 sc-

2207 5788 2310 5825 tus.

2074 5791 2085 5826 |
2109 5788 2310 5826 sumus.

1978 5783 2069 5877 cu:
2091 5843 2348 5915 Legimus.
2372 5843 2462 5900 Sic
2483 5841 2886 5901 edit.Welcltm.
2917 5851 2966 5899 ct
2984 5840 3236 5899 Jackson.
3256 5859 3352 5915 pro
3372 5843 3580 5912 vulgata

1975 5913 2212 5975 lectione
2242 5913 2509 5988 legitimas.
