4256 6250
711 279 820 338 895

2194 287 2574 346 NOVA'I‘IANI

3925 294 4029 354 896

713 410 813 452 nes
841 394 907 452 ad
955 404 1100 453 recta
1146 408 1487 454 revocantur.
1535 400 1674 462 Nam
1706 401 1899 472 quibus
1937 403 2003 458 ad
2035 403 2316 460 honestam
2347 406 2392 464 Α
2424 405 2489 460 de
2513 407 2622 462 Deo
2671 407 2968 478 PrOphetes
3015 402 3148 464 tunc
3203 409 3520 481 loquebatur
3544 451 3558 478 ,
3615 425 3724 466 non
3756 412 4028 480 quomodo

712 489 875 544 vitam
904 487 1056 544 deest
1081 489 1218 544 ratio
1243 532 1258 556 ,
1307 499 1482 547 metus
1509 504 1590 546 est
1613 496 1944 549 necessarius
1966 537 1979 560 ,
2014 507 2071 549 ut
2101 497 2190 566 qui
2233 514 2314 549 ra-

721 581 924 636 tionem
952 581 1311 651 reliquerunt,
1348 583 1430 638 vel
1461 592 1668 639 terrore
1718 597 2051 641 moveantur.
2091 587 2156 641 Et
2184 587 2304 642 ideo

713 687 903 729 onmes
931 673 1046 728 ista:
1075 675 1156 729 vel
1181 675 1468 731 iracundia:
1500 677 1627 739 Dei,
1657 679 1737 734 vel
1761 679 1878 732 odia
1897 722 1911 746 ,
1937 680 2019 733 vel
2048 695 2320 749 quaecum-

714 781 820 836 que
870 776 993 820 sunt
1046 766 1391 836 huiusmodi,
1447 770 1573 824 dum
1627 770 1692 824 ad
1726 771 2044 827 medicinam
2077 781 2318 828 nostram

715 857 1060 930 proferuntur
1091 859 1184 928 (ut
1207 876 1293 915 res
1319 860 1533 932 docet),
1572 879 1636 918 ex
1667 866 1894 918 consilio
1917 908 1932 931 ,
1969 881 2074 921 non
2105 883 2171 921 ex
2194 868 2322 922 vitio

717 961 1012 1006 venerunt:
1073 967 1174 1006 nec
1216 969 1282 1008 ex
1342 953 1626 1024 fragilitate
1681 957 2048 1023 descendunt;
2106 969 2322 1029 propter

715 1042 856 1113 quod
881 1043 1042 1097 etiam
1067 1044 1131 1098 ad
1159 1047 1610 1116 corrumpendum
1643 1049 1809 1104 Deum
1839 1050 2018 1105 valere
2059 1065 2164 1105 non
2199 1066 2323 1121 pos-

727 1143 872 1191 sunt.
907 1134 1247 1190 Materiarutn
1274 1137 1415 1192 enim
1444 1139 1666 1194 innubis
1687 1155 1750 1194 ex
1788 1140 1982 1211 quibus
2000 1156 2214 1209 sumus,
2243 1143 2323 1196 di-

722 1227 950 1279 versitas
977 1266 991 1289 ,
1019 1225 1086 1280 ad
1117 1226 1407 1282 iracundim
1453 1233 1732 1285 consuevit
1759 1243 2192 1301 corrumpentem
2225 1249 2323 1289 nos

719 1318 953 1373 excitare
980 1316 1342 1386 discordiam;
1376 1337 1494 1391 qua:
1540 1323 1590 1377 in
1628 1323 1768 1392 Deo,
1797 1324 1880 1378 vel
1927 1340 1993 1379 ex
2025 1335 2211 1380 natura
2235 1327 2319 1382 vel

721 1426 784 1464 ex
823 1412 953 1465 vitio
974 1414 998 1477 ',
1031 1427 1133 1465 nou
1157 1422 1332 1483 potest
1359 1430 1479 1470 esse
1505 1433 1522 1469 :
1548 1415 1674 1470 dum
1707 1432 1810 1471 non
1835 1419 2017 1487 utique
2067 1435 2131 1473 ex
2165 1435 2322 1489 coag-

724 1506 918 1560 tnentis
957 1505 1328 1574 corporalibus
1354 1507 1665 1577 intelligitur
1686 1523 1807 1564 esse
1836 1521 2198 1566 constructus.
2226 1511 2322 1566 Est

721 1598 862 1651 enim
897 1597 1126 1664 simplex
1162 1639 1178 1665 ,
1224 1607 1277 1652 et
1317 1598 1434 1654 sine
1474 1599 1576 1653 ulla
1623 1615 1882 1670 corporea
1931 1604 2275 1659 concretione
2305 1646 2318 1669 ,

719 1691 975 1762 quidquid
1017 1691 1146 1746 illud
1195 1703 1276 1746 est
1308 1701 1446 1748 totus
1473 1735 1487 1760 ,
1545 1694 1688 1763 quod
1733 1710 1792 1750 se
1831 1695 1980 1750 solus
2023 1698 2123 1751 scit
2151 1713 2315 1761 esse;

2429 500 2569 554 Deus
2610 512 2728 557 erat
2755 545 2769 568 ,
2801 503 2893 558 sed
2936 503 3206 574 quomodo
3231 505 3458 575 populus
3489 521 3682 577 capere
3705 514 3935 577 poterat.
3967 507 4034 565 Ut

2424 591 2582 661 igitur
2604 593 2718 649 hare
2749 596 2827 650 sic
2853 595 2918 650 de
2938 595 3048 650 Deo
3077 596 3324 652 dicantur
3344 641 3358 666 ,
3395 613 3502 654 non
3532 599 3680 664 Deo,
3706 599 3802 656 sed
3836 601 4036 671 populo

2425 689 2604 761 potius
2649 691 2962 760 imputetur.
2999 691 3089 748 Sic
3117 693 3315 766 (Exod.
3340 693 3493 767 xxvr)
3524 705 3579 750 et
3625 694 4028 753 tabernaculum

2425 784 2630 852 erigere
2659 785 2856 854 populo
2888 787 3248 855 permittitur;
3280 804 3378 844 nec
3400 798 3579 846 tamen
3602 790 3745 846 Deus
3773 791 3912 846 intra
3946 804 4034 847 ta-

2428 873 2774 932 bernaculum
2806 878 2826 909 ³
2856 882 3036 935 clusus
3077 881 3383 938 continetur
3409 900 3424 948 ;
3474 885 3552 939 sic
3583 885 3680 958 (Ill
3712 883 3840 957 Reg.
3873 886 3948 960 tv)
3981 895 4036 942 et

2428 967 2708 1038 Templum
2760 973 3083 1040 exstruitur;
3138 990 3237 1030 nec
3268 984 3444 1031 tamen
3476 977 3617 1032 Deus
3661 979 3794 1034 intra
3848 979 4038 1049 templi.

2426 1063 2696 1130 angustias
2740 1065 2960 1118 omnino
3006 1067 3230 1135 sepitur.
3260 1066 3373 1121 Non
3428 1067 3588 1138 igitur
3635 1069 3922 1125 mediocris
3954 1079 4040 1125 est

2430 1154 2588 1219 Deus,
2624 1156 2717 1210 sed
2744 1159 2922 1226 populi
2951 1159 3238 1214 mediocris
3267 1171 3350 1214 est
3377 1174 3569 1216 sensus
3603 1179 3616 1215 :
3647 1175 3745 1216 nec
3770 1171 4038 1232 angustus

2429 1245 2568 1300 Deus
2591 1288 2604 1310 ,
2633 1247 2725 1300 sed
2749 1248 2972 1302 rationis
2999 1250 3181 1320 pomili
3210 1260 3468 1320 angustus
3497 1260 3582 1306 est
3605 1252 3913 1307 intellectus
3943 1253 4040 1307 ha-

2430 1339 2592 1393 bitus.
2648 1341 2892 1412 Denique
2941 1343 2991 1397 in
3039 1344 3328 1414 Evangelio
3359 1343 3535 1413 (Joan.
3569 1361 3641 1412 tv,
3677 1345 3770 1418 2i)
3805 1363 3820 1401 :
3866 1345 4041 1401 Veniet

2427 1433 2592 1496 liora,
2654 1434 2912 1490 Dominus
2957 1436 3158 1502 aiebat,
3209 1453 3324 1491 cum
3378 1454 3536 1509 neque
3586 1439 3640 1492 in
3667 1448 3839 1494 monte
3889 1441 3988 1493 isto
4018 1481 4034 1506 ,

2426 1542 2588 1594 neque
2634 1527 2687 1580 in
2735 1527 3056 1583 Hierusalem
3115 1531 3396 1585 adorabitis
3453 1529 3704 1599 Patrem,
3737 1541 3793 1587 et
3839 1547 4037 1588 causas

2426 1619 2660 1674 reddidit
2712 1620 2898 1677 dicens
2950 1622 3126 1691 (Ibid.
3177 1640 3228 1677 v.
3282 1624 3350 1679 24
3379 1624 3396 1694 )
3429 1643 3442 1678 :
3475 1624 3707 1696 Spiritus
3747 1637 3822 1680 est
3851 1624 3992 1681 Deus
4023 1643 4043 1690 ;

2426 1720 2472 1764 et
2511 1728 2595 1766 eos
2640 1729 2759 1784 ergo
2799 1715 2884 1784 qui
2917 1713 2936 1744 ³
2963 1714 3203 1779 adorant,
3245 1717 3298 1770 in
3341 1717 3528 1786 spiritu
3569 1726 3616 1770 et
3662 1718 3871 1771 veritate
3910 1718 4045 1770 ado-

721 1785 1151 1856 (ιιιτιηάοίιιιίάειη
1178 1785 1403 1879 ξςΡῖῗίίηδ
1435 1787 1505 1840 Sil
1552 1787 1724 1841 ἀίοιυε
1757 1787 1934 1858 (Ιοαηο
1968 1805 2018 1842 ιν
2047 1831 2060 1850 ν
2089 1789 2203 1860 24)·
2256 1791 2321 1845 Et
2351 1804 2396 1864 Β
2425 1820 2539 1858 rare
2567 1815 2786 1872 oportet.
2824 1805 3089 1863 Efﬁcacia:
3118 1807 3276 1878 igitur
3320 1785 3388 1863 ibi
3420 1808 3616 1862 divina:
3653 1823 3751 1879 per
3799 1810 4046 1864 membra

723 1878 843 1933 ideo
873 1877 986 1931 hzrc
1031 1892 1152 1946 qua:
1183 1877 1236 1930 in
1283 1877 1590 1933 hominibus
1621 1881 1811 1934 vitiosa
1855 1891 1978 1935 sunt
2004 1891 2058 1936 et
2087 1897 2329 1937 corrum-

722 1969 923 2039 pentia,
958 1967 1083 2021 dum
1106 1983 1169 2022 ex
1200 1970 1448 2040 corporis
1477 1970 1641 2040 ipsius
1667 1981 1721 2025 et
1749 1973 1987 2026 materia:
2009 1975 2332 2044 corruptibi-

722 2061 870 2115 litate
902 2070 1228 2128 nascuntur,
1279 2062 1330 2117 in
1365 2062 1473 2118 Deo
1525 2065 1988 2135 corruptibilitatis
2019 2067 2124 2122 vim
2173 2085 2331 2124 exer-

722 2168 846 2210 cere
877 2170 981 2210 non
1011 2166 1233 2225 possunt
1263 2176 1277 2213 :
1308 2158 1323 2187 ¹
1349 2159 1815 2230 quandoquidem,
1840 2173 1896 2217 ut
1925 2162 2191 2231 diximus,
2224 2182 2330 2222 non

724 2263 788 2306 ex
813 2250 968 2317 vitio,
1001 2251 1095 2307 sed
1120 2252 1328 2310 ratione
1354 2265 1636 2310 venerunt.

1345 2390 1572 2448 CAPUT
1614 2393 1704 2448 VI.

729 2503 794 2558 Et
840 2505 954 2559 licet
984 2504 1258 2577 Scriptura
1307 2507 1493 2577 [aciem
1543 2507 1766 2562 divinam
1798 2524 1933 2579 saepe
1961 2510 2030 2562 ad
2056 2511 2333 2566 humanam

799 2597 1020 2665 formam
1050 2607 1340 2664 convertat,
1392 2616 1493 2653 non
1543 2610 1712 2654 tanten
1736 2601 1871 2654 intra
1900 2602 2008 2673 [uec
2036 2605 2196 2658 nostri
2222 2620 2334 2656 cor-

797 2690 937 2761 poris
954 2691 1259 2745 lineamenta
1289 2692 1497 2746 modum
1537 2693 1723 2748 divina:
1761 2697 2039 2766 ntajestotis
2077 2697 2292 2751 includi.

801 2831 865 2886 Et
912 2831 1036 2888 licet
1090 2831 1364 2902 Scriptura
1389 2833 1627 2890 caelestis
1665 2835 1730 2890 ad
1773 2835 2060 2890 humanam
2106 2835 2334 2892 formam

726 2923 918 2980 faciem
956 2925 1194 2981 divinam
1241 2943 1386 2998 saepe
1425 2939 1738 2997 convertat,
1783 2931 1908 2986 dum
1976 2933 2104 2987 dicit
2164 2933 2333 3006 (Psal.

729 3033 896 3074 xxxm
926 3061 941 3087 ,
976 3021 1108 3091 16):
1147 3022 1296 3078 Oculi
1345 3023 1555 3080 Domini
1609 3044 1762 3097 super
1801 3031 1972 3101 justas
2017 3047 2036 3084 :
2074 3041 2165 3084 aut
2206 3031 2332 3085 dum

729 3113 748 3182 (
777 3112 903 3168 Gen.
927 3130 1042 3180 vnt,
1071 3115 1164 3188 21)
1199 3135 1210 3172 :
1241 3117 1502 3173 Oderatus
1530 3131 1605 3174 est
1649 3121 1894 3176 Dominus
1943 3121 2082 3177 Deus
2122 3125 2330 3179 odorem

730 3206 876 3261 bona:
938 3209 1243 3280 fragrantia:
1295 3226 1314 3263 :

732 3299 871 3354 bula:
898 3301 1102 3370 scripta:
1145 3301 1304 3374 digito
1345 3301 1437 3355 Dei
1481 3303 1676 3374 (Exod.
1725 3321 1862 3361 xxxr
1891 3347 1904 3367 ,
1936 3308 2026 3374 18)
2053 3327 2067 3361 :
2097 3307 2336 3364 autdum

733 3391 959 3461 populus
1017 3392 1247 3447 ﬁliorum
1293 3392 1457 3449 Israel
1506 3396 1573 3450 de
1616 3405 1756 3451 terra
1785 3397 2001 3469 .IEgypIi
2050 3415 2205 3453 manu
2253 3417 2339 3454 va-

732 3484 842 3536 lida
893 3494 939 3536 et
971 3482 1180 3536 brachio
1231 3486 1428 3540 excelso
1466 3485 1640 3557 (Psat.
1665 3503 1864 3554 cxxxv,
1902 3490 1969 3543 l‘t
1996 3491 2012 3560 )
2041 3490 2334 3546 liberatur:

735 3583 827 3630 aut
864 3575 989 3630 dum
1023 3575 1153 3630 dicit
1189 3577 1208 3646 (
1230 3576 1342 3631 Isa.
1385 3594 1443 3641 r.
1470 3578 1562 3650 20)
1602 3579 1717 3635 :Os
1766 3583 1900 3636 enim
1944 3583 2154 3638 Domini
2199 3587 2340 3640 locu-

735 3678 842 3721 tum
881 3678 955 3722 est
996 3669 1104 3722 [nec
1145 3686 1164 3722 :
1214 3680 1306 3725 aut
1351 3669 1476 3726 dum
1514 3681 1653 3727 terra
1703 3675 1980 3729 scabellum
2017 3678 2201 3742 pedum
2249 3681 2340 3736 Dei

734 3777 854 3818 esse
890 3762 1198 3833 perhibetur
1240 3767 1259 3835 (
1292 3765 1396 3822 lsa.
1431 3783 1570 3835 uvr,
1604 3771 1655 3838 l)
1689 3787 1702 3822 :
1745 3779 1836 3824 aut
1883 3771 2009 3826 dum
2055 3773 2218 3828 dicit:
2248 3774 2340 3840 (IV

741 3855 868 3926 Reg.
912 3873 1000 3911 xu:
1029 3899 1044 3922 ,
1077 3858 1186 3927 16)
1219 3878 1231 3913 :
1261 3859 1466 3916 lnclina
1509 3880 1688 3917 aurem
1734 3876 1894 3932 tuam,
1925 3877 1972 3921 et
2001 3869 2124 3922 audi
2153 3886 2172 3922 :
2201 3872 2221 3901 ²
2243 3886 2342 3924 nos

737 3951 826 4020 qui
855 3951 1115 4018 dicimus,
1165 3955 1285 4024 quia
1338 3955 1445 4011 Lex
1475 3958 1730 4026 spiritalis
1761 3970 1873 4025 est,
1903 3977 2008 4016 non
2037 3963 2174 4017 intra
2229 3964 2342 4020 haec

737 4044 905 4098 n05tri
930 4045 1171 4113 corporis
1227 4047 1550 4103 lineamenta
1577 4093 1591 4114 ,
1620 4051 1838 4106 modum
1885 4062 1977 4108 aut
2003 4054 2226 4125 ﬁguram
2256 4057 2340 4110 di-

741 4136 878 4189 vinae
907 4136 1205 4204 maiestatis
1230 4139 1574 4203 includimus,
1608 4144 1702 4198 sed
1723 4146 1832 4199 suis
1855 4146 1998 4200 illam
2027 4149 2342 4204 intermina-

737 4235 804 4280 ta:
829 4227 1206 4298 magnitudinis
1237 4229 1320 4301 (ut
1348 4231 1416 4285 ita
1444 4233 1694 4307 dixerim)
1722 4237 1926 4307 campis
1955 4239 2071 4293 sine
2098 4241 2209 4294 ullo
2239 4241 2344 4296 ﬁne

735 4317 1100 4375 diffundimus.
1149 4322 1421 4392 Scriptum
1453 4337 1535 4380 est
1561 4328 1703 4381 enim
1753 4327 1927 4400 (Psat.
1957 4346 2202 4387 cxxxvtu
2222 4376 2236 4398 ,
2265 4335 2298 4389 8
2326 4377 2340 4400 ,

737 4409 790 4477 9,
824 4411 891 4464 10
922 4412 980 4482 ):
1017 4411 1078 4465 Si
1105 4415 1378 4469 escendero
1432 4417 1482 4469 in
1535 4419 1713 4472 calum
1736 4462 1751 4486 ,
1797 4431 1851 4473 tu
1897 4422 1966 4476 ibi
2003 4439 2102 4477 es:
2141 4427 2184 4477 si
2220 4426 2336 4480 des-

749 4505 966 4560 cendere
996 4507 1064 4559 ad
1091 4507 1305 4580 inferos,
1349 4511 1471 4565 ades
1502 4528 1520 4565 :
1549 4522 1596 4566 et
1627 4515 1671 4567 si
1697 4531 2020 4585 assumpsero
2045 4519 2154 4573 alas
2181 4536 2340 4587 meas,

2437 1906 2842 1952 monstrantur:
2877 1913 2982 1953 non
3028 1899 3240 1955 habitus
3270 1901 3383 1966 Dei,
3417 1916 3516 1956 nec
3546 1901 3850 1970 corporalia
3876 1901 4050 1956 linea-

2437 1997 2613 2043 menta
2661 2000 2956 2059 ponuntur.
3004 1990 3136 2046 Nam
3181 2001 3384 2048 etcum
3429 1992 3574 2048 oculi
3618 1992 4003 2048 describuntur
4030 2033 4045 2057 ,

2435 2079 2575 2148 quod
2595 2081 2771 2135 omnia
2795 2081 2972 2136 videat
2996 2082 3340 2152 exprimitur;
3373 2084 3815 2154 etquandoauris
3839 2126 3855 2148 ,
3901 2084 4053 2155 quod

2437 2175 2456 2202 ⁵
2485 2175 2661 2228 omnia
2693 2175 2876 2230 audiat
2918 2176 3269 2246 proponitur;
3308 2185 3363 2231 et
3414 2191 3534 2231 cum
3581 2175 3795 2248 digitus,
3829 2177 4053 2247 signiﬁ—

2434 2273 2608 2327 cantia
2633 2273 2876 2344 qtttcdam
2923 2273 3213 2328 voluntatis
3262 2275 3538 2343 aperitur;
3569 2282 3622 2328 et
3663 2287 3789 2328 cum
3841 2288 4007 2328 nares
4033 2314 4049 2336 ,

2439 2379 2653 2433 procum
2685 2366 2838 2436 quasi
2866 2365 3092 2420 odorum
3125 2366 3401 2436 perceptio
3453 2364 3789 2434 ostenditur;
3847 2375 4052 2422 etcum

2437 2472 2664 2520 manus,
2700 2458 2840 2527 quod
2889 2469 3151 2514 creaturae
3180 2461 3251 2514 sit
3303 2460 3480 2514 omnis
3531 2469 3721 2515 auctor
3764 2461 4050 2530 probatur;

2435 2558 2487 2603 et
2514 2549 2730 2620 quando
2771 2551 3046 2606 brachium
3075 2593 3087 2616 ,
3117 2551 3260 2620 quod
3313 2552 3457 2606 nulla
3505 2561 3693 2607 natura
3738 2562 3924 2607 contra
3967 2568 4059 2606 ro-

2437 2642 2535 2695 bur
2568 2644 2730 2712 ipsius
2759 2659 3057 2713 repugnare
3083 2644 3249 2714 possit
3297 2645 3560 2710 edicitur;
3589 2655 3644 2701 et
3688 2645 3905 2715 quando
3962 2661 4056 2716 pe-

2437 2740 2534 2796 des
2560 2783 2574 2806 ,
2608 2741 2748 2812 quod
2777 2742 2997 2812 impleat
3023 2743 3201 2797 omnia
3226 2783 3238 2802 ,
3269 2755 3366 2796 nec
3393 2742 3464 2796 sit
3505 2741 3796 2812 quidquam
3829 2742 3917 2796 uhi
3947 2758 4056 2796 non

2442 2836 2512 2888 sit
2541 2834 2701 2900 Deus,
2739 2835 3054 2903 explicatur.
3089 2834 3274 2905 Neque
3301 2836 3443 2890 enim
3470 2846 3595 2890 sunt
3623 2836 3673 2892 ei
3691 2847 3783 2890 aut
3810 2836 4056 2892 membra

2443 2939 2533 2981 aut
2564 2928 2928 2982 membrorum
2973 2928 3149 2984 ofﬁcia
3193 2928 3490 2983 necessaria
3524 2971 3540 2994 ,
3574 2929 3639 2983 ad
3682 2930 3840 2996 cujus
3878 2931 4058 2984 solum

2442 3023 2603 3075 etiam
2648 3023 2866 3076 tacitum
2897 3021 3173 3076 arbitrium
3198 3032 3252 3076 et
3281 3023 3596 3076 serviuutet
3633 3022 3832 3078 adsunt
3852 3025 4057 3077 omnia.

2443 3115 2553 3169 Cur
2579 3115 2721 3170 enim
2749 3117 2986 3185 requirat
3009 3116 3192 3170 oculos
3212 3156 3228 3182 ,
3257 3115 3347 3184 qui
3372 3114 3485 3169 Lux
3509 3115 3630 3170 est?
3655 3125 3747 3170 aut
3775 3130 3872 3170 cur
3899 3133 4057 3186 qure-

1366 3220 1455 3265 aut
1528 3211 1653 3267 dum
1706 3214 1989 3268 traduntur
2039 3216 2205 3288 Moysi
2255 3197 2408 3270 ιςι-(.ἶ
2446 3219 2525 3264 rat
2563 3209 2745 3279 pedes,
2805 3210 2891 3279 qui
2933 3210 3132 3279 ubique
3180 3211 3305 3265 est?
3357 3219 3448 3264 aut
3496 3225 3592 3265 cur
3645 3210 3850 3280 ingredi
3883 3212 4059 3274 velit,

2447 3318 2568 3356 cum
2599 3318 2705 3355 non
2759 3301 2827 3354 sit
2853 3317 2958 3370 quo
3005 3312 3156 3356 evtra
3211 3316 3271 3356 se
3303 3302 3551 3372 progredi
3583 3303 3751 3370 possit
3776 3303 3800 3355 ?
3828 3311 3924 3357 aut
3961 3319 4064 3357 cur

2451 3409 2640 3448 manus
2686 3404 2941 3463 expetat,
2972 3396 3124 3463 cujus
3171 3393 3236 3446 ad
3278 3395 3456 3447 omnia
3502 3392 3822 3447 instituenda
3855 3393 4064 3449 artifex

2444 3499 2524 3542 est
2551 3497 2603 3541 et
2625 3488 2786 3540 silens
2810 3487 3052 3542 voluntas
3074 3487 3096 3538 ’ἶ
3119 3488 3138 3514 θ
3170 3485 3276 3541 Nec
3297 3486 3517 3541 auribus
3544 3495 3663 3555 eget
3688 3527 3703 3551 ,
3733 3485 3824 3554 qui
3881 3489 4064 3542 etiam

2448 3582 2634 3636 tacitas
2664 3581 2809 3634 novit
2863 3581 3185 3635 voluntates.
3240 3582 3345 3633 Aut
3385 3588 3598 3650 propter
3620 3593 3780 3648 quam
3821 3593 4064 3635 causam

2448 3674 2682 3743 linguam
2712 3683 2914 3742 qua‘ral
2935 3714 2949 3736 ,
3002 3672 3085 3725 cui
3108 3672 3344 3740 cogitare
3380 3672 3607 3740 jussisse
3631 3670 3756 3723 est?
3785 3667 4059 3724 Necessa-

2449 3769 2522 3823 ria
2553 3767 2696 3821 enim
2731 3766 2845 3820 hinc
2877 3765 3116 3819 membra
3151 3763 3455 3817 hominibus
3481 3763 3734 3830 fuerunt,
3756 3776 3862 3817 non
3893 3762 4010 3817 Deo
4046 3781 4062 3818 :

2447 3863 2567 3932 quia
2627 3862 2871 3917 inefﬁcax
2920 3861 3149 3916 hominis
3177 3861 3460 3914 consilium
3496 3860 3684 3914 fuisSet
3716 3902 3730 3924 ,
3761 3861 3858 3915 nisi
3889 3863 4064 3928 cogi-

2449 3967 2623 4011 tameu
2651 3969 2848 4024 corpus
2885 3955 3159 4023 implesset
3189 3971 3202 4016 ;
3239 3954 3346 4008 Deo
3375 3963 3554 4007 autem
3585 3969 3688 4007 non
3719 3954 4065 4020 necessaria,

2446 4049 2597 4118 cujus
2625 4048 2948 4102 voluntatem
2996 4063 3100 4100 nou
3133 4054 3333 4100 tantum
3366 4044 3484 4099 sine
3515 4045 3694 4114 aliqua
3731 4043 4018 4098 molitione
4046 4089 4064 4111 ,

2447 4157 2609 4211 Opera
2658 4141 3059 4210 subseqmmtur
3088 4181 3100 4200 .
3133 4138 3226 4193 sed
3259 4139 3372 4205 ipsa
3398 4137 3580 4192 statim
3611 4151 3774 4206 opera
3801 4151 3921 4190 cum
3953 4153 4065 4190 vo-

2451 4235 2655 4289 luntate
2683 4232 3000 4304 procedunt.
3033 4233 3298 4286 Caeterum
3352 4229 3467 4299 ipse
3498 4239 3642 4284 totus
3666 4228 3886 4293 oculus,
3927 4231 4068 4298 quia

2450 4339 2592 4383 totus
2619 4326 2761 4381 videt
2785 4343 2799 4392 ;
2831 4335 2886 4381 et
2917 4334 3057 4379 totus
3078 4325 3224 4378 auris
3244 4365 3258 4383 .
3293 4324 3415 4394 quia
3461 4333 3604 4377 totus
3631 4323 3806 4384 audit;
3833 4332 3884 4375 et
3909 4331 4072 4377 totus

2449 4435 2638 4482 manus
2662 4461 2676 4485 ,
2709 4419 2829 4488 quia
2857 4428 2996 4471 totus
3025 4427 3313 4484 operatur;
3344 4425 3397 4470 et
3439 4424 3580 4469 totus
3599 4431 3692 4483 pes
3712 4457 3726 4480 ,
3756 4415 3878 4484 quia
3907 4423 4071 4469 totus

2449 4513 2648 4582 ubique
2670 4521 2773 4566 est.
2799 4510 2944 4566 idem
2965 4511 3108 4564 enim
3138 4508 3394 4578 quidquid
3417 4508 3546 4563 illud
3563 4516 3648 4562 est
3665 4548 3681 4571 ,
3700 4515 3843 4562 lotus
3865 4522 4026 4578 aequa
4043 4538 4068 4550 ο

746 4609 793 4652 et
837 4600 1006 4655 abiero
1028 4610 1167 4655 trans
1196 4619 1356 4670 mare,
1398 4606 1469 4657 ibi
1509 4623 1692 4660 manus
1725 4617 1812 4662 tua
1853 4612 2198 4679 apprehendet
2229 4632 2332 4683 me,

2451 4606 2516 4660 Iis
2542 4613 2652 4670 est,
2678 4613 2732 4659 et
2754 4612 2894 4657 lotus
2925 4602 3121 4672 ubique
3143 4609 3244 4654 est.
3285 4599 3400 4654 Non
3428 4601 3571 4654 enim
3607 4599 3765 4653 habet
3806 4600 3856 4652 in
3881 4614 3944 4653 se
3976 4599 4072 4654 di-

742 4700 788 4742 et
817 4692 1024 4744 dextera
1066 4703 1151 4747 tua
1201 4695 1441 4750 detinebit
1491 4715 1588 4752 me.
1646 4699 1928 4756 Rationem
1959 4705 2104 4758 enim
2146 4705 2344 4762 divina:

738 4783 1028 4853 Scriptura:
1075 4786 1140 4841 de
1184 4799 1609 4859 temperamento
1652 4791 2017 4861 dispositionis
2065 4800 2345 4867 cognosci-

741 4893 879 4932 mus.
911 4878 1183 4936 Paraholis
1204 4883 1344 4938 enim
1383 4882 1557 4940 adhuc
1581 4927 1595 4951 ,
1628 4887 1924 4941 secundum
1953 4888 2074 4943 ﬁdei
2109 4900 2341 4962 tempus,

2451 4705 2755 4758 versitatem
2801 4703 2882 4756 sui
2916 4743 2928 4764 ,
2987 4700 3242 4771 quidquid
3284 4709 3367 4754 est
3397 4700 3642 4769 simplex.
3677 4699 3749 4754 Ea
3776 4698 3924 4752 enim
3959 4696 4068 4750 de-

2449 4813 2596 4852 mum
2628 4797 2676 4851 in
2708 4795 3074 4850 diversitatem
3105 4794 3467 4850 membrorum
3503 4793 3745 4848 reetdunt
3773 4835 3789 4857 ,
3818 4806 3941 4859 qua:
3968 4805 4072 4842 ve-

2451 4889 2602 4944 niunt
2629 4905 2693 4944 ex
2726 4888 3002 4942 ttativilale
3052 4890 3102 4940 in
3131 4887 3560 4943 dissolutionem.
3596 4888 3613 4916 ⁷
3642 4883 3748 4941 Sed
3793 4886 3908 4938 hmo
3936 4897 4068 4952 quae

1915 5046 2301 5135 (ιλιιΑιξῡιι
2357 5048 2914 5107 COMMENTARIUS.

815 5211 829 5234 ι
866 5204 1306 5285 Quandoguidein.
1339 5205 1473 5261 Cod.
1507 5207 1759 5277 Anglicus
1788 5225 1888 5264 ms.
1922 5213 2194 5268 vetustiss.
2226 5212 2355 5285 legit

739 5279 978 5345 quoniam
1005 5277 1228 5346 quidem.
1258 5279 1512 5334 Jacasoa.

813 5351 830 5377 ³
866 5346 996 5421 Nos.
1051 5349 1135 5403 Al.
1191 5349 1296 5405 Sed
1342 5351 1603 5407 nos.l|lud
1633 5353 1722 5406 sed
1753 5355 2197 5421 prtetermisimus
2225 5371 2347 5411 cum

738 5417 1036 5475 editoribus
1094 5423 1428 5491 Auglicanis,
1491 5439 1557 5478 ex
1619 5417 1909 5480 verborum
1969 5428 2209 5483 auctoris
2270 5438 2352 5484 te-

741 5506 894 5544 IIOTC.

825 5563 845 5592 ³
869 5560 1073 5617 Cursus.
1109 5565 1269 5620 Deest
1297 5566 1434 5636 apud
1461 5566 1875 5623 Welchmanum
1907 5568 2022 5626 haec
2045 5587 2166 5635 vox,
2195 5587 2354 5642 quam

809 5632 933 5685 liaui
966 5653 1074 5685 orae
1105 5652 1165 5685 se
1196 5637 1395 5685 ferunt-

741 5646 933 5703 t‘ettqut
966 5653 1074 5705 pra:
1105 5652 1165 5691 se
1196 5646 1395 5693 lerunt.

755 5772 771 5784 Δ
793 5702 833 5784 _"‘
865 5706 1114 5784 Aderant.
1145 5705 1361 5784 Vy_el(_:lt.
1391 5712 1610 5784 adorant
1633 5712 1946 5784 enm,_quIa
1993 5724 2044 5771 et
2071 5713 2165 5768 Gt‘.
2200 5714 2352 5784 Vulg.

745 5772 825 5824 Al.
861 5779 1136 5834 omittunt.
1181 5774 1243 5827 Ει
1276 5781 1413 5839 forte
1438 5782 1622 5838 omisit
1653 5772 1768 5856 ipse
1787 5772 2138 5861 Novitianus.

2534 5217 2553 5245 ⁵
2575 5214 2780 5269 Omnia.
2807 5215 2878 5269 [ta
2894 5213 3160 5268 Pamclius
3177 5211 3392 5282 aliique.
3409 5209 3663 5268 Gelenius
3681 5217 3881 5270 tamen,
3896 5222 4072 5279 quem

2457 5289 2703 5364 sequitur
2731 5285 3140 5364 W_'e_lclnnanu_s,
3172 5301 3386 5364 omnes;
3460 5355 3472 5364 .
3567 5354 3580 5364 _
3814 5353 3825 5362 _

2528 5351 2550 5388 έ
2570 5357 2994 5434 Nec_attr_ibtts....
3013 5358 3312 5434 voluntates.
3348 5354 3552 5409 Excidit
3567 5354 3699 5434 hinc
3713 5353 3966 5434 peric0pe
3981 5351 4067 5404 ait

2459 5429 2603 5484 edito
2631 5428 3093 5504 Welclmmuiano.
3128 5427 3228 5483 Ubi
3262 5436 3326 5504 _et
3347 5435 3504 5497 paulo
3536 5435 3657 5494 post
3688 5426 3906 5504 legitur,
3939 5436 4073 5504 non

2459 5511 2652 5554 tantum
2700 5501 2875 5568 aliqua
2918 5501 3210 5566 molitione,
3245 5498 3462 5566 dempta
3499 5497 3880 5567 propositione
3910 5497 4028 5547 sine
4051 5537 4074 5562 ,

2457 5589 2614 5643 quam
2638 5572 2725 5625 alii
2748 5571 3025 5626 exhibent.

2530 5645 2683 5718 7_Sed
2707 5645 2834 5697 Ιιαῑε.
2867 5643 2938 5697 lta
2960 5642 3492 5718 vulg_.Welclnnam_ts
3510 5639 3902 5718 mallet,_quam
3930 5635 4082 5718 hac.

2461 5714 2759 5772 Jacksonus
2788 5729 2918 5769 vero
2953 5709 3226 5777 sed'hanc,
3272 5725 3328 5769 ut
3370 5715 3633 5769 referatur
3679 5709 3747 5764 ad
3789 5709 4092 5762 diversita-

2467 5799 2560 5841 tem
2615 5787 2972 5843 membrorum.
3047 5786 3271 5842 Videtur
3326 5796 3497 5842 tamen
3554 5792 3747 5837 auctor
3792 5783 3899 5834 Ita’c
3944 5787 4092 5836 tum
