4260 6266
182 253 188 257 ’
263 296 374 358 397

1527 306 1616 362 DE
1649 304 2023 368 TRINITATE
2062 307 2288 367 LIBER.

261 419 514 468 concreta
542 427 649 469 non
672 424 800 471 sunt
826 458 841 484 ,
883 419 1086 476 sentire
1116 434 1223 476 non
1256 433 1501 492 possunt.
1546 427 1697 494 Quod
1726 431 1868 484 enim
1902 434 1944 491 Α
1975 431 2083 500 jam
2141 433 2310 487 factus
2353 433 2515 493 Deus.
2563 437 2846 505 Quomodo
2872 447 2926 496 et
2955 442 3000 496 si
3038 443 3335 498 secundum
3368 444 3586 518 Moysen

261 502 570 561 innnortale
610 515 694 562 est
722 550 736 573 ,
770 508 1026 580 quidquid
1057 520 1139 566 est
1165 555 1180 580 ,
1230 514 1358 569 illud
1388 516 1559 585 ipsum
1613 535 1776 573 llllllm
1821 531 1876 575 et

261 597 490 669 simplex
513 608 568 656 et
619 617 834 672 semper
883 615 983 659 est.
1022 607 1084 660 Et
1119 607 1238 663 ideo
1268 611 1389 678 quia
1424 626 1584 663 unum
1610 622 1690 666 est
1722 656 1732 672 ,
1759 613 1870 667 ἀίει

261 691 400 745 solvi
433 707 541 748 non
584 704 762 763 potest
791 713 804 760 ;
834 699 1088 767 quoniam
1117 701 1370 772 quidquid
1404 714 1484 757 est
1529 705 1657 758 illud
1700 706 1872 776 ipsum

259 793 420 839 extra
463 785 552 854 jus
581 786 952 846 dissolutionis
1005 793 1276 863 positum,
1311 795 1515 867 legibus
1567 809 1650 854 est
1682 803 1873 857 mortis

265 877 527 934 solutum.

883 996 1112 1054 CAPUT
1153 1000 1260 1055 Vll.

265 1113 665 1168 ARGUMENTUM.
698 1139 768 1150 —
797 1110 1026 1182 Spiritus
1066 1130 1267 1185 quoque
1293 1132 1408 1170 cum
1451 1118 1591 1172 Deus
1642 1120 1866 1187 dicitur,

336 1207 544 1262 claritas
572 1217 616 1262 et
643 1207 769 1270 lux,
803 1223 905 1260 non
935 1207 1062 1261 satis
1098 1206 1263 1263 Deum
1294 1210 1398 1267 illis
1434 1213 1871 1284 appellationibus

335 1300 599 1372 explicari.

332 1434 436 1490 Sed
461 1433 588 1491 illud
608 1434 750 1506 quod
773 1434 902 1489 dicit
926 1435 1182 1491 Dominus
1203 1436 1570 1510 (Joan.tv,24)
1601 1439 1879 1514 Spiritum

262 1530 450 1595 Deum,
471 1530 484 1559 ¹
505 1539 633 1599 puto
657 1543 757 1599 ego
773 1529 849 1582 sic
868 1529 1103 1584 locutum
1119 1530 1394 1587 Christum
1415 1532 1481 1588 de
1496 1533 1676 1601 Patre,
1697 1545 1756 1590 ut
1781 1537 1870 1591 ad-

260 1621 365 1675 huc
391 1620 586 1692 aliquid
608 1621 726 1690 plus
755 1620 978 1690 intelligi
1007 1621 1138 1676 velit
1180 1637 1340 1692 quam
1373 1624 1632 1694 Spiritum
1666 1628 1857 1683 Deum.

260 1715 582 1771 Hominibus
637 1715 782 1770 enim
835 1715 960 1769 licet
1001 1716 1053 1770 in
1084 1717 1379 1789 Evangelio
1408 1735 1507 1777 suo
1535 1723 1865 1794 intelligendi

258 1809 598 1866 incrementa
623 1811 644 1839 ³
672 1809 872 1864 faciens
899 1809 1165 1879 disputet;
1198 1813 1292 1868 sed
1323 1823 1499 1869 tamen
1527 1817 1621 1870 et-1
1653 1819 1767 1888 ipse
1792 1819 1870 1874 sic
1901 1833 1944 1892 Β

260 1901 442 1958 adhuc
469 1901 539 1957 de
567 1902 676 1958 Deo
704 1902 939 1974 loquitur
970 1903 1293 1971 hominibus,
1339 1910 1610 1977 quomodo
1643 1922 1866 1980 possunt

256 1995 440 2050 adhuc
467 1993 653 2050 audire
685 1995 768 2050 vel
794 2011 1018 2066 capere;
1055 1997 1200 2063 licet,
1235 2007 1292 2053 ut
1323 1999 1587 2069 diximus,
1635 2003 1686 2057 in
1717 2007 1866 2074 agni-

257 2089 466 2144 tionem
495 2087 590 2144 Dei
632 2087 876 2159 religiosa
902 2089 1011 2157 jam
1040 2088 1220 2145 facere
1264 2091 1595 2149 incrementa
1643 2097 1862 2152 nitatur.

259 2181 567 2244 Invenimus
582 2181 729 2236 enim
743 2182 1002 2251 scriptum
1025 2197 1147 2237 esse
1167 2184 1306 2254 quod
1327 2186 1368 2255 (Ι
1390 2185 1548 2241 .Ioan.
1566 2205 1637 2255 tv,
1654 2187 1708 2261 8)
1729 2191 1866 2247 Deus

259 2276 496 2331 Charitas
523 2274 698 2329 dictus
725 2274 826 2338 sit;
862 2290 961 2330 nec
999 2291 1062 2329 ex
1098 2275 1197 2330 hoc
1227 2285 1405 2333 tamen
1438 2279 1528 2334 Dei
1557 2283 1859 2338 substantia

257 2369 496 2423 Charitas
512 2383 766 2438 expressa
785 2377 866 2423 est
887 2386 899 2422 :
930 2378 982 2424 et
1009 2368 1150 2439 quod
1173 2369 1216 2442 (Ι
1237 2370 1397 2426 Joan.
1424 2389 1460 2438 ι,
1480 2372 1536 2443 5)
1551 2372 1668 2429 Lux
1691 2375 1866 2431 dictus

257 2469 376 2522 est;
407 2475 508 2516 nec
538 2469 716 2514 tamen
744 2460 797 2515 in
820 2460 920 2516 hoc
949 2461 1247 2517 substantia
1285 2464 1376 2519 Dei
1421 2474 1525 2532 est,
1557 2467 1652 2522 sed
1692 2478 1862 2523 tutum

262 2551 364 2607 hoc
394 2551 463 2607 de
486 2552 593 2606 Deo
618 2552 819 2607 dictum
839 2562 922 2608 est
943 2565 1199 2624 quantum
1221 2556 1324 2611 dici
1347 2567 1552 2626 potest;
1584 2571 1640 2614 ut
1669 2563 1863 2618 merito

259 2652 316 2697 et
340 2645 552 2714 quando
571 2643 801 2712 Spiritus
829 2643 1003 2699 dietus
1031 2655 1144 2714 est,
1178 2663 1282 2701 non
1308 2663 1466 2703 omne
1489 2650 1540 2704 id
1560 2652 1703 2720 quod
1735 2663 1817 2707 est
1843 2697 1858 2721 ,

259 2734 431 2790 dictus
459 2735 670 2799 sit;sed
699 2745 756 2789 ut
795 2736 922 2790 dum
963 2753 1113 2791 tncns
1167 2739 1441 2795 hominum
1501 2743 1858 2816 intelligendo

261 2844 430 2899 usque
473 2830 539 2884 ad
568 2831 741 2900 ipsum
767 2830 979 2900 prolicit
1011 2832 1301 2902 Spiritum,
1325 2850 1585 2891 conversa
1611 2838 1719 2906 jam
1747 2840 1861 2910 ipsa

259 2923 314 2976 in
343 2923 564 2989 spiritu,
588 2923 730 2977 aliud
757 2924 882 2992 quid
912 2924 1140 2994 amplius
1168 2942 1262 2995 per
1291 2927 1551 2996 Spiritum
1580 2931 1860 3001 conjicere

258 3015 432 3072 Deum
458 3029 577 3071 esse
615 3016 801 3085 possit.
847 3015 900 3071 Id
927 3018 1070 3072 enim
1124 3019 1264 3087 quod
1317 3030 1410 3087 est,
1462 3023 1758 3077 secundum
1809 3025 1860 3079 id

260 3107 402 3178 quod
427 3116 539 3174 est,
580 3123 680 3163 nec
711 3108 946 3163 humano
975 3124 1226 3165 sermone
1255 3111 1428 3178 edici,
1480 3129 1575 3168 nec
1615 3114 1862 3173 humanis

260 3202 482 3258 auribus
515 3204 739 3273 percipi,
771 3219 870 3258 nec
901 3204 1150 3260 humanis
1179 3207 1428 3264 sensibus
1456 3209 1630 3281 colligi
1662 3221 1857 3281 potest.
1890 3240 1934 3302 ρ

260 3296 391 3351 Nam
416 3297 460 3352 si
512 3298 568 3367 (l
594 3298 716 3354 Cor.
743 3315 798 3365 Il,
823 3298 883 3368 9)
921 3316 1035 3370 quae
1062 3303 1371 3370 prreparavit
1398 3301 1538 3358 Deus
1566 3305 1642 3359 his
1667 3307 1753 3373 qui
1779 3307 1864 3360 di-

264 3393 428 3463 ligunt
467 3392 650 3459 illum,
701 3409 788 3446 nec
817 3393 994 3447 oculus
1020 3395 1176 3460 vidit,
1209 3412 1296 3449 nec
1317 3397 1458 3451 auris
1502 3399 1725 3465 audivit,
1779 3416 1869 3454 nec

263 3501 352 3539 cor
377 3486 618 3550 hominis,
639 3495 730 3540 aut
760 3503 900 3541 mens
929 3487 1043 3556 ipsa
1071 3491 1328 3558 percepit;
1349 3490 1523 3560 qualis
1550 3501 1605 3545 et
1632 3503 1866 3562 quantus

267 3587 348 3633 est
378 3578 465 3633 ille
487 3579 602 3647 ipse
631 3577 718 3648 qui
745 3580 858 3633 haec
884 3579 1240 3649 repromittit,
1271 3581 1336 3636 ad
1364 3599 1483 3652 qua:
1521 3584 1862 3656 intelligenda

267 3678 322 3725 et
344 3685 496 3725 mens
526 3669 760 3725 hominis
784 3678 839 3724 et
860 3680 1047 3725 natura
1075 3670 1304 3727 defecit?
1347 3673 1585 3744 Denique
1625 3677 1669 3730 si
1709 3692 1863 3732 acce-

265 3763 416 3832 peris
437 3761 696 3831 Spiritum
745 3763 1098 3818 substantiam
1154 3765 1269 3827 Dei.
1326 3779 1626 3822 creaturam
1670 3768 1862 3825 feceris

264 3855 463 3910 Deum.
483 3852 505 3885 ⁸
531 3853 717 3910 Omnis
743 3855 883 3910 enim
912 3856 1131 3926 spiritus
1159 3869 1403 3912 creatura
1433 3867 1534 3915 est.
1583 3860 1698 3916 Erit
1734 3877 1862 3932 ergo

1983 523 2160 596 (Deut.
2182 541 2251 591 iv,
2275 525 2368 596 24)
2391 525 2570 597 Ignem
2588 531 2860 599 acceperis
2887 532 3077 598 Deum;
3099 545 3403 591 creaturam
3437 537 3586 593 illum

1979 630 2098 671 esse
2128 616 2388 683 dicendo,
2431 619 2729 675 institutum
2785 627 3154 693 expresseris,
3205 643 3313 682 non
3363 629 3582 682 institu-

1984 715 2155 761 torem
2207 707 2626 765 docneris.'Sed
2661 711 2776 767 haec
2842 713 3145 785 figurantur
3193 718 3369 788 potius
3425 735 3583 790 quant

1982 797 2057 852 ita
2105 809 2251 855 sunt.
2298 801 2428 856 Nam
2487 813 2541 858 et
2583 805 2632 857 in
2667 804 2848 861 Veteri
2891 807 3235 865 Testamento
3277 812 3397 868 ideo
3445 815 3586 868 Deus

1979 887 2126 960 Ignis
2151 891 2368 959 dicitur,
2402 903 2459 948 ut
2502 897 2773 964 peccaturi
2811 901 3006 968 populo
3037 911 3210 957 metus
3263 904 3587 973 incutiatur,

1977 982 2103 1037 dum
2129 984 2293 1053 judex
2329 987 2653 1043 ostenditur.
2704 991 2769 1045 Et
2797 992 2848 1045 in
2894 993 3044 1050 Novo
3067 995 3418 1053 Testamento
3467 1001 3586 1070 Spi-

1979 1077 2112 1132 ritus
2131 1093 2252 1133 esse
2276 1080 2570 1149 profertur,
2592 1084 2682 1136 ut”
2704 1083 2940 1140 refector
2967 1098 3020 1142 et
3047 1099 3260 1144 creator
3291 1092 3343 1146 in
3375 1091 3586 1151 delictis

1976 1171 2088 1223 suis
2117 1181 2489 1239 mortuorum,
2541 1191 2638 1246 per
2668 1176 2806 1232 hanc
2866 1180 3164 1237 bonitatem
3213 1183 3426 1240 collata:
3471 1202 3586 1242 crc-

1975 1262 2226 1321 (lentibus
2256 1267 2622 1338 indulgentiae,
2659 1275 3070 1342 comprobetur.

2597 1408 2826 1467 CAPUT
2873 1412 3003 1468 Vill.

1971 1517 2366 1575 ARGUMENTUM.
2398 1552 2470 1561 —
2501 1523 2652 1578 llunc
2683 1543 2800 1598 ergo
2822 1527 2988 1583 Deum
3018 1534 3212 1587 novisse
3259 1545 3304 1588 et
3341 1538 3586 1592 venerari

2049 1609 2372 1679 Ecclesium;
2415 1616 2557 1685 eique
2591 1619 2935 1675 testimonium
2968 1625 3135 1677 reddit
3190 1637 3296 1680 tant
3351 1630 3578 1685 invisibi-

2050 1705 2204 1768 lium,
2264 1724 2416 1777 quam
2462 1712 2615 1764 etiam
2643 1714 2946 1780 visibilium,
3004 1729 3050 1772 et
3099 1737 3317 1790 semper,
3374 1736 3419 1778 et
3469 1736 3575 1779 tota

2047 1811 2264 1868 natura,
2294 1819 2446 1871 quam
2473 1807 2583 1875 ejus
2612 1810 2933 1879 providentia
2968 1815 3096 1886 regit
3127 1833 3188 1869 ac
3219 1819 3535 1875 moderatur.

2046 1938 2199 1994 Hunc
2251 1956 2408 2012 ergo,
2464 1945 2680 2000 omissis
2745 1947 3123 2007 haereticorum
3174 1955 3367 2012 fabulis
3416 1969 3578 2030 atque

1974 2029 2280 2100 ﬁgmentis.
2341 2035 2506 2089 Deum
2567 2039 2714 2092 novit
2745 2050 2799 2095 et
2844 2055 3133 2099 veneratur
3180 2046 3459 2116 Ecclesia;
3493 2053 3578 2108 cui

1971 2125 2342 2180 testimonium
2392 2127 2565 2184 reddit
2626 2140 2734 2185 tam
2792 2135 3145 2192 invisibilium
3198 2154 3361 2209 quam
3414 2143 3575 2200 etiam

1972 2214 2266 2272 visibilium
2320 2228 2372 2273 et
2413 2234 2629 2293 semper
2671 2233 2724 2279 et
2767 2235 2875 2282 tota
2928 2240 3160 2285 natura:
3200 2248 3360 2302 quem
3389 2233 3580 2307 Angeli

1971 2306 2228 2376 adorant,
2277 2323 2421 2366 astra
2455 2316 2750 2381 mirantur,
2799 2320 2965 2374 maria
3010 2321 3366 2393 benedicunt,
3412 2335 3576 2383 terra:

1969 2411 2246 2466 verentur,
2283 2403 2489 2460 inferna
2518 2406 2538 2436 ⁸
2562 2425 2790 2479 quaeque
2841 2412 3142 2483 suspiciunt
3173 2433 3185 2467 :
3215 2431 3376 2486 quem
3424 2435 3578 2476 mens

1970 2492 2147 2547 omnis
2179 2492 2408 2548 humana
2444 2500 2630 2563 sentit,
2665 2502 2827 2556 etiam
2862 2505 2904 2558 si
2943 2521 3054 2560 non
3084 2509 3341 2577 exprimit
3375 2529 3386 2564 :
3421 2512 3579 2582 cujus

1970 2583 2196 2654 imperio
2247 2589 2426 2642 omnia
2460 2591 2479 2620 "
2511 2605 2944 2663 commoventur,
3005 2597 3188 2654 fontes
3238 2605 3571 2672 scaturiunt,

1969 2688 2157 2730 amnes
2213 2679 2500 2743 labuntur.
2556 2684 2754 2741 ﬂuctus
2816 2701 3142 2760 assurgunt,
3216 2694 3379 2752 fretus
3449 2717 3576 2756 suos

1969 2776 2160 2821 cuncta
2205 2774 2543 2842 parturiunt,
2578 2778 2723 2832 venti
2781 2781 2988 2848 spirare
3033 2796 3322 2854 coguntur.
3374 2789 3574 2846 imbres

1968 2860 2220 2927 veniunt,
2282 2867 2449 2920 maria
2507 2882 2937 2941 commoventur,
3005 2877 3383 2937 ftecunditales
3442 2899 3568 2940 suas

1967 2965 2156 3010 cuneta
2223 2959 2416 3029 ubique
2460 2962 2764 3021 diffundunt
2809 2985 2820 3021 :
2865 2970 2952 3038 qui
3014 2972 3337 3040 peculiarem
3385 2988 3569 3046 prolo-

1966 3048 2154 3117 plaslis
2183 3062 2400 3108 aeterna:
2443 3055 2568 3111 vitae
2621 3062 2880 3116 mundmn
2928 3066 3218 3134 quemdam
3261 3071 3571 3138 paradisum

1965 3142 2018 3194 in
2047 3144 2256 3200 oriente
2282 3150 2560 3204 constituit
2590 3170 2611 3217 ;
2639 3155 2872 3209 arborem
2905 3159 3020 3213 vita:
3042 3161 3474 3237 plantavit(Gen.
3508 3185 3567 3235 ιι,

1978 3232 2034 3306 9)
2064 3253 2077 3300 ;
2115 3239 2340 3293 scientia:
2379 3243 2496 3296 boni
2537 3254 2583 3297 et
2632 3248 2756 3301 ntali
2782 3250 3033 3308 similiter
3057 3255 3282 3311 alteram
3319 3261 3572 3318 arborem

1975 3329 2292 3398 collocavit;
2323 3336 2632 3392 mandatum
2662 3340 2842 3409 dedit;
2886 3349 3210 3404 sententiam
3247 3364 3434 3409 contra
3475 3355 3572 3411 dc-

1973 3421 2157 3480 lictum
2216 3430 2401 3484 statuit
2441 3430 2526 3502 (ll
2554 3431 2667 3488 Pet.
2695 3453 2767 3504 ιι,
2794 3438 2900 3510 5);
2948 3440 3062 3498 Noe
3093 3445 3455 3514 justissimmn
3505 3452 3573 3509 de

1971 3514 2152 3571 diluvii
2184 3522 2436 3587 periculis
2467 3541 2563 3594 pro
2605 3531 2796 3584 merito
2834 3534 3158 3594 innocentia:
3189 3541 3418 3614 lideique
3457 3562 3571 3602 ser-

1971 3610 2112 3664 vavit
2145 3610 2298 3681 (Gen.
2335 3632 2388 3683 v,
2423 3617 2550 3688 24);
2587 3619 2775 3677 Enorh
2809 3631 3082 3686 transtulit
3107 3631 3125 3706 (
3151 3632 3265 3692 Jac.
3322 3610 3380 3705 ιι,
3416 3641 3488 3696 25
3519 3646 3571 3709 );

1972 3697 2023 3751 in
2056 3702 2310 3759 amicitia:
2335 3709 2653 3767 societatem
2683 3715 2956 3774 Abraham
2997 3697 3182 3796 allegit
3224 3697 3392 3801 (Gen.
3427 3697 3568 3801 xxii,

1971 3790 2098 3864 1‘2);
2170 3795 2319 3852 Isaac
2400 3807 2636 3871 protexit
2715 3807 2888 3878 (Ibid.
2945 3828 2996 3868 v.
3049 3790 3140 3884 36,
3197 3790 3338 3891 l5);
3405 3790 3572 3886 Jacob

1969 3885 2116 3940 auxit
2170 3885 2366 3957 (Exod.
2432 3909 2520 3960 ιιι,
2559 3896 2770 3970 9,10);
2825 3902 3063 3976 Moysem
3121 3885 3333 3968 ducem?
3373 3922 3571 3988 populo

1419 4018 1792 4075 GALLANDII
1841 4017 2400 4102 COMMENTARIUS.

257 4179 327 4234 ad
378 4181 713 4238 diversitatem
768 4185 1126 4250 membrorum,
1183 4195 1292 4241 tum
1348 4188 1413 4244 ad
1464 4188 1846 4242 dissolutionem

256 4253 524 4308 retulisse.
821 4303 824 4306 .

333 4323 347 4352 ¹
374 4324 526 4380 Puto.
556 4324 691 4382 Cod.
725 4327 935 4398 Anglic.
962 4344 1064 4384 ms.
1098 4339 1302 4398 putem,
1335 4329 1472 4400 quod
1501 4330 1704 4383 malim.

1433 4401 1689 4456 Jscssos.

332 4468 351 4496 ²
376 4466 614 4523 Faciens.
649 4470 721 4524 Ita
767 4469 1186 4538 Welclnnanus,
1247 4473 1329 4526 cui
1361 4473 1599 4527 adhavret
1623 4473 1848 4528 Jackso-

255 4553 374 4600 nus,
401 4555 497 4608 pro
514 4541 654 4622 _edit.
693 4541 1014 4624 facientibus.
1048 4544 1219 4626 Quam
1271 4545 1514 4626 quiderm
1537 4561 1848 4626 geminatum

254 4624 378 4665 esse
408 4610 729 4676 lectionem,
777 4613 946 4682 inquit
987 4610 1255 4684 posterior
1283 4610 1458 4669 editor
1491 4610 1816 4685 Aitglicanus
1836 4661 1849 4682 ,

251 4681 552 4756 attendenti
575 4684 732 4738 facile
759 4681 1262 4756 patebitJChristns
1290 4688 1432 4740 enim
1458 4681 1609 4750 erat',
1656 4690 1744 4756 qui
1797 4681 1850 4743 in

251 4751 550 4821 Evangelia
607 4770 705 4808 suo
760 4751 1064 4811 hominibus
1122 4757 1453 4828 intelligendi
1517 4751 1848 4816 incrementa

253 4822 507 4878 faciebat.

331 4893 494 4985 3lps‘e
518 4895 1382 4985 sip:Ita-Pamelius.Voculamsic
1412 4901 1708 4955 omiserunt
1737 4903 1852 4985 edi-

258 4975 405 5021 tores
445 4966 767 5036 Anglicani:
801 4971 1098 5033 immerito.
1145 4982 1199 5026 ut
1253 4974 1461 5026 videtur
1492 4991 1504 5024 2
1535 4989 1652 5027 eam
1706 4975 1847 5029 enim

255 5052 490 5110 sequens
517 5039 773 5108 quomodo
827 5042 1100 5109 postulare
1134 5043 1462 5110 perhibetur.

331 5108 353 5138 "‘
385 5109 567 5164 Omnis
608 5112 740 5164 enim
792 5108 1002 5179 spiritus
1029 5108 1262 5167 creatura
1283 5127 1372 5169 est.
1406 5115 1698 5170 Levissima
1728 5127 1850 5172 sunt

258 5196 378 5252 qum
413 5181 682 5236 Pamelius
713 5182 832 5238 heic
862 5183 1242 5252 reprehendit.
1283 5197 1336 5240 et
1378 5187 1572 5240 llnlino
1598 5189 1844 5244 similiter

259 5251 595 5322 displicuisse
625 5251 1123 5327 putat._Hzec_enim
1157 5258 1317 5312 verba
1341 5299 1353 5320 .
1407 5257 1586 5312 Omnis
1640 5262 1849 5327 spiritus

256 5336 491 5378 creatura
538 5335 643 5393 est,
689 5325 908 5400 minime
959 5325 1215 5400 Spiritum
1264 5339 1504 5383 Sanctum
1557 5325 1842 5400 attingunt.

250 5393 600 5450 Demonstrat
641 5397 976 5453 Novatianus
1002 5393 1202 5454 'Dettm
1245 5401 1313 5454 ab
1364 5401 1668 5454 hominibus
1696 5393 1842 5456 inulla

253 5481 386 5522 voce
413 5467 678 5538 designari
713 5483 893 5538 posse,
927 5485 1048 5553 quin
1080 5473 1496 5553 non-plurimum
1530 5473 1844 5553 uberi-etab

249 5537 464 5593 inlinita
507 5537 594 5593 illa
639 5537 958 5610 majestatef
983 5537 1346 5610 Quamobrem
1403 5543 1516 5596 sive
1557 5544 1676 5607 lux,
1727 5545 1843 5597 sive

249 5610 483 5678 spiritus,
515 5612 630 5696 sive
652 5612 802 5683 jgnis
826 5612 1054 5695 dicatur,
1097 5613 1227 5666 nihil
1263 5613 1451 5667 horum
1471 5623 1608 5696 apte
1637 5614 1703 5695 de
1737 5616 1843 5696 lleo

248 5681 610 5762 etcommode
636 5681 1000 5766 pronuntiari;
1025 5693 1311 5766 propterea
1342 5685 1482 5766 quod
1520 5681 1578 5766 et
1622 5686 1843 5766 spiritus

244 5758 304 5807 et
347 5753 486 5834 ignis
528 5761 795 5836 creatura;
838 5757 966 5810 sint.
1017 5753 1232 5838 illinc,
1291 5753 1492 5838 inquit:
1525 5755 1843 5838 ﬁgurantur

252 5840 274 5882 t
311 5823 525 5897 potius,
573 5837 732 5895 quam
783 5827 852 5881 ita
896 5837 1041 5883 sunt.
1091 5827 1223 5883 Nam
1273 5836 1322 5882 et
1356 5827 1408 5882 in
1439 5823 1622 5884 Veteri
1650 5826 1840 5885 Testa-

1881 4398 1930 4456 D

1963 4198 2194 4289 «inepto
2248 4192 2410 4289 .Deuns
2451 4197 2598 4270 Ignis
2634 4203 2880 4289 dicitur;
2935 4218 2992 4263 ut
3045 4217 3314 4289 peccatori
3369 4223 3566 4289 p0pulo

1964 4279 1982 4312 ι
2019 4271 2192 4349 metus
2215 4267 2557 4349 "incutiatur,
2613 4274 2740 4349 (_lutn
2781 4267 2944 4347 judex
2995 4267 3314 4342 ostenditur
3345 4267 3566 4349 fialis

1963 4351 1981 4381 ‹
2021 4333 2171 4427 βογο
2215 4333 2564 4427 Testamento
2606 4333 2836 4427 Spiritus
2885 4333 3356 4427 esse'profei'ttir,'
3383 4333 3460 4419 υἷ’
3483 4333 3565 4419 ι-ίί-ἶ

1963 4422 1980 4454 ι
2021 4404 2273 4505 fecturlet
2303 4423 2515 4505 creator
2552 4404 2845 4505 itindclictis
2888 4404 3445 4505 suisu'mortuortimu,‘
3466 4404 3563 4505 per

1963 4493 1982 4527 ι
2019 4477 2154 4532 hanc
2197 4480 2491 4576 bquintatcm
2521 4489 2744 4576 [collatae
2784 4477 3137 4576 credentibus
3182 4477 3561 4576 indulgedtiaii,

1965 4565 1983 4648 It
2015 4553 2430 4648 eomp‘roll‘i‘etur.’
2465 4577 2482 4609 ι
2521 4558 2617 4614 Ubi
2662 4563 2810 4648 vides
2851 4567 2988 4636 ignis
3029 4553 3564 4648 etlspiritnsvappel:

1960 4619 2190 4706 lationes
2241 4625 2542 4706 Novatiano
2583 4648 2612 4706 ει
2657 4636 2822 4706 rebus
2862 4619 3229 4698 ιῖιιιιρινὶιιιιύῖις
3279 4619 3564 4706 ιιιιιιέΙξιιειε

1958 4691 2124 4790 νίαειιί
2151 4711 2163 4758 ;
2199 4711 2298 4752 nec
2328 4714 2450 4781 eum
2479 4701 2547 4756 de
2577 4702 2777 4786 Spiritu
2819 4691 3006 4764 sancto
3039 4715 3242 4790 dictum
3286 4691 3556 4790 voluisse:

1955 4765 2111 4849 quod
2132 4783 2291 4849 ontne
2300 4772 2538 4849 spiritum
2569 4765 2644 4830 ait
2671 4788 2954 4835 creaturam
2983 4800 3108 4839 esse.
3142 4786 3356 4845 ΜΑιιΑΝ.
3384 4768 3558 4849 Divin:

1959 4832 2129 4926 p.
2163 4837 2221 4919 ᾳ.
2251 4832 2438 4926 C.'lib_.
2474 4861 2545 4910 ιν,
2578 4862 2696 4916 cap.
2737 4832 2834 4926 te."
2857 4832 3562 4926 sagit-atillflil'll

1957 4911 2128 5007 iverat
2166 4911 2216 5007 iln
2266 4914 2510 4969 eamdem
2571 4911 2903 5007 sententiam
2930 4911 3318 5007 Welclimanus
3354 4954 3367 4986 :
3398 4911 3558 5007 quem

1957 4987 2139 5069 tamen
2183 4980 2634 5069 locutn,.no_t_alu
2684 5008 2814 5048 sane
2854 4980 3271 5069 dignissimum,
3327 4980 3561 5063 traiisilit

1953 5047 2283 5132 Jacksonus;
2339 5047 2427 5126 qui
2482 5060 2585 5114 alia
2635 5047 2966 5137 cwteroquin
3026 5047 3558 5144 vulgatissitiia

1953 5134 2314 5176 persecuntur.

1952 5134 2314 5189 persequitur.

2025 5214 2045 5243 ⁵
2074 5213 2314 5314 Re[ector
2329 5229 2378 5272 et
2405 5232 2636 5314 creator:
2659 5225 2748 5283 Sic
2775 5228 3067 5288 Pamelius.
3103 5236 3362 5314 Gelenius
3391 5245 3556 5314 refer-

1951 5297 2050 5348 tor,
2082 5288 2273 5370 vitiose
2301 5294 2674 5370 proculdubio
2700 5318 2711 5352 :
2741 5315 2900 5369 quam
2934 5288 3136 5362 tamen—
3160 5288 3552 5370 iééii'o'ﬁerﬁ'in

1951 5361 2799 5451 tetfttt‘retinu‘it‘Wellchmapus,
2817 5374 3040 5431 alteram
3078 5361 3302 5451 refectio—ri

1949 5427 2255 5495 subjiciens.
2290 5431 2410 5526 illex
2437 5435 2579 5526 idem
2631 5427 3553 5526 Welclimzﬂrecreaiorwiegetid‘iiiii

1951 5509 2098 5566 putat
2130 5519 2143 5554 :
2175 5503 2315 5571 quod
2345 5507 2527 5560 mallet
2558 5526 2770 5581 quoque
2797 5513 3123 5574 Jackmnus.

2026 5590 2044 5620 δ
2064 5590 2304 5676 Quaeque.
2335 5596 2783 5676 Quoqueomnino
2803 5605 3085 5676 legendum
3106 5615 3553 5675 existimatJack-

1945 5675 2132 5728 sonus,
2164 5675 2344 5734 utpote
2367 5671 2536 5740 magis
2560 5671 2947 5744 emphaticuin.

1947 5829 1982 5882 ε.
2019 5758 2038 5787 ⁷
2064 5757 2469 5884 (dominarentur.
2515 5765 2594 5822 Ita
2625 5768 2775 5827 editi.
2811 5771 2962 5831 Unus
2990 5776 3399 5854 Welchmanus,
3428 5803 3553 5844 con--

1967 5846 2086 5884 men
2113 5847 2193 5884 ur.

1967 5846 2193 5887 tuentur.

3477 324 3588 387 898
3659 353 3666 358 τ
