4256 6250
751 208 861 268 899

2171 223 2181 236 υ
2209 201 2589 276 novarum

3965 217 4062 282 900

758 330 1034 400 praefecit;
1079 329 1502 401 ingemiscentes
1546 330 1694 387 filios
1744 331 1910 386 lsrael
1936 347 1965 387 e
2004 333 2133 402 jugo
2185 335 2360 389 scrvi-
2389 335 2435 395 Α
2466 336 2609 391 enim
2642 349 2803 406 opera
2855 334 3099 406 pervigili
3129 333 3319 391 obtutu
3359 307 3778 405 contemplanda
3818 343 3972 398 sunt,
4007 334 4063 393 in

759 423 891 478 tutis
937 423 1166 492 eripuit;
1219 423 1415 494 Legem
1449 423 1701 491 scripsit;
1755 434 1965 493 patrum
2009 425 2255 480 sobolem
2303 427 2356 480 in

759 526 956 572 terram
995 516 1434 588 repromissionis
1459 517 1704 580 induxit;
1729 516 2030 587 Prophetas
2057 519 2246 586 spiritu
2277 519 2358 572 in-

757 609 983 675 struxit;
1035 618 1090 663 et
1147 624 1241 680 per
1289 609 1389 663 hos
1435 624 1626 663 omnes
1668 608 1862 663 Filium
1896 625 2050 664 suum
2080 608 2354 664 Christum

757 701 1097 769 repromisit;
1154 717 1206 755 et
1253 700 1468 770 quando
1515 701 1767 756 daturum
1807 716 1867 756 se
1901 703 1916 731 ¹
1951 701 2353 771 spoponderat,

757 793 922 847 misit.
957 793 1057 848 Per
1079 809 1238 863 quem
1287 795 1439 849 nobis
1464 796 1516 849 in
1555 797 1800 849 notitiam
1829 797 2015 850 venire
2047 795 2253 862 voluit;
2302 806 2357 852 et

758 876 809 940 iii
840 901 940 941 nos
967 886 1316 956 indulgentia:
1340 903 1449 941 sua:
1479 887 1630 941 sinus
1658 887 1836 958 largos
1868 886 2138 956 profudit,
2169 887 2357 958 egenis

757 988 812 1034 et
843 979 1068 1050 ahjectis
1091 979 1415 1049 locupletem
1449 981 1708 1050 Spiritum
1735 983 2093 1037 conferendo.
2129 983 2194 1037 Et
2226 983 2354 1053 quia

759 1075 901 1128 ultro
929 1085 983 1128 et
1033 1075 1213 1145 largus
1255 1084 1310 1129 et
1357 1075 1528 1128 bonus
1585 1084 1704 1141 est,
1763 1092 1830 1132 ne
1883 1085 2026 1132 totus
2073 1077 2160 1132 hic
2206 1078 2358 1134 orbis

758 1183 980 1222 aversus
1010 1168 1199 1237 gratiae
1231 1168 1348 1237 ejus
1378 1169 1688 1224 fluminibus
1719 1179 1992 1225 aresceret
2019 1170 2209 1240 (Marc.
2239 1187 2351 1238 xvr,

762 1260 870 1332 15),
926 1262 1215 1331 Apostolus
1249 1263 1586 1318 institutores
1626 1264 1843 1332 generis
1887 1265 2056 1319 nostri
2091 1265 2141 1318 in
2186 1273 2357 1321 totum

757 1354 942 1408 orbem
992 1354 1131 1407 mitti
1180 1370 1278 1424 per
1327 1354 1524 1409 Filium
1580 1371 1736 1409 suum
1791 1357 2004 1411 voluit:
2040 1357 2357 1411 utconditio

755 1446 974 1515 generis
1021 1445 1242 1499 humani
1273 1456 1591 1516 agnosceret
1631 1448 2029 1514 institutorem;
2061 1457 2149 1515 et,
2199 1448 2242 1503 si
2271 1463 2357 1502 se-

755 1538 844 1607 qui
879 1537 1180 1604 maluisset,
1215 1537 1442 1594 haberet
1494 1555 1654 1609 quem
1703 1554 1800 1608 pro
1857 1540 1966 1595 Deo
2001 1541 2052 1594 in
2087 1541 2200 1594 suis
2243 1544 2354 1609 jam

756 1630 1209 1699 postulationibus
1260 1630 1472 1684 Patrem
1531 1631 1737 1686 diceret
1789 1631 2007 1704 (Matth.
2037 1650 2105 1695 vi,
2134 1633 2212 1698 9).
2243 1632 2354 1687 Cu-

2461 445 2689 500 quorum
2731 429 2850 484 sinu
2879 429 3172 484 carbonum
3221 427 3432 483 medius
3466 435 3550 482 est
3588 426 3757 495 ignis;
3792 426 3907 480 sive
3937 442 4062 497 quo-

2464 524 2604 576 niam
2637 520 2718 594 (ll
2754 520 2866 576 Pet.
2897 518 2978 591 nt)
3025 519 3101 579 ad
3135 520 3350 589 igneum
3401 518 3544 573 diem
3593 517 3783 587 judicii
3837 517 4062 574 mundus

2464 617 2564 672 iste
2595 615 2847 680 festinat;
2895 614 3010 669 sive
3035 613 3292 684 quoniam
3321 613 3500 669 omnia
3529 626 3695 682 opera
3727 611 3819 665 Dei
3869 611 4054 681 ignea,

2463 725 2562 763 nec
2595 717 2720 762 sunt
2755 708 3036 762 tenebrosa
3062 706 3196 761 sed“
3225 705 3437 776 vigent;
3470 704 3585 759 sive
3613 705 3799 770 etiam,
3829 719 3918 771 ne,
3946 704 4063 774 quia

2463 819 2529 858 ex
2571 803 2802 857 terrenis
2833 805 2932 855 ista
2963 799 3177 854 fuerant
3217 809 3336 853 orta
3384 799 3700 868 principiis,
3751 797 4062 854 naturaliter

2463 898 2529 952 de
2561 898 2784 967 originis
2806 912 2917 950 suae
2946 897 3125 966 rigore
3154 903 3462 964 torperent,
3496 892 3677 947 addita
3701 901 3784 946 est
3813 893 4061 948 omnibus

2463 989 2736 1044 interioris
2766 989 2988 1058 spiritus
3017 987 3190 1042 calida
3230 996 3458 1053 natura,
3510 999 3632 1056 quae
3675 984 3882 1056 frigidis
3937 1000 4065 1040 con-

2462 1092 2606 1136 creta
2638 1078 2980 1149 corporibus,
3025 1078 3092 1133 ad
3127 1093 3353 1145 usuram
3387 1079 3509 1132 vita:
3544 1075 3764 1146 aequalia
3795 1075 4057 1133 omnibus

2465 1171 2782 1227 libramenta
2824 1170 2844 1202 ⁸
2872 1179 3220 1225 monstraret.
3255 1169 3353 1224 Hic
3388 1180 3470 1224 est
3504 1169 3668 1240 igitur
3695 1185 3884 1224 currus
3907 1213 3922 1236 ,
3983 1185 4067 1226 se-

2462 1265 2697 1322 cundum
2732 1265 2918 1330 David,
2950 1265 3066 1330 Dei,
3102 1262 3297 1317 Cui-rus
3341 1265 3495 1330 enim,
3533 1263 3726 1332 inquit,
3759 1259 3857 1316 Dei
3899 1264 4066 1318 decies

2462 1360 2648 1414 millies
2673 1358 3042 1426 multiplicatus
3073 1355 3244 1428 (Psal.
3280 1370 3446 1422 van,
3480 1354 3594 1426 18),
3628 1354 3680 1408 id
3709 1364 3821 1421 est,
3857 1355 3875 1385 ⁷
3907 1357 4063 1410 innu-

2463 1472 2677 1519 merus,
2733 1455 3011 1522 infinitus,
3063 1455 3382 1508 immensus.
3435 1452 3549 1508 Sub
3570 1451 3702 1522 jugo
3731 1453 3874 1506 enim
3915 1462 4068 1522 natq—

2464 1553 2591 1607 ralis
2623 1552 2758 1622 legis
2788 1550 3039 1605 omnibus
3066 1549 3238 1616 datae,
3279 1547 3385 1602 alia
3415 1549 3568 1616 quasi
3606 1547 3774 1602 frenis
3815 1556 4064 1602 revocata

2466 1648 2838 1712 retrahuntur,
2893 1645 2998 1700 alia
3028 1645 3180 1716 quasi
3214 1641 3400 1699 effusis
3439 1641 3666 1697 habenis
3703 1642 3934 1697 excitata
3966 1643 4063 1696 im-

750 1722 840 1790 jus
915 1723 1254 1791 providentia
1321 1739 1426 1777 non
1471 1725 1843 1778 tantummodo
1903 1726 2214 1795 singillatim
2263 1742 2351 1796 per

2463 1743 2753 1812 pelluntur.
2787 1739 3041 1795 Mundam
3098 1739 3241 1793 enim
3299 1739 3458 1793 istum
3487 1752 3708 1792 currum
3768 1737 3894 1803 Dei,
3942 1753 4065 1794 cum

755 1817 1001 1871 homines
1045 1817 1284 1871 cucurrit
1330 1825 1421 1870 aut
1470 1818 1674 1882 currit;
1731 1817 1826 1872 sed
1879 1820 2042 1874 etiam
2088 1835 2181 1888 per
2210 1819 2354 1889 ipsas

755 1909 913 1962 urbes
944 1921 997 1962 et
1024 1910 1290 1974 civitates,
1335 1923 1563 1979 quarmn
1597 1908 1771 1963 exitus
1807 1909 2200 1979 Prophetarum
2259 1925 2355 1965 vo-

752 2002 906 2055 cibus
933 2000 1164 2066 cecinit;
1193 2002 1357 2054 immo
1387 2001 1548 2055 etiam
1575 2016 1669 2071 per
1707 2002 1879 2071 ipsum
1924 2011 2089 2056 totum
2122 2002 2309 2057 orbem
2335 2043 2350 2070 ,

750 2094 903 2164 eujus
937 2104 1156 2164 propter
1186 2093 1650 2158 incredulitatem,
1681 2096 1888 2159 exitus,
1925 2095 2110 2166 plagas
2135 2137 2148 2160 ,
2181 2096 2354 2150 demi.

753 2190 1004 2244 uutiones
1036 2175 1328 2260 plenasque
1359 2188 1670 2258 descripsit.
1702 2190 1767 2243 Et
1805 2205 1871 2244 ne
1900 2190 2022 2260 quis
2052 2206 2158 2244 non
2189 2191 2352 2244 etiam

750 2283 818 2337 ad
866 2281 1087 2337 minima
1116 2298 1343 2352 quaeque
1376 2282 1468 2336 Dei
1513 2290 1730 2352 putaret
1759 2281 1915 2336 istam
1967 2280 2356 2352 infatigabilem

750 2375 1141 2446 providentiam
1172 2375 1480 2446 pervenire,
1507 2372 1590 2428 Ea:
1619 2374 1836 2439 duobus,
1864 2373 2038 2444 inquit
2070 2373 2352 2441 Dominus,

747 2470 1038 2540 passeribus
1080 2485 1212 2524 unus
1243 2486 1345 2524 non
1393 2471 1537 2524 cadet
1565 2471 1672 2524 sine
1715 2467 1889 2524 Patris
1921 2471 2216 2535 voluntate;
2265 2468 2354 2523 sed

745 2572 791 2613 ct
824 2562 1000 2631 capilli
1024 2561 1208 2629 capitis
1232 2560 1381 2615 vestri
1411 2578 1581 2616 omnes
1605 2563 1856 2616 numerati
1881 2573 1998 2617 sunt
2029 2563 2048 2632 (
2075 2561 2261 2616 Matth.
2291 2577 2351 2630 ι,

743 2653 834 2722 29,
883 2653 1015 2725 50).
1063 2653 1230 2722 Cujus
1267 2654 1427 2709 etiam
1491 2671 1618 2709 cura
1671 2665 1724 2710 et
1784 2655 2122 2726 providentia
2179 2655 2354 2710 Israe-

746 2746 1097 2816 litarunrnon
1145 2746 1268 2802 sivit
1315 2763 1412 2803 nec
1445 2757 1620 2803 vestes
1651 2750 1917 2816 consumi,
1963 2765 2063 2804 nec
2092 2748 2351 2803 vilissima

745 2841 794 2894 in
823 2841 1047 2911 pedibus
1095 2840 1462 2896 calceamenta
1513 2841 1682 2897 deteri
1715 2841 1735 2915 (
1769 2841 1918 2897 Deut.
1949 2858 2064 2904 vni,
2120 2845 2155 2897 4
2186 2843 2226 2912 ),
2255 2841 2352 2897 sed

749 2931 924 3001 (Dan.
960 2949 1035 2999 ut,
1061 2918 1180 3006 27;)
1233 2949 1332 2990 nec
1354 2937 1373 2965 ¹
1408 2935 1643 3004 ipsorum
1671 2944 2002 3005 postremum
2035 2934 2352 2991 adolescen-

746 3026 874 3080 tium
923 3028 1133 3096 captiva
1205 3028 1462 3084 sarabara
1525 3030 1798 3096 comburi;
1869 3044 1969 3084 nec
2029 3031 2348 3088 immerito:

745 3133 869 3172 nam
898 3119 941 3173 si
992 3118 1080 3174 hic
1124 3123 1302 3174 omnia
1347 3120 1664 3191 complexus
1691 3131 1774 3175 est
1804 3121 1984 3176 omnia
2029 3123 2343 3186 continens,

2461 1835 2710 1891 erunibus
2737 1845 2793 1890 et
2823 1834 2926 1905 ipsi
2954 1832 3146 1902 Angeli
3173 1831 3378 1886 ducunt
3414 1841 3468 1885 et
3496 1839 3677 1896 astra;
3705 1845 3931 1901 quorum
3972 1845 4064 1884 va-

2460 1931 2570 1986 rios
2599 1931 2722 1984 licet
2751 1937 2983 1994 meatus,
3015 1927 3182 1982 certis
3223 1936 3400 1980 tamen
3426 1925 3636 1995 legibus
3667 1927 3880 1980 vinctos
3905 1965 3920 1991 ,
3955 1925 4068 1980 ins-

2462 2023 2688 2090 picimus
2717 2020 2781 2075 ad
2821 2029 2993 2075 metas
3019 2019 3226 2074 definiti
3275 2017 3377 2072 sibi
3424 2019 3682 2086 temporis
3724 2017 3960 2083 ducere;
4007 2026 4066 2072 ut

2459 2121 2656 2173 merito
2683 2117 2840 2172 nobis
2867 2130 3081 2186 quoque
3105 2127 3229 2168 cum
3274 2112 3569 2183 Apostolo,
3615 2121 3668 2166 et
3707 2112 3979 2177 artiﬁcem
4014 2118 4070 2167 et

2457 2228 2620 2282 Opera
2668 2210 2988 2264 mirantibus
3036 2209 3342 2263 exclamare
3381 2206 3491 2276 jam
3545 2204 4074 2260 libeat:0altitudo

2457 2307 2752 2361 divitiarum
2781 2305 3048 2375 sapientia:
3089 2312 3136 2357 et
3180 2301 3405 2356 scientia
3447 2300 3575 2366 Dei,
3603 2316 3752 2369 quam
3796 2299 4070 2353 inscrulao

2458 2401 2580 2454 bilia
2608 2399 2814 2470 judicio
2863 2398 2973 2468 ejus
3004 2406 3051 2451 et
3079 2394 3447 2465 investigabiles
3474 2396 3570 2448 vita
3597 2391 3746 2461 ejus!
3774 2399 3832 2446 et
3861 2389 4074 2461 reliqua

2459 2493 2635 2568 (Rom.
2660 2508 2736 2560 ιι,
2760 2491 2876 2564 55).

3067 2601 3296 2659 CAPUT
3336 2601 3428 2658 IX.

2459 2723 2626 2778 Porro
2675 2721 2905 2776 eamdem
2949 2719 3181 2790 regulam
3227 2716 3450 2772 veritatis
3479 2715 3662 2770 docere
3714 2731 3830 2783 nos,
3862 2715 4076 2769 credere

2528 2825 2639 2888 post
2675 2813 2884 2868 Patrem
2927 2815 3080 2867 etiam
3123 2812 3176 2865 in
3229 2809 3421 2865 Filium
3467 2809 3563 2864 Dei
3603 2808 3784 2865 Iesum
3808 2807 4077 2865 Christum

2528 2907 2808 2965 Dominum
2835 2906 3003 2961 Deum
3032 2915 3283 2968 nostrum,
3327 2903 3557 2957 eumdem
3600 2905 3652 2955 in
3690 2900 3862 2956 Veteri
3894 2901 4078 2956 Testa-

2528 3015 2694 3060 mento
2720 3002 3103 3074 repromissum,
3135 3011 3179 3056 et
3209 3001 3262 3055 in
3290 2998 3436 3054 Novo
3474 2998 3777 3053 exhibitum.

2528 3121 2728 3177 Eadem
2787 3118 2972 3189 regula
3019 3117 3262 3173 veritatis
3303 3116 3464 3172 docet
3510 3130 3611 3171 nos
3659 3114 3911 3177 credere,
3943 3123 4077 3186 post

745 3215 760 3284 (
786 3208 965 3269 oinnia
1015 3225 1193 3270 autem
1217 3225 1272 3271 et
1295 3225 1461 3270 lotmn
1489 3232 1553 3269 ex
1586 3216 1811 3285 singulis
1841 3223 2112 3286 conSIant)
2147 3216 2347 3286 pertin-
2373 3205 2417 3269 C
2452 3215 2690 3280 Patrem,
2718 3213 2879 3268 etiam
2907 3212 2959 3266 in
2987 3210 3184 3267 Filium
3222 3210 3336 3277 Dei,
3363 3209 3639 3264 Christum
3669 3207 3854 3264 Jesum
3879 3209 4081 3264 Domi-

740 3316 830 3375 get
854 3318 1251 3378 consequenter
1267 3308 1385 3376 ejus
1413 3307 1480 3362 ad
1505 3323 1673 3379 usque
1699 3309 1915 3382 singula
1941 3325 2168 3381 quaeque
2201 3325 2350 3376 cura,

740 3398 893 3469 cujus
926 3400 992 3454 ad
1024 3410 1217 3466 telum,
1253 3401 1510 3473 quidquid
1544 3412 1626 3456 est
1647 3444 1660 3466 ,
1690 3403 1937 3472 pervenit
1991 3403 2349 3472 providentia.

741 3489 877 3547 llinc
897 3495 1138 3564 estquod
1165 3493 1465 3563 etdeSUper
1490 3492 1781 3550 Cherubim
1798 3495 2175 3567 sedet(Ezech.
2194 3498 2234 3565 Ι,
2252 3499 2349 3563 10;

743 3583 889 3662 Psal.
943 3602 1131 3654 xcvnt,
1158 3585 1235 3658 1),
1278 3587 1328 3640 id
1353 3597 1453 3654 est,
1481 3596 1675 3657 praeest
1694 3575 1854 3660 su'per
1877 3606 2099 3662 operum
2130 3607 2351 3647 suorum

743 3679 1088 3745 varietatem,
1137 3680 1399 3750 subjectis
1447 3681 1645 3735 throno
1697 3683 1817 3752 ejus
1862 3684 2182 3740 animalibus
2238 3699 2350 3755 prce

747 3773 959 3828 c:cteris
1016 3773 1374 3842 principatum
1435 3774 1779 3842 tenentibus,
1850 3784 2042 3831 cuncta
2113 3777 2350 3847 desuper

742 3865 1002 3936 crystallo
1024 3865 1045 3895 ³
1070 3875 1411 3937 contegente,
1439 3866 1490 3921 id
1524 3877 1625 3932 est,
1656 3867 1798 3923 coelo
1823 3871 1999 3924 omnia
2032 3871 2306 3940 operiente
2333 3888 2349 3925 :

747 3961 888 4028 quod
969 3958 1120 4032 (Gen.
1184 3977 1244 4027 ι,
1293 3958 1350 4032 6)
1413 3961 1464 4015 in
1516 3961 1915 4017 firmamentum
1971 3962 2039 4019 de
2085 3981 2346 4035 aquarum

2457 3324 2584 3362 num
2617 3307 2787 3363 Deum
2816 3317 3082 3372 nostrmn,
3115 3303 3214 3359 sed
3260 3303 3356 3359 Dei
3388 3302 3582 3358 Filium
3609 3320 3623 3368 ;
3655 3302 3814 3372 hujus
3847 3301 3944 3356 Dei
3977 3302 4084 3372 qui

2457 3415 2510 3458 et
2536 3419 2674 3457 unus
2700 3410 2756 3456 et
2781 3401 2930 3456 solus
2951 3399 3317 3468 est,conditor
3349 3399 3554 3454 scilicet
3574 3412 3755 3452 rerum
3786 3396 4081 3462 omnium,

2456 3508 2510 3553 ut
2534 3498 2643 3568 jam
2670 3506 2726 3552 et
2751 3495 3005 3566 superius
3031 3509 3347 3564 expressum
3371 3501 3473 3548 est.
3498 3489 3646 3545 Hunc
3682 3489 3832 3543 enim
3869 3488 4090 3546 Jesum

2453 3589 2749 3654 Christum,
2782 3589 2974 3643 iterum
3005 3586 3180 3642 dicam
3211 3584 3371 3655 hujus
3403 3583 3491 3641 Dei
3535 3580 3750 3648 Filium,
3772 3590 3830 3634 et
3862 3581 3914 3634 in
3951 3581 4087 3638 Ve-

2457 3685 2557 3739 teri
2579 3684 2927 3740 Testamento
2944 3683 3170 3752 legimus
3200 3695 3319 3737 esse
3343 3678 3728 3750 repromissum
3749 3677 3876 3731 etin
3903 3675 4089 3734 Novo

2456 3777 2807 3832 Testamento
2834 3774 3314 3831 animadvertin'ius
3343 3772 3665 3836 exhibitum.
3703 3770 3948 3825 omnium
3985 3787 4088 3825 sa-

2453 3880 2856 3926 cramentorum
2909 3868 3127 3923 umbras
3158 3877 3213 3922 et
3257 3867 3458 3936 figuras
3509 3864 3576 3918 de
3609 3864 3896 3934 praesentia
3943 3878 4089 3918 cor-

2453 3973 2656 4034 poratae
2701 3963 2945 4018 veritatis
2990 3963 3323 4032 implentcm.
3355 3959 3510 4014 Hunc
3555 3958 3695 4014 enim
3727 3956 3968 4011 Abrahae
4006 3957 4088 4012 ti-

2450 4053 2600 4119 lium,
2629 4054 2771 4108 hunc
2804 4053 2988 4119 David,
3027 4053 3169 4108 hunc
3220 4066 3325 4106 non
3375 4050 3554 4105 minus
3600 4058 3653 4103 et
3697 4057 3874 4102 vetera
3913 4064 4094 4117 prte-

2449 4146 2590 4201 dicta
2613 4159 2665 4202 et
2699 4146 2985 4217 Evangelia
3012 4153 3296 4201 testantur.
3323 4143 3477 4198 llunc
3507 4143 3620 4212 ipsa
3651 4139 3904 4206 Genesis,
3939 4155 4102 4198 cum

2448 4241 2610 4296 dicit:
2637 4241 2751 4296 Tibi
2795 4242 2926 4296 dabo
2971 4255 3017 4295 et
3047 4241 3227 4295 semini
3275 4249 3360 4292 tuo
3387 4237 3407 4310 (
3437 4236 3565 4291 Gen.
3599 4251 3733 4302 xvn,
3761 4233 3850 4306 8).
3883 4234 4099 4302 Hunc,

2448 4333 2662 4403 quando
2685 4335 2938 4389 luctatum
2966 4331 3200 4389 ostendit
3239 4331 3510 4386 hominem
3534 4343 3657 4383 cum
3699 4326 3864 4381 Jacob
3901 4325 4098 4397 (Cen.

743 4423 961 4478 tincret.
993 4421 1124 4477 Nam
1153 4431 1207 4477 et
1239 4422 1453 4496 (Ezech.
1478 4441 1530 4493 χ,
1563 4422 1651 4497 12)
1676 4434 1807 4480 I‘OttB
1839 4427 2119 4497 subjaccnt
2143 4471 2157 4497 ,
2209 4440 2345 4486 tem-

2457 4443 2614 4495 rxxn,
2637 4426 2752 4499 24).
2793 4428 2964 4494 Hunc,
3000 4425 3215 4498 quando
3256 4425 3385 4479 dicit
3413 4422 3568 4497 (Gen.
3602 4437 3746 4486 χιιι,
3773 4419 3862 4491 10)
3892 4438 3906 4472 :
3944 4421 4106 4480 Non

743 4529 871 4584 pora
896 4515 1125 4584 scilicet,
1173 4515 1369 4584 quibus
1395 4516 1574 4571 omnia
1621 4533 1839 4589 semper
1867 4519 2053 4574 mundi
2093 4522 2340 4578 membra
2445 4527 2644 4596 deﬁciet
2666 4529 2902 4597 princeps
2923 4527 2986 4581 de
3012 4526 3185 4592 Juda,
3213 4542 3372 4598 neque
3396 4521 3503 4579 dua:
3531 4525 3594 4578 de
3619 4525 3898 4596 femoribus
3927 4525 4100 4595 eius,

743 4608 1032 4663 volvuntur
1069 4609 1089 4680 (
1122 4607 1308 4663 Ezech.
1361 4626 1398 4676 ι,
1450 4609 1542 4680 18)
1595 4611 1793 4666 talibus
1841 4614 2064 4682 pedibus
2115 4615 2342 4686 adjectis
2366 4614 2420 4674 D
2448 4620 2603 4673 donec
2628 4622 2794 4674 veniat
2831 4620 2889 4675 Is
2906 4621 2986 4674 cui
3001 4621 3364 4689 repromissum
3380 4630 3474 4686 est,
3493 4621 3664 4688 etipse
3681 4621 3779 4673 erit
3797 4631 4108 4689 exspecta-

746 4703 936 4770 quibus
964 4719 1068 4758 non
1102 4705 1155 4757 in
1184 4711 1504 4774 perpetuum
1529 4713 1671 4758 stant
1695 4704 1828 4772 ista,
1882 4707 1976 4760 sed
2025 4715 2330 4764 transeunt.
2446 4714 2515 4766 tio
2545 4714 2768 4784 gentium
2790 4713 2945 4788 (Gen.
2980 4730 3130 4780 mx,
3161 4713 3271 4786 19).
3301 4713 3452 4769 llnnc
3479 4711 3711 4783 Moyses,
3739 4729 3862 4767 cum
3886 4713 4042 4767 dicit
4078 4730 4104 4768 :

743 4797 847 4854 Sed
887 4808 939 4856 et
988 4815 1082 4870 per
1114 4813 1300 4856 omnes
1327 4798 1350 4831 ⁸
1375 4809 1524 4857 artus
1555 4799 1766 4855 stcllata
1815 4808 1942 4855 sunt
1985 4803 2157 4857 oculis
2190 4820 2202 4856 :
2240 4803 2337 4859 Dei
2447 4805 2671 4863 Provide
2697 4811 2859 4864 alium
2880 4827 3026 4880 quem
3049 4813 3219 4864 mittas
3247 4806 3446 4882 (Exod.
3477 4823 3554 4878 tv,
3584 4806 3698 4879 13).
3721 4806 4110 4879 Huncidem,

1869 4918 2240 4975 GALLANDII
2294 4919 2860 4982 COMMENTARIUS.

819 5035 834 5066 ¹
869 5033 1247 5105 Spoponderat.
1271 5031 1282 5104 ξ
1310 5031 1400 5088 Sic
1427 5031 1663 5088 editores
1688 5031 1969 5104 Anglicani
2029 5034 2299 5090 Pamelius
2324 5077 2340 5103 ,

744 5111 1197 5252 sptinltts’cffuntnu
1225 5177 1425 5252 captiva
1439 5175 1707 5231 sarabara.
1722 5175 1798 5232 Ita
1813 5177 1964 5244 editi,
1987 5175 2346 5247 praeterWel—

745 5249 1146 5316 chmmiannm,
1177 5249 1581 5320 inquuabsque
1626 5265 1754 5303 mss.
1813 5262 1903 5304 aut.
1947 5252 2340 5318 exemplarium

745 5327 1062 5450 auctoritate
1083 5363 1096 5388 ,
1127 5337 1394 5392 reponere
1415 5321 1617 5391 placuit
1638 5321 1855 5388 editori,
1879 5323 1992 5394 ipsa
2019 5324 2340 5394 captivorum

746 5402 928 5450 saruba
955 5415 1006 5450 α.

746 5402 1006 5454 σανιώαιίι.

821 5472 840 5502 ³
862 5470 1184 5538 Contegettle.
1228 5465 1382 5539 Apud
1403 5463 1696 5520 Pamelium
1712 5464 1989 5533 mendose,
2025 5476 2082 5522 ut
2109 5467 2340 5535 videtur,

745 5544 1104 5611 contingente,
1565 5608 1573 5611 Α
1604 5609 1611 5611 _
2217 5609 2226 5611 μ

2457 5513 2892 5611 “flagret:
2923 5514 3506 5611 Il'lifjlflyelclintanus
3527 5515 3847 5608 ministraret
3872 5530 3888 5567 :
3904 5520 4138 5586 quod

816 5585 1140 5669 'S'ic
1163 5617 1326 5681 recte,
1349 5624 1472 5670 mea
1489 5608 1703 5677 quidem
1725 5614 1990 5670 sententia
2009 5609 2343 5666 :cmendavit

2457 5585 2600 5642 valde
2633 5588 2892 5666 probatur
2911 5586 3206 5645 Jacksono.
3597 5601 3600 5608 '

744 5679 1524 5766 \Veletimatius‘prtecg‘tentes
1547 5682 1830 5766 editiones,
1862 5703 2003 5766 qua.
2032 5681 2228 5766 habent
2256 5699 2340 5734 or-
2446 5751 2482 5766 η
2516 5680 2536 5711 ⁷
2563 5679 2970 5737 lnnumerus....
3007 5683 3303 5766 immensus.
3333 5681 3506 5766 Minus
3527 5692 3700 5752 recte,
3731 5695 3790 5739 ut
3815 5679 4150 5766 videtur,

739 5767 834 5810 tus.
873 5754 979 5808 Vox
1025 5751 1172 5811 enim
1220 5751 1490 5835 reéjituta
1536 5753 1771 5811 refertur
1812 5751 2165 5825 ad‘animalia
2219 5767 2340 5822 qure
2441 5751 3264 5824 Gagnaeusznumerusinﬁnitus
3291 5763 3338 5809 et
3362 5754 3668 5809 immensus.

747 4052 950 4107 fluente
998 4053 1224 4108 materia
1273 4053 1443 4108 fuerat
1483 4054 1596 4109 Deo
1636 4054 1862 4125 jnbente
1911 4056 2230 4125 solidatum,
2291 4067 2348 4113 ut

743 4144 945 4215 glacies
973 4145 1223 4214 robusta,
1255 4162 1514 4216 aquarum
1560 4156 1760 4202 terram
1799 4149 2005 4219 pridem
2048 4161 2344 4222 contegen-

743 4239 876 4292 tium
899 4238 1146 4294 dividens
1174 4239 1552 4307 medietatem,
1604 4240 1767 4296 dorso
1814 4242 2048 4312 quodam
2104 4245 2344 4313 pondera

739 4345 896 4400 aqutc
938 4332 1267 4400 superioris,
1301 4332 1666 4388 corroboratis
1696 4334 1763 4388 de
1793 4335 1917 4405 gelu
1941 4337 2179 4402 viribus,
2223 4355 2343 4394 sus-

2446 5039 2692 5109 proxime
2733 5041 3069 5112 przecedunt.

2519 5135 2540 5165 ⁸
2573 5133 2772 5203 Vigent.
2805 5136 3046 5191 Latinius
3079 5135 3267 5190 lucent.
3303 5133 3690 5189 Welchmanus
3742 5134 3860 5187 luce
3888 5133 4114 5203 rigeat

2449 5206 2768 5276 legendum,
2823 5211 3113 5263 existimat.
3166 5209 3236 5263 At
3267 5207 3452 5278 judice
3493 5205 3801 5271 Jacksono,
3851 5205 4114 5266 melius

2444 5279 2572 5333 editi
2600 5281 2786 5350 vigent.
2825 5279 3083 5336 Nimirum
3119 5283 3343 5334 innuere
3365 5279 3530 5333 Voluit
3556 5278 3787 5332 fortasse
3817 5287 4057 5332 auctor
4087 5323 4118 5347 ,

2444 5351 2585 5419 quod
2617 5352 2708 5406 Dei
2735 5366 2900 5421 Opera
2939 5353 3252 5407 interiorem
3287 5352 3502 5420 igneum
3539 5351 3770 5421 rigorem
3807 5364 3905 5405 seu
3943 5351 4120 5422 spi—

2451 5424 2610 5476 ritum
2639 5425 2889 5479 habeant.
