4256 6250
308 304 408 360 901

1569 310 1655 369 DE
1694 309 2066 371 TRINI’I‘ATE
2104 300 2328 371 Ltbun.

3515 319 3620 384 902

307 424 522 490 quando
550 428 797 491 testatur,
836 423 1131 495 Propheten
1159 427 1317 494 vobis,
1361 427 1610 496 dicendo,
1657 434 1918 487 suscitabit
1947 436 1998 494 Α
2096 432 2201 488 Sed
2232 435 2360 490 illud
2383 435 2666 503 admoneo,
2692 445 2796 494 non
2820 440 3048 496 alterum
3069 436 3120 495 in
3148 439 3442 514 EVangelio
3463 442 3623 500 Chri-

310 520 451 574 Deus
481 536 545 574 ex
593 519 837 588 fratribus
872 523 1049 577 vestris
1073 537 1093 576 :
1120 539 1236 578 eum
1265 527 1411 596 quasi
1438 543 1515 580 me
1541 530 1717 582 audite
1741 529 1916 601 (Deut.

310 613 782 683 κνιιι,15).ῑίιιιιε,
810 618 1025 685 quando
1051 616 1182 672 dicit
1217 637 1228 672 :
1266 619 1504 675 Videbitis
1525 623 1678 676 vitam
1704 635 1920 679 vestram

310 705 608 776 pendentem
633 717 776 760 nocte
800 724 860 761 ac
885 708 987 773 die,
1003 719 1050 762 et
1075 725 1177 764 non
1197 713 1410 767 credetis
1436 717 1482 767 ei
1508 712 1708 786 (Deut.,
1727 731 1917 783 xxvm,

306 797 422 870 06).
445 799 597 854 Hunc
617 797 781 854 Isaias
808 821 819 855 :
842 799 1054 857 Prodiet
1070 805 1214 876 uirga
1234 805 1298 860 de
1319 806 1491 862 radice
1505 807 1538 862 Ι
1545 825 1671 876 esse,
1689 821 1736 866 et
1748 811 1844 881 ﬂos
1857 812 1921 865 de

306 890 481 944 radice
505 890 1018 963 ejusascendet(lsa.
1038 909 1116 959 ιι,
1146 895 1219 966 1).
1243 896 1392 952 Hum:
1417 901 1689 968 eumdem,
1707 903 1920 972 quando

306 981 470 1038 dicit:
491 982 624 1038 Ecce
653 982 809 1057 Virgo
825 988 1073 1056 concipiet
1093 999 1141 1043 et
1163 993 1324 1059 pariet
1341 993 1661 1067 ﬁlium(lsa.
1689 1011 1781 1063 vn,
1806 997 1915 1067 15).

307 1073 480 1139 Hunc,
499 1077 715 1146 quando
743 1080 1000 1136 sanitates
1025 1082 1094 1136 ab
1119 1098 1186 1138 eo
1201 1083 1409 1140 futuras
1436 1088 1663 1143 collocat
1689 1091 1879 1147 dicens
1905 1109 1919 1148 :

307 1163 456 1221 Tunc
485 1169 779 1237 aperientur
798 1172 933 1225 oculi
962 1188 1232 1238 cwcorum,
1265 1185 1491 1245 etaures
1518 1180 1794 1235 surdorum
1820 1199 1918 1236 au-

307 1261 469 1327 dient,
493 1272 613 1316 tunc
630 1264 778 1318 saliet
801 1265 1019 1320 claudus
1045 1277 1100 1320 ut
1123 1284 1320 1336 cavus,
1349 1281 1396 1326 et
1422 1272 1610 1327 diserta
1624 1275 1716 1328 erit
1743 1276 1922 1346 lingua

307 1371 566 1413 mutorum
597 1358 774 1432 (Ibid.
805 1377 970 1428 xxxv,
998 1363 1052 1430 5,
1084 1362 1163 1434 6).
1204 1365 1375 1430 llunc.
1401 1367 1619 1438 quando
1651 1371 1921 1440 patientia:

306 1450 534 1506 virtutes
555 1453 1068 1522 expromitdicens:
1105 1455 1226 1512 Non
1259 1460 1495 1514 audietur
1527 1463 1579 1516 in
1611 1464 1794 1531 plateis
1823 1480 1921 1518 una:

305 1543 444 1612 ejus;
470 1545 776 1600 arundinem
802 1557 1094 1616 quassatam
1117 1565 1218 1604 non
1248 1562 1490 1617 conteret,
1513 1563 1560 1607 et
1588 1555 1750 1609 linunt
1771 1557 1922 1627 fumi-

304 1651 437 1704 gans
464 1652 564 1690 non
592 1639 849 1708 extinguet
871 1638 1034 1707 (Ibid.
1060 1642 1348 1713 nlui-5).
1371 1644 1545 1713 Hunc,
1571 1648 1784 1716 quando
1802 1649 1921 1720 ejus

307 1725 605 1798 Evangelia
637 1729 925 1800 descripsit
953 1749 966 1786 :
1004 1732 1070 1786 Et
1101 1735 1372 1806 disponant
1399 1741 1537 1794 vobis
1568 1751 1921 1796 testamentum

2024 533 2164 578 stunt
2220 529 2614 597 expectandum
2660 531 2843 599 fuisse,
2893 547 3052 604 quam
3084 532 3231 590 hunc
3287 549 3315 590 a
3363 534 3624 596 Creatore

2025 617 2234 674 Veteris
2267 620 2594 678 ’l‘estamenti
2622 624 2816 679 litteris
2846 633 2969 680 ante
2991 628 3316 696 promissum
3343 646 3358 695 ;
3385 631 3624 687 maxime

2023 726 2143 766 cum
2172 723 2225 768 et
2245 727 2364 784 qua:
2386 717 2452 772 de
2476 718 2590 787 ipso
2605 719 2858 790 praedicta
2883 731 3006 776 sunt
3037 721 3253 792 impleta
3277 725 3406 794 sint,
3426 736 3482 782 et
3506 745 3624 797 quae

2025 803 2244 876 impleta
2273 818 2398 864 sunt
2427 821 2550 865 ante
2584 814 2836 883 praedicta
2883 817 3010 873 sint.
3046 815 3116 874 Ut
3163 819 3359 876 merito
3409 821 3624 879 haereti—

2024 913 2208 954 corum
2240 902 2462 958 istorum
2496 904 2826 962 Testamenti
2865 907 3072 966 Veteris
3103 913 3477 970 auctoritatem
3509 930 3624 971 res-

2024 994 2326 1061 pucntium,
2363 997 2546 1051 nescio
2573 999 2658 1052 cui
2687 1002 3056 1057 eommcnlitio
3082 1013 3136 1059 et
3181 1019 3248 1059 ex
3277 1005 3467 1062 fabulis
3506 1008 3624 1063 ani-

2023 1087 2163 1142 libus
2195 1088 2320 1143 ﬁcto
2366 1089 2585 1146 Christo
2612 1102 2774 1164 atque
2827 1093 3002 1150 l‘ncato
3029 1099 3234 1166 possim
3267 1114 3392 1154 vere
3415 1111 3470 1155 et
3495 1114 3627 1157 con-

2023 1189 2232 1244 stanter
2251 1181 2435 1238 dicere
2463 1201 2476 1238 :
2519 1184 2652 1253 Quis
2681 1202 2740 1242 es
2767 1186 2790 1240 ?
2814 1187 2956 1244 unde
2981 1189 3080 1244 es?
3106 1205 3135 1245 a
3160 1203 3264 1262 quo
3317 1195 3514 1251 missus
3543 1198 3626 1252 es?

2025 1285 2193 1342 quare
2223 1289 2366 1329 nunc
2394 1277 2582 1332 venire
2613 1277 2830 1333 voluisti
2857 1279 2880 1322 7
2902 1277 3070 1350 quaie
3107 1283 3268 1338 talis?
3291 1285 3374 1341 vel
3397 1302 3499 1357 qua
3532 1303 3626 1344 ve-

2028 1364 2145 1420 nire
2180 1369 2435 1437 potuisti?
2456 1370 2540 1425 vel
2564 1381 2730 1442 quare
2757 1387 2863 1428 non
2886 1372 2951 1428 ad
2979 1382 3098 1431 tuos
3125 1377 3284 1434 abisti
3307 1378 3331 1433 ἳ
3359 1381 3459 1436 nisi
3481 1384 3626 1454 quod

2024 1458 2261 1527 probasti
2293 1471 2413 1516 tuos
2438 1465 2458 1494 ²
2487 1475 2591 1519 non
2641 1464 2875 1531 habere,
2907 1465 3032 1522 dmn
3079 1468 3146 1524 ad
3191 1469 3397 1528 alienos
3427 1477 3576 1548 venis
3604 1477 3628 1529 ’ἰ

2025 1551 2162 1619 Quid
2195 1553 2288 1607 tibi
2335 1569 2457 1609 cum
2513 1558 2713 1612 mundo
2743 1561 3054 1616 creatoris?
3082 1562 3208 1632 quid
3239 1565 3332 1621 tibi
3362 1581 3483 1623 cum
3525 1570 3628 1625 ho-

2025 1643 2170 1696 mine
2214 1645 2554 1700 conditoris?
2583 1648 2713 1718 quid
2768 1649 2860 1706 tibi
2909 1667 3028 1707 eum
3078 1652 3334 1727 flgttiento
3363 1663 3624 1733 corporis,

2025 1736 2112 1790 cui
2141 1738 2309 1806 eripis
2335 1752 2484 1808 spem
2527 1744 2943 1798 resurrectionis
2971 1745 3141 1816 ?quid
3172 1747 3237 1804 ad
3274 1753 3507 1808 alienum
3534 1771 3629 1812 ve-

305 1830 762 1884 ceternum,sauctu
784 1822 950 1878 David
971 1826 1146 1895 ﬁdelia
1167 1827 1303 1900 (Isa.
1337 1833 1505 1901 Lv,5).
1529 1832 1926 1906 llunc,quando
1954 1836 2002 1896 B
2034 1830 2116 1882 nis
2174 1829 2455 1896 famulum,
2484 1832 2715 1887 alienum
2770 1835 3061 1893 sollicitare
3111 1839 3388 1897 desideras
3418 1845 3630 1902 ﬁliuni?

307 1922 500 1983 gentes
531 1914 582 1967 in
613 1913 788 1984 ipsum
817 1918 1116 1975 crediturus
1143 1922 1456 1992 prophetat:
1482 1925 1612 1980 Ecce
1635 1930 1782 1997 posui
1807 1945 1921 1983 eum

309 2007 366 2062 in
405 2009 686 2079 principem
715 2021 764 2066 et
789 2013 1167 2083 praecipientem
1202 2020 1454 2087 gentibus.
1491 2019 1675 2076 Gentes
1714 2039 1831 2093 qua:
1874 2034 1923 2078 te

312 2117 414 2184 non
454 2115 698 2157 nouerunt
721 2105 1024 2161 invocabant
1053 2118 1118 2173 te,
1147 2118 1196 2162 et
1227 2112 1406 2180 populi
1428 2114 1514 2182 qui
1538 2124 1585 2168 te
1604 2116 1834 2170 nesciunt
1856 2117 1923 2170 ad

315 2204 363 2250 te
389 2199 686 2268 confugient
713 2197 879 2268 (Ibid.
912 2201 968 2267 4,
1008 2199 1083 2275 5).
1119 2203 1271 2260 Hunc
1299 2207 1569 2275 eumdetn,
1601 2211 1817 2280 quando
1855 2214 1923 2268 ad

310 2291 617 2358 passionem
647 2292 765 2362 ejus
796 2298 1062 2350 exclamat
1082 2296 1267 2352 dicens
1298 2317 1311 2354 :
1339 2300 1485 2356 Sicut
1506 2303 1696 2368 ovisad
1715 2307 1926 2360 occisio—

314 2397 432 2435 nem
454 2383 634 2438 ductus
648 2394 742 2450 est,
763 2394 809 2439 et
826 2386 955 2442 sicut
973 2405 1134 2459 agnus
1146 2406 1318 2444 coram
1339 2392 1577 2448 tondente
1591 2411 1645 2449 se
1659 2397 1768 2451 sine
1785 2413 1920 2464 voce,

312 2477 504 2532 sicnon
530 2481 726 2547 aperuit
743 2498 797 2536 os
817 2499 969 2537 suum
991 2485 1046 2537 in
1065 2485 1354 2541 [inutilitate
1377 2487 1514 2560 (lea.
1543 2491 1749 2562 uttﬂ).
1773 2492 1927 2549 Hunc

314 2573 531 2641 quando
553 2573 844 2644 ﬂagrorum
863 2577 1130 2647 ejusietus
1158 2581 1444 2652 plagasque
1473 2583 1758 2654 descripsit
1789 2603 1802 2639 :
1832 2584 1925 2639 Li-

313 2681 432 2721 vore
455 2669 568 2738 ejus
590 2685 685 2723 nos
711 2672 874 2724 sanati
902 2689 1073 2728 sumus
1105 2673 1268 2748 (Ibid.
1302 2677 1382 2748 5);
1411 2686 1504 2732 aut
1535 2679 1922 2735 humilitatem:

314 2757 387 2812 Et
407 2761 623 2816 vidimus
637 2779 770 2832 eum,
797 2775 842 2819 et
869 2782 970 2820 non
993 2777 1100 2822 erat
1118 2770 1163 2822 ei
1173 2771 1366 2840 species
1387 2787 1546 2843 neque
1567 2774 1746 2828 honor.
1760 2774 1806 2827 Η
1813 2789 1928 2829 omo

312 2853 374 2906 in
417 2855 572 2926 plaga
602 2866 648 2910 et
674 2860 835 2914 sciens
873 2864 1006 2931 ferre
1053 2863 1401 2930 inﬁrmitatem
1430 2866 1592 2935 (Ibid.
1624 2868 1678 2933 2,
1713 2869 1790 2940 3).
1822 2871 1930 2925 Aut

311 2948 463 3019 quod
479 2951 701 3020 populus
717 2968 824 3008 non
845 2957 1305 3014 eratcretliturus:
1325 2958 1456 3014 Tota
1477 2963 1562 3015 dte
1581 2964 1806 3034 expendi
1821 2975 1932 3018 ina-

312 3056 416 3095 nus
443 3057 580 3097 meas
613 3045 683 3097 ad
712 3046 957 3115 populum
995 3065 1097 3104 non
1146 3051 1432 3107 credentem
1461 3053 1481 3125 (
1505 3051 1633 3108 Isai.
1669 3069 1797 3122 va,
1821 3055 1857 3110 2
1885 3055 1936 3128 ).

311 3136 425 3191 Aut
448 3137 590 3208 quod
613 3151 1016 3198 resurrecturus
1037 3159 1066 3198 a
1092 3147 1355 3202 mortuis:
1381 3147 1444 3201 Et
1462 3149 1556 3202 erit
1568 3151 1619 3203 in
1637 3151 1730 3204 illa
1748 3151 1830 3205 die
1845 3167 1932 3206 ra-

2029 1923 2155 1992 quid
2186 1939 2270 1978 me
2303 1939 2330 1977 a
2365 1924 2593 1980 Domino
2628 1929 2838 1998 eripere
2882 1933 3136 1987 conaris?
3164 1935 3289 2004 quid
3320 1953 3405 1993 me
3446 1939 3498 1994 in
3531 1941 3633 1996 Pa-

2033 2026 2168 2070 trem
2200 2016 2580 2086 hlasphemare
2601 2030 2761 2090 atque
2792 2024 3012 2092 impiunt
3044 2040 3165 2082 esse
3185 2031 3466 2100 eompellis
3491 2032 3514 2086 ?
3541 2042 3633 2088 ant

2030 2107 2157 2179 quid
2190 2122 2354 2164 smna
2387 2120 2436 2167 te
2469 2112 2520 2166 in
2545 2116 2941 2172 resurrectione
2969 2129 3375 2190 consecuturus,
3412 2125 3502 2194 qui
3544 2142 3630 2182 me

2031 2204 2204 2272 ipsum
2254 2219 2358 2260 non
2404 2207 2606 2277 recipio
2658 2209 2783 2264 dum
2835 2200 3033 2282 corpus
3063 2216 3294 2271 amitto?
3333 2217 3388 2274 Si
3419 2220 3628 2278 salvare

2030 2295 2132 2359 vis,
2177 2295 2400 2351 fecisses
2432 2300 2703 2355 hominem
2753 2305 2834 2357 cui
2890 2305 3121 2360 salutem
3152 2307 3330 2364 dares.
3354 2310 3410 2366 Si
3443 2328 3470 2366 a
3495 2313 3632 2369 deli-

2032 2395 2118 2441 cto
2148 2389 2357 2458 eripere
2388 2393 2559 2461 cupis,
2594 2400 2716 2448 ante
2748 2395 2878 2450 mihi
2925 2411 2993 2452 ne
3037 2397 3468 2471 derelinquerem
3498 2420 3630 2460 con-

2035 2479 2267 2534 tulisses.
2288 2482 2441 2546 Quod
2460 2493 2638 2539 autem
2670 2495 2843 2541 tecum
2867 2487 3181 2560 snﬂ‘ragium
3207 2493 3521 2551 circumfers
3552 2497 3629 2553 le-

2032 2573 2156 2643 gis?
2187 2573 2338 2640 Quod
2378 2575 2544 2632 habes
2571 2579 2934 2636 teSIimonium
2967 2583 3295 2652 prophetica:
3321 2589 3467 2644 vocis
3493 2590 3516 2641 ‘i
3543 2600 3636 2645 aut

2033 2665 2159 2736 quid
2189 2666 2316 2721 mihi
2362 2684 2582 2737 possum
2628 2670 2696 2726 de
2728 2681 2778 2726 te
2808 2674 3036 2729 solidum
3079 2681 3475 2748 repromittere,
3506 2697 3627 2737 cum

2035 2768 2085 2813 te
2107 2759 2313 2814 videam
2335 2761 2388 2815 in
2415 2762 2786 2830 phantasmate
2804 2773 2982 2821 etnon
3007 2769 3059 2823 itt
3085 2770 3356 2826 soliditate
3379 2775 3634 2830 venisse?

2035 2850 2170 2919 Quid
2203 2867 2332 2923 ergo
2362 2853 2454 2908 tibi
2480 2870 2601 2909 cum
2645 2857 2814 2928 ﬁgura
2842 2863 3108 2930 corporis,
3140 2864 3184 2916 si
3215 2878 3410 2934 corpus
3435 2866 3630 2921 odiSIi?

2035 2944 2203 2999 immo
2259 2946 2552 3002 revinceris
2592 2952 2838 3020 corporis
2871 2954 3016 3022 quod
3074 2953 3235 3010 odisti
3284 2957 3636 3015 circumferre

2033 3039 2410 3107 substantiam,
2446 3042 2599 3112 cujus
2624 3045 2900 3114 suscipere
2932 3037 3146 3103 voluisti
3177 3050 3337 3105 etiam
3385 3051 3633 3122 figuram.

2036 3129 2230 3187 Odisse
2260 3133 2401 3187 enim
2433 3133 2702 3191 debueras
2733 3141 2977 3207 corporis
3029 3140 3404 3211 imitationem,
3437 3146 3480 3200 si
3507 3146 3638 3203 ode—

312 3229 409 3283 dia:
434 3229 600 3297 Iesse,
631 3241 680 3286 et
705 3234 794 3301 qui
814 3247 983 3306 surget
1001 3235 1256 3306 imperare
1278 3241 1527 3310 gentibus,
1550 3243 1601 3296 in
1629 3259 1740 3296 eum
1761 3255 1925 3314 gemet

2037 3242 2123 3282 ras
2155 3229 2454 3286 veritatem.
2485 3232 2751 3297 Quoniam
2784 3235 2829 3288 si
2863 3234 3000 3290 alter
3022 3237 3310 3304 os,‘aliter
3335 3241 3519 3296 venire
3543 3241 3642 3296 dc-

314 3326 623 3394 sperabunt;
647 3337 695 3382 et
722 3331 814 3382 erit
841 3331 1036 3398 requies
1065 3333 1175 3402 ejus
1201 3333 1369 3388 honor
1397 3333 1552 3408 (Iani.
1591 3353 1666 3405 XI,
1700 3338 1810 3404 10).
1832 3343 1933 3394 Aut

314 3432 442 3474 cum
473 3427 684 3490 tempus
724 3424 1138 3480 resurrectionis
1170 3443 1182 3478 :
1218 3427 1379 3494 Quasi
1427 3429 1660 3484 diluculo
1693 3441 1931 3502 paratum

312 3512 630 3569 inveniemus
647 3530 759 3569 eum
787 3515 932 3586 (Ore.
957 3533 1029 3585 vi,
1054 3515 1131 3588 5).
1150 3521 1254 3574 Ant
1278 3521 1421 3591 quod
1449 3537 1698 3580 sessurus
1715 3525 1780 3580 ad
1804 3526 1933 3581 dex-

315 3616 456 3661 tram
481 3607 686 3664 Patris:
711 3609 857 3664 Dixit
878 3610 1127 3666 Dominus
1151 3611 1372 3669 Domino
1395 3631 1504 3671 meo
1534 3635 1550 3672 .'
1574 3618 1710 3673 Sede
1723 3621 1790 3674 ad
1808 3622 1932 3676 dea:-

316 3709 486 3754 teram
511 3717 672 3755 meam
690 3741 704 3768 ,
731 3703 891 3758 donec
921 3720 1108 3774 ponam
1137 3708 1369 3763 inimicos
1399 3722 1512 3766 tuos
1537 3711 1817 3768 scabellum
1847 3732 1932 3785 pe-

314 3794 448 3846 dum
470 3803 668 3848 tuorum
686 3797 805 3868 (Ps.
825 3813 936 3864 ctx,
955 3799 1089 3871 1-2).
1113 3803 1216 3856 Aut
1244 3817 1364 3858 cum
1393 3819 1673 3873 possessor
1690 3812 1930 3865 omnium

310 3885 648 3944 collocatur:
671 3888 881 3944 Postula
907 3907 938 3944 a
955 3907 1050 3958 nte,
1071 3903 1119 3946 et
1143 3893 1278 3948 dabo
1294 3896 1382 3949 tibi
1399 3908 1568 3967 gentes
1585 3899 1934 3956 Itan-editatem

313 3988 485 4046 tuam,
511 3990 559 4034 et
587 3984 949 4050 possessionem
989 3996 1130 4039 tuam
1163 3991 1407 4044 terminos
1435 4000 1581 4046 terra:
1602 3992 1722 4066 (Ps.
1763 4011 1820 4064 ιι,
1852 3997 1931 4068 8).

315 4074 426 4127 Aut
454 4074 595 4141 quod
634 4075 798 4144 judex
837 4080 1078 4134 omnium
1132 4084 1476 4138 ostenditur:
1504 4079 1936 4160 Deus,judirium

317 4175 463 4220 tuum
490 4169 596 4237 regi
626 4169 710 4236 da,
740 4179 785 4224 et
808 4172 1056 4238 iustitiam
1087 4185 1225 4229 tuam
1246 4179 1354 4245 ﬁlio
1374 4181 1506 4252 mgis
1535 4186 1552 4252 ί
1563 4180 1653 4238 Ps.
1679 4199 1827 4251 Lxxt,
1855 4187 1931 4258 1).

316 4256 428 4312 Nec
478 4257 580 4314 hoc
609 4258 664 4314 in
696 4261 816 4316 loco
841 4267 990 4333 plura
1025 4281 1336 4338 petseqnar,
1368 4284 1488 4341 qua)
1516 4277 1831 4331 annuntiata
1865 4256 1934 4334 de

319 4349 557 4417 Christo,
589 4353 605 4382 ί
637 4354 887 4410 omnibus
943 4357 1230 4428 haereticis,
1271 4363 1369 4419 sed
1410 4376 1462 4421 et
1489 4365 1619 4436 ipsis
1653 4369 1934 4426 veritatem

320 4441 633 4499 tenentibus
665 4447 837 4515 magis
870 4458 994 4504 nota
1028 4460 1172 4505 sunt.

974 4589 1201 4648 CAPUT
1244 4593 1312 4648 X.

320 4697 504 4756 Iesum
537 4699 798 4758 Christum
834 4703 934 4760 Dei
971 4704 1019 4759 F
1022 4706 1167 4761 ilium
1217 4724 1344 4775 esse,
1381 4719 1426 4764 et
1459 4728 1570 4767 vere
1621 4715 1873 4769 hominem
1905 4733 1924 4770 :

392 4804 571 4849 contra
601 4799 865 4854 haereticos
894 4799 1297 4871 pltantasiastas,
1320 4805 1408 4875 qui
1435 4822 1603 4861 veram
1629 4824 1835 4864 carnem
1856 4808 1923 4863 il-

319 4887 330 4952 ξ
392 4887 502 4940 lttm
526 4890 810 4961 suscepisse
844 4891 1114 4962 negabant.

2039 3318 2233 3374 bueras
2267 3342 2278 3377 :
2313 3338 2380 3376 ne
2405 3321 2662 3378 dicereris
2687 3325 2827 3379 tilias
2855 3330 3139 3396 creatoris,
3158 3330 3204 3384 si
3235 3332 3319 3387 vel
3350 3331 3637 3404 imaginem

2037 3414 2322 3472 habuisses
2342 3420 2521 3474 carnis
2549 3429 2605 3476 et
2631 3422 2893 3491 corporis.
2921 3421 3079 3478 Certe
3107 3425 3152 3480 si
3174 3426 3368 3481 oderas
3389 3429 3640 3485 nativita-

2041 3519 2170 3577 tem,
2204 3512 2326 3580 quia
2351 3515 2612 3569 crcatoris
2633 3515 2830 3572 oderas
2851 3517 3156 3587 nuptiarum
3178 3520 3636 3589 conjunctionem,

2039 3618 2293 3660 recusare
2336 3604 2603 3663 debueras
2631 3609 2794 3664 etiam
2844 3610 3197 3666 imitationem
3244 3613 3502 3682 hominis,
3548 3615 3641 3687 qui

2040 3711 2134 3765 per
2155 3697 2371 3767 nuptias
2397 3701 2636 3754 nascitur
2661 3702 2940 3757 creatoris.
2973 3703 3157 3774 Neque
3188 3705 3347 3776 igitur
3373 3722 3495 3762 eum
3526 3707 3640 3763 lue-

2040 3791 2331 3845 rctieorum
2383 3794 2724 3862 agnoscimus
2768 3795 3066 3865 Christum,
3097 3799 3189 3868 qui
3220 3800 3273 3854 in
3300 3801 3534 3873 imagine
3561 3804 3643 3875 (ut

2038 3883 2256 3955 dicitur)
2287 3885 2384 3938 luit
2431 3895 2485 3940 et
2519 3902 2626 3942 non
2668 3889 2721 3942 in
2776 3892 3040 3946 veritate:
3073 3890 3096 3923 ⁵
3119 3893 3252 3947 nihil
3279 3895 3423 3949 enim
3451 3911 3640 3952 verum

2039 3991 2224 4030 eorum
2254 3993 2374 4047 qua:
2419 3981 2588 4048 gessit
2631 3981 2839 4049 fecerit,
2871 3984 2914 4039 si
2961 3985 3078 4054 ipse
3106 3985 3423 4056 phantasma
3453 4000 3506 4044 et
3534 4005 3642 4046 non

2039 4067 2239 4122 veritas
2269 4068 2402 4124 l'uit:
2447 4085 2620 4140 neque
2643 4089 2787 4140 eum,
2813 4077 2904 4145 qui
2933 4076 3062 4132 nihil
3090 4078 3142 4134 in
3167 4095 3227 4135 se
3254 4080 3424 4136 nostri
3449 4096 3647 4151 corpu.

2041 4161 2114 4214 ris
2144 4161 2332 4230 gessit,
2365 4161 2492 4216 dum
2520 4177 2589 4218 ex
2631 4164 2797 4221 Maria
2831 4168 2964 4223 nihil
2996 4172 3224 4243 accepit,
3255 4174 3276 4205 ⁵
3306 4189 3376 4230 ne
3396 4189 3504 4232 non
3541 4191 3644 4230 no-

2040 4253 2123 4308 bis
2151 4253 2356 4308 venerit
2383 4271 2397 4319 ;
2431 4254 2559 4310 dum
2589 4273 2696 4313 non
2728 4261 2778 4314 in
2807 4273 2991 4318 nostra
3039 4265 3340 4323 substantia
3369 4269 3517 4326 visus
3543 4286 3644 4341 ap-

2041 4348 2236 4417 paruit.
2266 4348 2452 4441 Neque
2481 4350 2653 4417 illum,
2674 4354 2766 4424 qui
2795 4356 3089 4413 aztheream
3131 4361 3249 4417 sive
3274 4363 3564 4431 sidewam,
3591 4373 3648 4418 ut

2039 4442 2131 4496 alii
2178 4441 2465 4497 voluerunt
2510 4444 2768 4509 lucretici,
2801 4449 2969 4504 voluit
3017 4467 3269 4521 carnem;
3303 4471 3372 4511 ne
3405 4458 3564 4512 ullam
3591 4457 3644 4512 in

2037 4532 2132 4587 illo
2161 4533 2384 4590 6nostro
2409 4536 2772 4610 intelligamus
2795 4542 3046 4611 salutem,
3075 4546 3118 4599 si
3143 4563 3250 4602 non
3278 4549 3442 4604 etiam
3475 4551 3648 4607 nostri

1959 4637 2015 4698 1)
2040 4629 2284 4698 corporis
2304 4644 2698 4700 cognoscamus
2721 4634 3048 4692 soliditatem
3077 4655 3208 4695 :nec
3229 4642 3397 4696 ullum
3424 4644 3647 4700 omnino

2031 4719 2260 4774 alterum
2290 4721 2383 4792 qui
2412 4723 2636 4792 quodvis
2677 4725 2818 4781 aliud
2849 4743 2915 4782 ex
2947 4731 3200 4800 ligento
3223 4733 3241 4763 ⁷
3269 4734 3647 4792 ίιωιοειίαυτυιιι

2029 4812 2256 4881 gesserit
2270 4828 2464 4883 corpus
2487 4815 2806 4874 fabularum.
2828 4821 3028 4876 Omnes
3047 4823 3189 4878 enim
3213 4823 3348 4881 istos
3373 4838 3429 4882 et
3451 4829 3647 4884 nativi-

2037 4911 2117 4957 tas
2160 4903 2367 4959 Domini
2397 4915 2450 4960 et
2487 4923 2632 4964 mors
2662 4909 2776 4980 ipsa
2831 4912 3091 4968 confutet.
3123 4913 3258 4970 Nam
3310 4927 3363 4971 et
3391 4916 3571 4988 (Joan.
3603 4934 3642 4988 ι⁹

1501 5009 1876 5072 GALLANDII
1916 5015 2483 5077 COMMENTARIUS.

395 5100 409 5129 ¹
437 5098 686 5154 Omnibus
713 5101 984 5166 hcet'eticis,
1017 5103 1106 5157 sed
1128 5113 1174 5156 et
1193 5105 1316 5173 ipsis
1329 5106 1587 5162 veritatem
1618 5113 1924 5169 tenentibus.

313 5168 490 5253 [tecte
530 5173 1077 5253 conjecissevitlctur
1118 5168 1558 5253 Wtilchmanus,
1582 5181 1708 5235 dum
1738 5168 1924 5253 legem

310 5239 447 5295 dum
477 5239 718 5298 autumat
746 5246 872 5314 ipsis
899 5246 1169 5312 liceret/cis,
1200 5250 1288 5303 sed
1317 5259 1365 5303 et
1404 5239 1637 5306 omnibus
1664 5239 1926 5310 veritatem

309 5316 622 5370 tenentibus.
656 5313 725 5371 At
755 5318 952 5371 rectius
993 5318 1237 5384 fortasse,
1271 5322 1503 5376 omnibus
1544 5325 1808 5380 veritatem
1847 5338 1922 5381 te-

309 5385 577 5466 rrentibus,
608 5389 695 5466 sed
727 5400 774 5466 et
809 5389 932 5457 ipsis
960 5390 1230 5445 ltwreticis.
1263 5393 1542 5462 Ejusmodi
1575 5397 1923 5466 trajectioncs

302 5455 526 5511 librarii
553 5458 692 5511 haud
727 5455 956 5514 insuete.

404 5528 421 5557 '
454 5528 576 5604 Non
603 5529 803 5585 habere.
835 5529 999 5588 Forte
1039 5533 1325 5604 legendum
1351 5551 1473 5591 cum
1493 5537 1850 5595 Wclcbmano
1882 5550 1929 5596 te

300 5613 431 5657 non
461 5601 664 5654 habere.
1096 5601 1117 5604 ⁷
1235 5661 1238 5665 .

410 5668 826 5748 {AliteLvenire
856 5675 1124 5731 debueras.
1157 5675 1324 5734 Recte
1349 5681 1521 5748 aliter,
1556 5698 1662 5738 non
1695 5685 1843 5748 alter,
1874 5695 1934 5742 ut

296 5741 542 5822 conjici}
581 5743 990 5822 Welchmanus.
1014 5749 1252 5822 (sensum
1291 5741 1524 5822 explicat
1560 5741 1928 5815 Tertulliunus

297 5812 448 5874 adv.
481 5812 728 5882 Marc.,|.
754 5832 830 5885 ιιι,
857 5829 976 5890 cap.
1006 5819 1074 5875 10
1102 5818 1240 5877 :Cur
1267 5812 1520 5882 enimnon
1550 5827 1603 5882 in
1631 5827 1804 5899 aliqua
1823 5812 1929 5888 alia

2029 5114 2261 5199 (ὕβριζοιέ
2285 5115 2570 5199 substantia
2593 5120 2744 5199 venit,
2765 5131 2813 5199 et
2847 5124 2903 5199 in
2930 5126 3109 5190 primis
3129 5141 3244 5194 sua,
3275 5142 3339 5182 ne
3355 5137 3404 5182 et
3425 5128 3645 5199 indigna

2031 5196 2077 5240 et
2102 5187 2274 5260 aliqua
2299 5188 2553 5260 uideretur
2572 5194 2810 5260 eguisse?
2835 5187 3093 5253 habent.

2102 5255 2123 5286 δ
2154 5256 2305 5334 ixi/tit
2332 5260 2479 5334 enini
2495 5255 2688 5316 verum.
2714 5265 3159 5334 Coujunetiouem
3184 5272 3319 5326 enim
3337 5271 3550 5327 restitui
3573 5288 3642 5331 ex

2030 5343 2131 5383 ms.
2169 5327 2426 5384 WOWeri.
2456 5331 2533 5388 lo.

2103 5399 2239 5485 “‘Ne
2279 5418 2380 5456 non
2412 5405 2576 5459 nobis.
2607 5405 2726 5485 Pro
2757 5425 2822 5462 ne
2867 5412 3125 5485 nonlegit
3155 5431 3316 5485 neque
3344 5415 3592 5474 Latinius
3623 5433 3639 5476 :

2029 5469 2330 5549 Iacksonus
2359 5490 2488 5549 vero
2515 5478 2886 5549 malletineque
2907 5469 3063 5539 enim:

2105 5543 2125 5573 ⁸
2156 5542 2367 5599 Nostro.
2387 5545 2476 5622 Sic
2505 5542 2939 5622 editiaNos'tratn
2971 5558 3212 5622 reposuit
3233 5558 3640 5616 Welcbmanus.

2035 5612 2248 5670 Nostra;
2276 5619 2614 5703 reseribcbat
2660 5620 2961 5703 Jacksonus
2984 5645 2998 5690 ;
3115 5612 3206 5684 est

2033 5701 2342 5772 sermonem
2365 5691 2526 5745 habet
2547 5703 2735 5749 auctor
2765 5713 2778 5748 :
2820 5697 2962 5772 quod
2991 5700 3170 5772 minus
3197 5691 3403 5772 plac-et.

2107 5759 2542 5847 illg'eticoru-m.
2602 5803 2614 5819 .
2629 5806 2641 5819 .
2671 5759 2852 5847 corpus
2870 5769 3183 5838 fabularum.
3197 5759 3318 5832 IAl't't
3335 5774 3543 5847 legunt,
3553 5790 3654 5830 uo-

2037 5839 2184 5889 tante
2212 5832 2413 5898 Franc.
2453 5834 2640 5910 Iunio,
2674 5832 3051 5912 limi-eticarum,
3084 5853 3143 5901 ut
3165 5832 3456 5908 referatur
3485 5832 3554 5900 ad
3581 5849 3660 5913 fa-
