  <div class='ocr_page' id='page_1' title='image "/cluster/home/n/w/nwhite01/storage/ocr_20150623/3/hvd.32044054086798/501.png"; bbox 0 0 4256 6250; ppageno 0'>
   <div class='ocr_carea' id='block_1_1' title="bbox 627 303 733 359">
    <p class='ocr_par' dir='ltr' id='par_1_1' title="bbox 627 303 733 359">
     <span class='ocr_line' id='line_1_1' title="bbox 627 303 733 359; baseline 0.019 -2"><span class='ocrx_word' id='word_1_1' title='bbox 627 303 733 359; x_wconf 81' lang='lat'><strong>905</strong></span> 
     </span>
    </p>
   </div>
   <div class='ocr_carea' id='block_1_2' title="bbox 2118 308 2491 365">
    <p class='ocr_par' dir='ltr' id='par_1_2' title="bbox 2118 308 2491 365">
     <span class='ocr_line' id='line_1_2' title="bbox 2118 308 2491 365; baseline -0.003 -2"><span class='ocrx_word' id='word_1_2' title='bbox 2118 308 2491 365; x_wconf 81' lang='lat' dir='ltr'><strong>NOVATIANI</strong></span> 
     </span>
    </p>
   </div>
   <div class='ocr_carea' id='block_1_3' title="bbox 3836 316 3945 369">
    <p class='ocr_par' dir='ltr' id='par_1_3' title="bbox 3836 316 3945 369">
     <span class='ocr_line' id='line_1_3' title="bbox 3836 316 3945 369; baseline -0.009 -2"><span class='ocrx_word' id='word_1_3' title='bbox 3836 316 3945 369; x_wconf 73' lang='lat' dir='ltr'><strong>9M-</strong></span> 
     </span>
    </p>
   </div>
   <div class='ocr_carea' id='block_1_4' title="bbox 629 410 3941 493">
    <p class='ocr_par' dir='ltr' id='par_1_4' title="bbox 629 410 3941 493">
     <span class='ocr_line' id='line_1_4' title="bbox 629 410 3941 493; baseline 0.004 -26"><span class='ocrx_word' id='word_1_4' title='bbox 629 411 720 481; x_wconf 75' lang='grc' dir='ltr'><strong>Η)</strong></span> <span class='ocrx_word' id='word_1_5' title='bbox 762 412 997 479; x_wconf 83' lang='lat' dir='ltr'><strong><em>Verbum,</em></strong></span> <span class='ocrx_word' id='word_1_6' title='bbox 1043 410 1211 483; x_wconf 82' lang='lat' dir='ltr'><strong>inquit</strong></span> <span class='ocrx_word' id='word_1_7' title='bbox 1250 412 1505 482; x_wconf 81' lang='lat' dir='ltr'><strong>Joannes,</strong></span> <span class='ocrx_word' id='word_1_8' title='bbox 1554 430 1672 469; x_wconf 89' lang='lat' dir='ltr'><strong>caro</strong></span> <span class='ocrx_word' id='word_1_9' title='bbox 1704 418 1894 486; x_wconf 77' lang='lat' dir='ltr'><strong>faction</strong></span> <span class='ocrx_word' id='word_1_10' title='bbox 1936 427 2029 482; x_wconf 83' lang='lat' dir='ltr'><strong>est,</strong></span> <span class='ocrx_word' id='word_1_11' title='bbox 2060 428 2105 471; x_wconf 88' lang='lat' dir='ltr'><strong>et</strong></span> <span class='ocrx_word' id='word_1_12' title='bbox 2139 419 2225 470; x_wconf 84' lang='lat' dir='ltr'><strong>ha—</strong></span> <span class='ocrx_word' id='word_1_13' title='bbox 2256 419 2305 478; x_wconf 84' lang='grc' dir='ltr'><strong>Λ</strong></span> <span class='ocrx_word' id='word_1_14' title='bbox 2336 420 2463 473; x_wconf 90' lang='lat' dir='ltr'><strong>illud</strong></span> <span class='ocrx_word' id='word_1_15' title='bbox 2494 418 2637 489; x_wconf 87' lang='lat' dir='ltr'><strong>quod</strong></span> <span class='ocrx_word' id='word_1_16' title='bbox 2670 434 2776 474; x_wconf 89' lang='lat' dir='ltr'><strong>non</strong></span> <span class='ocrx_word' id='word_1_17' title='bbox 2811 420 3024 486; x_wconf 84' lang='lat' dir='ltr'><strong>vident,</strong></span> <span class='ocrx_word' id='word_1_18' title='bbox 3056 437 3152 492; x_wconf 89' lang='lat' dir='ltr'><strong>per</strong></span> <span class='ocrx_word' id='word_1_19' title='bbox 3196 422 3326 478; x_wconf 91' lang='lat' dir='ltr'><strong>illud</strong></span> <span class='ocrx_word' id='word_1_20' title='bbox 3354 424 3495 493; x_wconf 90' lang='lat' dir='ltr'><strong>quod</strong></span> <span class='ocrx_word' id='word_1_21' title='bbox 3544 423 3748 480; x_wconf 91' lang='lat' dir='ltr'><strong>vident.</strong></span> <span class='ocrx_word' id='word_1_22' title='bbox 3779 424 3941 493; x_wconf 80' lang='lat' dir='ltr'><strong>Quasi</strong></span> 
     </span>
    </p>
   </div>
   <div class='ocr_carea' id='block_1_5' title="bbox 625 504 2227 578">
    <p class='ocr_par' dir='ltr' id='par_1_5' title="bbox 625 504 2227 578">
     <span class='ocr_line' id='line_1_5' title="bbox 625 504 2227 578; baseline 0.004 -21"><span class='ocrx_word' id='word_1_23' title='bbox 625 504 797 558; x_wconf 84' lang='lat' dir='ltr'><strong>bitavit</strong></span> <span class='ocrx_word' id='word_1_24' title='bbox 822 505 874 557; x_wconf 87' lang='lat' dir='ltr'><strong>in</strong></span> <span class='ocrx_word' id='word_1_25' title='bbox 897 504 1056 557; x_wconf 82' lang='lat' dir='ltr'><strong>nobis.</strong></span> <span class='ocrx_word' id='word_1_26' title='bbox 1080 504 1353 561; x_wconf 89' lang='lat' dir='ltr'><strong>Utmerito</strong></span> <span class='ocrx_word' id='word_1_27' title='bbox 1367 522 1561 578; x_wconf 89' lang='lat' dir='ltr'><strong>corpus</strong></span> <span class='ocrx_word' id='word_1_28' title='bbox 1585 519 1827 562; x_wconf 86' lang='lat' dir='ltr'><strong>nostrum</strong></span> <span class='ocrx_word' id='word_1_29' title='bbox 1856 507 1907 561; x_wconf 89' lang='lat' dir='ltr'><strong>in</strong></span> <span class='ocrx_word' id='word_1_30' title='bbox 1935 509 2025 563; x_wconf 89' lang='lat' dir='ltr'><strong>illo</strong></span> <span class='ocrx_word' id='word_1_31' title='bbox 2069 510 2227 564; x_wconf 89' lang='lat' dir='ltr'><strong>fuerit</strong></span> 
     </span>
    </p>
   </div>
   <div class='ocr_carea' id='block_1_6' title="bbox 624 599 2225 672">
    <p class='ocr_par' dir='ltr' id='par_1_6' title="bbox 624 599 2225 672">
     <span class='ocr_line' id='line_1_6' title="bbox 624 599 2225 672; baseline 0.001 -16"><span class='ocrx_word' id='word_1_32' title='bbox 624 600 876 672; x_wconf 89' lang='lat' dir='ltr'><strong>quoniam</strong></span> <span class='ocrx_word' id='word_1_33' title='bbox 907 599 1122 668; x_wconf 85' lang='lat' dir='ltr'><strong>quidem</strong></span> <span class='ocrx_word' id='word_1_34' title='bbox 1156 610 1393 655; x_wconf 89' lang='lat' dir='ltr'><strong>nostram</strong></span> <span class='ocrx_word' id='word_1_35' title='bbox 1414 617 1631 655; x_wconf 89' lang='lat' dir='ltr'><strong>carnem</strong></span> <span class='ocrx_word' id='word_1_36' title='bbox 1662 602 1851 658; x_wconf 88' lang='lat' dir='ltr'><strong>Sermo</strong></span> <span class='ocrx_word' id='word_1_37' title='bbox 1873 604 2126 672; x_wconf 54' lang='lat' dir='ltr'><strong>suscepit.</strong></span> <span class='ocrx_word' id='word_1_38' title='bbox 2160 604 2225 657; x_wconf 90' lang='lat' dir='ltr'><strong>Et</strong></span> 
     </span>
    </p>
   </div>
   <div class='ocr_carea' id='block_1_7' title="bbox 624 689 2226 765">
    <p class='ocr_par' dir='ltr' id='par_1_7' title="bbox 624 689 2226 765">
     <span class='ocr_line' id='line_1_7' title="bbox 624 689 2226 765; baseline 0.004 -20"><span class='ocrx_word' id='word_1_39' title='bbox 624 692 841 761; x_wconf 82' lang='lat' dir='ltr'><strong>sanguis</strong></span> <span class='ocrx_word' id='word_1_40' title='bbox 872 689 1071 745; x_wconf 86' lang='lat' dir='ltr'><strong>idcirco</strong></span> <span class='ocrx_word' id='word_1_41' title='bbox 1097 691 1165 746; x_wconf 90' lang='lat' dir='ltr'><strong>de</strong></span> <span class='ocrx_word' id='word_1_42' title='bbox 1194 693 1440 747; x_wconf 84' lang='lat' dir='ltr'><strong>inanibus</strong></span> <span class='ocrx_word' id='word_1_43' title='bbox 1492 709 1554 748; x_wconf 89' lang='lat' dir='ltr'><strong>ac</strong></span> <span class='ocrx_word' id='word_1_44' title='bbox 1604 695 1845 763; x_wconf 78' lang='lat' dir='ltr'><strong>pedibus,</strong></span> <span class='ocrx_word' id='word_1_45' title='bbox 1897 704 2058 765; x_wconf 81' lang='lat' dir='ltr'><strong>alque</strong></span> <span class='ocrx_word' id='word_1_46' title='bbox 2110 696 2226 764; x_wconf 91' lang='lat' dir='ltr'><strong>ipso</strong></span> 
     </span>
    </p>
   </div>
   <div class='ocr_carea' id='block_1_8' title="bbox 625 783 2221 857">
    <p class='ocr_par' dir='ltr' id='par_1_8' title="bbox 625 783 2221 857">
     <span class='ocr_line' id='line_1_8' title="bbox 625 783 2221 857; baseline 0.005 -21"><span class='ocrx_word' id='word_1_47' title='bbox 625 783 789 838; x_wconf 85' lang='lat' dir='ltr'><strong>latere</strong></span> <span class='ocrx_word' id='word_1_48' title='bbox 816 784 1142 851; x_wconf 87' lang='lat' dir='ltr'><strong>demauavit,</strong></span> <span class='ocrx_word' id='word_1_49' title='bbox 1168 796 1221 839; x_wconf 92' lang='lat' dir='ltr'><strong>ut</strong></span> <span class='ocrx_word' id='word_1_50' title='bbox 1250 787 1417 840; x_wconf 93' lang='lat' dir='ltr'><strong>nostri</strong></span> <span class='ocrx_word' id='word_1_51' title='bbox 1446 801 1671 842; x_wconf 86' lang='lat' dir='ltr'><strong>consors</strong></span> <span class='ocrx_word' id='word_1_52' title='bbox 1694 790 1941 857; x_wconf 89' lang='lat' dir='ltr'><strong>corporis</strong></span> <span class='ocrx_word' id='word_1_53' title='bbox 1968 790 2221 857; x_wconf 83' lang='lat' dir='ltr'><strong>probare-</strong></span> 
     </span>
    </p>
   </div>
   <div class='ocr_carea' id='block_1_9' title="bbox 625 874 2224 947">
    <p class='ocr_par' dir='ltr' id='par_1_9' title="bbox 625 874 2224 947">
     <span class='ocr_line' id='line_1_9' title="bbox 625 874 2224 947; baseline 0.005 -21"><span class='ocrx_word' id='word_1_54' title='bbox 625 884 731 939; x_wconf 89' lang='lat' dir='ltr'><strong>tur,</strong></span> <span class='ocrx_word' id='word_1_55' title='bbox 764 874 889 928; x_wconf 90' lang='lat' dir='ltr'><strong>dum</strong></span> <span class='ocrx_word' id='word_1_56' title='bbox 918 891 1144 932; x_wconf 82' lang='lat' dir='ltr'><strong>occasus</strong></span> <span class='ocrx_word' id='word_1_57' title='bbox 1178 878 1350 931; x_wconf 92' lang='lat' dir='ltr'><strong>nostri</strong></span> <span class='ocrx_word' id='word_1_58' title='bbox 1376 877 1585 947; x_wconf 80' lang='lat' dir='ltr'><strong>legibus</strong></span> <span class='ocrx_word' id='word_1_59' title='bbox 1616 882 1864 934; x_wconf 90' lang='lat' dir='ltr'><strong>moritur.</strong></span> <span class='ocrx_word' id='word_1_60' title='bbox 1892 880 1993 946; x_wconf 86' lang='lat' dir='ltr'><strong>Qui</strong></span> <span class='ocrx_word' id='word_1_61' title='bbox 2017 880 2141 934; x_wconf 91' lang='lat' dir='ltr'><strong>dum</strong></span> <span class='ocrx_word' id='word_1_62' title='bbox 2172 882 2224 935; x_wconf 91' lang='lat' dir='ltr'><strong>in</strong></span> 
     </span>
    </p>
   </div>
   <div class='ocr_carea' id='block_1_10' title="bbox 623 966 2227 1040">
    <p class='ocr_par' dir='ltr' id='par_1_10' title="bbox 623 966 2227 1040">
     <span class='ocr_line' id='line_1_10' title="bbox 623 966 2227 1040; baseline 0.003 -19"><span class='ocrx_word' id='word_1_63' title='bbox 623 966 811 1021; x_wconf 85' lang='lat' dir='ltr'><strong>eadem</strong></span> <span class='ocrx_word' id='word_1_64' title='bbox 844 968 1139 1022; x_wconf 74' lang='lat' dir='ltr'><strong>substantia</strong></span> <span class='ocrx_word' id='word_1_65' title='bbox 1194 970 1438 1039; x_wconf 89' lang='lat' dir='ltr'><strong>corporis</strong></span> <span class='ocrx_word' id='word_1_66' title='bbox 1471 970 1523 1024; x_wconf 94' lang='lat' dir='ltr'><strong>in</strong></span> <span class='ocrx_word' id='word_1_67' title='bbox 1553 987 1653 1040; x_wconf 85' lang='lat' dir='ltr'><strong>qua</strong></span> <span class='ocrx_word' id='word_1_68' title='bbox 1687 971 1936 1037; x_wconf 90' lang='lat' dir='ltr'><strong>moritur,</strong></span> <span class='ocrx_word' id='word_1_69' title='bbox 1964 973 2227 1026; x_wconf 86' lang='lat' dir='ltr'><strong>ressusci-</strong></span> 
     </span>
    </p>
   </div>
   <div class='ocr_carea' id='block_1_11' title="bbox 626 1060 2223 1132">
    <p class='ocr_par' dir='ltr' id='par_1_11' title="bbox 626 1060 2223 1132">
     <span class='ocr_line' id='line_1_11' title="bbox 626 1060 2223 1132; baseline 0.003 -20"><span class='ocrx_word' id='word_1_70' title='bbox 626 1069 765 1113; x_wconf 87' lang='lat' dir='ltr'><strong>tatus</strong></span> <span class='ocrx_word' id='word_1_71' title='bbox 796 1060 959 1127; x_wconf 83' lang='lat' dir='ltr'><strong>ipsius</strong></span> <span class='ocrx_word' id='word_1_72' title='bbox 1002 1062 1246 1130; x_wconf 91' lang='lat' dir='ltr'><strong>corporis</strong></span> <span class='ocrx_word' id='word_1_73' title='bbox 1286 1062 1594 1117; x_wconf 77' lang='lat' dir='ltr'><strong>vulneribus</strong></span> <span class='ocrx_word' id='word_1_74' title='bbox 1630 1064 2031 1132; x_wconf 80' lang='lat' dir='ltr'><strong>comprobatur,</strong></span> <span class='ocrx_word' id='word_1_75' title='bbox 2064 1064 2223 1118; x_wconf 88' lang='lat' dir='ltr'><strong>etiam</strong></span> 
     </span>
    </p>
   </div>
   <div class='ocr_carea' id='block_1_12' title="bbox 626 1152 2222 1223">
    <p class='ocr_par' dir='ltr' id='par_1_12' title="bbox 626 1152 2222 1223">
     <span class='ocr_line' id='line_1_12' title="bbox 626 1152 2222 1223; baseline 0.002 -18"><span class='ocrx_word' id='word_1_76' title='bbox 626 1152 1035 1207; x_wconf 80' lang='lat' dir='ltr'><strong>resnrreCIionis</strong></span> <span class='ocrx_word' id='word_1_77' title='bbox 1065 1162 1264 1207; x_wconf 75' lang='lat' dir='ltr'><strong>nostra:</strong></span> <span class='ocrx_word' id='word_1_78' title='bbox 1297 1152 1441 1223; x_wconf 83' lang='lat' dir='ltr'><strong>leges</strong></span> <span class='ocrx_word' id='word_1_79' title='bbox 1488 1154 1538 1207; x_wconf 93' lang='lat' dir='ltr'><strong>in</strong></span> <span class='ocrx_word' id='word_1_80' title='bbox 1574 1168 1668 1207; x_wconf 86' lang='lat' dir='ltr'><strong>sua</strong></span> <span class='ocrx_word' id='word_1_81' title='bbox 1692 1171 1853 1209; x_wconf 87' lang='lat' dir='ltr'><strong>carne</strong></span> <span class='ocrx_word' id='word_1_82' title='bbox 1886 1156 2222 1223; x_wconf 88' lang='lat' dir='ltr'><strong>monstravit,</strong></span> 
     </span>
    </p>
   </div>
   <div class='ocr_carea' id='block_1_13' title="bbox 629 1244 2228 1313">
    <p class='ocr_par' dir='ltr' id='par_1_13' title="bbox 629 1244 2228 1313">
     <span class='ocr_line' id='line_1_13' title="bbox 629 1244 2228 1313; baseline 0.006 -18"><span class='ocrx_word' id='word_1_83' title='bbox 629 1245 642 1275; x_wconf 80' lang='grc'><em>³</em></span> <span class='ocrx_word' id='word_1_84' title='bbox 668 1245 757 1313; x_wconf 91' lang='lat' dir='ltr'><strong>qui</strong></span> <span class='ocrx_word' id='word_1_85' title='bbox 779 1260 997 1313; x_wconf 84' lang='lat' dir='ltr'><strong>corpus,</strong></span> <span class='ocrx_word' id='word_1_86' title='bbox 1019 1245 1159 1313; x_wconf 89' lang='lat' dir='ltr'><strong>quod</strong></span> <span class='ocrx_word' id='word_1_87' title='bbox 1174 1260 1239 1299; x_wconf 80' lang='lat' dir='ltr'><strong>ex</strong></span> <span class='ocrx_word' id='word_1_88' title='bbox 1255 1244 1408 1299; x_wconf 89' lang='lat' dir='ltr'><strong>nobis</strong></span> <span class='ocrx_word' id='word_1_89' title='bbox 1423 1245 1625 1310; x_wconf 80' lang='lat' dir='ltr'><strong>habuit,</strong></span> <span class='ocrx_word' id='word_1_90' title='bbox 1646 1248 1699 1301; x_wconf 92' lang='lat' dir='ltr'><strong>in</strong></span> <span class='ocrx_word' id='word_1_91' title='bbox 1718 1264 1811 1301; x_wconf 89' lang='lat' dir='ltr'><strong>sua</strong></span> <span class='ocrx_word' id='word_1_92' title='bbox 1832 1250 2228 1303; x_wconf 84' lang='lat' dir='ltr'><strong>resurrectione</strong></span> 
     </span>
    </p>
   </div>
   <div class='ocr_carea' id='block_1_14' title="bbox 627 1338 2229 1411">
    <p class='ocr_par' dir='ltr' id='par_1_14' title="bbox 627 1338 2229 1411">
     <span class='ocr_line' id='line_1_14' title="bbox 627 1338 2229 1411; baseline 0.003 -20"><span class='ocrx_word' id='word_1_93' title='bbox 627 1338 875 1392; x_wconf 71' lang='lat' dir='ltr'><strong>restituit.</strong></span> <span class='ocrx_word' id='word_1_94' title='bbox 908 1338 1016 1393; x_wconf 86' lang='lat' dir='ltr'><strong>Lex</strong></span> <span class='ocrx_word' id='word_1_95' title='bbox 1046 1338 1189 1393; x_wconf 86' lang='lat' dir='ltr'><strong>enim</strong></span> <span class='ocrx_word' id='word_1_96' title='bbox 1220 1340 1635 1395; x_wconf 84' lang='lat' dir='ltr'><strong>resurrectionis</strong></span> <span class='ocrx_word' id='word_1_97' title='bbox 1660 1345 1896 1411; x_wconf 91' lang='lat' dir='ltr'><strong>ponitur,</strong></span> <span class='ocrx_word' id='word_1_98' title='bbox 1918 1342 2046 1397; x_wconf 87' lang='lat' dir='ltr'><strong>dum</strong></span> <span class='ocrx_word' id='word_1_99' title='bbox 2072 1343 2229 1396; x_wconf 80' lang='lat' dir='ltr'><strong>Chri-</strong></span> 
     </span>
    </p>
   </div>
   <div class='ocr_carea' id='block_1_15' title="bbox 625 1432 2227 1508">
    <p class='ocr_par' dir='ltr' id='par_1_15' title="bbox 625 1432 2227 1508">
     <span class='ocr_line' id='line_1_15' title="bbox 625 1432 2227 1508; baseline 0.006 -23"><span class='ocrx_word' id='word_1_100' title='bbox 625 1441 737 1485; x_wconf 87' lang='lat' dir='ltr'><strong>stus</strong></span> <span class='ocrx_word' id='word_1_101' title='bbox 766 1432 830 1485; x_wconf 88' lang='lat' dir='ltr'><strong>ad</strong></span> <span class='ocrx_word' id='word_1_102' title='bbox 859 1433 1161 1503; x_wconf 83' lang='lat' dir='ltr'><strong>exemplum</strong></span> <span class='ocrx_word' id='word_1_103' title='bbox 1191 1444 1511 1489; x_wconf 64' lang='lat' dir='ltr'><strong>cancrorum</strong></span> <span class='ocrx_word' id='word_1_104' title='bbox 1542 1437 1593 1490; x_wconf 91' lang='lat' dir='ltr'><strong>in</strong></span> <span class='ocrx_word' id='word_1_105' title='bbox 1638 1436 1933 1492; x_wconf 86' lang='lat' dir='ltr'><strong>substantia</strong></span> <span class='ocrx_word' id='word_1_106' title='bbox 1982 1441 2227 1508; x_wconf 87' lang='lat' dir='ltr'><strong>corporis</strong></span> 
     </span>
    </p>
   </div>
   <div class='ocr_carea' id='block_1_16' title="bbox 625 1525 2227 1601">
    <p class='ocr_par' dir='ltr' id='par_1_16' title="bbox 625 1525 2227 1601">
     <span class='ocr_line' id='line_1_16' title="bbox 625 1525 2227 1601; baseline 0.004 -22"><span class='ocrx_word' id='word_1_107' title='bbox 625 1525 929 1580; x_wconf 81' lang='lat' dir='ltr'><strong>suscitatur.</strong></span> <span class='ocrx_word' id='word_1_108' title='bbox 951 1526 1234 1593; x_wconf 83' lang='lat' dir='ltr'><strong>Quoniam,</strong></span> <span class='ocrx_word' id='word_1_109' title='bbox 1260 1542 1379 1581; x_wconf 91' lang='lat' dir='ltr'><strong>cum</strong></span> <span class='ocrx_word' id='word_1_110' title='bbox 1403 1527 1445 1599; x_wconf 91' lang='lat' dir='ltr'><strong>(l</strong></span> <span class='ocrx_word' id='word_1_111' title='bbox 1471 1526 1590 1583; x_wconf 89' lang='lat' dir='ltr'><strong>Cor.</strong></span> <span class='ocrx_word' id='word_1_112' title='bbox 1626 1546 1735 1594; x_wconf 75' lang='lat' dir='ltr'><strong>xvr,</strong></span> <span class='ocrx_word' id='word_1_113' title='bbox 1767 1530 1857 1601; x_wconf 85' lang='lat'><strong>50)</strong></span> <span class='ocrx_word' id='word_1_114' title='bbox 1885 1548 2001 1585; x_wconf 85' lang='lat' dir='ltr'><strong>caro</strong></span> <span class='ocrx_word' id='word_1_115' title='bbox 2030 1541 2075 1585; x_wconf 86' lang='lat' dir='ltr'><strong>et</strong></span> <span class='ocrx_word' id='word_1_116' title='bbox 2104 1549 2227 1586; x_wconf 75' lang='lat' dir='ltr'><strong>san-</strong></span> 
     </span>
    </p>
   </div>
   <div class='ocr_carea' id='block_1_17' title="bbox 624 1618 2229 1689">
    <p class='ocr_par' dir='ltr' id='par_1_17' title="bbox 624 1618 2229 1689">
     <span class='ocr_line' id='line_1_17' title="bbox 624 1618 2229 1689; baseline 0.006 -20"><span class='ocrx_word' id='word_1_117' title='bbox 624 1619 737 1688; x_wconf 78' lang='lat' dir='ltr'><strong>guis</strong></span> <span class='ocrx_word' id='word_1_118' title='bbox 768 1634 869 1671; x_wconf 86' lang='lat' dir='ltr'><strong>non</strong></span> <span class='ocrx_word' id='word_1_119' title='bbox 894 1620 1116 1673; x_wconf 80' lang='lat' dir='ltr'><strong>obtinere</strong></span> <span class='ocrx_word' id='word_1_120' title='bbox 1137 1635 1345 1689; x_wconf 83' lang='lat' dir='ltr'><strong>regnum</strong></span> <span class='ocrx_word' id='word_1_121' title='bbox 1367 1618 1465 1673; x_wconf 88' lang='lat' dir='ltr'><strong>Dei</strong></span> <span class='ocrx_word' id='word_1_122' title='bbox 1482 1621 1750 1687; x_wconf 87' lang='lat' dir='ltr'><strong>scribitur,</strong></span> <span class='ocrx_word' id='word_1_123' title='bbox 1771 1638 1873 1675; x_wconf 92' lang='lat' dir='ltr'><strong>non</strong></span> <span class='ocrx_word' id='word_1_124' title='bbox 1902 1624 2080 1678; x_wconf 88' lang='lat' dir='ltr'><strong>carnis</strong></span> <span class='ocrx_word' id='word_1_125' title='bbox 2103 1624 2229 1678; x_wconf 87' lang='lat' dir='ltr'><strong>sub-</strong></span> 
     </span>
    </p>
   </div>
   <div class='ocr_carea' id='block_1_18' title="bbox 626 1709 2223 1784">
    <p class='ocr_par' dir='ltr' id='par_1_18' title="bbox 626 1709 2223 1784">
     <span class='ocr_line' id='line_1_18' title="bbox 626 1709 2223 1784; baseline 0.004 -21"><span class='ocrx_word' id='word_1_126' title='bbox 626 1711 817 1763; x_wconf 82' lang='lat' dir='ltr'><strong>stantia</strong></span> <span class='ocrx_word' id='word_1_127' title='bbox 838 1709 1087 1765; x_wconf 83' lang='lat' dir='ltr'><strong>damnata</strong></span> <span class='ocrx_word' id='word_1_128' title='bbox 1116 1720 1217 1773; x_wconf 88' lang='lat' dir='ltr'><strong>est,</strong></span> <span class='ocrx_word' id='word_1_129' title='bbox 1254 1727 1371 1781; x_wconf 84' lang='lat' dir='ltr'><strong>qna:</strong></span> <span class='ocrx_word' id='word_1_130' title='bbox 1395 1712 1588 1766; x_wconf 75' lang='lat' dir='ltr'><strong>divinis</strong></span> <span class='ocrx_word' id='word_1_131' title='bbox 1619 1713 1883 1780; x_wconf 86' lang='lat' dir='ltr'><strong>manibus,</strong></span> <span class='ocrx_word' id='word_1_132' title='bbox 1916 1732 1982 1770; x_wconf 89' lang='lat' dir='ltr'><strong>ne</strong></span> <span class='ocrx_word' id='word_1_133' title='bbox 2009 1717 2223 1784; x_wconf 84' lang='lat' dir='ltr'><strong>periret,</strong></span> 
     </span>
    </p>
   </div>
   <div class='ocr_carea' id='block_1_19' title="bbox 2335 513 3944 588">
    <p class='ocr_par' dir='ltr' id='par_1_19' title="bbox 2335 513 3944 588">
     <span class='ocr_line' id='line_1_19' title="bbox 2335 513 3944 588; baseline 0.005 -23"><span class='ocrx_word' id='word_1_134' title='bbox 2335 513 2568 565; x_wconf 84' lang='lat' dir='ltr'><strong>hominis</strong></span> <span class='ocrx_word' id='word_1_135' title='bbox 2589 513 2730 567; x_wconf 89' lang='lat' dir='ltr'><strong>enim</strong></span> <span class='ocrx_word' id='word_1_136' title='bbox 2757 513 2808 567; x_wconf 93' lang='lat' dir='ltr'><strong>in</strong></span> <span class='ocrx_word' id='word_1_137' title='bbox 2838 514 2928 567; x_wconf 92' lang='lat' dir='ltr'><strong>illo</strong></span> <span class='ocrx_word' id='word_1_138' title='bbox 2950 514 3263 585; x_wconf 83' lang='lat' dir='ltr'><strong>fragilitates</strong></span> <span class='ocrx_word' id='word_1_139' title='bbox 3282 516 3813 588; x_wconf 88' lang='lat' dir='ltr'><strong>considerant,quasi</strong></span> <span class='ocrx_word' id='word_1_140' title='bbox 3849 518 3944 573; x_wconf 88' lang='lat' dir='ltr'><strong>Dei</strong></span> 
     </span>
    </p>
   </div>
   <div class='ocr_carea' id='block_1_20' title="bbox 2334 606 3983 679">
    <p class='ocr_par' dir='ltr' id='par_1_20' title="bbox 2334 606 3983 679">
     <span class='ocr_line' id='line_1_20' title="bbox 2334 606 3983 679; baseline 0.006 -23"><span class='ocrx_word' id='word_1_141' title='bbox 2334 606 2563 659; x_wconf 79' lang='lat' dir='ltr'><strong>virtutes</strong></span> <span class='ocrx_word' id='word_1_142' title='bbox 2603 622 2707 659; x_wconf 90' lang='lat' dir='ltr'><strong>non</strong></span> <span class='ocrx_word' id='word_1_143' title='bbox 2746 618 3087 675; x_wconf 70' lang='lat' dir='ltr'><strong>computant;</strong></span> <span class='ocrx_word' id='word_1_144' title='bbox 3117 608 3460 664; x_wconf 84' lang='lat' dir='ltr'><strong>infirmitates</strong></span> <span class='ocrx_word' id='word_1_145' title='bbox 3481 611 3659 665; x_wconf 90' lang='lat' dir='ltr'><strong>carnis</strong></span> <span class='ocrx_word' id='word_1_146' title='bbox 3676 610 3940 679; x_wconf 87' lang='lat' dir='ltr'><strong>recolunt,</strong></span> <span class='ocrx_word' id='word_1_147' title='bbox 3978 650 3983 653; x_wconf 50' lang='grc' dir='ltr'>λ</span> 
     </span>
    </p>
   </div>
   <div class='ocr_carea' id='block_1_21' title="bbox 2331 700 3947 773">
    <p class='ocr_par' dir='ltr' id='par_1_21' title="bbox 2331 700 3947 773">
     <span class='ocr_line' id='line_1_21' title="bbox 2331 700 3947 773; baseline 0.004 -20"><span class='ocrx_word' id='word_1_148' title='bbox 2331 708 2625 767; x_wconf 77' lang='lat' dir='ltr'><strong>potestates</strong></span> <span class='ocrx_word' id='word_1_149' title='bbox 2640 700 2931 755; x_wconf 79' lang='lat' dir='ltr'><strong>divinitatis</strong></span> <span class='ocrx_word' id='word_1_150' title='bbox 2942 700 3485 770; x_wconf 81' lang='lat' dir='ltr'><strong>excludunt.Quando</strong></span> <span class='ocrx_word' id='word_1_151' title='bbox 3497 704 3540 759; x_wconf 90' lang='lat' dir='ltr'><strong>si</strong></span> <span class='ocrx_word' id='word_1_152' title='bbox 3564 704 3811 773; x_wconf 86' lang='lat' dir='ltr'><strong>probatio</strong></span> <span class='ocrx_word' id='word_1_153' title='bbox 3830 704 3947 759; x_wconf 67' lang='lat' dir='ltr'><strong>haec</strong></span> 
     </span>
    </p>
   </div>
   <div class='ocr_carea' id='block_1_22' title="bbox 2331 792 3944 865">
    <p class='ocr_par' dir='ltr' id='par_1_22' title="bbox 2331 792 3944 865">
     <span class='ocr_line' id='line_1_22' title="bbox 2331 792 3944 865; baseline 0.004 -19"><span class='ocrx_word' id='word_1_154' title='bbox 2331 808 2395 846; x_wconf 80' lang='lat' dir='ltr'><strong>ex</strong></span> <span class='ocrx_word' id='word_1_155' title='bbox 2427 792 2825 847; x_wconf 89' lang='lat' dir='ltr'><strong>inlirmitatibns</strong></span> <span class='ocrx_word' id='word_1_156' title='bbox 2849 792 3047 849; x_wconf 87' lang='lat' dir='ltr'><strong>Christi</strong></span> <span class='ocrx_word' id='word_1_157' title='bbox 3073 794 3199 849; x_wconf 92' lang='lat' dir='ltr'><strong>illuc</strong></span> <span class='ocrx_word' id='word_1_158' title='bbox 3240 797 3465 865; x_wconf 91' lang='lat' dir='ltr'><strong>prolicit,</strong></span> <span class='ocrx_word' id='word_1_159' title='bbox 3488 806 3543 851; x_wconf 92' lang='lat' dir='ltr'><strong>ut</strong></span> <span class='ocrx_word' id='word_1_160' title='bbox 3573 795 3736 851; x_wconf 88' lang='lat' dir='ltr'><strong>homo</strong></span> <span class='ocrx_word' id='word_1_161' title='bbox 3766 814 3828 852; x_wconf 84' lang='lat' dir='ltr'><strong>ex</strong></span> <span class='ocrx_word' id='word_1_162' title='bbox 3860 799 3944 852; x_wconf 89' lang='lat' dir='ltr'><strong>in—</strong></span> 
     </span>
    </p>
   </div>
   <div class='ocr_carea' id='block_1_23' title="bbox 2332 875 3945 957">
    <p class='ocr_par' dir='ltr' id='par_1_23' title="bbox 2332 875 3945 957">
     <span class='ocr_line' id='line_1_23' title="bbox 2332 875 3945 957; baseline 0.006 -21"><span class='ocrx_word' id='word_1_163' title='bbox 2332 884 2669 939; x_wconf 87' lang='lat' dir='ltr'><strong>firmitatibus</strong></span> <span class='ocrx_word' id='word_1_164' title='bbox 2704 887 3115 955; x_wconf 88' lang='lat' dir='ltr'><strong>comprobetnr;</strong></span> <span class='ocrx_word' id='word_1_165' title='bbox 3156 888 3399 957; x_wconf 85' lang='lat' dir='ltr'><strong>probatio</strong></span> <span class='ocrx_word' id='word_1_166' title='bbox 3428 889 3723 943; x_wconf 74' lang='lat' dir='ltr'><strong>divinitatis</strong></span> <span class='ocrx_word' id='word_1_167' title='bbox 3752 890 3805 944; x_wconf 90' lang='lat' dir='ltr'><strong>in</strong></span> <span class='ocrx_word' id='word_1_168' title='bbox 3849 875 3945 945; x_wconf 81' lang='lat' dir='ltr'><strong>illo</strong></span> 
     </span>
    </p>
   </div>
   <div class='ocr_carea' id='block_1_24' title="bbox 2331 980 3942 1053">
    <p class='ocr_par' dir='ltr' id='par_1_24' title="bbox 2331 980 3942 1053">
     <span class='ocr_line' id='line_1_24' title="bbox 2331 980 3942 1053; baseline 0.007 -20"><span class='ocrx_word' id='word_1_169' title='bbox 2331 980 2555 1034; x_wconf 87' lang='lat' dir='ltr'><strong>collecta</strong></span> <span class='ocrx_word' id='word_1_170' title='bbox 2585 996 2651 1035; x_wconf 78' lang='lat' dir='ltr'><strong>ex</strong></span> <span class='ocrx_word' id='word_1_171' title='bbox 2683 982 2966 1037; x_wconf 82' lang='lat' dir='ltr'><strong>virtutibus</strong></span> <span class='ocrx_word' id='word_1_172' title='bbox 2987 984 3111 1037; x_wconf 91' lang='lat' dir='ltr'><strong>illuc</strong></span> <span class='ocrx_word' id='word_1_173' title='bbox 3140 985 3401 1053; x_wconf 77' lang='lat' dir='ltr'><strong>proficiet,</strong></span> <span class='ocrx_word' id='word_1_174' title='bbox 3430 996 3484 1039; x_wconf 89' lang='lat' dir='ltr'><strong>ut</strong></span> <span class='ocrx_word' id='word_1_175' title='bbox 3510 987 3671 1041; x_wconf 90' lang='lat' dir='ltr'><strong>etiam</strong></span> <span class='ocrx_word' id='word_1_176' title='bbox 3702 987 3842 1043; x_wconf 90' lang='lat' dir='ltr'><strong>Deus</strong></span> <span class='ocrx_word' id='word_1_177' title='bbox 3874 1004 3942 1043; x_wconf 80' lang='lat' dir='ltr'><strong>ex</strong></span> 
     </span>
    </p>
   </div>
   <div class='ocr_carea' id='block_1_25' title="bbox 2331 1075 3941 1149">
    <p class='ocr_par' dir='ltr' id='par_1_25' title="bbox 2331 1075 3941 1149">
     <span class='ocr_line' id='line_1_25' title="bbox 2331 1075 3941 1149; baseline 0.006 -22"><span class='ocrx_word' id='word_1_178' title='bbox 2331 1075 2583 1144; x_wconf 89' lang='lat' dir='ltr'><strong>operibus</strong></span> <span class='ocrx_word' id='word_1_179' title='bbox 2632 1088 2924 1131; x_wconf 88' lang='lat' dir='ltr'><strong>asseratur.</strong></span> <span class='ocrx_word' id='word_1_180' title='bbox 2962 1078 3015 1132; x_wconf 88' lang='lat' dir='ltr'><strong>Si</strong></span> <span class='ocrx_word' id='word_1_181' title='bbox 3048 1078 3191 1133; x_wconf 90' lang='lat' dir='ltr'><strong>enim</strong></span> <span class='ocrx_word' id='word_1_182' title='bbox 3227 1080 3503 1149; x_wconf 85' lang='lat' dir='ltr'><strong>passiones</strong></span> <span class='ocrx_word' id='word_1_183' title='bbox 3550 1082 3837 1136; x_wconf 82' lang='lat' dir='ltr'><strong>05tendunt</strong></span> <span class='ocrx_word' id='word_1_184' title='bbox 3886 1086 3941 1136; x_wconf 89' lang='lat' dir='ltr'><strong>in</strong></span> 
     </span>
    </p>
   </div>
   <div class='ocr_carea' id='block_1_26' title="bbox 2333 1166 3946 1244">
    <p class='ocr_par' dir='ltr' id='par_1_26' title="bbox 2333 1166 3946 1244">
     <span class='ocr_line' id='line_1_26' title="bbox 2333 1166 3946 1244; baseline 0.006 -23"><span class='ocrx_word' id='word_1_185' title='bbox 2333 1166 2427 1222; x_wconf 91' lang='lat' dir='ltr'><strong>illo</strong></span> <span class='ocrx_word' id='word_1_186' title='bbox 2472 1168 2761 1223; x_wconf 86' lang='lat' dir='ltr'><strong>humanam</strong></span> <span class='ocrx_word' id='word_1_187' title='bbox 2816 1170 3157 1241; x_wconf 77' lang='lat' dir='ltr'><strong>fragilitatem</strong></span> <span class='ocrx_word' id='word_1_188' title='bbox 3184 1214 3201 1241; x_wconf 90' lang='lat'><strong>,</strong></span> <span class='ocrx_word' id='word_1_189' title='bbox 3232 1189 3330 1228; x_wconf 92' lang='lat' dir='ltr'><strong>cur</strong></span> <span class='ocrx_word' id='word_1_190' title='bbox 3354 1188 3517 1244; x_wconf 88' lang='lat' dir='ltr'><strong>opera</strong></span> <span class='ocrx_word' id='word_1_191' title='bbox 3565 1190 3668 1229; x_wconf 93' lang='lat' dir='ltr'><strong>non</strong></span> <span class='ocrx_word' id='word_1_192' title='bbox 3696 1185 3946 1231; x_wconf 73' lang='lat' dir='ltr'><strong>asserunt</strong></span> 
     </span>
    </p>
   </div>
   <div class='ocr_carea' id='block_1_27' title="bbox 2332 1262 3944 1338">
    <p class='ocr_par' dir='ltr' id='par_1_27' title="bbox 2332 1262 3944 1338">
     <span class='ocr_line' id='line_1_27' title="bbox 2332 1262 3944 1338; baseline 0.007 -24"><span class='ocrx_word' id='word_1_193' title='bbox 2332 1262 2383 1314; x_wconf 90' lang='lat' dir='ltr'><strong>in</strong></span> <span class='ocrx_word' id='word_1_194' title='bbox 2411 1262 2501 1315; x_wconf 92' lang='lat' dir='ltr'><strong>illo</strong></span> <span class='ocrx_word' id='word_1_195' title='bbox 2528 1262 2763 1317; x_wconf 84' lang='lat' dir='ltr'><strong>divinam</strong></span> <span class='ocrx_word' id='word_1_196' title='bbox 2799 1274 3117 1333; x_wconf 88' lang='lat' dir='ltr'><strong>potestatem</strong></span> <span class='ocrx_word' id='word_1_197' title='bbox 3136 1267 3159 1319; x_wconf 70' lang='grc' dir='ltr'><strong>’ἶ</strong></span> <span class='ocrx_word' id='word_1_198' title='bbox 3187 1283 3253 1321; x_wconf 90' lang='lat' dir='ltr'><strong>ne</strong></span> <span class='ocrx_word' id='word_1_199' title='bbox 3293 1268 3335 1322; x_wconf 92' lang='lat' dir='ltr'><strong>si</strong></span> <span class='ocrx_word' id='word_1_200' title='bbox 3385 1269 3487 1323; x_wconf 92' lang='lat' dir='ltr'><strong>hoc</strong></span> <span class='ocrx_word' id='word_1_201' title='bbox 3515 1284 3621 1324; x_wconf 91' lang='lat' dir='ltr'><strong>non</strong></span> <span class='ocrx_word' id='word_1_202' title='bbox 3652 1269 3944 1338; x_wconf 80' lang='lat' dir='ltr'><strong>profecerit</strong></span> 
     </span>
    </p>
   </div>
   <div class='ocr_carea' id='block_1_28' title="bbox 2334 1355 3942 1435">
    <p class='ocr_par' dir='ltr' id='par_1_28' title="bbox 2334 1355 3942 1435">
     <span class='ocr_line' id='line_1_28' title="bbox 2334 1355 3942 1435; baseline 0.008 -29"><span class='ocrx_word' id='word_1_203' title='bbox 2334 1363 2389 1407; x_wconf 91' lang='lat' dir='ltr'><strong>ut</strong></span> <span class='ocrx_word' id='word_1_204' title='bbox 2424 1355 2565 1410; x_wconf 90' lang='lat' dir='ltr'><strong>Deus</strong></span> <span class='ocrx_word' id='word_1_205' title='bbox 2586 1372 2651 1410; x_wconf 80' lang='lat' dir='ltr'><strong>ex</strong></span> <span class='ocrx_word' id='word_1_206' title='bbox 2677 1357 2964 1413; x_wconf 87' lang='lat' dir='ltr'><strong>virtutibus</strong></span> <span class='ocrx_word' id='word_1_207' title='bbox 2992 1369 3289 1426; x_wconf 90' lang='lat' dir='ltr'><strong>asseratur,</strong></span> <span class='ocrx_word' id='word_1_208' title='bbox 3344 1377 3444 1417; x_wconf 89' lang='lat' dir='ltr'><strong>nec</strong></span> <span class='ocrx_word' id='word_1_209' title='bbox 3494 1363 3774 1433; x_wconf 87' lang='lat' dir='ltr'><strong>passiones</strong></span> <span class='ocrx_word' id='word_1_210' title='bbox 3812 1380 3942 1435; x_wconf 81' lang='lat' dir='ltr'><strong>pro-</strong></span> 
     </span>
    </p>
   </div>
   <div class='ocr_carea' id='block_1_29' title="bbox 2335 1445 3943 1522">
    <p class='ocr_par' dir='ltr' id='par_1_29' title="bbox 2335 1445 3943 1522">
     <span class='ocr_line' id='line_1_29' title="bbox 2335 1445 3943 1522; baseline 0.009 -24"><span class='ocrx_word' id='word_1_211' title='bbox 2335 1445 2513 1501; x_wconf 83' lang='lat' dir='ltr'><strong>ficiant</strong></span> <span class='ocrx_word' id='word_1_212' title='bbox 2554 1458 2609 1502; x_wconf 93' lang='lat' dir='ltr'><strong>ut</strong></span> <span class='ocrx_word' id='word_1_213' title='bbox 2654 1450 2814 1503; x_wconf 80' lang='lat' dir='ltr'><strong>etiam</strong></span> <span class='ocrx_word' id='word_1_214' title='bbox 2867 1450 3028 1505; x_wconf 91' lang='lat' dir='ltr'><strong>homo</strong></span> <span class='ocrx_word' id='word_1_215' title='bbox 3080 1468 3145 1507; x_wconf 84' lang='lat' dir='ltr'><strong>ex</strong></span> <span class='ocrx_word' id='word_1_216' title='bbox 3189 1452 3322 1522; x_wconf 90' lang='lat' dir='ltr'><strong>ipsis</strong></span> <span class='ocrx_word' id='word_1_217' title='bbox 3393 1468 3513 1510; x_wconf 90' lang='lat' dir='ltr'><strong>esse</strong></span> <span class='ocrx_word' id='word_1_218' title='bbox 3584 1465 3943 1513; x_wconf 89' lang='lat' dir='ltr'><strong>monstretur.</strong></span> 
     </span>
    </p>
   </div>
   <div class='ocr_carea' id='block_1_30' title="bbox 2332 1540 3947 1617">
    <p class='ocr_par' dir='ltr' id='par_1_30' title="bbox 2332 1540 3947 1617">
     <span class='ocr_line' id='line_1_30' title="bbox 2332 1540 3947 1617; baseline 0.007 -23"><span class='ocrx_word' id='word_1_219' title='bbox 2332 1540 2695 1611; x_wconf 71' lang='lat' dir='ltr'><strong>Qumcumqne</strong></span> <span class='ocrx_word' id='word_1_220' title='bbox 2722 1543 2865 1597; x_wconf 91' lang='lat' dir='ltr'><strong>enim</strong></span> <span class='ocrx_word' id='word_1_221' title='bbox 2897 1544 2978 1599; x_wconf 80' lang='lat' dir='ltr'><strong>lex</strong></span> <span class='ocrx_word' id='word_1_222' title='bbox 3012 1546 3063 1598; x_wconf 90' lang='lat' dir='ltr'><strong>iu</strong></span> <span class='ocrx_word' id='word_1_223' title='bbox 3086 1545 3344 1599; x_wconf 89' lang='lat' dir='ltr'><strong>alterutro</strong></span> <span class='ocrx_word' id='word_1_224' title='bbox 3373 1547 3529 1601; x_wconf 88' lang='lat' dir='ltr'><strong>fuerit</strong></span> <span class='ocrx_word' id='word_1_225' title='bbox 3564 1549 3761 1617; x_wconf 77' lang='lat' dir='ltr'><strong>pesita,</strong></span> <span class='ocrx_word' id='word_1_226' title='bbox 3795 1550 3947 1605; x_wconf 84' lang='lat' dir='ltr'><strong>inve-</strong></span> 
     </span>
    </p>
   </div>
   <div class='ocr_carea' id='block_1_31' title="bbox 2333 1634 3941 1710">
    <p class='ocr_par' dir='ltr' id='par_1_31' title="bbox 2333 1634 3941 1710">
     <span class='ocr_line' id='line_1_31' title="bbox 2333 1634 3941 1710; baseline 0.009 -25"><span class='ocrx_word' id='word_1_227' title='bbox 2333 1634 2510 1688; x_wconf 86' lang='lat' dir='ltr'><strong>nietur</strong></span> <span class='ocrx_word' id='word_1_228' title='bbox 2539 1650 2660 1690; x_wconf 89' lang='lat' dir='ltr'><strong>esse</strong></span> <span class='ocrx_word' id='word_1_229' title='bbox 2682 1635 2701 1664; x_wconf 74' lang='grc'><strong>³⁸</strong></span> <span class='ocrx_word' id='word_1_230' title='bbox 2725 1648 2995 1706; x_wconf 87' lang='lat' dir='ltr'><strong>suscepta.</strong></span> <span class='ocrx_word' id='word_1_231' title='bbox 3032 1638 3336 1694; x_wconf 87' lang='lat' dir='ltr'><strong>Periculum</strong></span> <span class='ocrx_word' id='word_1_232' title='bbox 3377 1641 3520 1695; x_wconf 88' lang='lat' dir='ltr'><strong>enim</strong></span> <span class='ocrx_word' id='word_1_233' title='bbox 3548 1644 3681 1710; x_wconf 85' lang='lat' dir='ltr'><strong>erit,</strong></span> <span class='ocrx_word' id='word_1_234' title='bbox 3712 1658 3811 1697; x_wconf 89' lang='lat' dir='ltr'><strong>nec</strong></span> <span class='ocrx_word' id='word_1_235' title='bbox 3842 1643 3941 1699; x_wconf 64' lang='grc' dir='ltr'><strong>Ιιορ</strong></span> 
     </span>
    </p>
   </div>
   <div class='ocr_carea' id='block_1_32' title="bbox 2336 1728 3946 1804">
    <p class='ocr_par' dir='ltr' id='par_1_32' title="bbox 2336 1728 3946 1804">
     <span class='ocr_line' id='line_1_32' title="bbox 2336 1728 3946 1804; baseline 0.006 -24"><span class='ocrx_word' id='word_1_236' title='bbox 2336 1728 2533 1780; x_wconf 89' lang='lat' dir='ltr'><strong>minem</strong></span> <span class='ocrx_word' id='word_1_237' title='bbox 2567 1728 2714 1780; x_wconf 92' lang='lat' dir='ltr'><strong>illum</strong></span> <span class='ocrx_word' id='word_1_238' title='bbox 2742 1744 2803 1783; x_wconf 81' lang='lat' dir='ltr'><strong>ex</strong></span> <span class='ocrx_word' id='word_1_239' title='bbox 2839 1730 3176 1798; x_wconf 90' lang='lat' dir='ltr'><strong>passionibus</strong></span> <span class='ocrx_word' id='word_1_240' title='bbox 3216 1732 3447 1798; x_wconf 89' lang='lat' dir='ltr'><strong>ostendi,</strong></span> <span class='ocrx_word' id='word_1_241' title='bbox 3472 1732 3537 1801; x_wconf 55' lang='lat' dir='ltr'><strong>(si</strong></span> <span class='ocrx_word' id='word_1_242' title='bbox 3567 1748 3676 1788; x_wconf 87' lang='lat' dir='ltr'><strong>non</strong></span> <span class='ocrx_word' id='word_1_243' title='bbox 3710 1737 3946 1804; x_wconf 89' lang='lat' dir='ltr'><strong>potuerit</strong></span> 
     </span>
    </p>
   </div>
   <div class='ocr_carea' id='block_1_33' title="bbox 626 1802 3947 1899">
    <p class='ocr_par' dir='ltr' id='par_1_33' title="bbox 626 1802 3947 1899">
     <span class='ocr_line' id='line_1_33' title="bbox 626 1802 3947 1899; baseline 0.004 -43"><span class='ocrx_word' id='word_1_244' title='bbox 626 1812 892 1856; x_wconf 79' lang='lat' dir='ltr'><strong>exstructa</strong></span> <span class='ocrx_word' id='word_1_245' title='bbox 921 1812 1002 1857; x_wconf 88' lang='lat' dir='ltr'><strong>est</strong></span> <span class='ocrx_word' id='word_1_246' title='bbox 1024 1820 1036 1867; x_wconf 91' lang='lat'><strong>;</strong></span> <span class='ocrx_word' id='word_1_247' title='bbox 1058 1802 1153 1857; x_wconf 87' lang='lat' dir='ltr'><strong>sed</strong></span> <span class='ocrx_word' id='word_1_248' title='bbox 1184 1804 1295 1857; x_wconf 89' lang='lat' dir='ltr'><strong>sola</strong></span> <span class='ocrx_word' id='word_1_249' title='bbox 1316 1805 1494 1858; x_wconf 89' lang='lat' dir='ltr'><strong>carnis</strong></span> <span class='ocrx_word' id='word_1_250' title='bbox 1522 1806 1673 1875; x_wconf 89' lang='lat' dir='ltr'><strong>culpa</strong></span> <span class='ocrx_word' id='word_1_251' title='bbox 1698 1808 1887 1862; x_wconf 89' lang='lat' dir='ltr'><strong>merito</strong></span> <span class='ocrx_word' id='word_1_252' title='bbox 1904 1810 2228 1879; x_wconf 76' lang='lat' dir='ltr'><strong>reprehensa</strong></span> <span class='ocrx_word' id='word_1_253' title='bbox 2262 1820 2308 1879; x_wconf 81' lang='grc' dir='ltr'><strong><em>Β</em></strong></span> <span class='ocrx_word' id='word_1_254' title='bbox 2337 1819 2496 1873; x_wconf 73' lang='lat' dir='ltr'><strong>etiam</strong></span> <span class='ocrx_word' id='word_1_255' title='bbox 2532 1819 2675 1874; x_wconf 78' lang='lat' dir='ltr'><strong>Deus</strong></span> <span class='ocrx_word' id='word_1_256' title='bbox 2714 1835 2780 1874; x_wconf 72' lang='lat' dir='ltr'><strong>ex</strong></span> <span class='ocrx_word' id='word_1_257' title='bbox 2831 1821 3114 1877; x_wconf 58' lang='lat' dir='ltr'><strong>virtutibus</strong></span> <span class='ocrx_word' id='word_1_258' title='bbox 3158 1824 3466 1893; x_wconf 66' lang='lat' dir='ltr'><strong>approbari,</strong></span> <span class='ocrx_word' id='word_1_259' title='bbox 3521 1824 3638 1881; x_wconf 77' lang='lat' dir='ltr'><strong>Non</strong></span> <span class='ocrx_word' id='word_1_260' title='bbox 3685 1802 3770 1882; x_wconf 13' lang='lat' dir='ltr'><strong>eis;</strong></span> <span class='ocrx_word' id='word_1_261' title='bbox 3816 1844 3947 1899; x_wconf 63' lang='lat' dir='ltr'><strong>ergo</strong></span> 
     </span>
    </p>
   </div>
   <div class='ocr_carea' id='block_1_34' title="bbox 626 1895 2233 1971">
    <p class='ocr_par' dir='ltr' id='par_1_34' title="bbox 626 1895 2233 1971">
     <span class='ocr_line' id='line_1_34' title="bbox 626 1895 2233 1971; baseline 0.006 -24"><span class='ocrx_word' id='word_1_262' title='bbox 626 1904 728 1959; x_wconf 87' lang='lat' dir='ltr'><strong>est,</strong></span> <span class='ocrx_word' id='word_1_263' title='bbox 758 1910 876 1962; x_wconf 76' lang='lat' dir='ltr'><strong>qua:</strong></span> <span class='ocrx_word' id='word_1_264' title='bbox 898 1895 1191 1949; x_wconf 90' lang='lat' dir='ltr'><strong>voluntaria</strong></span> <span class='ocrx_word' id='word_1_265' title='bbox 1213 1895 1446 1951; x_wconf 87' lang='lat' dir='ltr'><strong>hominis</strong></span> <span class='ocrx_word' id='word_1_266' title='bbox 1471 1900 1767 1954; x_wconf 87' lang='lat' dir='ltr'><strong>temeritate</strong></span> <span class='ocrx_word' id='word_1_267' title='bbox 1792 1915 1974 1955; x_wconf 87' lang='lat' dir='ltr'><strong>contra</strong></span> <span class='ocrx_word' id='word_1_268' title='bbox 1997 1903 2125 1971; x_wconf 76' lang='lat' dir='ltr'><strong>legis</strong></span> <span class='ocrx_word' id='word_1_269' title='bbox 2153 1903 2233 1957; x_wconf 92' lang='lat' dir='ltr'><strong>di-</strong></span> 
     </span>
    </p>
   </div>
   <div class='ocr_carea' id='block_1_35' title="bbox 624 1987 2231 2062">
    <p class='ocr_par' dir='ltr' id='par_1_35' title="bbox 624 1987 2231 2062">
     <span class='ocr_line' id='line_1_35' title="bbox 624 1987 2231 2062; baseline 0.006 -22"><span class='ocrx_word' id='word_1_270' title='bbox 624 1987 762 2041; x_wconf 83' lang='lat' dir='ltr'><strong>vina:</strong></span> <span class='ocrx_word' id='word_1_271' title='bbox 784 1988 900 2057; x_wconf 84' lang='lat' dir='ltr'><strong>jura</strong></span> <span class='ocrx_word' id='word_1_272' title='bbox 929 1998 1169 2057; x_wconf 77' lang='lat' dir='ltr'><strong>grassata</strong></span> <span class='ocrx_word' id='word_1_273' title='bbox 1194 2001 1296 2044; x_wconf 91' lang='lat' dir='ltr'><strong>est.</strong></span> <span class='ocrx_word' id='word_1_274' title='bbox 1326 1992 1457 2056; x_wconf 85' lang='lat' dir='ltr'><strong>Quia</strong></span> <span class='ocrx_word' id='word_1_275' title='bbox 1493 1992 1543 2045; x_wconf 93' lang='lat' dir='ltr'><strong>in</strong></span> <span class='ocrx_word' id='word_1_276' title='bbox 1574 1992 1901 2062; x_wconf 87' lang='lat' dir='ltr'><strong>Baptismate</strong></span> <span class='ocrx_word' id='word_1_277' title='bbox 1933 2006 1987 2047; x_wconf 88' lang='lat' dir='ltr'><strong>et</strong></span> <span class='ocrx_word' id='word_1_278' title='bbox 2013 1996 2063 2049; x_wconf 90' lang='lat' dir='ltr'><strong>in</strong></span> <span class='ocrx_word' id='word_1_279' title='bbox 2089 2012 2231 2050; x_wconf 88' lang='lat' dir='ltr'><strong>tuor-</strong></span> 
     </span>
    </p>
   </div>
   <div class='ocr_carea' id='block_1_36' title="bbox 630 2080 2229 2147">
    <p class='ocr_par' dir='ltr' id='par_1_36' title="bbox 630 2080 2229 2147">
     <span class='ocr_line' id='line_1_36' title="bbox 630 2080 2229 2147; baseline 0.006 -14"><span class='ocrx_word' id='word_1_280' title='bbox 630 2082 696 2134; x_wconf 89' lang='lat' dir='ltr'><strong>tis</strong></span> <span class='ocrx_word' id='word_1_281' title='bbox 728 2080 1104 2147; x_wconf 81' lang='lat' dir='ltr'><strong>dissolutione,</strong></span> <span class='ocrx_word' id='word_1_282' title='bbox 1131 2083 1337 2137; x_wconf 82' lang='lat' dir='ltr'><strong>sublata</strong></span> <span class='ocrx_word' id='word_1_283' title='bbox 1368 2101 1493 2141; x_wconf 91' lang='lat' dir='ltr'><strong>caro</strong></span> <span class='ocrx_word' id='word_1_284' title='bbox 1538 2086 1602 2141; x_wconf 86' lang='lat' dir='ltr'><strong>ad</strong></span> <span class='ocrx_word' id='word_1_285' title='bbox 1635 2088 1860 2142; x_wconf 88' lang='lat' dir='ltr'><strong>salutem</strong></span> <span class='ocrx_word' id='word_1_286' title='bbox 1901 2090 2185 2144; x_wconf 71' lang='lat' dir='ltr'><strong>revertitur</strong></span> <span class='ocrx_word' id='word_1_287' title='bbox 2217 2109 2229 2143; x_wconf 90' lang='lat'><strong>:</strong></span> 
     </span>
    </p>
   </div>
   <div class='ocr_carea' id='block_1_37' title="bbox 626 2170 2231 2248">
    <p class='ocr_par' dir='ltr' id='par_1_37' title="bbox 626 2170 2231 2248">
     <span class='ocr_line' id='line_1_37' title="bbox 626 2170 2231 2248; baseline 0.005 -22"><span class='ocrx_word' id='word_1_288' title='bbox 626 2170 753 2226; x_wconf 88' lang='lat' dir='ltr'><strong>dum</strong></span> <span class='ocrx_word' id='word_1_289' title='bbox 787 2172 852 2226; x_wconf 90' lang='lat' dir='ltr'><strong>ad</strong></span> <span class='ocrx_word' id='word_1_290' title='bbox 881 2183 1080 2228; x_wconf 87' lang='lat' dir='ltr'><strong>statum</strong></span> <span class='ocrx_word' id='word_1_291' title='bbox 1111 2175 1457 2245; x_wconf 75' lang='lat' dir='ltr'><strong>innocentize,</strong></span> <span class='ocrx_word' id='word_1_292' title='bbox 1484 2178 1726 2248; x_wconf 78' lang='lat' dir='ltr'><strong>deposita</strong></span> <span class='ocrx_word' id='word_1_293' title='bbox 1758 2182 1998 2236; x_wconf 87' lang='lat' dir='ltr'><strong>criminis</strong></span> <span class='ocrx_word' id='word_1_294' title='bbox 2028 2190 2231 2236; x_wconf 89' lang='lat' dir='ltr'><strong>morta-</strong></span> 
     </span>
    </p>
   </div>
   <div class='ocr_carea' id='block_1_38' title="bbox 627 2266 1134 2333">
    <p class='ocr_par' dir='ltr' id='par_1_38' title="bbox 627 2266 1134 2333">
     <span class='ocr_line' id='line_1_38' title="bbox 627 2266 1134 2333; baseline 0.008 -13"><span class='ocrx_word' id='word_1_295' title='bbox 627 2266 796 2333; x_wconf 88' lang='lat' dir='ltr'><strong>litate,</strong></span> <span class='ocrx_word' id='word_1_296' title='bbox 823 2278 1134 2324; x_wconf 86' lang='lat' dir='ltr'><strong>revocatur.</strong></span> 
     </span>
    </p>
   </div>
   <div class='ocr_carea' id='block_1_39' title="bbox 1253 2385 1624 2444">
    <p class='ocr_par' dir='ltr' id='par_1_39' title="bbox 1253 2385 1624 2444">
     <span class='ocr_line' id='line_1_39' title="bbox 1253 2385 1624 2444; baseline 0.003 -2"><span class='ocrx_word' id='word_1_297' title='bbox 1253 2385 1492 2444; x_wconf 79' lang='lat' dir='ltr'><strong>CAPUT</strong></span> <span class='ocrx_word' id='word_1_298' title='bbox 1536 2389 1624 2444; x_wconf 77' lang='lat' dir='ltr'><strong>XI.</strong></span> 
     </span>
    </p>
   </div>
   <div class='ocr_carea' id='block_1_40' title="bbox 627 2473 2234 2550">
    <p class='ocr_par' dir='ltr' id='par_1_40' title="bbox 627 2473 2234 2550">
     <span class='ocr_line' id='line_1_40' title="bbox 627 2473 2234 2550; baseline 0.007 -22"><span class='ocrx_word' id='word_1_299' title='bbox 627 2473 696 2529; x_wconf 79' lang='lat' dir='ltr'><strong>Et</strong></span> <span class='ocrx_word' id='word_1_300' title='bbox 739 2492 852 2531; x_wconf 85' lang='lat' dir='ltr'><strong>vero</strong></span> <span class='ocrx_word' id='word_1_301' title='bbox 884 2494 983 2531; x_wconf 84' lang='lat' dir='ltr'><strong>non</strong></span> <span class='ocrx_word' id='word_1_302' title='bbox 1015 2478 1267 2533; x_wconf 79' lang='lat' dir='ltr'><strong>hominem</strong></span> <span class='ocrx_word' id='word_1_303' title='bbox 1297 2489 1493 2534; x_wconf 87' lang='lat' dir='ltr'><strong>tantum</strong></span> <span class='ocrx_word' id='word_1_304' title='bbox 1520 2482 1796 2550; x_wconf 70' lang='lat' dir='ltr'><strong>Christum,</strong></span> <span class='ocrx_word' id='word_1_305' title='bbox 1824 2485 1912 2539; x_wconf 83' lang='lat' dir='ltr'><strong>sed</strong></span> <span class='ocrx_word' id='word_1_306' title='bbox 1938 2496 1983 2539; x_wconf 86' lang='lat' dir='ltr'><strong>et</strong></span> <span class='ocrx_word' id='word_1_307' title='bbox 2023 2485 2189 2540; x_wconf 90' lang='lat' dir='ltr'><strong>Deum</strong></span> <span class='ocrx_word' id='word_1_308' title='bbox 2218 2502 2234 2539; x_wconf 90' lang='lat'><em>:</em></span> 
     </span>
    </p>
   </div>
   <div class='ocr_carea' id='block_1_41' title="bbox 873 2574 1980 2648">
    <p class='ocr_par' dir='ltr' id='par_1_41' title="bbox 873 2574 1980 2648">
     <span class='ocr_line' id='line_1_41' title="bbox 873 2574 1980 2648; baseline 0.008 -22"><span class='ocrx_word' id='word_1_309' title='bbox 873 2575 1020 2627; x_wconf 77' lang='lat' dir='ltr'><strong>siculi</strong></span> <span class='ocrx_word' id='word_1_310' title='bbox 1051 2574 1267 2628; x_wconf 77' lang='lat' dir='ltr'><strong>hominis</strong></span> <span class='ocrx_word' id='word_1_311' title='bbox 1294 2576 1479 2643; x_wconf 76' lang='lat' dir='ltr'><strong>ﬁlium,</strong></span> <span class='ocrx_word' id='word_1_312' title='bbox 1512 2577 1582 2629; x_wconf 89' lang='lat' dir='ltr'><strong>ita</strong></span> <span class='ocrx_word' id='word_1_313' title='bbox 1609 2588 1655 2630; x_wconf 90' lang='lat' dir='ltr'><strong>et</strong></span> <span class='ocrx_word' id='word_1_314' title='bbox 1682 2578 1773 2631; x_wconf 89' lang='lat' dir='ltr'><strong>Dei</strong></span> <span class='ocrx_word' id='word_1_315' title='bbox 1798 2576 1980 2648; x_wconf 58' lang='lat' dir='ltr'><strong>ﬁlium:</strong></span> 
     </span>
    </p>
   </div>
   <div class='ocr_carea' id='block_1_42' title="bbox 700 2664 2234 2736">
    <p class='ocr_par' dir='ltr' id='par_1_42' title="bbox 700 2664 2234 2736">
     <span class='ocr_line' id='line_1_42' title="bbox 700 2664 2234 2736; baseline 0.003 -16"><span class='ocrx_word' id='word_1_316' title='bbox 700 2664 901 2720; x_wconf 86' lang='lat' dir='ltr'><strong>Verum</strong></span> <span class='ocrx_word' id='word_1_317' title='bbox 930 2680 996 2718; x_wconf 90' lang='lat' dir='ltr'><strong>ne</strong></span> <span class='ocrx_word' id='word_1_318' title='bbox 1034 2680 1099 2719; x_wconf 82' lang='lat' dir='ltr'><strong>ex</strong></span> <span class='ocrx_word' id='word_1_319' title='bbox 1139 2664 1241 2720; x_wconf 91' lang='lat' dir='ltr'><strong>hoc</strong></span> <span class='ocrx_word' id='word_1_320' title='bbox 1264 2667 1404 2736; x_wconf 90' lang='lat' dir='ltr'><strong>quod</strong></span> <span class='ocrx_word' id='word_1_321' title='bbox 1437 2667 1720 2722; x_wconf 92' lang='lat' dir='ltr'><strong>Dominum</strong></span> <span class='ocrx_word' id='word_1_322' title='bbox 1766 2681 2008 2725; x_wconf 89' lang='lat' dir='ltr'><strong>nostrum</strong></span> <span class='ocrx_word' id='word_1_323' title='bbox 2052 2672 2234 2727; x_wconf 86' lang='lat' dir='ltr'><strong>Jesnm</strong></span> 
     </span>
    </p>
   </div>
   <div class='ocr_carea' id='block_1_43' title="bbox 626 2756 2236 2819">
    <p class='ocr_par' dir='ltr' id='par_1_43' title="bbox 626 2756 2236 2819">
     <span class='ocr_line' id='line_1_43' title="bbox 626 2756 2236 2819; baseline 0.004 -6"><span class='ocrx_word' id='word_1_324' title='bbox 626 2756 892 2813; x_wconf 83' lang='lat' dir='ltr'><strong>Christum</strong></span> <span class='ocrx_word' id='word_1_325' title='bbox 926 2757 1018 2811; x_wconf 85' lang='lat' dir='ltr'><strong>Dei</strong></span> <span class='ocrx_word' id='word_1_326' title='bbox 1052 2757 1326 2812; x_wconf 85' lang='lat' dir='ltr'><strong>Creatoris</strong></span> <span class='ocrx_word' id='word_1_327' title='bbox 1349 2757 1539 2813; x_wconf 89' lang='lat' dir='ltr'><strong>Filium</strong></span> <span class='ocrx_word' id='word_1_328' title='bbox 1568 2760 1619 2814; x_wconf 91' lang='lat' dir='ltr'><strong>in</strong></span> <span class='ocrx_word' id='word_1_329' title='bbox 1651 2762 1947 2817; x_wconf 88' lang='lat' dir='ltr'><strong>substantia</strong></span> <span class='ocrx_word' id='word_1_330' title='bbox 1978 2764 2088 2819; x_wconf 91' lang='lat' dir='ltr'><strong>veri</strong></span> <span class='ocrx_word' id='word_1_331' title='bbox 2117 2780 2236 2819; x_wconf 87' lang='lat' dir='ltr'><strong>cor-</strong></span> 
     </span>
    </p>
   </div>
   <div class='ocr_carea' id='block_1_44' title="bbox 626 2849 2236 2919">
    <p class='ocr_par' dir='ltr' id='par_1_44' title="bbox 626 2849 2236 2919">
     <span class='ocr_line' id='line_1_44' title="bbox 626 2849 2236 2919; baseline 0.005 -16"><span class='ocrx_word' id='word_1_332' title='bbox 626 2849 772 2918; x_wconf 86' lang='lat' dir='ltr'><strong>poris</strong></span> <span class='ocrx_word' id='word_1_333' title='bbox 801 2849 1102 2905; x_wconf 78' lang='lat' dir='ltr'><strong>exhibitum</strong></span> <span class='ocrx_word' id='word_1_334' title='bbox 1126 2852 1441 2919; x_wconf 89' lang='lat' dir='ltr'><strong>asserimus,</strong></span> <span class='ocrx_word' id='word_1_335' title='bbox 1466 2853 1584 2907; x_wconf 90' lang='lat' dir='ltr'><strong>aliis</strong></span> <span class='ocrx_word' id='word_1_336' title='bbox 1603 2853 1871 2910; x_wconf 78' lang='lat' dir='ltr'><strong>luereticis</strong></span> <span class='ocrx_word' id='word_1_337' title='bbox 1910 2856 2014 2911; x_wconf 89' lang='lat' dir='ltr'><strong>hoc</strong></span> <span class='ocrx_word' id='word_1_338' title='bbox 2034 2857 2087 2910; x_wconf 91' lang='lat' dir='ltr'><strong>in</strong></span> <span class='ocrx_word' id='word_1_339' title='bbox 2116 2858 2236 2911; x_wconf 87' lang='lat' dir='ltr'><strong>loco</strong></span> 
     </span>
    </p>
   </div>
   <div class='ocr_carea' id='block_1_45' title="bbox 626 2942 2234 3019">
    <p class='ocr_par' dir='ltr' id='par_1_45' title="bbox 626 2942 2234 3019">
     <span class='ocr_line' id='line_1_45' title="bbox 626 2942 2234 3019; baseline 0.005 -22"><span class='ocrx_word' id='word_1_340' title='bbox 626 2942 899 2998; x_wconf 88' lang='lat' dir='ltr'><strong>hominem</strong></span> <span class='ocrx_word' id='word_1_341' title='bbox 929 2952 1137 2997; x_wconf 88' lang='lat' dir='ltr'><strong>tantum</strong></span> <span class='ocrx_word' id='word_1_342' title='bbox 1165 2954 1220 2997; x_wconf 90' lang='lat' dir='ltr'><strong>et</strong></span> <span class='ocrx_word' id='word_1_343' title='bbox 1250 2945 1422 2999; x_wconf 87' lang='lat' dir='ltr'><strong>solum</strong></span> <span class='ocrx_word' id='word_1_344' title='bbox 1452 2944 1889 3010; x_wconf 85' lang='lat' dir='ltr'><strong>defendentibus,</strong></span> <span class='ocrx_word' id='word_1_345' title='bbox 1922 2957 2083 3019; x_wconf 91' lang='lat' dir='ltr'><strong>atque</strong></span> <span class='ocrx_word' id='word_1_346' title='bbox 2114 2950 2234 3005; x_wconf 90' lang='lat' dir='ltr'><strong>ideo</strong></span> 
     </span>
    </p>
   </div>
   <div class='ocr_carea' id='block_1_46' title="bbox 626 3034 2235 3109">
    <p class='ocr_par' dir='ltr' id='par_1_46' title="bbox 626 3034 2235 3109">
     <span class='ocr_line' id='line_1_46' title="bbox 626 3034 2235 3109; baseline 0.004 -21"><span class='ocrx_word' id='word_1_347' title='bbox 626 3034 901 3090; x_wconf 89' lang='lat' dir='ltr'><strong>hominem</strong></span> <span class='ocrx_word' id='word_1_348' title='bbox 927 3035 1075 3089; x_wconf 85' lang='lat' dir='ltr'><strong>illum</strong></span> <span class='ocrx_word' id='word_1_349' title='bbox 1122 3036 1325 3091; x_wconf 91' lang='lat' dir='ltr'><strong>nudum</strong></span> <span class='ocrx_word' id='word_1_350' title='bbox 1348 3046 1403 3092; x_wconf 90' lang='lat' dir='ltr'><strong>et</strong></span> <span class='ocrx_word' id='word_1_351' title='bbox 1427 3036 1724 3091; x_wconf 89' lang='lat' dir='ltr'><strong>solitarium</strong></span> <span class='ocrx_word' id='word_1_352' title='bbox 1759 3038 1987 3108; x_wconf 89' lang='lat' dir='ltr'><strong>probare</strong></span> <span class='ocrx_word' id='word_1_353' title='bbox 2016 3042 2235 3109; x_wconf 79' lang='lat' dir='ltr'><strong>cupien-</strong></span> 
     </span>
    </p>
   </div>
   <div class='ocr_carea' id='block_1_47' title="bbox 628 3128 2233 3201">
    <p class='ocr_par' dir='ltr' id='par_1_47' title="bbox 628 3128 2233 3201">
     <span class='ocr_line' id='line_1_47' title="bbox 628 3128 2233 3201; baseline 0.004 -20"><span class='ocrx_word' id='word_1_354' title='bbox 628 3128 800 3195; x_wconf 91' lang='lat' dir='ltr'><strong>tibus,</strong></span> <span class='ocrx_word' id='word_1_355' title='bbox 843 3137 935 3182; x_wconf 83' lang='lat' dir='ltr'><strong>aut</strong></span> <span class='ocrx_word' id='word_1_356' title='bbox 996 3144 1186 3184; x_wconf 91' lang='lat' dir='ltr'><strong>manus</strong></span> <span class='ocrx_word' id='word_1_357' title='bbox 1212 3130 1447 3194; x_wconf 86' lang='lat' dir='ltr'><strong>dedisse,</strong></span> <span class='ocrx_word' id='word_1_358' title='bbox 1492 3141 1582 3185; x_wconf 91' lang='lat' dir='ltr'><strong>aut</strong></span> <span class='ocrx_word' id='word_1_359' title='bbox 1608 3132 1627 3161; x_wconf 80' lang='lat'>&#39;</span> <span class='ocrx_word' id='word_1_360' title='bbox 1660 3131 1911 3201; x_wconf 90' lang='lat' dir='ltr'><strong>loquendi</strong></span> <span class='ocrx_word' id='word_1_361' title='bbox 1954 3138 2233 3187; x_wconf 83' lang='lat' dir='ltr'><strong>materiam</strong></span> 
     </span>
    </p>
   </div>
   <div class='ocr_carea' id='block_1_48' title="bbox 624 3221 2229 3298">
    <p class='ocr_par' dir='ltr' id='par_1_48' title="bbox 624 3221 2229 3298">
     <span class='ocr_line' id='line_1_48' title="bbox 624 3221 2229 3298; baseline 0.004 -23"><span class='ocrx_word' id='word_1_362' title='bbox 624 3221 997 3277; x_wconf 86' lang='lat' dir='ltr'><strong>commodasse</strong></span> <span class='ocrx_word' id='word_1_363' title='bbox 1033 3222 1345 3278; x_wconf 84' lang='lat' dir='ltr'><strong>videamur:</strong></span> <span class='ocrx_word' id='word_1_364' title='bbox 1379 3240 1485 3278; x_wconf 92' lang='lat' dir='ltr'><strong>non</strong></span> <span class='ocrx_word' id='word_1_365' title='bbox 1516 3224 1593 3277; x_wconf 89' lang='lat' dir='ltr'><strong>sic</strong></span> <span class='ocrx_word' id='word_1_366' title='bbox 1620 3224 1687 3279; x_wconf 90' lang='lat' dir='ltr'><strong>de</strong></span> <span class='ocrx_word' id='word_1_367' title='bbox 1717 3225 2012 3279; x_wconf 87' lang='lat' dir='ltr'><strong>substantia</strong></span> <span class='ocrx_word' id='word_1_368' title='bbox 2036 3242 2229 3298; x_wconf 88' lang='lat' dir='ltr'><strong>corpo-</strong></span> 
     </span>
    </p>
   </div>
   <div class='ocr_carea' id='block_1_49' title="bbox 546 3322 2229 3392">
    <p class='ocr_par' dir='ltr' id='par_1_49' title="bbox 546 3322 2229 3392">
     <span class='ocr_line' id='line_1_49' title="bbox 546 3322 2229 3392; baseline 0.001 -15"><span class='ocrx_word' id='word_1_369' title='bbox 546 3322 549 3323; x_wconf 54' lang='grc'><strong><em>⁷</em></strong></span> <span class='ocrx_word' id='word_1_370' title='bbox 624 3322 698 3377; x_wconf 85' lang='lat' dir='ltr'><strong>ris</strong></span> <span class='ocrx_word' id='word_1_371' title='bbox 739 3322 905 3392; x_wconf 92' lang='lat' dir='ltr'><strong>ipsius</strong></span> <span class='ocrx_word' id='word_1_372' title='bbox 944 3322 1312 3391; x_wconf 80' lang='lat' dir='ltr'><strong>exprimimus,</strong></span> <span class='ocrx_word' id='word_1_373' title='bbox 1362 3330 1420 3375; x_wconf 93' lang='lat' dir='ltr'><strong>ut</strong></span> <span class='ocrx_word' id='word_1_374' title='bbox 1446 3322 1466 3352; x_wconf 89' lang='grc'><em>³</em></span> <span class='ocrx_word' id='word_1_375' title='bbox 1494 3323 1667 3376; x_wconf 90' lang='lat' dir='ltr'><strong>solum</strong></span> <span class='ocrx_word' id='word_1_376' title='bbox 1705 3330 1908 3376; x_wconf 88' lang='lat' dir='ltr'><strong>tantum</strong></span> <span class='ocrx_word' id='word_1_377' title='bbox 1961 3324 2229 3379; x_wconf 89' lang='lat' dir='ltr'><strong>hominem</strong></span> 
     </span>
    </p>
   </div>
   <div class='ocr_carea' id='block_1_50' title="bbox 624 3414 2227 3489">
    <p class='ocr_par' dir='ltr' id='par_1_50' title="bbox 624 3414 2227 3489">
     <span class='ocr_line' id='line_1_50' title="bbox 624 3414 2227 3489; baseline 0.001 -16"><span class='ocrx_word' id='word_1_378' title='bbox 624 3417 772 3473; x_wconf 90' lang='lat' dir='ltr'><strong>illum</strong></span> <span class='ocrx_word' id='word_1_379' title='bbox 794 3431 914 3471; x_wconf 90' lang='lat' dir='ltr'><strong>esse</strong></span> <span class='ocrx_word' id='word_1_380' title='bbox 935 3415 1207 3479; x_wconf 91' lang='lat' dir='ltr'><strong>dicamus;</strong></span> <span class='ocrx_word' id='word_1_381' title='bbox 1235 3414 1328 3470; x_wconf 89' lang='lat' dir='ltr'><strong>sed</strong></span> <span class='ocrx_word' id='word_1_382' title='bbox 1361 3424 1437 3478; x_wconf 90' lang='lat' dir='ltr'><strong>ut,</strong></span> <span class='ocrx_word' id='word_1_383' title='bbox 1460 3414 1740 3471; x_wconf 81' lang='lat' dir='ltr'><strong>divinitate</strong></span> <span class='ocrx_word' id='word_1_384' title='bbox 1762 3418 2025 3471; x_wconf 80' lang='lat' dir='ltr'><strong>sermonis</strong></span> <span class='ocrx_word' id='word_1_385' title='bbox 2041 3418 2093 3471; x_wconf 92' lang='lat' dir='ltr'><strong>in</strong></span> <span class='ocrx_word' id='word_1_386' title='bbox 2118 3420 2227 3489; x_wconf 91' lang='lat' dir='ltr'><strong>ipsa</strong></span> 
     </span>
    </p>
   </div>
   <div class='ocr_carea' id='block_1_51' title="bbox 624 3506 2228 3575">
    <p class='ocr_par' dir='ltr' id='par_1_51' title="bbox 624 3506 2228 3575">
     <span class='ocr_line' id='line_1_51' title="bbox 624 3506 2228 3575; baseline 0.003 -14"><span class='ocrx_word' id='word_1_387' title='bbox 624 3507 966 3562; x_wconf 88' lang='lat' dir='ltr'><strong>concretione</strong></span> <span class='ocrx_word' id='word_1_388' title='bbox 1008 3509 1300 3575; x_wconf 84' lang='lat' dir='ltr'><strong>permixta,</strong></span> <span class='ocrx_word' id='word_1_389' title='bbox 1335 3508 1497 3561; x_wconf 90' lang='lat' dir='ltr'><strong>etiam</strong></span> <span class='ocrx_word' id='word_1_390' title='bbox 1530 3506 1696 3561; x_wconf 88' lang='lat' dir='ltr'><strong>Deum</strong></span> <span class='ocrx_word' id='word_1_391' title='bbox 1742 3507 1889 3562; x_wconf 90' lang='lat' dir='ltr'><strong>illum</strong></span> <span class='ocrx_word' id='word_1_392' title='bbox 1936 3510 2228 3566; x_wconf 90' lang='lat' dir='ltr'><strong>secundum</strong></span> 
     </span>
    </p>
   </div>
   <div class='ocr_carea' id='block_1_52' title="bbox 622 3598 2225 3672">
    <p class='ocr_par' dir='ltr' id='par_1_52' title="bbox 622 3598 2225 3672">
     <span class='ocr_line' id='line_1_52' title="bbox 622 3598 2225 3672; baseline 0.002 -17"><span class='ocrx_word' id='word_1_393' title='bbox 622 3599 927 3668; x_wconf 82' lang='lat' dir='ltr'><strong>Scripturas</strong></span> <span class='ocrx_word' id='word_1_394' title='bbox 940 3607 1368 3654; x_wconf 86' lang='lat' dir='ltr'><strong>esseteneamus.</strong></span> <span class='ocrx_word' id='word_1_395' title='bbox 1388 3598 1484 3653; x_wconf 88' lang='lat' dir='ltr'><strong>Est</strong></span> <span class='ocrx_word' id='word_1_396' title='bbox 1512 3599 1653 3654; x_wconf 87' lang='lat' dir='ltr'><strong>enim</strong></span> <span class='ocrx_word' id='word_1_397' title='bbox 1684 3601 1978 3670; x_wconf 89' lang='lat' dir='ltr'><strong>periculum</strong></span> <span class='ocrx_word' id='word_1_398' title='bbox 2002 3604 2225 3672; x_wconf 80' lang='lat' dir='ltr'><strong>grande,</strong></span> 
     </span>
    </p>
   </div>
   <div class='ocr_carea' id='block_1_53' title="bbox 623 3690 2223 3764">
    <p class='ocr_par' dir='ltr' id='par_1_53' title="bbox 623 3690 2223 3764">
     <span class='ocr_line' id='line_1_53' title="bbox 623 3690 2223 3764; baseline 0.004 -19"><span class='ocrx_word' id='word_1_399' title='bbox 623 3694 943 3746; x_wconf 87' lang='lat' dir='ltr'><strong>salvatorem</strong></span> <span class='ocrx_word' id='word_1_400' title='bbox 974 3690 1186 3762; x_wconf 79' lang='lat' dir='ltr'><strong>generis</strong></span> <span class='ocrx_word' id='word_1_401' title='bbox 1204 3691 1442 3756; x_wconf 90' lang='lat' dir='ltr'><strong>humani,</strong></span> <span class='ocrx_word' id='word_1_402' title='bbox 1470 3692 1631 3746; x_wconf 89' lang='lat' dir='ltr'><strong>totius</strong></span> <span class='ocrx_word' id='word_1_403' title='bbox 1658 3692 2001 3751; x_wconf 85' lang='lat' dir='ltr'><strong>dominumet</strong></span> <span class='ocrx_word' id='word_1_404' title='bbox 2025 3695 2223 3764; x_wconf 84' lang='lat' dir='ltr'><strong>princi-</strong></span> 
     </span>
    </p>
   </div>
   <div class='ocr_carea' id='block_1_54' title="bbox 624 3782 2224 3855">
    <p class='ocr_par' dir='ltr' id='par_1_54' title="bbox 624 3782 2224 3855">
     <span class='ocr_line' id='line_1_54' title="bbox 624 3782 2224 3855; baseline 0.001 -17"><span class='ocrx_word' id='word_1_405' title='bbox 624 3799 745 3855; x_wconf 87' lang='lat' dir='ltr'><strong>pem</strong></span> <span class='ocrx_word' id='word_1_406' title='bbox 770 3783 973 3849; x_wconf 90' lang='lat' dir='ltr'><strong>mundi,</strong></span> <span class='ocrx_word' id='word_1_407' title='bbox 998 3782 1081 3839; x_wconf 90' lang='lat' dir='ltr'><strong>cui</strong></span> <span class='ocrx_word' id='word_1_408' title='bbox 1101 3782 1315 3854; x_wconf 81' lang='lat' dir='ltr'><strong>(Matth.</strong></span> <span class='ocrx_word' id='word_1_409' title='bbox 1354 3800 1447 3847; x_wconf 81' lang='lat' dir='ltr'><strong>xx,</strong></span> <span class='ocrx_word' id='word_1_410' title='bbox 1464 3783 1555 3855; x_wconf 69' lang='lat'><strong>2|)</strong></span> <span class='ocrx_word' id='word_1_411' title='bbox 1580 3801 1606 3837; x_wconf 90' lang='lat' dir='ltr'><strong>a</strong></span> <span class='ocrx_word' id='word_1_412' title='bbox 1631 3785 1897 3840; x_wconf 77' lang='lat' dir='ltr'><strong>suol’atre</strong></span> <span class='ocrx_word' id='word_1_413' title='bbox 1922 3788 2095 3840; x_wconf 90' lang='lat' dir='ltr'><strong>omnia</strong></span> <span class='ocrx_word' id='word_1_414' title='bbox 2122 3799 2224 3842; x_wconf 88' lang='lat' dir='ltr'><strong>tra-</strong></span> 
     </span>
    </p>
   </div>
   <div class='ocr_carea' id='block_1_55' title="bbox 622 3878 2226 3948">
    <p class='ocr_par' dir='ltr' id='par_1_55' title="bbox 622 3878 2226 3948">
     <span class='ocr_line' id='line_1_55' title="bbox 622 3878 2226 3948; baseline 0.002 -15"><span class='ocrx_word' id='word_1_415' title='bbox 622 3878 733 3933; x_wconf 89' lang='lat' dir='ltr'><strong>dita</strong></span> <span class='ocrx_word' id='word_1_416' title='bbox 758 3888 880 3933; x_wconf 88' lang='lat' dir='ltr'><strong>sunt</strong></span> <span class='ocrx_word' id='word_1_417' title='bbox 907 3887 963 3933; x_wconf 89' lang='lat' dir='ltr'><strong>et</strong></span> <span class='ocrx_word' id='word_1_418' title='bbox 986 3887 1176 3932; x_wconf 87' lang='lat' dir='ltr'><strong>cuncta</strong></span> <span class='ocrx_word' id='word_1_419' title='bbox 1206 3891 1484 3942; x_wconf 88' lang='lat' dir='ltr'><strong>concessa,</strong></span> <span class='ocrx_word' id='word_1_420' title='bbox 1509 3893 1605 3947; x_wconf 91' lang='lat' dir='ltr'><strong>per</strong></span> <span class='ocrx_word' id='word_1_421' title='bbox 1643 3894 1801 3948; x_wconf 88' lang='lat' dir='ltr'><strong>quem</strong></span> <span class='ocrx_word' id='word_1_422' title='bbox 1836 3880 2074 3935; x_wconf 91' lang='lat' dir='ltr'><strong>instituta</strong></span> <span class='ocrx_word' id='word_1_423' title='bbox 2098 3891 2226 3937; x_wconf 92' lang='lat' dir='ltr'><strong>sunt</strong></span> 
     </span>
    </p>
   </div>
   <div class='ocr_carea' id='block_1_56' title="bbox 622 3970 2223 4041">
    <p class='ocr_par' dir='ltr' id='par_1_56' title="bbox 622 3970 2223 4041">
     <span class='ocr_line' id='line_1_56' title="bbox 622 3970 2223 4041; baseline 0.002 -14"><span class='ocrx_word' id='word_1_424' title='bbox 622 3973 895 4038; x_wconf 86' lang='lat' dir='ltr'><strong>universa,</strong></span> <span class='ocrx_word' id='word_1_425' title='bbox 910 3980 1086 4028; x_wconf 88' lang='lat' dir='ltr'><strong>creata</strong></span> <span class='ocrx_word' id='word_1_426' title='bbox 1110 3984 1236 4025; x_wconf 89' lang='lat' dir='ltr'><strong>sunt</strong></span> <span class='ocrx_word' id='word_1_427' title='bbox 1259 3981 1387 4037; x_wconf 89' lang='lat' dir='ltr'><strong>tota,</strong></span> <span class='ocrx_word' id='word_1_428' title='bbox 1404 3970 1605 4041; x_wconf 79' lang='lat' dir='ltr'><strong>digesta</strong></span> <span class='ocrx_word' id='word_1_429' title='bbox 1628 3984 1973 4041; x_wconf 89' lang='lat' dir='ltr'><strong>suntcuncta,</strong></span> <span class='ocrx_word' id='word_1_430' title='bbox 1988 3990 2223 4030; x_wconf 59' lang='lat' dir='ltr'><strong>amorum</strong></span> 
     </span>
    </p>
   </div>
   <div class='ocr_carea' id='block_1_57' title="bbox 620 4066 2222 4137">
    <p class='ocr_par' dir='ltr' id='par_1_57' title="bbox 620 4066 2222 4137">
     <span class='ocr_line' id='line_1_57' title="bbox 620 4066 2222 4137; baseline 0 -14"><span class='ocrx_word' id='word_1_431' title='bbox 620 4067 864 4123; x_wconf 81' lang='lat' dir='ltr'><strong>outnium</strong></span> <span class='ocrx_word' id='word_1_432' title='bbox 914 4074 970 4122; x_wconf 90' lang='lat' dir='ltr'><strong>et</strong></span> <span class='ocrx_word' id='word_1_433' title='bbox 1026 4077 1327 4137; x_wconf 90' lang='lat' dir='ltr'><strong>temporum</strong></span> <span class='ocrx_word' id='word_1_434' title='bbox 1377 4080 1583 4136; x_wconf 82' lang='lat' dir='ltr'><strong>regem,</strong></span> <span class='ocrx_word' id='word_1_435' title='bbox 1612 4066 1937 4136; x_wconf 82' lang='lat' dir='ltr'><strong>Angelorum</strong></span> <span class='ocrx_word' id='word_1_436' title='bbox 1981 4069 2222 4124; x_wconf 90' lang='lat' dir='ltr'><strong>omnium</strong></span> 
     </span>
    </p>
   </div>
   <div class='ocr_carea' id='block_1_58' title="bbox 623 4159 2220 4232">
    <p class='ocr_par' dir='ltr' id='par_1_58' title="bbox 623 4159 2220 4232">
     <span class='ocr_line' id='line_1_58' title="bbox 623 4159 2220 4232; baseline 0.001 -17"><span class='ocrx_word' id='word_1_437' title='bbox 623 4161 922 4232; x_wconf 88' lang='lat' dir='ltr'><strong>principem</strong></span> <span class='ocrx_word' id='word_1_438' title='bbox 956 4169 1080 4214; x_wconf 90' lang='lat' dir='ltr'><strong>ante</strong></span> <span class='ocrx_word' id='word_1_439' title='bbox 1103 4175 1263 4230; x_wconf 93' lang='lat' dir='ltr'><strong>quem</strong></span> <span class='ocrx_word' id='word_1_440' title='bbox 1302 4159 1436 4214; x_wconf 90' lang='lat' dir='ltr'><strong>nihil</strong></span> <span class='ocrx_word' id='word_1_441' title='bbox 1467 4166 1662 4229; x_wconf 63' lang='lat' dir='ltr'><strong>printer</strong></span> <span class='ocrx_word' id='word_1_442' title='bbox 1688 4159 1924 4227; x_wconf 90' lang='lat' dir='ltr'><strong>Patrem,</strong></span> <span class='ocrx_word' id='word_1_443' title='bbox 1949 4160 2220 4217; x_wconf 90' lang='lat' dir='ltr'><strong>hominem</strong></span> 
     </span>
    </p>
   </div>
   <div class='ocr_carea' id='block_1_59' title="bbox 622 4252 2224 4319">
    <p class='ocr_par' dir='ltr' id='par_1_59' title="bbox 622 4252 2224 4319">
     <span class='ocr_line' id='line_1_59' title="bbox 622 4252 2224 4319; baseline 0.001 -10"><span class='ocrx_word' id='word_1_444' title='bbox 622 4252 995 4309; x_wconf 87' lang='lat' dir='ltr'><strong>tantummodo</strong></span> <span class='ocrx_word' id='word_1_445' title='bbox 1020 4253 1680 4319; x_wconf 87' lang='lat' dir='ltr'><strong>dicere,etauctoritatem</strong></span> <span class='ocrx_word' id='word_1_446' title='bbox 1705 4255 1779 4309; x_wconf 91' lang='lat' dir='ltr'><strong>illi</strong></span> <span class='ocrx_word' id='word_1_447' title='bbox 1804 4255 2036 4310; x_wconf 84' lang='lat' dir='ltr'><strong>divinam</strong></span> <span class='ocrx_word' id='word_1_448' title='bbox 2065 4258 2115 4311; x_wconf 93' lang='lat' dir='ltr'><strong>in</strong></span> <span class='ocrx_word' id='word_1_449' title='bbox 2142 4259 2224 4311; x_wconf 88' lang='lat' dir='ltr'><strong>his</strong></span> 
     </span>
    </p>
   </div>
   <div class='ocr_carea' id='block_1_60' title="bbox 620 4346 2220 4417">
    <p class='ocr_par' dir='ltr' id='par_1_60' title="bbox 620 4346 2220 4417">
     <span class='ocr_line' id='line_1_60' title="bbox 620 4346 2220 4417; baseline 0.003 -16"><span class='ocrx_word' id='word_1_450' title='bbox 620 4347 910 4417; x_wconf 81' lang='lat' dir='ltr'><strong>abnegare.</strong></span> <span class='ocrx_word' id='word_1_451' title='bbox 964 4346 1089 4401; x_wconf 64' lang='lat' dir='ltr'><strong>Hmc</strong></span> <span class='ocrx_word' id='word_1_452' title='bbox 1152 4347 1297 4401; x_wconf 90' lang='lat' dir='ltr'><strong>enim</strong></span> <span class='ocrx_word' id='word_1_453' title='bbox 1353 4348 1676 4401; x_wconf 90' lang='lat' dir='ltr'><strong>contumelia</strong></span> <span class='ocrx_word' id='word_1_454' title='bbox 1737 4349 2111 4404; x_wconf 80' lang='lat' dir='ltr'><strong>haereticorum</strong></span> <span class='ocrx_word' id='word_1_455' title='bbox 2155 4350 2220 4405; x_wconf 90' lang='lat' dir='ltr'><strong>ad</strong></span> 
     </span>
    </p>
   </div>
   <div class='ocr_carea' id='block_1_61' title="bbox 619 4426 2222 4513">
    <p class='ocr_par' dir='ltr' id='par_1_61' title="bbox 619 4426 2222 4513">
     <span class='ocr_line' id='line_1_61' title="bbox 619 4426 2222 4513; baseline 0 -16"><span class='ocrx_word' id='word_1_456' title='bbox 619 4442 793 4513; x_wconf 86' lang='lat' dir='ltr'><strong>ipsum</strong></span> <span class='ocrx_word' id='word_1_457' title='bbox 818 4456 1035 4511; x_wconf 90' lang='lat' dir='ltr'><strong>quoque</strong></span> <span class='ocrx_word' id='word_1_458' title='bbox 1064 4440 1230 4495; x_wconf 89' lang='lat' dir='ltr'><strong>Deum</strong></span> <span class='ocrx_word' id='word_1_459' title='bbox 1269 4440 1480 4496; x_wconf 89' lang='lat' dir='ltr'><strong>Patrem</strong></span> <span class='ocrx_word' id='word_1_460' title='bbox 1510 4441 1848 4507; x_wconf 87' lang='lat' dir='ltr'><strong>redundabit,</strong></span> <span class='ocrx_word' id='word_1_461' title='bbox 1875 4426 1919 4497; x_wconf 89' lang='lat' dir='ltr'><strong>si</strong></span> <span class='ocrx_word' id='word_1_462' title='bbox 1950 4444 2089 4498; x_wconf 91' lang='lat' dir='ltr'><strong>Deus</strong></span> <span class='ocrx_word' id='word_1_463' title='bbox 2120 4444 2222 4497; x_wconf 91' lang='lat' dir='ltr'><strong>Pa-</strong></span> 
     </span>
    </p>
   </div>
   <div class='ocr_carea' id='block_1_62' title="bbox 622 4532 2223 4604">
    <p class='ocr_par' dir='ltr' id='par_1_62' title="bbox 622 4532 2223 4604">
     <span class='ocr_line' id='line_1_62' title="bbox 622 4532 2223 4604; baseline -0.001 -13"><span class='ocrx_word' id='word_1_464' title='bbox 622 4544 703 4591; x_wconf 87' lang='lat' dir='ltr'><strong>ter</strong></span> <span class='ocrx_word' id='word_1_465' title='bbox 729 4535 920 4590; x_wconf 83' lang='lat' dir='ltr'><strong>Filium</strong></span> <span class='ocrx_word' id='word_1_466' title='bbox 940 4534 1105 4588; x_wconf 89' lang='lat' dir='ltr'><strong>Deum</strong></span> <span class='ocrx_word' id='word_1_467' title='bbox 1133 4548 1394 4603; x_wconf 76' lang='lat' dir='ltr'><strong>generare</strong></span> <span class='ocrx_word' id='word_1_468' title='bbox 1426 4550 1529 4587; x_wconf 92' lang='lat' dir='ltr'><strong>non</strong></span> <span class='ocrx_word' id='word_1_469' title='bbox 1560 4534 1753 4604; x_wconf 85' lang='lat' dir='ltr'><strong>potuit.</strong></span> <span class='ocrx_word' id='word_1_470' title='bbox 1782 4532 1886 4590; x_wconf 91' lang='lat' dir='ltr'><strong>Sed</strong></span> <span class='ocrx_word' id='word_1_471' title='bbox 1920 4536 2061 4589; x_wconf 92' lang='lat' dir='ltr'><strong>enim</strong></span> <span class='ocrx_word' id='word_1_472' title='bbox 2082 4536 2223 4590; x_wconf 85' lang='lat' dir='ltr'><strong>veri-</strong></span> 
     </span>
    </p>
   </div>
   <div class='ocr_carea' id='block_1_63' title="bbox 619 4626 2218 4697">
    <p class='ocr_par' dir='ltr' id='par_1_63' title="bbox 619 4626 2218 4697">
     <span class='ocr_line' id='line_1_63' title="bbox 619 4626 2218 4697; baseline 0 -14"><span class='ocrx_word' id='word_1_473' title='bbox 619 4630 714 4684; x_wconf 91' lang='lat' dir='ltr'><strong>tati</strong></span> <span class='ocrx_word' id='word_1_474' title='bbox 744 4628 958 4683; x_wconf 72' lang='lat' dir='ltr'><strong>cazcitas</strong></span> <span class='ocrx_word' id='word_1_475' title='bbox 1002 4626 1383 4681; x_wconf 67' lang='lat' dir='ltr'><strong>hmreticorum</strong></span> <span class='ocrx_word' id='word_1_476' title='bbox 1414 4626 1557 4681; x_wconf 87' lang='lat' dir='ltr'><strong>nulla</strong></span> <span class='ocrx_word' id='word_1_477' title='bbox 1589 4627 1922 4695; x_wconf 68' lang='lat' dir='ltr'><strong>praescrihet.</strong></span> <span class='ocrx_word' id='word_1_478' title='bbox 1952 4626 2063 4682; x_wconf 86' lang='lat' dir='ltr'><strong>Nec</strong></span> <span class='ocrx_word' id='word_1_479' title='bbox 2084 4642 2218 4697; x_wconf 92' lang='lat' dir='ltr'><strong>quo-</strong></span> 
     </span>
    </p>
   </div>
   <div class='ocr_carea' id='block_1_64' title="bbox 2339 1912 3940 1992">
    <p class='ocr_par' dir='ltr' id='par_1_64' title="bbox 2339 1912 3940 1992">
     <span class='ocr_line' id='line_1_64' title="bbox 2339 1912 3940 1992; baseline 0.008 -28"><span class='ocrx_word' id='word_1_480' title='bbox 2339 1912 2391 1965; x_wconf 92' lang='lat' dir='ltr'><strong>in</strong></span> <span class='ocrx_word' id='word_1_481' title='bbox 2420 1928 2576 1966; x_wconf 89' lang='lat' dir='ltr'><strong>uuam</strong></span> <span class='ocrx_word' id='word_1_482' title='bbox 2601 1922 2808 1982; x_wconf 86' lang='lat' dir='ltr'><strong>partem</strong></span> <span class='ocrx_word' id='word_1_483' title='bbox 2839 1914 3226 1982; x_wconf 90' lang='lat' dir='ltr'><strong>inclinandum,</strong></span> <span class='ocrx_word' id='word_1_484' title='bbox 3255 1927 3309 1972; x_wconf 91' lang='lat' dir='ltr'><strong>et</strong></span> <span class='ocrx_word' id='word_1_485' title='bbox 3331 1917 3398 1973; x_wconf 90' lang='lat' dir='ltr'><strong>ab</strong></span> <span class='ocrx_word' id='word_1_486' title='bbox 3421 1919 3522 1973; x_wconf 88' lang='lat' dir='ltr'><strong>alia</strong></span> <span class='ocrx_word' id='word_1_487' title='bbox 3551 1929 3701 1989; x_wconf 89' lang='lat' dir='ltr'><strong>parte</strong></span> <span class='ocrx_word' id='word_1_488' title='bbox 3728 1920 3940 1992; x_wconf 79' lang='lat' dir='ltr'><strong>fugien-</strong></span> 
     </span>
    </p>
   </div>
   <div class='ocr_carea' id='block_1_65' title="bbox 2337 2004 3946 2085">
    <p class='ocr_par' dir='ltr' id='par_1_65' title="bbox 2337 2004 3946 2085">
     <span class='ocr_line' id='line_1_65' title="bbox 2337 2004 3946 2085; baseline 0.009 -31"><span class='ocrx_word' id='word_1_489' title='bbox 2337 2004 2485 2070; x_wconf 86' lang='lat' dir='ltr'><strong>dum,</strong></span> <span class='ocrx_word' id='word_1_490' title='bbox 2516 2008 2769 2075; x_wconf 88' lang='lat' dir='ltr'><strong>quoniam</strong></span> <span class='ocrx_word' id='word_1_491' title='bbox 2798 2023 2896 2062; x_wconf 89' lang='lat' dir='ltr'><strong>nec</strong></span> <span class='ocrx_word' id='word_1_492' title='bbox 2939 2009 3143 2064; x_wconf 89' lang='lat' dir='ltr'><strong>tenebit</strong></span> <span class='ocrx_word' id='word_1_493' title='bbox 3169 2009 3460 2079; x_wconf 83' lang='lat' dir='ltr'><strong>perfectam</strong></span> <span class='ocrx_word' id='word_1_494' title='bbox 3481 2014 3761 2068; x_wconf 87' lang='lat' dir='ltr'><strong>veritatem</strong></span> <span class='ocrx_word' id='word_1_495' title='bbox 3790 2015 3946 2085; x_wconf 86' lang='lat' dir='ltr'><strong>quis-</strong></span> 
     </span>
    </p>
   </div>
   <div class='ocr_carea' id='block_1_66' title="bbox 2336 2101 3946 2181">
    <p class='ocr_par' dir='ltr' id='par_1_66' title="bbox 2336 2101 3946 2181">
     <span class='ocr_line' id='line_1_66' title="bbox 2336 2101 3946 2181; baseline 0.006 -28"><span class='ocrx_word' id='word_1_496' title='bbox 2336 2102 2457 2171; x_wconf 88' lang='lat' dir='ltr'><strong>quis</strong></span> <span class='ocrx_word' id='word_1_497' title='bbox 2480 2101 2638 2155; x_wconf 87' lang='lat' dir='ltr'><strong>aliam</strong></span> <span class='ocrx_word' id='word_1_498' title='bbox 2670 2102 2909 2157; x_wconf 86' lang='lat' dir='ltr'><strong>veritatis</strong></span> <span class='ocrx_word' id='word_1_499' title='bbox 2937 2104 3230 2158; x_wconf 76' lang='lat' dir='ltr'><strong>excluserit</strong></span> <span class='ocrx_word' id='word_1_500' title='bbox 3278 2104 3598 2174; x_wconf 89' lang='lat' dir='ltr'><strong>portionem.</strong></span> <span class='ocrx_word' id='word_1_501' title='bbox 3626 2106 3754 2160; x_wconf 88' lang='lat' dir='ltr'><strong>Tam</strong></span> <span class='ocrx_word' id='word_1_502' title='bbox 3792 2108 3946 2181; x_wconf 72' lang='lat' dir='ltr'><strong>enim</strong></span> 
     </span>
    </p>
   </div>
   <div class='ocr_carea' id='block_1_67' title="bbox 2338 2194 3945 2272">
    <p class='ocr_par' dir='ltr' id='par_1_67' title="bbox 2338 2194 3945 2272">
     <span class='ocr_line' id='line_1_67' title="bbox 2338 2194 3945 2272; baseline 0.004 -23"><span class='ocrx_word' id='word_1_503' title='bbox 2338 2194 2611 2264; x_wconf 88' lang='lat' dir='ltr'><strong>Scriptura</strong></span> <span class='ocrx_word' id='word_1_504' title='bbox 2649 2195 2813 2249; x_wconf 89' lang='lat' dir='ltr'><strong>etiam</strong></span> <span class='ocrx_word' id='word_1_505' title='bbox 2863 2196 3029 2252; x_wconf 81' lang='lat' dir='ltr'><strong>Deum</strong></span> <span class='ocrx_word' id='word_1_506' title='bbox 3076 2199 3358 2253; x_wconf 89' lang='lat' dir='ltr'><strong>annuntiat</strong></span> <span class='ocrx_word' id='word_1_507' title='bbox 3396 2198 3664 2255; x_wconf 87' lang='lat' dir='ltr'><strong>Christum</strong></span> <span class='ocrx_word' id='word_1_508' title='bbox 3695 2243 3711 2267; x_wconf 93' lang='lat'><strong>,</strong></span> <span class='ocrx_word' id='word_1_509' title='bbox 3769 2217 3945 2272; x_wconf 89' lang='lat' dir='ltr'><strong>quam</strong></span> 
     </span>
    </p>
   </div>
   <div class='ocr_carea' id='block_1_68' title="bbox 2338 2290 3950 2360">
    <p class='ocr_par' dir='ltr' id='par_1_68' title="bbox 2338 2290 3950 2360">
     <span class='ocr_line' id='line_1_68' title="bbox 2338 2290 3950 2360; baseline 0.004 -17"><span class='ocrx_word' id='word_1_510' title='bbox 2338 2290 2498 2344; x_wconf 90' lang='lat' dir='ltr'><strong>etiam</strong></span> <span class='ocrx_word' id='word_1_511' title='bbox 2525 2290 2797 2346; x_wconf 89' lang='lat' dir='ltr'><strong>hominem</strong></span> <span class='ocrx_word' id='word_1_512' title='bbox 2832 2292 3004 2360; x_wconf 91' lang='lat' dir='ltr'><strong>ipsum</strong></span> <span class='ocrx_word' id='word_1_513' title='bbox 3052 2292 3333 2346; x_wconf 88' lang='lat' dir='ltr'><strong>annuntiat</strong></span> <span class='ocrx_word' id='word_1_514' title='bbox 3360 2292 3528 2349; x_wconf 88' lang='lat' dir='ltr'><strong>Deum</strong></span> <span class='ocrx_word' id='word_1_515' title='bbox 3565 2311 3579 2360; x_wconf 92' lang='lat'>;</span> <span class='ocrx_word' id='word_1_516' title='bbox 3612 2304 3717 2348; x_wconf 88' lang='lat' dir='ltr'><strong>tam</strong></span> <span class='ocrx_word' id='word_1_517' title='bbox 3759 2294 3950 2350; x_wconf 88' lang='lat' dir='ltr'><strong>homi-</strong></span> 
     </span>
    </p>
   </div>
   <div class='ocr_carea' id='block_1_69' title="bbox 2340 2384 3945 2456">
    <p class='ocr_par' dir='ltr' id='par_1_69' title="bbox 2340 2384 3945 2456">
     <span class='ocr_line' id='line_1_69' title="bbox 2340 2384 3945 2456; baseline 0.006 -19"><span class='ocrx_word' id='word_1_518' title='bbox 2340 2400 2462 2438; x_wconf 89' lang='lat' dir='ltr'><strong>nem</strong></span> <span class='ocrx_word' id='word_1_519' title='bbox 2492 2384 2780 2454; x_wconf 90' lang='lat' dir='ltr'><strong>descripsit</strong></span> <span class='ocrx_word' id='word_1_520' title='bbox 2809 2384 2991 2441; x_wconf 84' lang='lat' dir='ltr'><strong>Jesum</strong></span> <span class='ocrx_word' id='word_1_521' title='bbox 3034 2384 3332 2454; x_wconf 87' lang='lat' dir='ltr'><strong>Christum,</strong></span> <span class='ocrx_word' id='word_1_522' title='bbox 3364 2404 3523 2456; x_wconf 91' lang='lat' dir='ltr'><strong>quam</strong></span> <span class='ocrx_word' id='word_1_523' title='bbox 3577 2390 3739 2444; x_wconf 90' lang='lat' dir='ltr'><strong>etiam</strong></span> <span class='ocrx_word' id='word_1_524' title='bbox 3772 2390 3945 2446; x_wconf 89' lang='lat' dir='ltr'><strong>Deum</strong></span> 
     </span>
    </p>
   </div>
   <div class='ocr_carea' id='block_1_70' title="bbox 2340 2478 3949 2550">
    <p class='ocr_par' dir='ltr' id='par_1_70' title="bbox 2340 2478 3949 2550">
     <span class='ocr_line' id='line_1_70' title="bbox 2340 2478 3949 2550; baseline 0.005 -19"><span class='ocrx_word' id='word_1_525' title='bbox 2340 2493 2552 2548; x_wconf 90' lang='lat' dir='ltr'><strong>quoque</strong></span> <span class='ocrx_word' id='word_1_526' title='bbox 2578 2478 2862 2549; x_wconf 89' lang='lat' dir='ltr'><strong>descripsit</strong></span> <span class='ocrx_word' id='word_1_527' title='bbox 2904 2478 3173 2533; x_wconf 85' lang='lat' dir='ltr'><strong>Christum</strong></span> <span class='ocrx_word' id='word_1_528' title='bbox 3220 2480 3528 2536; x_wconf 91' lang='lat' dir='ltr'><strong>Dominum.</strong></span> <span class='ocrx_word' id='word_1_529' title='bbox 3550 2481 3814 2550; x_wconf 86' lang='lat' dir='ltr'><strong>Quoniam</strong></span> <span class='ocrx_word' id='word_1_530' title='bbox 3846 2500 3949 2540; x_wconf 83' lang='lat' dir='ltr'><strong>nec</strong></span> 
     </span>
    </p>
   </div>
   <div class='ocr_carea' id='block_1_71' title="bbox 2342 2570 3950 2644">
    <p class='ocr_par' dir='ltr' id='par_1_71' title="bbox 2342 2570 3950 2644">
     <span class='ocr_line' id='line_1_71' title="bbox 2342 2570 3950 2644; baseline 0.007 -21"><span class='ocrx_word' id='word_1_531' title='bbox 2342 2570 2433 2624; x_wconf 87' lang='lat' dir='ltr'><strong>Dei</strong></span> <span class='ocrx_word' id='word_1_532' title='bbox 2470 2580 2672 2625; x_wconf 91' lang='lat' dir='ltr'><strong>tantum</strong></span> <span class='ocrx_word' id='word_1_533' title='bbox 2709 2571 2855 2625; x_wconf 89' lang='lat' dir='ltr'><strong>illum</strong></span> <span class='ocrx_word' id='word_1_534' title='bbox 2881 2570 3075 2625; x_wconf 88' lang='lat' dir='ltr'><strong>Filium</strong></span> <span class='ocrx_word' id='word_1_535' title='bbox 3099 2588 3219 2628; x_wconf 85' lang='lat' dir='ltr'><strong>esse</strong></span> <span class='ocrx_word' id='word_1_536' title='bbox 3251 2575 3522 2644; x_wconf 90' lang='lat' dir='ltr'><strong>proponit,</strong></span> <span class='ocrx_word' id='word_1_537' title='bbox 3563 2576 3662 2631; x_wconf 88' lang='lat' dir='ltr'><strong>sed</strong></span> <span class='ocrx_word' id='word_1_538' title='bbox 3689 2588 3743 2632; x_wconf 84' lang='lat' dir='ltr'><strong>et</strong></span> <span class='ocrx_word' id='word_1_539' title='bbox 3771 2576 3950 2633; x_wconf 86' lang='lat' dir='ltr'><strong>homi-</strong></span> 
     </span>
    </p>
   </div>
   <div class='ocr_carea' id='block_1_72' title="bbox 2342 2664 3949 2731">
    <p class='ocr_par' dir='ltr' id='par_1_72' title="bbox 2342 2664 3949 2731">
     <span class='ocr_line' id='line_1_72' title="bbox 2342 2664 3949 2731; baseline 0.007 -14"><span class='ocrx_word' id='word_1_540' title='bbox 2342 2665 2465 2728; x_wconf 89' lang='lat' dir='ltr'><strong>nis;</strong></span> <span class='ocrx_word' id='word_1_541' title='bbox 2511 2680 2608 2719; x_wconf 91' lang='lat' dir='ltr'><strong>nec</strong></span> <span class='ocrx_word' id='word_1_542' title='bbox 2664 2664 2897 2721; x_wconf 89' lang='lat' dir='ltr'><strong>hominis</strong></span> <span class='ocrx_word' id='word_1_543' title='bbox 2949 2676 3151 2721; x_wconf 91' lang='lat' dir='ltr'><strong>tantum</strong></span> <span class='ocrx_word' id='word_1_544' title='bbox 3201 2667 3362 2731; x_wconf 89' lang='lat' dir='ltr'><strong>dicit,</strong></span> <span class='ocrx_word' id='word_1_545' title='bbox 3394 2673 3489 2724; x_wconf 91' lang='lat' dir='ltr'><strong>sed</strong></span> <span class='ocrx_word' id='word_1_546' title='bbox 3530 2679 3585 2725; x_wconf 90' lang='lat' dir='ltr'><strong>et</strong></span> <span class='ocrx_word' id='word_1_547' title='bbox 3619 2671 3711 2726; x_wconf 88' lang='lat' dir='ltr'><strong>Dei</strong></span> <span class='ocrx_word' id='word_1_548' title='bbox 3742 2673 3949 2729; x_wconf 89' lang='lat' dir='ltr'><strong>referre</strong></span> 
     </span>
    </p>
   </div>
   <div class='ocr_carea' id='block_1_73' title="bbox 2340 2759 3947 2834">
    <p class='ocr_par' dir='ltr' id='par_1_73' title="bbox 2340 2759 3947 2834">
     <span class='ocr_line' id='line_1_73' title="bbox 2340 2759 3947 2834; baseline 0.005 -20"><span class='ocrx_word' id='word_1_549' title='bbox 2340 2769 2653 2815; x_wconf 82' lang='lat' dir='ltr'><strong>consuevit:</strong></span> <span class='ocrx_word' id='word_1_550' title='bbox 2689 2768 2747 2813; x_wconf 93' lang='lat' dir='ltr'><strong>ut</strong></span> <span class='ocrx_word' id='word_1_551' title='bbox 2767 2759 2892 2813; x_wconf 91' lang='lat' dir='ltr'><strong>dum</strong></span> <span class='ocrx_word' id='word_1_552' title='bbox 2925 2775 2991 2814; x_wconf 81' lang='lat' dir='ltr'><strong>ex</strong></span> <span class='ocrx_word' id='word_1_553' title='bbox 3020 2769 3249 2831; x_wconf 90' lang='lat' dir='ltr'><strong>utroque</strong></span> <span class='ocrx_word' id='word_1_554' title='bbox 3275 2770 3377 2827; x_wconf 90' lang='lat' dir='ltr'><strong>est,</strong></span> <span class='ocrx_word' id='word_1_555' title='bbox 3411 2774 3703 2834; x_wconf 91' lang='lat' dir='ltr'><strong>utrumque</strong></span> <span class='ocrx_word' id='word_1_556' title='bbox 3734 2766 3843 2827; x_wconf 87' lang='lat' dir='ltr'><strong>sit;</strong></span> <span class='ocrx_word' id='word_1_557' title='bbox 3879 2784 3947 2822; x_wconf 89' lang='lat' dir='ltr'><strong>ne</strong></span> 
     </span>
    </p>
   </div>
   <div class='ocr_carea' id='block_1_74' title="bbox 2339 2854 3949 2927">
    <p class='ocr_par' dir='ltr' id='par_1_74' title="bbox 2339 2854 3949 2927">
     <span class='ocr_line' id='line_1_74' title="bbox 2339 2854 3949 2927; baseline 0.004 -20"><span class='ocrx_word' id='word_1_558' title='bbox 2339 2854 2383 2907; x_wconf 90' lang='lat' dir='ltr'><strong>si</strong></span> <span class='ocrx_word' id='word_1_559' title='bbox 2428 2854 2652 2909; x_wconf 88' lang='lat' dir='ltr'><strong>alterum</strong></span> <span class='ocrx_word' id='word_1_560' title='bbox 2704 2862 2907 2908; x_wconf 82' lang='lat' dir='ltr'><strong>tantum</strong></span> <span class='ocrx_word' id='word_1_561' title='bbox 2938 2854 3028 2920; x_wconf 86' lang='lat' dir='ltr'><strong>sit,</strong></span> <span class='ocrx_word' id='word_1_562' title='bbox 3078 2854 3303 2908; x_wconf 91' lang='lat' dir='ltr'><strong>alterum</strong></span> <span class='ocrx_word' id='word_1_563' title='bbox 3358 2869 3479 2910; x_wconf 90' lang='lat' dir='ltr'><strong>esse</strong></span> <span class='ocrx_word' id='word_1_564' title='bbox 3522 2871 3629 2911; x_wconf 92' lang='lat' dir='ltr'><strong>non</strong></span> <span class='ocrx_word' id='word_1_565' title='bbox 3662 2857 3949 2927; x_wconf 87' lang='lat' dir='ltr'><strong>possit.Ut</strong></span> 
     </span>
    </p>
   </div>
   <div class='ocr_carea' id='block_1_75' title="bbox 2340 2946 3942 3017">
    <p class='ocr_par' dir='ltr' id='par_1_75' title="bbox 2340 2946 3942 3017">
     <span class='ocr_line' id='line_1_75' title="bbox 2340 2946 3942 3017; baseline 0.003 -16"><span class='ocrx_word' id='word_1_566' title='bbox 2340 2946 2484 3001; x_wconf 90' lang='lat' dir='ltr'><strong>enim</strong></span> <span class='ocrx_word' id='word_1_567' title='bbox 2518 2946 2851 3017; x_wconf 58' lang='lat' dir='ltr'><strong>praescripsit</strong></span> <span class='ocrx_word' id='word_1_568' title='bbox 2897 2946 3011 3016; x_wconf 85' lang='lat' dir='ltr'><strong>ipsa</strong></span> <span class='ocrx_word' id='word_1_569' title='bbox 3042 2957 3230 3001; x_wconf 88' lang='lat' dir='ltr'><strong>natura</strong></span> <span class='ocrx_word' id='word_1_570' title='bbox 3283 2948 3553 3003; x_wconf 88' lang='lat' dir='ltr'><strong>hominem</strong></span> <span class='ocrx_word' id='word_1_571' title='bbox 3607 2949 3942 3006; x_wconf 87' lang='lat' dir='ltr'><strong>credendqu</strong></span> 
     </span>
    </p>
   </div>
   <div class='ocr_carea' id='block_1_76' title="bbox 2340 3039 3943 3113">
    <p class='ocr_par' dir='ltr' id='par_1_76' title="bbox 2340 3039 3943 3113">
     <span class='ocr_line' id='line_1_76' title="bbox 2340 3039 3943 3113; baseline 0.003 -20"><span class='ocrx_word' id='word_1_572' title='bbox 2340 3054 2480 3107; x_wconf 83' lang='lat' dir='ltr'><strong>esse,</strong></span> <span class='ocrx_word' id='word_1_573' title='bbox 2522 3040 2611 3110; x_wconf 91' lang='lat' dir='ltr'><strong>qui</strong></span> <span class='ocrx_word' id='word_1_574' title='bbox 2644 3054 2708 3095; x_wconf 84' lang='lat' dir='ltr'><strong>ex</strong></span> <span class='ocrx_word' id='word_1_575' title='bbox 2740 3039 2960 3095; x_wconf 90' lang='lat' dir='ltr'><strong>homine</strong></span> <span class='ocrx_word' id='word_1_576' title='bbox 2990 3042 3061 3095; x_wconf 87' lang='lat' dir='ltr'><strong>sit</strong></span> <span class='ocrx_word' id='word_1_577' title='bbox 3090 3055 3105 3105; x_wconf 85' lang='lat'><strong>;</strong></span> <span class='ocrx_word' id='word_1_578' title='bbox 3150 3042 3220 3094; x_wconf 88' lang='lat' dir='ltr'><strong>ita</strong></span> <span class='ocrx_word' id='word_1_579' title='bbox 3252 3039 3438 3095; x_wconf 88' lang='lat' dir='ltr'><strong>eadem</strong></span> <span class='ocrx_word' id='word_1_580' title='bbox 3470 3051 3661 3096; x_wconf 86' lang='lat' dir='ltr'><strong>natura</strong></span> <span class='ocrx_word' id='word_1_581' title='bbox 3694 3046 3943 3113; x_wconf 71' lang='lat' dir='ltr'><strong>praescri-</strong></span> 
     </span>
    </p>
   </div>
   <div class='ocr_carea' id='block_1_77' title="bbox 2340 3131 3945 3202">
    <p class='ocr_par' dir='ltr' id='par_1_77' title="bbox 2340 3131 3945 3202">
     <span class='ocr_line' id='line_1_77' title="bbox 2340 3131 3945 3202; baseline 0.004 -16"><span class='ocrx_word' id='word_1_582' title='bbox 2340 3131 2419 3186; x_wconf 90' lang='lat' dir='ltr'><strong>hit</strong></span> <span class='ocrx_word' id='word_1_583' title='bbox 2447 3140 2499 3185; x_wconf 86' lang='lat' dir='ltr'><strong>et</strong></span> <span class='ocrx_word' id='word_1_584' title='bbox 2529 3132 2692 3185; x_wconf 88' lang='lat' dir='ltr'><strong>Deum</strong></span> <span class='ocrx_word' id='word_1_585' title='bbox 2722 3131 3051 3185; x_wconf 89' lang='lat' dir='ltr'><strong>credendum</strong></span> <span class='ocrx_word' id='word_1_586' title='bbox 3092 3146 3235 3195; x_wconf 89' lang='lat' dir='ltr'><strong>esse,</strong></span> <span class='ocrx_word' id='word_1_587' title='bbox 3271 3132 3359 3202; x_wconf 88' lang='lat' dir='ltr'><strong>qui</strong></span> <span class='ocrx_word' id='word_1_588' title='bbox 3390 3148 3455 3188; x_wconf 75' lang='lat' dir='ltr'><strong>ex</strong></span> <span class='ocrx_word' id='word_1_589' title='bbox 3490 3133 3601 3189; x_wconf 90' lang='lat' dir='ltr'><strong>Deo</strong></span> <span class='ocrx_word' id='word_1_590' title='bbox 3646 3136 3753 3189; x_wconf 89' lang='lat' dir='ltr'><strong>sit:</strong></span> <span class='ocrx_word' id='word_1_591' title='bbox 3798 3152 3869 3192; x_wconf 89' lang='lat' dir='ltr'><strong>ne</strong></span> <span class='ocrx_word' id='word_1_592' title='bbox 3900 3139 3945 3192; x_wconf 89' lang='lat' dir='ltr'><strong>si</strong></span> 
     </span>
    </p>
   </div>
   <div class='ocr_carea' id='block_1_78' title="bbox 2340 3224 3945 3296">
    <p class='ocr_par' dir='ltr' id='par_1_78' title="bbox 2340 3224 3945 3296">
     <span class='ocr_line' id='line_1_78' title="bbox 2340 3224 3945 3296; baseline 0.004 -17"><span class='ocrx_word' id='word_1_593' title='bbox 2340 3240 2446 3279; x_wconf 92' lang='lat' dir='ltr'><strong>non</strong></span> <span class='ocrx_word' id='word_1_594' title='bbox 2478 3234 2531 3279; x_wconf 92' lang='lat' dir='ltr'><strong>et</strong></span> <span class='ocrx_word' id='word_1_595' title='bbox 2562 3225 2701 3280; x_wconf 92' lang='lat' dir='ltr'><strong>Deus</strong></span> <span class='ocrx_word' id='word_1_596' title='bbox 2730 3224 2908 3290; x_wconf 91' lang='lat' dir='ltr'><strong>fuerit,</strong></span> <span class='ocrx_word' id='word_1_597' title='bbox 2940 3240 3062 3279; x_wconf 92' lang='lat' dir='ltr'><strong>cum</strong></span> <span class='ocrx_word' id='word_1_598' title='bbox 3110 3241 3175 3279; x_wconf 73' lang='lat' dir='ltr'><strong>ex</strong></span> <span class='ocrx_word' id='word_1_599' title='bbox 3225 3226 3338 3281; x_wconf 85' lang='lat' dir='ltr'><strong>Deo</strong></span> <span class='ocrx_word' id='word_1_600' title='bbox 3369 3226 3439 3281; x_wconf 90' lang='lat' dir='ltr'><strong>sit</strong></span> <span class='ocrx_word' id='word_1_601' title='bbox 3465 3244 3478 3291; x_wconf 92' lang='lat'><strong>;</strong></span> <span class='ocrx_word' id='word_1_602' title='bbox 3508 3228 3620 3296; x_wconf 90' lang='lat' dir='ltr'><strong>jam</strong></span> <span class='ocrx_word' id='word_1_603' title='bbox 3650 3242 3750 3284; x_wconf 88' lang='lat' dir='ltr'><strong>nec</strong></span> <span class='ocrx_word' id='word_1_604' title='bbox 3783 3228 3945 3285; x_wconf 89' lang='lat' dir='ltr'><strong>homo</strong></span> 
     </span>
    </p>
   </div>
   <div class='ocr_carea' id='block_1_79' title="bbox 2286 3293 3945 3381">
    <p class='ocr_par' dir='ltr' id='par_1_79' title="bbox 2286 3293 3945 3381">
     <span class='ocr_line' id='line_1_79' title="bbox 2286 3293 3945 3381; baseline 0.004 -10"><span class='ocrx_word' id='word_1_605' title='bbox 2286 3293 2302 3351; x_wconf 58' lang='grc' dir='ltr'>ί</span> <span class='ocrx_word' id='word_1_606' title='bbox 2339 3318 2426 3381; x_wconf 91' lang='lat' dir='ltr'><strong>sit,</strong></span> <span class='ocrx_word' id='word_1_607' title='bbox 2452 3317 2577 3372; x_wconf 89' lang='lat' dir='ltr'><strong>licet</strong></span> <span class='ocrx_word' id='word_1_608' title='bbox 2602 3334 2663 3373; x_wconf 76' lang='lat' dir='ltr'><strong>ex</strong></span> <span class='ocrx_word' id='word_1_609' title='bbox 2683 3317 2900 3373; x_wconf 91' lang='lat' dir='ltr'><strong>homine</strong></span> <span class='ocrx_word' id='word_1_610' title='bbox 2918 3318 3093 3373; x_wconf 89' lang='lat' dir='ltr'><strong>fuerit.</strong></span> <span class='ocrx_word' id='word_1_611' title='bbox 3122 3320 3142 3349; x_wconf 78' lang='grc'>⁸</span> <span class='ocrx_word' id='word_1_612' title='bbox 3174 3320 3236 3373; x_wconf 84' lang='grc' dir='ltr'>Ει</span> <span class='ocrx_word' id='word_1_613' title='bbox 3258 3320 3335 3374; x_wconf 86' lang='lat' dir='ltr'><strong>sic</strong></span> <span class='ocrx_word' id='word_1_614' title='bbox 3363 3321 3415 3374; x_wconf 92' lang='lat' dir='ltr'><strong>in</strong></span> <span class='ocrx_word' id='word_1_615' title='bbox 3445 3322 3705 3377; x_wconf 88' lang='lat' dir='ltr'><strong>alterutro</strong></span> <span class='ocrx_word' id='word_1_616' title='bbox 3735 3332 3945 3378; x_wconf 87' lang='lat' dir='ltr'><strong>utrum-</strong></span> 
     </span>
    </p>
   </div>
   <div class='ocr_carea' id='block_1_80' title="bbox 2336 3412 3949 3483">
    <p class='ocr_par' dir='ltr' id='par_1_80' title="bbox 2336 3412 3949 3483">
     <span class='ocr_line' id='line_1_80' title="bbox 2336 3412 3949 3483; baseline 0.004 -18"><span class='ocrx_word' id='word_1_617' title='bbox 2336 3426 2439 3481; x_wconf 90' lang='lat' dir='ltr'><strong>que</strong></span> <span class='ocrx_word' id='word_1_618' title='bbox 2463 3412 2810 3477; x_wconf 85' lang='lat' dir='ltr'><strong>periclitetur,</strong></span> <span class='ocrx_word' id='word_1_619' title='bbox 2835 3412 2961 3466; x_wconf 90' lang='lat' dir='ltr'><strong>dum</strong></span> <span class='ocrx_word' id='word_1_620' title='bbox 2984 3413 3213 3468; x_wconf 90' lang='lat' dir='ltr'><strong>alterum</strong></span> <span class='ocrx_word' id='word_1_621' title='bbox 3254 3413 3427 3468; x_wconf 87' lang='lat' dir='ltr'><strong>altero</strong></span> <span class='ocrx_word' id='word_1_622' title='bbox 3454 3415 3609 3469; x_wconf 83' lang='lat' dir='ltr'><strong>fidem</strong></span> <span class='ocrx_word' id='word_1_623' title='bbox 3637 3414 3949 3483; x_wconf 80' lang='lat' dir='ltr'><strong>perdidisse</strong></span> 
     </span>
    </p>
   </div>
   <div class='ocr_carea' id='block_1_81' title="bbox 2334 3504 3949 3577">
    <p class='ocr_par' dir='ltr' id='par_1_81' title="bbox 2334 3504 3949 3577">
     <span class='ocr_line' id='line_1_81' title="bbox 2334 3504 3949 3577; baseline 0.002 -18"><span class='ocrx_word' id='word_1_624' title='bbox 2334 3506 2685 3560; x_wconf 91' lang='lat' dir='ltr'><strong>convincitur.</strong></span> <span class='ocrx_word' id='word_1_625' title='bbox 2703 3506 2802 3572; x_wconf 90' lang='lat' dir='ltr'><strong>Qui</strong></span> <span class='ocrx_word' id='word_1_626' title='bbox 2824 3506 3005 3575; x_wconf 82' lang='lat' dir='ltr'><strong>legunt</strong></span> <span class='ocrx_word' id='word_1_627' title='bbox 3033 3522 3163 3577; x_wconf 82' lang='lat' dir='ltr'><strong>ergo</strong></span> <span class='ocrx_word' id='word_1_628' title='bbox 3194 3505 3408 3577; x_wconf 85' lang='lat' dir='ltr'><strong>(Matth.</strong></span> <span class='ocrx_word' id='word_1_629' title='bbox 3431 3522 3467 3571; x_wconf 84' lang='grc' dir='ltr'>ι,</span> <span class='ocrx_word' id='word_1_630' title='bbox 3494 3506 3543 3574; x_wconf 75' lang='grc'><strong>1)</strong></span> <span class='ocrx_word' id='word_1_631' title='bbox 3574 3507 3593 3536; x_wconf 82' lang='grc'>⁶</span> <span class='ocrx_word' id='word_1_632' title='bbox 3615 3504 3853 3561; x_wconf 84' lang='lat' dir='ltr'><strong>hominis</strong></span> <span class='ocrx_word' id='word_1_633' title='bbox 3884 3509 3949 3562; x_wconf 85' lang='lat' dir='ltr'><strong>li-</strong></span> 
     </span>
    </p>
   </div>
   <div class='ocr_carea' id='block_1_82' title="bbox 2332 3598 3948 3669">
    <p class='ocr_par' dir='ltr' id='par_1_82' title="bbox 2332 3598 3948 3669">
     <span class='ocr_line' id='line_1_82' title="bbox 2332 3598 3948 3669; baseline 0.002 -17"><span class='ocrx_word' id='word_1_634' title='bbox 2332 3598 2459 3653; x_wconf 88' lang='lat' dir='ltr'><strong>limn</strong></span> <span class='ocrx_word' id='word_1_635' title='bbox 2481 3598 3038 3654; x_wconf 86' lang='lat' dir='ltr'><strong>lmminemChristum</strong></span> <span class='ocrx_word' id='word_1_636' title='bbox 3056 3598 3599 3669; x_wconf 87' lang='lat' dir='ltr'><strong>Jesum,leganthunc</strong></span> <span class='ocrx_word' id='word_1_637' title='bbox 3612 3599 3865 3654; x_wconf 87' lang='lat' dir='ltr'><strong>eumdem</strong></span> <span class='ocrx_word' id='word_1_638' title='bbox 3884 3608 3948 3656; x_wconf 82' lang='lat' dir='ltr'><strong>et</strong></span> 
     </span>
    </p>
   </div>
   <div class='ocr_carea' id='block_1_83' title="bbox 2332 3690 3945 3763">
    <p class='ocr_par' dir='ltr' id='par_1_83' title="bbox 2332 3690 3945 3763">
     <span class='ocr_line' id='line_1_83' title="bbox 2332 3690 3945 3763; baseline 0.001 -18"><span class='ocrx_word' id='word_1_639' title='bbox 2332 3691 2496 3745; x_wconf 90' lang='lat' dir='ltr'><strong>Deum</strong></span> <span class='ocrx_word' id='word_1_640' title='bbox 2517 3701 2569 3745; x_wconf 90' lang='lat' dir='ltr'><strong>et</strong></span> <span class='ocrx_word' id='word_1_641' title='bbox 2595 3690 2688 3746; x_wconf 88' lang='lat' dir='ltr'><strong>Dei</strong></span> <span class='ocrx_word' id='word_1_642' title='bbox 2710 3691 2905 3746; x_wconf 86' lang='lat' dir='ltr'><strong>Filium</strong></span> <span class='ocrx_word' id='word_1_643' title='bbox 2930 3702 3318 3761; x_wconf 89' lang='lat' dir='ltr'><strong>nuncupatum.</strong></span> <span class='ocrx_word' id='word_1_644' title='bbox 3337 3691 3469 3747; x_wconf 86' lang='lat' dir='ltr'><strong>Nam</strong></span> <span class='ocrx_word' id='word_1_645' title='bbox 3493 3694 3509 3723; x_wconf 78' lang='grc'>⁷</span> <span class='ocrx_word' id='word_1_646' title='bbox 3536 3692 3805 3763; x_wconf 88' lang='lat' dir='ltr'><strong>quomodo</strong></span> <span class='ocrx_word' id='word_1_647' title='bbox 3831 3702 3945 3763; x_wconf 87' lang='lat' dir='ltr'><strong>est,</strong></span> 
     </span>
    </p>
   </div>
   <div class='ocr_carea' id='block_1_84' title="bbox 2330 3782 3946 3857">
    <p class='ocr_par' dir='ltr' id='par_1_84' title="bbox 2330 3782 3946 3857">
     <span class='ocr_line' id='line_1_84' title="bbox 2330 3782 3946 3857; baseline 0.003 -21"><span class='ocrx_word' id='word_1_648' title='bbox 2330 3797 2431 3852; x_wconf 87' lang='lat' dir='ltr'><strong>qua</strong></span> <span class='ocrx_word' id='word_1_649' title='bbox 2452 3782 2630 3849; x_wconf 90' lang='lat' dir='ltr'><strong>homo,</strong></span> <span class='ocrx_word' id='word_1_650' title='bbox 2653 3799 2721 3839; x_wconf 81' lang='lat' dir='ltr'><strong>ex</strong></span> <span class='ocrx_word' id='word_1_651' title='bbox 2744 3783 3037 3850; x_wconf 85' lang='lat' dir='ltr'><strong>Abraham;</strong></span> <span class='ocrx_word' id='word_1_652' title='bbox 3057 3784 3137 3839; x_wconf 91' lang='lat' dir='ltr'><strong>sic</strong></span> <span class='ocrx_word' id='word_1_653' title='bbox 3162 3793 3246 3840; x_wconf 91' lang='lat' dir='ltr'><strong>est</strong></span> <span class='ocrx_word' id='word_1_654' title='bbox 3262 3784 3449 3851; x_wconf 85' lang='lat' dir='ltr'><strong>etiam,</strong></span> <span class='ocrx_word' id='word_1_655' title='bbox 3468 3801 3570 3851; x_wconf 89' lang='lat' dir='ltr'><strong>qua</strong></span> <span class='ocrx_word' id='word_1_656' title='bbox 3590 3784 3736 3840; x_wconf 90' lang='lat' dir='ltr'><strong>Dens</strong></span> <span class='ocrx_word' id='word_1_657' title='bbox 3756 3784 3807 3857; x_wconf 85' lang='lat' dir='ltr'><strong>(J</strong></span> <span class='ocrx_word' id='word_1_658' title='bbox 3819 3802 3946 3841; x_wconf 83' lang='lat' dir='ltr'><strong>oon.</strong></span> 
     </span>
    </p>
   </div>
   <div class='ocr_carea' id='block_1_85' title="bbox 2331 3876 3947 3949">
    <p class='ocr_par' dir='ltr' id='par_1_85' title="bbox 2331 3876 3947 3949">
     <span class='ocr_line' id='line_1_85' title="bbox 2331 3876 3947 3949; baseline 0.004 -21"><span class='ocrx_word' id='word_1_659' title='bbox 2331 3892 2441 3943; x_wconf 87' lang='lat' dir='ltr'><strong>vni,</strong></span> <span class='ocrx_word' id='word_1_660' title='bbox 2472 3876 2580 3947; x_wconf 81' lang='lat'><strong>58),</strong></span> <span class='ocrx_word' id='word_1_661' title='bbox 2600 3887 2722 3931; x_wconf 89' lang='lat' dir='ltr'><strong>ante</strong></span> <span class='ocrx_word' id='word_1_662' title='bbox 2738 3878 2909 3947; x_wconf 92' lang='lat' dir='ltr'><strong>ipsum</strong></span> <span class='ocrx_word' id='word_1_663' title='bbox 2925 3878 3218 3933; x_wconf 85' lang='lat' dir='ltr'><strong>Abraham.</strong></span> <span class='ocrx_word' id='word_1_664' title='bbox 3234 3878 3302 3933; x_wconf 90' lang='lat' dir='ltr'><strong>Et</strong></span> <span class='ocrx_word' id='word_1_665' title='bbox 3317 3880 3612 3949; x_wconf 89' lang='lat' dir='ltr'><strong>quomodo,</strong></span> <span class='ocrx_word' id='word_1_666' title='bbox 3629 3895 3731 3949; x_wconf 87' lang='lat' dir='ltr'><strong>qua</strong></span> <span class='ocrx_word' id='word_1_667' title='bbox 3758 3882 3947 3947; x_wconf 87' lang='lat' dir='ltr'><strong>homo,</strong></span> 
     </span>
    </p>
   </div>
   <div class='ocr_carea' id='block_1_86' title="bbox 2329 3970 3949 4044">
    <p class='ocr_par' dir='ltr' id='par_1_86' title="bbox 2329 3970 3949 4044">
     <span class='ocr_line' id='line_1_86' title="bbox 2329 3970 3949 4044; baseline 0.003 -20"><span class='ocrx_word' id='word_1_668' title='bbox 2329 3971 2467 4038; x_wconf 81' lang='lat' dir='ltr'><strong>ﬁlius</strong></span> <span class='ocrx_word' id='word_1_669' title='bbox 2500 3972 2665 4025; x_wconf 84' lang='lat' dir='ltr'><strong>David</strong></span> <span class='ocrx_word' id='word_1_670' title='bbox 2711 3970 2925 4043; x_wconf 80' lang='lat' dir='ltr'><strong>(Matth.</strong></span> <span class='ocrx_word' id='word_1_671' title='bbox 2970 3986 3126 4038; x_wconf 73' lang='lat' dir='ltr'><strong>xxnl,</strong></span> <span class='ocrx_word' id='word_1_672' title='bbox 3156 3972 3246 4037; x_wconf 69' lang='grc'><strong>42,</strong></span> <span class='ocrx_word' id='word_1_673' title='bbox 3277 3972 3368 4037; x_wconf 67' lang='grc'><strong>45,</strong></span> <span class='ocrx_word' id='word_1_674' title='bbox 3399 3971 3493 4044; x_wconf 71' lang='grc'><strong>44)</strong></span> <span class='ocrx_word' id='word_1_675' title='bbox 3522 3990 3536 4038; x_wconf 78' lang='grc' dir='ltr'>ς</span> <span class='ocrx_word' id='word_1_676' title='bbox 3584 3973 3653 4027; x_wconf 89' lang='lat' dir='ltr'><strong>ita</strong></span> <span class='ocrx_word' id='word_1_677' title='bbox 3687 3972 3949 4029; x_wconf 72' lang='lat' dir='ltr'><strong>Dominus</strong></span> 
     </span>
    </p>
   </div>
   <div class='ocr_carea' id='block_1_87' title="bbox 2330 4065 3949 4136">
    <p class='ocr_par' dir='ltr' id='par_1_87' title="bbox 2330 4065 3949 4136">
     <span class='ocr_line' id='line_1_87' title="bbox 2330 4065 3949 4136; baseline 0.002 -17"><span class='ocrx_word' id='word_1_678' title='bbox 2330 4065 2517 4131; x_wconf 89' lang='lat' dir='ltr'><strong>David,</strong></span> <span class='ocrx_word' id='word_1_679' title='bbox 2555 4081 2659 4136; x_wconf 88' lang='lat' dir='ltr'><strong>qua</strong></span> <span class='ocrx_word' id='word_1_680' title='bbox 2713 4065 2876 4132; x_wconf 89' lang='lat' dir='ltr'><strong>Deus,</strong></span> <span class='ocrx_word' id='word_1_681' title='bbox 2920 4067 3260 4135; x_wconf 80' lang='lat' dir='ltr'><strong>nuncupatus</strong></span> <span class='ocrx_word' id='word_1_682' title='bbox 3283 4073 3386 4120; x_wconf 91' lang='lat' dir='ltr'><strong>est.</strong></span> <span class='ocrx_word' id='word_1_683' title='bbox 3423 4066 3490 4120; x_wconf 79' lang='lat' dir='ltr'><strong>Et</strong></span> <span class='ocrx_word' id='word_1_684' title='bbox 3520 4065 3808 4136; x_wconf 83' lang='lat' dir='ltr'><strong>quomodo.</strong></span> <span class='ocrx_word' id='word_1_685' title='bbox 3831 4082 3949 4136; x_wconf 81' lang='lat' dir='ltr'><strong>qua</strong></span> 
     </span>
    </p>
   </div>
   <div class='ocr_carea' id='block_1_88' title="bbox 2328 4154 3951 4227">
    <p class='ocr_par' dir='ltr' id='par_1_88' title="bbox 2328 4154 3951 4227">
     <span class='ocr_line' id='line_1_88' title="bbox 2328 4154 3951 4227; baseline 0.002 -20"><span class='ocrx_word' id='word_1_686' title='bbox 2328 4155 2508 4221; x_wconf 92' lang='lat' dir='ltr'><strong>homo,</strong></span> <span class='ocrx_word' id='word_1_687' title='bbox 2536 4155 2627 4209; x_wconf 89' lang='lat' dir='ltr'><strong>sub</strong></span> <span class='ocrx_word' id='word_1_688' title='bbox 2643 4156 2750 4226; x_wconf 85' lang='lat' dir='ltr'><strong>lege</strong></span> <span class='ocrx_word' id='word_1_689' title='bbox 2777 4155 2950 4211; x_wconf 86' lang='lat' dir='ltr'><strong>factus</strong></span> <span class='ocrx_word' id='word_1_690' title='bbox 2976 4166 3059 4211; x_wconf 89' lang='lat' dir='ltr'><strong>est</strong></span> <span class='ocrx_word' id='word_1_691' title='bbox 3087 4154 3233 4227; x_wconf 81' lang='lat' dir='ltr'><strong>(Gal.</strong></span> <span class='ocrx_word' id='word_1_692' title='bbox 3265 4169 3345 4223; x_wconf 84' lang='lat' dir='ltr'><strong>tv,</strong></span> <span class='ocrx_word' id='word_1_693' title='bbox 3373 4156 3481 4223; x_wconf 64' lang='lat'><strong>4);</strong></span> <span class='ocrx_word' id='word_1_694' title='bbox 3514 4156 3607 4222; x_wconf 88' lang='lat' dir='ltr'><strong>ita,</strong></span> <span class='ocrx_word' id='word_1_695' title='bbox 3641 4171 3744 4226; x_wconf 89' lang='lat' dir='ltr'><strong>qua</strong></span> <span class='ocrx_word' id='word_1_696' title='bbox 3774 4155 3951 4223; x_wconf 86' lang='lat' dir='ltr'><strong>Deus,</strong></span> 
     </span>
    </p>
   </div>
   <div class='ocr_carea' id='block_1_89' title="bbox 2325 4236 3951 4320">
    <p class='ocr_par' dir='ltr' id='par_1_89' title="bbox 2325 4236 3951 4320">
     <span class='ocr_line' id='line_1_89' title="bbox 2325 4236 3951 4320; baseline -0.001 -16"><span class='ocrx_word' id='word_1_697' title='bbox 2325 4249 2523 4304; x_wconf 79' lang='lat' dir='ltr'><strong>sabbati</strong></span> <span class='ocrx_word' id='word_1_698' title='bbox 2567 4247 2819 4303; x_wconf 75' lang='lat' dir='ltr'><strong>Dominus</strong></span> <span class='ocrx_word' id='word_1_699' title='bbox 2851 4262 3142 4319; x_wconf 77' lang='lat' dir='ltr'><strong>expressus</strong></span> <span class='ocrx_word' id='word_1_700' title='bbox 3182 4256 3264 4303; x_wconf 91' lang='lat' dir='ltr'><strong>est</strong></span> <span class='ocrx_word' id='word_1_701' title='bbox 3297 4246 3451 4320; x_wconf 87' lang='lat' dir='ltr'><strong>(Luc.</strong></span> <span class='ocrx_word' id='word_1_702' title='bbox 3495 4264 3568 4310; x_wconf 81' lang='lat' dir='ltr'><strong>vr.</strong></span> <span class='ocrx_word' id='word_1_703' title='bbox 3604 4248 3681 4320; x_wconf 82' lang='lat'><strong>5).</strong></span> <span class='ocrx_word' id='word_1_704' title='bbox 3714 4248 3783 4303; x_wconf 86' lang='lat' dir='ltr'><strong>Et</strong></span> <span class='ocrx_word' id='word_1_705' title='bbox 3809 4236 3951 4317; x_wconf 69' lang='lat' dir='ltr'><strong>quo-</strong></span> 
     </span>
    </p>
   </div>
   <div class='ocr_carea' id='block_1_90' title="bbox 2326 4338 3947 4411">
    <p class='ocr_par' dir='ltr' id='par_1_90' title="bbox 2326 4338 3947 4411">
     <span class='ocr_line' id='line_1_90' title="bbox 2326 4338 3947 4411; baseline 0 -15"><span class='ocrx_word' id='word_1_706' title='bbox 2326 4341 2508 4408; x_wconf 89' lang='lat' dir='ltr'><strong>modo,</strong></span> <span class='ocrx_word' id='word_1_707' title='bbox 2528 4356 2633 4411; x_wconf 91' lang='lat' dir='ltr'><strong>qua</strong></span> <span class='ocrx_word' id='word_1_708' title='bbox 2664 4340 2847 4407; x_wconf 92' lang='lat' dir='ltr'><strong>homo,</strong></span> <span class='ocrx_word' id='word_1_709' title='bbox 2882 4339 3206 4394; x_wconf 88' lang='lat' dir='ltr'><strong>sententiam</strong></span> <span class='ocrx_word' id='word_1_710' title='bbox 3248 4340 3449 4411; x_wconf 88' lang='lat' dir='ltr'><strong>patitur</strong></span> <span class='ocrx_word' id='word_1_711' title='bbox 3486 4338 3720 4411; x_wconf 77' lang='lat' dir='ltr'><strong>(Matth.</strong></span> <span class='ocrx_word' id='word_1_712' title='bbox 3770 4356 3947 4406; x_wconf 72' lang='lat' dir='ltr'><strong>xxvu,</strong></span> 
     </span>
    </p>
   </div>
   <div class='ocr_carea' id='block_1_91' title="bbox 2324 4433 3946 4508">
    <p class='ocr_par' dir='ltr' id='par_1_91' title="bbox 2324 4433 3946 4508">
     <span class='ocr_line' id='line_1_91' title="bbox 2324 4433 3946 4508; baseline 0.001 -19"><span class='ocrx_word' id='word_1_713' title='bbox 2324 4436 2446 4508; x_wconf 69' lang='lat'><strong>26);</strong></span> <span class='ocrx_word' id='word_1_714' title='bbox 2479 4436 2557 4492; x_wconf 86' lang='lat' dir='ltr'><strong>sic</strong></span> <span class='ocrx_word' id='word_1_715' title='bbox 2584 4450 2767 4502; x_wconf 91' lang='lat' dir='ltr'><strong>omne,</strong></span> <span class='ocrx_word' id='word_1_716' title='bbox 2798 4449 2901 4505; x_wconf 89' lang='lat' dir='ltr'><strong>qua</strong></span> <span class='ocrx_word' id='word_1_717' title='bbox 2941 4434 3102 4500; x_wconf 89' lang='lat' dir='ltr'><strong>Deus,</strong></span> <span class='ocrx_word' id='word_1_718' title='bbox 3127 4433 3193 4488; x_wconf 91' lang='lat' dir='ltr'><strong>de</strong></span> <span class='ocrx_word' id='word_1_719' title='bbox 3207 4434 3340 4488; x_wconf 90' lang='lat' dir='ltr'><strong>vivis</strong></span> <span class='ocrx_word' id='word_1_720' title='bbox 3356 4442 3412 4489; x_wconf 89' lang='lat' dir='ltr'><strong>et</strong></span> <span class='ocrx_word' id='word_1_721' title='bbox 3430 4434 3946 4503; x_wconf 84' lang='lat' dir='ltr'><strong>mortuisjudicium</strong></span> 
     </span>
    </p>
   </div>
   <div class='ocr_carea' id='block_1_92' title="bbox 2326 4528 3943 4600">
    <p class='ocr_par' dir='ltr' id='par_1_92' title="bbox 2326 4528 3943 4600">
     <span class='ocr_line' id='line_1_92' title="bbox 2326 4528 3943 4600; baseline -0.001 -15"><span class='ocrx_word' id='word_1_722' title='bbox 2326 4534 2524 4587; x_wconf 89' lang='lat' dir='ltr'><strong>habere</strong></span> <span class='ocrx_word' id='word_1_723' title='bbox 2550 4532 2816 4600; x_wconf 90' lang='lat' dir='ltr'><strong>reperitur</strong></span> <span class='ocrx_word' id='word_1_724' title='bbox 2848 4528 3023 4600; x_wconf 85' lang='lat' dir='ltr'><strong>(Joan.</strong></span> <span class='ocrx_word' id='word_1_725' title='bbox 3058 4545 3110 4592; x_wconf 86' lang='lat' dir='ltr'><strong>v.</strong></span> <span class='ocrx_word' id='word_1_726' title='bbox 3139 4528 3230 4595; x_wconf 75' lang='lat' dir='ltr'><strong>2t,</strong></span> <span class='ocrx_word' id='word_1_727' title='bbox 3263 4528 3383 4599; x_wconf 72' lang='lat'><strong>29.).</strong></span> <span class='ocrx_word' id='word_1_728' title='bbox 3418 4528 3487 4583; x_wconf 85' lang='lat' dir='ltr'><strong>Et</strong></span> <span class='ocrx_word' id='word_1_729' title='bbox 3516 4528 3796 4600; x_wconf 89' lang='lat' dir='ltr'><strong>quomodo</strong></span> <span class='ocrx_word' id='word_1_730' title='bbox 3815 4538 3943 4597; x_wconf 84' lang='lat' dir='ltr'><strong>post</strong></span> 
     </span>
    </p>
   </div>
   <div class='ocr_carea' id='block_1_93' title="bbox 2327 4620 3947 4694">
    <p class='ocr_par' dir='ltr' id='par_1_93' title="bbox 2327 4620 3947 4694">
     <span class='ocr_line' id='line_1_93' title="bbox 2327 4620 3947 4694; baseline -0.001 -14"><span class='ocrx_word' id='word_1_731' title='bbox 2327 4626 2605 4692; x_wconf 89' lang='lat' dir='ltr'><strong>mundum,</strong></span> <span class='ocrx_word' id='word_1_732' title='bbox 2630 4640 2734 4694; x_wconf 90' lang='lat' dir='ltr'><strong>qua</strong></span> <span class='ocrx_word' id='word_1_733' title='bbox 2758 4625 2939 4691; x_wconf 89' lang='lat' dir='ltr'><strong>homo,</strong></span> <span class='ocrx_word' id='word_1_734' title='bbox 2958 4624 3230 4679; x_wconf 90' lang='lat' dir='ltr'><strong>nascitur:</strong></span> <span class='ocrx_word' id='word_1_735' title='bbox 3254 4624 3332 4677; x_wconf 90' lang='lat' dir='ltr'><strong>sic</strong></span> <span class='ocrx_word' id='word_1_736' title='bbox 3365 4620 3546 4694; x_wconf 88' lang='lat' dir='ltr'><strong>(Joan.</strong></span> <span class='ocrx_word' id='word_1_737' title='bbox 3575 4639 3704 4689; x_wconf 78' lang='lat' dir='ltr'><strong>xvn,</strong></span> <span class='ocrx_word' id='word_1_738' title='bbox 3730 4620 3789 4691; x_wconf 83' lang='lat'><strong>5)</strong></span> <span class='ocrx_word' id='word_1_739' title='bbox 3814 4633 3947 4679; x_wconf 88' lang='lat' dir='ltr'><strong>ante</strong></span> 
     </span>
    </p>
   </div>
   <div class='ocr_carea' id='block_1_94' title="bbox 617 4697 3946 4791">
    <p class='ocr_par' dir='ltr' id='par_1_94' title="bbox 617 4697 3946 4791">
     <span class='ocr_line' id='line_1_94' title="bbox 617 4697 3946 4791; baseline -0.001 -14"><span class='ocrx_word' id='word_1_740' title='bbox 617 4721 766 4777; x_wconf 89' lang='lat' dir='ltr'><strong>niam</strong></span> <span class='ocrx_word' id='word_1_741' title='bbox 790 4721 841 4775; x_wconf 92' lang='lat' dir='ltr'><strong>in</strong></span> <span class='ocrx_word' id='word_1_742' title='bbox 879 4719 1098 4776; x_wconf 87' lang='lat' dir='ltr'><strong>Christo</strong></span> <span class='ocrx_word' id='word_1_743' title='bbox 1147 4719 1345 4790; x_wconf 91' lang='lat' dir='ltr'><strong>aliquid</strong></span> <span class='ocrx_word' id='word_1_744' title='bbox 1391 4728 1596 4787; x_wconf 89' lang='lat' dir='ltr'><strong>tenent,</strong></span> <span class='ocrx_word' id='word_1_745' title='bbox 1639 4720 1837 4791; x_wconf 88' lang='lat' dir='ltr'><strong>aliquid</strong></span> <span class='ocrx_word' id='word_1_746' title='bbox 1868 4736 1973 4775; x_wconf 91' lang='lat' dir='ltr'><strong>non</strong></span> <span class='ocrx_word' id='word_1_747' title='bbox 2008 4731 2211 4789; x_wconf 90' lang='lat' dir='ltr'><strong>tenent,</strong></span> <span class='ocrx_word' id='word_1_748' title='bbox 2242 4697 2296 4757; x_wconf 83' lang='lat' dir='ltr'><strong>D</strong></span> <span class='ocrx_word' id='word_1_749' title='bbox 2324 4719 2601 4783; x_wconf 90' lang='lat' dir='ltr'><strong>mundum,</strong></span> <span class='ocrx_word' id='word_1_750' title='bbox 2623 4735 2726 4789; x_wconf 92' lang='lat' dir='ltr'><strong>qua</strong></span> <span class='ocrx_word' id='word_1_751' title='bbox 2760 4719 2924 4788; x_wconf 83' lang='lat' dir='ltr'><strong>Deus,</strong></span> <span class='ocrx_word' id='word_1_752' title='bbox 2951 4719 3117 4774; x_wconf 86' lang='lat' dir='ltr'><strong>fuisse</strong></span> <span class='ocrx_word' id='word_1_753' title='bbox 3146 4718 3477 4788; x_wconf 87' lang='lat' dir='ltr'><strong>perhibetur.</strong></span> <span class='ocrx_word' id='word_1_754' title='bbox 3499 4717 3849 4789; x_wconf 87' lang='lat' dir='ltr'><strong>thuomodo</strong></span> <span class='ocrx_word' id='word_1_755' title='bbox 3873 4734 3946 4773; x_wconf 73' lang='lat' dir='ltr'><strong>ex</strong></span> 
     </span>
    </p>
   </div>
   <div class='ocr_carea' id='block_1_95' title="bbox 618 4813 2216 4886">
    <p class='ocr_par' dir='ltr' id='par_1_95' title="bbox 618 4813 2216 4886">
     <span class='ocr_line' id='line_1_95' title="bbox 618 4813 2216 4886; baseline -0.003 -11"><span class='ocrx_word' id='word_1_756' title='bbox 618 4816 848 4875; x_wconf 85' lang='lat' dir='ltr'><strong>alterum</strong></span> <span class='ocrx_word' id='word_1_757' title='bbox 874 4816 1089 4883; x_wconf 87' lang='lat' dir='ltr'><strong>vident,</strong></span> <span class='ocrx_word' id='word_1_758' title='bbox 1122 4815 1350 4871; x_wconf 89' lang='lat' dir='ltr'><strong>alterum</strong></span> <span class='ocrx_word' id='word_1_759' title='bbox 1380 4830 1489 4871; x_wconf 90' lang='lat' dir='ltr'><strong>non</strong></span> <span class='ocrx_word' id='word_1_760' title='bbox 1534 4813 1749 4882; x_wconf 89' lang='lat' dir='ltr'><strong>vident,</strong></span> <span class='ocrx_word' id='word_1_761' title='bbox 1773 4816 2031 4886; x_wconf 89' lang='lat' dir='ltr'><strong>eripietur</strong></span> <span class='ocrx_word' id='word_1_762' title='bbox 2063 4817 2216 4871; x_wconf 92' lang='lat' dir='ltr'><strong>nobis</strong></span> 
     </span>
    </p>
   </div>
   <div class='ocr_carea' id='block_1_96' title="bbox 2322 4812 3944 4887">
    <p class='ocr_par' dir='ltr' id='par_1_96' title="bbox 2322 4812 3944 4887">
     <span class='ocr_line' id='line_1_96' title="bbox 2322 4812 3944 4887; baseline -0.002 -17"><span class='ocrx_word' id='word_1_763' title='bbox 2322 4814 2528 4870; x_wconf 90' lang='lat' dir='ltr'><strong>semine</strong></span> <span class='ocrx_word' id='word_1_764' title='bbox 2582 4813 2752 4869; x_wconf 88' lang='lat' dir='ltr'><strong>David</strong></span> <span class='ocrx_word' id='word_1_765' title='bbox 2794 4812 2974 4887; x_wconf 85' lang='lat' dir='ltr'><strong>(Rom.</strong></span> <span class='ocrx_word' id='word_1_766' title='bbox 3000 4829 3039 4882; x_wconf 87' lang='grc' dir='ltr'>ι,</span> <span class='ocrx_word' id='word_1_767' title='bbox 3079 4814 3157 4883; x_wconf 80' lang='grc'><strong>5),</strong></span> <span class='ocrx_word' id='word_1_768' title='bbox 3199 4827 3304 4884; x_wconf 86' lang='lat' dir='ltr'><strong>qua</strong></span> <span class='ocrx_word' id='word_1_769' title='bbox 3342 4812 3525 4880; x_wconf 84' lang='lat' dir='ltr'><strong>homo,</strong></span> <span class='ocrx_word' id='word_1_770' title='bbox 3566 4813 3782 4885; x_wconf 78' lang='lat' dir='ltr'><strong>genitus</strong></span> <span class='ocrx_word' id='word_1_771' title='bbox 3818 4823 3944 4879; x_wconf 83' lang='lat' dir='ltr'><strong>est;</strong></span> 
     </span>
    </p>
   </div>
   <div class='ocr_carea' id='block_1_97' title="bbox 1761 4952 2745 5011">
    <p class='ocr_par' dir='ltr' id='par_1_97' title="bbox 1761 4952 2745 5011">
     <span class='ocr_line' id='line_1_97' title="bbox 1761 4952 2745 5011; baseline -0.003 0"><span class='ocrx_word' id='word_1_772' title='bbox 1761 4953 2135 5011; x_wconf 84' lang='lat' dir='ltr'><strong>GALLANDII</strong></span> <span class='ocrx_word' id='word_1_773' title='bbox 2190 4952 2745 5011; x_wconf 73' lang='lat' dir='ltr'><strong>COMMENTARIUS.</strong></span> 
     </span>
    </p>
   </div>
   <div class='ocr_carea' id='block_1_98' title="bbox 613 5113 2218 5186">
    <p class='ocr_par' dir='ltr' id='par_1_98' title="bbox 613 5113 2218 5186">
     <span class='ocr_line' id='line_1_98' title="bbox 613 5113 2218 5186; baseline -0.003 -12"><span class='ocrx_word' id='word_1_774' title='bbox 613 5120 872 5174; x_wconf 86' lang='lat' dir='ltr'><strong>bnlarum.</strong></span> <span class='ocrx_word' id='word_1_775' title='bbox 898 5116 1003 5173; x_wconf 88' lang='lat' dir='ltr'><strong>Sed</strong></span> <span class='ocrx_word' id='word_1_776' title='bbox 1030 5116 1133 5172; x_wconf 90' lang='lat' dir='ltr'><strong>hoc</strong></span> <span class='ocrx_word' id='word_1_777' title='bbox 1160 5116 1319 5172; x_wconf 89' lang='lat' dir='ltr'><strong>male.</strong></span> <span class='ocrx_word' id='word_1_778' title='bbox 1353 5113 1662 5185; x_wconf 79' lang='lat' dir='ltr'><strong>Legendum</strong></span> <span class='ocrx_word' id='word_1_779' title='bbox 1701 5115 1879 5183; x_wconf 90' lang='lat' dir='ltr'><strong>potius</strong></span> <span class='ocrx_word' id='word_1_780' title='bbox 1909 5115 2218 5186; x_wconf 88' lang='lat' dir='ltr'><strong>suspicatur</strong></span> 
     </span>
    </p>
   </div>
   <div class='ocr_carea' id='block_1_99' title="bbox 620 5187 2219 5259">
    <p class='ocr_par' dir='ltr' id='par_1_99' title="bbox 620 5187 2219 5259">
     <span class='ocr_line' id='line_1_99' title="bbox 620 5187 2219 5259; baseline -0.003 -13"><span class='ocrx_word' id='word_1_781' title='bbox 620 5192 759 5247; x_wconf 89' lang='lat' dir='ltr'><strong>idem</strong></span> <span class='ocrx_word' id='word_1_782' title='bbox 805 5190 997 5246; x_wconf 90' lang='lat' dir='ltr'><strong>Junius</strong></span> <span class='ocrx_word' id='word_1_783' title='bbox 1024 5204 1209 5259; x_wconf 75' lang='lat' dir='ltr'><strong>corpus</strong></span> <span class='ocrx_word' id='word_1_784' title='bbox 1236 5187 1574 5259; x_wconf 79' lang='lat' dir='ltr'><strong>fabularium,</strong></span> <span class='ocrx_word' id='word_1_785' title='bbox 1612 5197 1747 5259; x_wconf 58' lang='grc' dir='ltr'><strong>σῶμφ</strong></span> <span class='ocrx_word' id='word_1_786' title='bbox 1790 5192 2002 5255; x_wconf 78' lang='grc' dir='ltr'><strong>μυθῶδες</strong></span> <span class='ocrx_word' id='word_1_787' title='bbox 2036 5206 2049 5242; x_wconf 89' lang='lat'>:</span> <span class='ocrx_word' id='word_1_788' title='bbox 2088 5188 2219 5243; x_wconf 86' lang='lat' dir='ltr'><strong>dici-</strong></span> 
     </span>
    </p>
   </div>
   <div class='ocr_carea' id='block_1_100' title="bbox 616 5258 2215 5333">
    <p class='ocr_par' dir='ltr' id='par_1_100' title="bbox 616 5258 2215 5333">
     <span class='ocr_line' id='line_1_100' title="bbox 616 5258 2215 5333; baseline -0.003 -15"><span class='ocrx_word' id='word_1_789' title='bbox 616 5271 704 5318; x_wconf 84' lang='lat' dir='ltr'><strong>tur</strong></span> <span class='ocrx_word' id='word_1_790' title='bbox 730 5263 871 5317; x_wconf 86' lang='lat' dir='ltr'><strong>enim</strong></span> <span class='ocrx_word' id='word_1_791' title='bbox 902 5260 1150 5331; x_wconf 75' lang='lat' dir='ltr'><strong>fabulam</strong></span> <span class='ocrx_word' id='word_1_792' title='bbox 1191 5258 1245 5316; x_wconf 88' lang='lat' dir='ltr'><strong>et</strong></span> <span class='ocrx_word' id='word_1_793' title='bbox 1270 5260 1579 5333; x_wconf 74' lang='lat' dir='ltr'><strong>fabularius,</strong></span> <span class='ocrx_word' id='word_1_794' title='bbox 1610 5269 1668 5313; x_wconf 90' lang='lat' dir='ltr'><strong>ut</strong></span> <span class='ocrx_word' id='word_1_795' title='bbox 1695 5258 1873 5333; x_wconf 73' lang='lat' dir='ltr'><strong>altaris</strong></span> <span class='ocrx_word' id='word_1_796' title='bbox 1903 5271 1964 5333; x_wconf 70' lang='lat' dir='ltr'><strong>et</strong></span> <span class='ocrx_word' id='word_1_797' title='bbox 1984 5260 2215 5333; x_wconf 65' lang='lat' dir='ltr'><strong>ollarius2</strong></span> 
     </span>
    </p>
   </div>
   <div class='ocr_carea' id='block_1_101' title="bbox 616 5329 2219 5404">
    <p class='ocr_par' dir='ltr' id='par_1_101' title="bbox 616 5329 2219 5404">
     <span class='ocr_line' id='line_1_101' title="bbox 616 5329 2219 5404; baseline -0.002 -15"><span class='ocrx_word' id='word_1_798' title='bbox 616 5334 753 5389; x_wconf 84' lang='lat' dir='ltr'><strong>llinc</strong></span> <span class='ocrx_word' id='word_1_799' title='bbox 798 5329 1153 5388; x_wconf 24' lang='lat' dir='ltr'><strong>liter&#39;eticorum</strong></span> <span class='ocrx_word' id='word_1_800' title='bbox 1200 5329 1304 5387; x_wconf 76' lang='lat' dir='ltr'><strong>vox</strong></span> <span class='ocrx_word' id='word_1_801' title='bbox 1360 5348 1466 5387; x_wconf 84' lang='lat' dir='ltr'><strong>non</strong></span> <span class='ocrx_word' id='word_1_802' title='bbox 1522 5340 1605 5386; x_wconf 90' lang='lat' dir='ltr'><strong>est</strong></span> <span class='ocrx_word' id='word_1_803' title='bbox 1660 5330 2041 5404; x_wconf 87' lang='lat' dir='ltr'><strong>sollicitanda:</strong></span> <span class='ocrx_word' id='word_1_804' title='bbox 2076 5329 2219 5404; x_wconf 87' lang='lat' dir='ltr'><strong>quod</strong></span> 
     </span>
    </p>
   </div>
   <div class='ocr_carea' id='block_1_102' title="bbox 616 5403 2217 5476">
    <p class='ocr_par' dir='ltr' id='par_1_102' title="bbox 616 5403 2217 5476">
     <span class='ocr_line' id='line_1_102' title="bbox 616 5403 2217 5476; baseline -0.002 -17"><span class='ocrx_word' id='word_1_805' title='bbox 616 5406 806 5476; x_wconf 89' lang='lat' dir='ltr'><strong>probo.</strong></span> <span class='ocrx_word' id='word_1_806' title='bbox 834 5405 1090 5460; x_wconf 67' lang='lat' dir='ltr'><strong>Jacusoa.</strong></span> <span class='ocrx_word' id='word_1_807' title='bbox 1120 5404 1509 5461; x_wconf 87' lang='lat' dir='ltr'><strong>Welchmanus</strong></span> <span class='ocrx_word' id='word_1_808' title='bbox 1546 5412 1725 5458; x_wconf 89' lang='lat' dir='ltr'><strong>autem</strong></span> <span class='ocrx_word' id='word_1_809' title='bbox 1770 5403 2102 5473; x_wconf 83' lang='lat' dir='ltr'><strong>conjiciebat</strong></span> <span class='ocrx_word' id='word_1_810' title='bbox 2131 5418 2217 5457; x_wconf 88' lang='lat' dir='ltr'><strong>re-</strong></span> 
     </span>
    </p>
   </div>
   <div class='ocr_carea' id='block_1_103' title="bbox 615 5477 1242 5543">
    <p class='ocr_par' dir='ltr' id='par_1_103' title="bbox 615 5477 1242 5543">
     <span class='ocr_line' id='line_1_103' title="bbox 615 5477 1242 5543; baseline -0.003 -12"><span class='ocrx_word' id='word_1_811' title='bbox 615 5478 963 5532; x_wconf 89' lang='lat' dir='ltr'><strong>scribendum</strong></span> <span class='ocrx_word' id='word_1_812' title='bbox 990 5477 1242 5543; x_wconf 78' lang='lat' dir='ltr'><strong>fabulare.</strong></span> 
     </span>
    </p>
   </div>
   <div class='ocr_carea' id='block_1_104' title="bbox 692 5545 2054 5618">
    <p class='ocr_par' dir='ltr' id='par_1_104' title="bbox 692 5545 2054 5618">
     <span class='ocr_line' id='line_1_104' title="bbox 692 5545 2054 5618; baseline -0.002 -14"><span class='ocrx_word' id='word_1_813' title='bbox 692 5549 707 5579; x_wconf 79' lang='grc'>⁸</span> <span class='ocrx_word' id='word_1_814' title='bbox 744 5548 870 5614; x_wconf 84' lang='lat' dir='ltr'><strong>Qui.</strong></span> <span class='ocrx_word' id='word_1_815' title='bbox 896 5546 1281 5603; x_wconf 86' lang='lat' dir='ltr'><strong>Welchmanus</strong></span> <span class='ocrx_word' id='word_1_816' title='bbox 1306 5548 1445 5618; x_wconf 84' lang='lat' dir='ltr'><strong>quia,</strong></span> <span class='ocrx_word' id='word_1_817' title='bbox 1480 5562 1583 5601; x_wconf 93' lang='lat' dir='ltr'><strong>non</strong></span> <span class='ocrx_word' id='word_1_818' title='bbox 1616 5547 1775 5602; x_wconf 88' lang='lat' dir='ltr'><strong>male.</strong></span> <span class='ocrx_word' id='word_1_819' title='bbox 1801 5545 2054 5604; x_wconf 64' lang='lat' dir='ltr'><strong>Jacxsos.</strong></span> 
     </span>
    </p>
   </div>
   <div class='ocr_carea' id='block_1_105' title="bbox 688 5618 2218 5690">
    <p class='ocr_par' dir='ltr' id='par_1_105' title="bbox 688 5618 2218 5690">
     <span class='ocr_line' id='line_1_105' title="bbox 688 5618 2218 5690; baseline -0.001 -17"><span class='ocrx_word' id='word_1_820' title='bbox 688 5622 707 5650; x_wconf 88' lang='grc'><strong><em>²</em></strong></span> <span class='ocrx_word' id='word_1_821' title='bbox 730 5618 1013 5690; x_wconf 82' lang='lat' dir='ltr'><strong>Loquendi.</strong></span> <span class='ocrx_word' id='word_1_822' title='bbox 1048 5620 1367 5690; x_wconf 81' lang='lat' dir='ltr'><strong>Obloqueudi</strong></span> <span class='ocrx_word' id='word_1_823' title='bbox 1426 5619 1731 5687; x_wconf 87' lang='lat' dir='ltr'><strong>suspicatur</strong></span> <span class='ocrx_word' id='word_1_824' title='bbox 1764 5619 2049 5689; x_wconf 80' lang='lat' dir='ltr'><strong>legendum</strong></span> <span class='ocrx_word' id='word_1_825' title='bbox 2098 5633 2218 5673; x_wconf 89' lang='lat' dir='ltr'><strong>esse</strong></span> 
     </span>
    </p>
   </div>
   <div class='ocr_carea' id='block_1_106' title="bbox 615 5688 2217 5770">
    <p class='ocr_par' dir='ltr' id='par_1_106' title="bbox 615 5688 2217 5770">
     <span class='ocr_line' id='line_1_106' title="bbox 615 5688 2217 5770; baseline -0.001 -25"><span class='ocrx_word' id='word_1_826' title='bbox 615 5688 1000 5770; x_wconf 37' lang='lat' dir='ltr'><strong>Wel‘ebmanu‘s</strong></span> <span class='ocrx_word' id='word_1_827' title='bbox 1025 5690 1168 5770; x_wconf 89' lang='lat' dir='ltr'><strong>:_sed</strong></span> <span class='ocrx_word' id='word_1_828' title='bbox 1193 5689 1359 5770; x_wconf 73' lang='lat' dir='ltr'><strong>idem,</strong></span> <span class='ocrx_word' id='word_1_829' title='bbox 1394 5692 1608 5763; x_wconf 82' lang='lat' dir='ltr'><strong>Opinor,</strong></span> <span class='ocrx_word' id='word_1_830' title='bbox 1636 5691 1756 5746; x_wconf 89' lang='lat' dir='ltr'><strong>beic</strong></span> <span class='ocrx_word' id='word_1_831' title='bbox 1786 5688 1932 5749; x_wconf 86' lang='lat' dir='ltr'><strong>valet</strong></span> <span class='ocrx_word' id='word_1_832' title='bbox 1957 5691 2217 5761; x_wconf 79' lang='lat' dir='ltr'><strong>loquendi,</strong></span> 
     </span>
    </p>
   </div>
   <div class='ocr_carea' id='block_1_107' title="bbox 607 5760 1126 5836">
    <p class='ocr_par' dir='ltr' id='par_1_107' title="bbox 607 5760 1126 5836">
     <span class='ocr_line' id='line_1_107' title="bbox 607 5760 1126 5836; baseline 0.002 -25"><span class='ocrx_word' id='word_1_833' title='bbox 607 5760 1014 5836; x_wconf 60' lang='lat' dir='ltr'><strong>ac_4ispulaltdi.</strong></span> <span class='ocrx_word' id='word_1_834' title='bbox 1044 5766 1126 5824; x_wconf 76' lang='grc' dir='ltr'><strong>ιυ.</strong></span> 
     </span>
    </p>
   </div>
   <div class='ocr_carea' id='block_1_108' title="bbox 603 5827 2221 5922">
    <p class='ocr_par' dir='ltr' id='par_1_108' title="bbox 603 5827 2221 5922">
     <span class='ocr_line' id='line_1_108' title="bbox 603 5827 2221 5922; baseline -0.001 -31"><span class='ocrx_word' id='word_1_835' title='bbox 603 5852 616 5859; x_wconf 84' lang='grc'>·</span> <span class='ocrx_word' id='word_1_836' title='bbox 678 5827 906 5893; x_wconf 69' lang='grc' dir='ltr'><strong>δδόιαηι</strong></span> <span class='ocrx_word' id='word_1_837' title='bbox 933 5842 1150 5898; x_wconf 63' lang='lat' dir='ltr'><strong>tantum.</strong></span> <span class='ocrx_word' id='word_1_838' title='bbox 1178 5827 1339 5922; x_wconf 55' lang='lat' dir='ltr'><strong>Forte</strong></span> <span class='ocrx_word' id='word_1_839' title='bbox 1389 5838 1554 5892; x_wconf 78' lang='lat' dir='ltr'><strong>solum</strong></span> <span class='ocrx_word' id='word_1_840' title='bbox 1585 5845 1632 5894; x_wconf 88' lang='lat' dir='ltr'><strong>et</strong></span> <span class='ocrx_word' id='word_1_841' title='bbox 1682 5838 1877 5889; x_wconf 84' lang='lat' dir='ltr'><strong>tantum</strong></span> <span class='ocrx_word' id='word_1_842' title='bbox 1910 5886 1924 5913; x_wconf 68' lang='grc'><strong>,</strong></span> <span class='ocrx_word' id='word_1_843' title='bbox 1980 5847 2041 5902; x_wconf 81' lang='lat' dir='ltr'><strong>ut</strong></span> <span class='ocrx_word' id='word_1_844' title='bbox 2069 5833 2221 5905; x_wconf 88' lang='lat' dir='ltr'><strong>paulo</strong></span> 
     </span>
    </p>
   </div>
   <div class='ocr_carea' id='block_1_109' title="bbox 2320 5114 2923 5183">
    <p class='ocr_par' dir='ltr' id='par_1_109' title="bbox 2320 5114 2923 5183">
     <span class='ocr_line' id='line_1_109' title="bbox 2320 5114 2923 5183; baseline 0 -14"><span class='ocrx_word' id='word_1_845' title='bbox 2320 5116 2588 5183; x_wconf 88' lang='lat' dir='ltr'><strong>superius.</strong></span> <span class='ocrx_word' id='word_1_846' title='bbox 2608 5114 2861 5171; x_wconf 68' lang='lat' dir='ltr'><strong>Jacnson.</strong></span> <span class='ocrx_word' id='word_1_847' title='bbox 2918 5120 2923 5129; x_wconf 90' lang='lat'><em>‘</em></span> 
     </span>
    </p>
   </div>
   <div class='ocr_carea' id='block_1_110' title="bbox 2394 5185 3929 5261">
    <p class='ocr_par' dir='ltr' id='par_1_110' title="bbox 2394 5185 3929 5261">
     <span class='ocr_line' id='line_1_110' title="bbox 2394 5185 3929 5261; baseline 0.003 -22"><span class='ocrx_word' id='word_1_848' title='bbox 2394 5185 2699 5261; x_wconf 65' lang='lat' dir='ltr'><strong>‘§i_is_ce_pta.</strong></span> <span class='ocrx_word' id='word_1_849' title='bbox 2723 5186 3001 5242; x_wconf 86' lang='lat' dir='ltr'><strong>Editornm</strong></span> <span class='ocrx_word' id='word_1_850' title='bbox 3022 5185 3311 5261; x_wconf 85' lang='lat' dir='ltr'><strong>lectionem</strong></span> <span class='ocrx_word' id='word_1_851' title='bbox 3328 5196 3583 5261; x_wconf 66' lang='lat' dir='ltr'><strong>suspecta,</strong></span> <span class='ocrx_word' id='word_1_852' title='bbox 3602 5188 3671 5243; x_wconf 89' lang='lat' dir='ltr'><strong>ita</strong></span> <span class='ocrx_word' id='word_1_853' title='bbox 3694 5190 3929 5261; x_wconf 57' lang='lat' dir='ltr'><strong>castiga.</strong></span> 
     </span>
    </p>
   </div>
   <div class='ocr_carea' id='block_1_111' title="bbox 2322 5258 3711 5327">
    <p class='ocr_par' dir='ltr' id='par_1_111' title="bbox 2322 5258 3711 5327">
     <span class='ocr_line' id='line_1_111' title="bbox 2322 5258 3711 5327; baseline -0.001 -14"><span class='ocrx_word' id='word_1_854' title='bbox 2322 5258 2400 5313; x_wconf 85' lang='lat' dir='ltr'><strong>vit</strong></span> <span class='ocrx_word' id='word_1_855' title='bbox 2424 5258 2832 5325; x_wconf 86' lang='lat' dir='ltr'><strong>Welclnnanus,</strong></span> <span class='ocrx_word' id='word_1_856' title='bbox 2862 5274 3093 5327; x_wconf 87' lang='lat' dir='ltr'><strong>eumque</strong></span> <span class='ocrx_word' id='word_1_857' title='bbox 3122 5258 3365 5327; x_wconf 89' lang='lat' dir='ltr'><strong>sequitur</strong></span> <span class='ocrx_word' id='word_1_858' title='bbox 3388 5258 3711 5314; x_wconf 79' lang='lat' dir='ltr'><strong>Jacksonus.</strong></span> 
     </span>
    </p>
   </div>
   <div class='ocr_carea' id='block_1_112' title="bbox 2399 5329 3932 5400">
    <p class='ocr_par' dir='ltr' id='par_1_112' title="bbox 2399 5329 3932 5400">
     <span class='ocr_line' id='line_1_112' title="bbox 2399 5329 3932 5400; baseline 0.002 -16"><span class='ocrx_word' id='word_1_859' title='bbox 2399 5331 2419 5362; x_wconf 80' lang='grc'>⁸</span> <span class='ocrx_word' id='word_1_860' title='bbox 2443 5329 2508 5384; x_wconf 86' lang='lat' dir='ltr'><strong>Et</strong></span> <span class='ocrx_word' id='word_1_861' title='bbox 2537 5331 2609 5383; x_wconf 85' lang='lat' dir='ltr'><strong>sic</strong></span> <span class='ocrx_word' id='word_1_862' title='bbox 2631 5331 2682 5382; x_wconf 87' lang='lat' dir='ltr'><strong>in</strong></span> <span class='ocrx_word' id='word_1_863' title='bbox 2710 5332 2858 5385; x_wconf 87' lang='lat' dir='ltr'><strong>alter.</strong></span> <span class='ocrx_word' id='word_1_864' title='bbox 2877 5330 2953 5384; x_wconf 87' lang='lat' dir='ltr'><strong>lta</strong></span> <span class='ocrx_word' id='word_1_865' title='bbox 2980 5346 3101 5383; x_wconf 90' lang='lat' dir='ltr'><strong>cum</strong></span> <span class='ocrx_word' id='word_1_866' title='bbox 3132 5330 3369 5400; x_wconf 76' lang='lat' dir='ltr'><strong>Gagnzeo</strong></span> <span class='ocrx_word' id='word_1_867' title='bbox 3397 5340 3451 5385; x_wconf 89' lang='lat' dir='ltr'><strong>ct</strong></span> <span class='ocrx_word' id='word_1_868' title='bbox 3481 5330 3731 5386; x_wconf 87' lang='lat' dir='ltr'><strong>Barreusi</strong></span> <span class='ocrx_word' id='word_1_869' title='bbox 3759 5332 3932 5387; x_wconf 89' lang='lat' dir='ltr'><strong>edidit</strong></span> 
     </span>
    </p>
   </div>
   <div class='ocr_carea' id='block_1_113' title="bbox 2327 5401 3265 5458">
    <p class='ocr_par' dir='ltr' id='par_1_113' title="bbox 2327 5401 3265 5458">
     <span class='ocr_line' id='line_1_113' title="bbox 2327 5401 3265 5458; baseline -0.005 0"><span class='ocrx_word' id='word_1_870' title='bbox 2327 5401 2735 5458; x_wconf 82' lang='lat' dir='ltr'><strong>Welcbmanus.</strong></span> <span class='ocrx_word' id='word_1_871' title='bbox 2775 5402 2857 5456; x_wconf 85' lang='lat' dir='ltr'><strong>Al.</strong></span> <span class='ocrx_word' id='word_1_872' title='bbox 2887 5402 3144 5455; x_wconf 86' lang='lat' dir='ltr'><strong>omittunt</strong></span> <span class='ocrx_word' id='word_1_873' title='bbox 3172 5402 3265 5454; x_wconf 78' lang='lat' dir='ltr'><strong>sic.</strong></span> 
     </span>
    </p>
   </div>
   <div class='ocr_carea' id='block_1_114' title="bbox 2396 5471 3935 5541">
    <p class='ocr_par' dir='ltr' id='par_1_114' title="bbox 2396 5471 3935 5541">
     <span class='ocr_line' id='line_1_114' title="bbox 2396 5471 3935 5541; baseline 0.001 -15"><span class='ocrx_word' id='word_1_874' title='bbox 2396 5476 2417 5505; x_wconf 76' lang='grc'>⁸</span> <span class='ocrx_word' id='word_1_875' title='bbox 2452 5471 2687 5527; x_wconf 75' lang='lat' dir='ltr'><strong>Hominis</strong></span> <span class='ocrx_word' id='word_1_876' title='bbox 2702 5472 2866 5541; x_wconf 83' lang='lat' dir='ltr'><strong>ﬁlium</strong></span> <span class='ocrx_word' id='word_1_877' title='bbox 2882 5471 3210 5529; x_wconf 87' lang='lat' dir='ltr'><strong>hominemC.</strong></span> <span class='ocrx_word' id='word_1_878' title='bbox 3240 5471 3297 5525; x_wconf 83' lang='lat' dir='ltr'><strong>J.</strong></span> <span class='ocrx_word' id='word_1_879' title='bbox 3332 5473 3596 5541; x_wconf 82' lang='lat' dir='ltr'><strong>Pmponit</strong></span> <span class='ocrx_word' id='word_1_880' title='bbox 3623 5474 3935 5530; x_wconf 80' lang='lat' dir='ltr'><strong>Welchnta-</strong></span> 
     </span>
    </p>
   </div>
   <div class='ocr_carea' id='block_1_115' title="bbox 2323 5544 3931 5617">
    <p class='ocr_par' dir='ltr' id='par_1_115' title="bbox 2323 5544 3931 5617">
     <span class='ocr_line' id='line_1_115' title="bbox 2323 5544 3931 5617; baseline -0.002 -14"><span class='ocrx_word' id='word_1_881' title='bbox 2323 5544 2747 5615; x_wconf 71' lang='lat' dir='ltr'><strong>misit-gendum,</strong></span> <span class='ocrx_word' id='word_1_882' title='bbox 2764 5546 3017 5599; x_wconf 87' lang='lat' dir='ltr'><strong>hominem</strong></span> <span class='ocrx_word' id='word_1_883' title='bbox 3044 5556 3090 5600; x_wconf 92' lang='lat' dir='ltr'><strong>et</strong></span> <span class='ocrx_word' id='word_1_884' title='bbox 3114 5545 3334 5599; x_wconf 83' lang='lat' dir='ltr'><strong>hominis</strong></span> <span class='ocrx_word' id='word_1_885' title='bbox 3356 5546 3519 5617; x_wconf 76' lang='lat' dir='ltr'><strong>[ilium</strong></span> <span class='ocrx_word' id='word_1_886' title='bbox 3539 5547 3714 5615; x_wconf 80' lang='lat' dir='ltr'><strong>:qttod</strong></span> <span class='ocrx_word' id='word_1_887' title='bbox 3742 5546 3931 5617; x_wconf 84' lang='lat' dir='ltr'><strong>probo;</strong></span> 
     </span>
    </p>
   </div>
   <div class='ocr_carea' id='block_1_116' title="bbox 2322 5616 3939 5687">
    <p class='ocr_par' dir='ltr' id='par_1_116' title="bbox 2322 5616 3939 5687">
     <span class='ocr_line' id='line_1_116' title="bbox 2322 5616 3939 5687; baseline -0.003 -12"><span class='ocrx_word' id='word_1_888' title='bbox 2322 5629 2379 5675; x_wconf 87' lang='lat' dir='ltr'><strong>et</strong></span> <span class='ocrx_word' id='word_1_889' title='bbox 2418 5618 2660 5687; x_wconf 80' lang='lat' dir='ltr'><strong>analogia</strong></span> <span class='ocrx_word' id='word_1_890' title='bbox 2717 5618 3082 5687; x_wconf 90' lang='lat' dir='ltr'><strong>sequentium,</strong></span> <span class='ocrx_word' id='word_1_891' title='bbox 3120 5617 3287 5671; x_wconf 89' lang='lat' dir='ltr'><strong>Deum</strong></span> <span class='ocrx_word' id='word_1_892' title='bbox 3317 5627 3363 5670; x_wconf 83' lang='lat' dir='ltr'><strong>et</strong></span> <span class='ocrx_word' id='word_1_893' title='bbox 3391 5616 3488 5670; x_wconf 88' lang='lat' dir='ltr'><strong>Dei</strong></span> <span class='ocrx_word' id='word_1_894' title='bbox 3518 5619 3691 5685; x_wconf 81' lang='lat' dir='ltr'><strong>ﬁlium</strong></span> <span class='ocrx_word' id='word_1_895' title='bbox 3724 5616 3939 5673; x_wconf 75' lang='lat' dir='ltr'><strong>videtur</strong></span> 
     </span>
    </p>
   </div>
   <div class='ocr_carea' id='block_1_117' title="bbox 2322 5686 2949 5747">
    <p class='ocr_par' dir='ltr' id='par_1_117' title="bbox 2322 5686 2949 5747">
     <span class='ocr_line' id='line_1_117' title="bbox 2322 5686 2949 5747; baseline -0.003 0"><span class='ocrx_word' id='word_1_896' title='bbox 2322 5686 2655 5747; x_wconf 79' lang='lat' dir='ltr'><strong>confirmari.</strong></span> <span class='ocrx_word' id='word_1_897' title='bbox 2689 5686 2949 5746; x_wconf 65' lang='lat' dir='ltr'><strong>Jackson.</strong></span> 
     </span>
    </p>
   </div>
   <div class='ocr_carea' id='block_1_118' title="bbox 2393 5760 3938 5836">
    <p class='ocr_par' dir='ltr' id='par_1_118' title="bbox 2393 5760 3938 5836">
     <span class='ocr_line' id='line_1_118' title="bbox 2393 5760 3938 5836; baseline -0.001 -19"><span class='ocrx_word' id='word_1_898' title='bbox 2393 5763 2411 5797; x_wconf 82' lang='grc'><strong>⁷</strong></span> <span class='ocrx_word' id='word_1_899' title='bbox 2448 5762 2972 5836; x_wconf 83' lang='lat' dir='ltr'><strong>Quomodo._Mallem</strong></span> <span class='ocrx_word' id='word_1_900' title='bbox 2986 5761 3199 5818; x_wconf 81' lang='lat' dir='ltr'><strong>divisim</strong></span> <span class='ocrx_word' id='word_1_901' title='bbox 3219 5762 3325 5836; x_wconf 77' lang='lat' dir='ltr'><strong>legi</strong></span> <span class='ocrx_word' id='word_1_902' title='bbox 3338 5779 3438 5835; x_wconf 82' lang='lat' dir='ltr'><strong>quo</strong></span> <span class='ocrx_word' id='word_1_903' title='bbox 3456 5762 3606 5817; x_wconf 85' lang='lat' dir='ltr'><strong>modo</strong></span> <span class='ocrx_word' id='word_1_904' title='bbox 3630 5780 3650 5829; x_wconf 74' lang='lat'><strong>,&#39;</strong></span> <span class='ocrx_word' id='word_1_905' title='bbox 3700 5772 3757 5819; x_wconf 90' lang='lat' dir='ltr'><strong>ct</strong></span> <span class='ocrx_word' id='word_1_906' title='bbox 3776 5762 3855 5818; x_wconf 85' lang='lat' dir='ltr'><strong>sic</strong></span> <span class='ocrx_word' id='word_1_907' title='bbox 3881 5760 3938 5816; x_wconf 83' lang='lat' dir='ltr'><strong>in</strong></span> 
     </span>
    </p>
   </div>
   <div class='ocr_carea' id='block_1_119' title="bbox 2324 5834 2803 5907">
    <p class='ocr_par' dir='ltr' id='par_1_119' title="bbox 2324 5834 2803 5907">
     <span class='ocr_line' id='line_1_119' title="bbox 2324 5834 2803 5907; baseline -0.008 -14"><span class='ocrx_word' id='word_1_908' title='bbox 2324 5835 2698 5907; x_wconf 87' lang='lat' dir='ltr'><strong>sequentibus.</strong></span> <span class='ocrx_word' id='word_1_909' title='bbox 2727 5834 2803 5892; x_wconf 77' lang='lat' dir='ltr'><strong>lo.</strong></span> 
     </span>
    </p>
   </div>
  </div>
