4260 6266
379 369 482 425 905

1632 369 1721 425 DE
1761 371 2127 429 TRINITATE
2166 373 2387 430 LIBER.

3576 389 3683 448 906

375 507 456 562 sic
483 507 610 562 item
631 507 647 537 ι
665 519 760 574 ρει.
793 504 990 574 ipsum.
1020 519 1124 575 qua
1144 504 1334 572 Deum,
1357 505 1588 560 mundus
1618 506 1811 563 dicitur
1833 510 1982 564 ins“,
2009 498 2057 559 Α
2087 498 2169 544 est
2194 489 2513 545 nobiscum?
2541 492 2810 561 quomodo
2828 505 2956 563 ergo
2977 494 3107 550 dicit
3133 509 3192 551 se
3218 498 3496 555 nobiscum
3521 507 3682 560 esse?

378 611 524 657 tutus
548 601 727 672 (Joan.
752 599 922 670 1,10).
946 599 1012 654 Et
1035 602 1325 671 quomodo,
1357 616 1458 670 qua
1491 601 1672 664 homo,
1706 611 1826 672 post
1845 605 1980 657 mul-

377 704 462 750 tos
485 694 578 769 (ib.
607 694 719 766 15);
751 695 846 759 sic,
875 710 980 765 qua
1029 694 1188 759 Dens,
1214 707 1339 750 ante
1363 710 1571 750 omnes.
1606 695 1671 750 Et
1709 699 1980 767 quomodo

376 785 608 853 creteris,
638 801 741 856 qua
768 785 951 851 homo,
979 785 1204 841 inferior
1223 785 1355 857 (Isa.
1378 803 1462 854 Lv,
1482 786 1538 856 3)
1563 805 1578 852 ;
1603 790 1680 844 sic
1707 791 1976 859 erunibus,

375 895 476 950 qua
509 880 668 945 Deus,
702 878 875 948 major
901 877 1036 950 (Act.
1061 893 1116 944 ι,
1141 877 1254 951 56).
1282 878 1346 932 Et
1371 881 1642 949 quomodo
1671 882 1722 936 in
1755 883 1974 948 coelum,

377 986 477 1041 qua
508 972 692 1035 homo,
719 969 960 1025 ascendit
982 967 1165 1040 (Joan.
1189 986 1260 1034 vr,
1279 969 1392 1042 62);
1417 971 1496 1025 sic
1518 972 1662 1039 inde,
1685 988 1786 1043 qua
1817 973 1976 1037 Deus,

375 1073 498 1118 ante
514 1061 815 1118 descendit.
837 1062 900 1116 Et
917 1062 1187 1131 quomodo
1213 1063 1278 1116 ad
1295 1062 1530 1127 Patrem,
1549 1081 1650 1134 qua
1683 1065 1865 1130 homo,
1883 1081 1978 1120 va-

376 1155 472 1218 dit,
502 1154 684 1228 (Joan.
710 1152 932 1221 x1v,28)
960 1155 1038 1208 sic
1059 1153 1320 1210 obediens
1342 1155 1505 1221 Patri,
1523 1171 1623 1226 qua
1649 1157 1837 1220 Filius.
1857 1158 1979 1214 inde

378 1248 740 1303 descensurus
765 1243 1001 1317 est(Act.
1029 1261 1066 1307 ι,
1097 1243 1206 1316 II).
1225 1245 1298 1299 Ita
1323 1245 1368 1300 si
1391 1245 1790 1302 mediocritates
1810 1249 1860 1301 in
1891 1249 1980 1302 illo

379 1342 678 1413 approbant
709 1340 996 1394 humanam
1035 1339 1406 1408 fragilitatem;
1457 1343 1764 1409 majestates
1795 1341 1846 1395 in
1887 1341 1980 1395 illo

379 1434 648 1489 alﬁrmant
675 1432 917 1487 divinam
954 1442 1298 1501 potestatem.
1327 1431 1629 1487 Periculum
1689 1443 1772 1488 est
1811 1435 1976 1500 enim,

379 1543 498 1582 cum
528 1535 820 1596 utrumque
846 1525 996 1595 legis,
1021 1540 1126 1579 non
1151 1535 1458 1595 utrumque,
1481 1524 1576 1579 sed
1605 1525 1831 1579 alterum
1857 1542 1978 1580 cre-

378 1619 603 1676 didisse.
626 1619 702 1673 Ex
732 1632 838 1688 quo
859 1619 1110 1688 quoniam
1144 1629 1426 1687 utrumque
1446 1617 1497 1671 in
1519 1616 1734 1672 Christo
1766 1618 1977 1687 legitur,

378 1721 670 1780 utrumque
690 1711 972 1774 credatur;
999 1719 1058 1765 ut
1085 1709 1216 1766 ﬁdes
1248 1712 1318 1764 ita
1349 1710 1564 1764 demum
1587 1725 1710 1764 vera
1740 1709 1828 1773 sit,
1861 1711 1904 1763 si
1926 1718 1982 1764 et

379 1804 614 1876 perfecta
652 1802 832 1858 fuerit.
862 1802 992 1856 Nam
1022 1804 1064 1857 si
1092 1819 1155 1857 ex
1193 1803 1424 1868 duobus,
1458 1803 1628 1857 altero
1651 1803 1702 1856 in
1738 1802 1840 1856 Iide
1863 1818 1980 1858 ces-

2083 593 2314 651 estergo
2345 584 2645 639 nobiscum.
2670 585 2774 640 Sed
2805 588 3058 657 quoniam
3094 589 3370 646 nobiscum
3394 605 3514 659 est;
3544 596 3678 652 Em-

2084 676 2318 742 manuel,
2338 676 2389 731 id
2406 687 2512 739 est,
2541 679 2803 732 nobiscum
2834 679 2991 744 Deus,
3012 681 3191 737 dictus
3205 693 3305 738 est.
3337 685 3358 715 δ
3384 685 3529 741 Deus
3549 704 3679 758 ergo

2083 769 2205 836 quia
2259 769 2536 824 nobiscum
2581 781 2680 836 est,
2709 776 2969 827 nobiscum
3006 774 3146 830 Deus
3187 778 3363 834 dictus
3404 793 3506 836 est.
3535 783 3680 841 Idem

2085 859 2384 929 Prophetes
2418 879 2431 915 :
2469 862 2836 931 Convalescite,
2864 883 3044 922 manus
3093 871 3372 940 dissoluta,
3427 886 3475 929 et
3516 895 3683 947 genua

2085 951 2295 1017 debilia,
2337 955 2671 1009 consolantini
2701 959 3050 1026 pusillanimes
3097 979 3268 1030 sensu,
3324 969 3680 1041 convalescite,

2083 1043 2237 1097 nolite
2289 1045 2508 1099 timere:
2535 1062 2648 1099 ecce
2693 1047 2834 1102 Deus
2889 1062 3056 1106 noster
3099 1056 3357 1124 judicium
3404 1063 3681 1131 retribuet;

2081 1137 2192 1206 ipse
2217 1139 2377 1192 veniet
2419 1150 2464 1192 et
2492 1140 2703 1194 salvabit
2734 1158 2866 1197 nos:
2895 1154 3012 1198 tunc
3039 1149 3333 1218 aperientur
3362 1155 3497 1206 oculi
3523 1172 3684 1210 ειεεο-

2083 1245 2218 1296 rum,
2255 1240 2301 1283 et
2332 1248 2480 1285 aures
2526 1232 2798 1286 sur-dorum
2841 1237 3091 1301 audient;
3124 1250 3241 1294 tunc
3287 1243 3434 1297 saliet
3462 1248 3682 1302 claudus

2083 1325 2213 1375 sicut
2271 1339 2466 1386 cervus,
2515 1334 2562 1378 et
2603 1327 2790 1380 diserta
2837 1330 2928 1381 erit
2982 1331 3158 1402 lingua
3194 1345 3451 1389 mutorum
3502 1338 3682 1409 (Isa.,

2083 1431 2251 1483 xxxv,
2284 1418 2337 1480 5,
2364 1419 2420 1482 4,
2455 1417 2508 1483 5,
2546 1417 2626 1490 6).
2661 1420 2717 1474 Si
2744 1421 2796 1474 in
2835 1422 3067 1477 adventu
3101 1426 3188 1480 Dei
3219 1427 3345 1483 dicit
3383 1430 3684 1498 Prophetes

2083 1508 2198 1562 haec
2245 1511 2418 1564 Iutura
2474 1513 2623 1580 signa
2679 1529 2798 1582 qua:
2845 1515 2982 1570 facta
3032 1529 3191 1583 sunt;
3225 1531 3319 1575 aut
3352 1523 3441 1577 Dei
3485 1524 3680 1581 Filium

2087 1611 2386 1670 agnoscant
2409 1603 2702 1670 Christum,
2736 1607 2788 1660 in
2831 1609 2987 1676 cujus
3019 1611 3273 1678 adventu,
3299 1623 3353 1668 et
3375 1630 3405 1669 a
3436 1633 3538 1683 quo
3563 1617 3681 1676 hcce

2084 1696 2372 1748 sanitatum
2419 1696 2566 1765 signa
2612 1698 2749 1752 facta
2801 1711 2964 1767 sunt;
3012 1714 3101 1756 aut
3133 1705 3433 1762 divinitatis
3479 1708 3682 1766 Christi

2082 1788 2309 1842 veritate
2335 1791 2593 1857 superati,
2620 1792 2670 1845 in
2701 1793 2924 1848 alteram
2957 1797 3205 1852 Incresim
3237 1814 3457 1856 ruentes
3477 1845 3490 1866 ,
3521 1803 3684 1859 Chri-

378 1908 552 1961 sante,
577 1911 759 1959 unttm,
780 1904 835 1950 et
859 1895 1073 1965 quidem
1101 1894 1150 1948 id
1174 1895 1313 1965 quod
1337 1903 1421 1949 est
1448 1895 1646 1959 minus,
1678 1894 1742 1948 ad
1766 1895 1980 1950 crede“.
2013 1911 2058 1971 Β
2091 1889 2260 1945 stum,
2305 1882 2430 1935 dum
2461 1882 2653 1937 Filium
2689 1886 2776 1941 Dei
2801 1900 2850 1941 et
2872 1888 3037 1942 Deum
3069 1893 3312 1947 conﬁteri
3336 1895 3546 1963 nolunt,
3582 1896 3683 1952 Pa-

378 1989 505 2045 dum
524 1987 682 2043 fuerit
703 1996 1032 2058 assumptum
1052 2004 1067 2052 ;
1096 1987 1405 2057 perturbata
1421 1987 1602 2057 regula
1622 1987 1880 2044 veritatis.
1904 1996 1982 2042 te-

379 2082 598 2138 meritas
625 2083 722 2135 ista
746 2096 850 2134 non
876 2081 1098 2134 salutem
1117 2081 1424 2142 contulerit,
1440 2079 1532 2135 sed
1568 2081 1618 2133 in
1646 2082 1816 2135 vicem
1837 2081 1981 2134 salu-

377 2177 444 2232 tis
461 2175 527 2232 de
532 2175 741 2246 jactura
757 2172 902 2239 ﬁdei,
923 2173 1215 2244 periculum
1233 2173 1420 2228 mortis
1432 2171 1632 2243 grande
1645 2172 1976 2228 conllaverit.

974 2290 1206 2347 CAPUT
1247 2291 1362 2346 ΧΙΙ.

375 2412 542 2469 Deum
591 2409 722 2466 enim
763 2407 949 2464 Veteris
979 2405 1290 2461 Testamenti
1328 2406 1718 2476 Scripturarum
1756 2405 1978 2458 auctori-

982 2512 1084 2556 tate
1111 2502 1338 2572 probari.

447 2621 555 2678 Cur
596 2634 725 2689 ergo
769 2618 1079 2673 dubitemus
1125 2617 1326 2678 dicere,
1351 2617 1492 2686 quod
1545 2616 1819 2684 Scriptura
1863 2631 1967 2671 non

374 2714 580 2771 dubitat
626 2712 976 2783 exprimere?
1006 2727 1103 2766 cur
1158 2710 1427 2765 Itzesitabit
1480 2708 1605 2764 ﬁdei
1663 2709 1881 2771 veritas,
1917 2709 1974 2762 in

379 2822 488 2878 quo
518 2805 813 2874 Scriptura:
845 2819 1134 2874 numquam
1165 2803 1432 2857 hazsitavit
1478 2802 1810 2856 auctoritas?
1832 2802 1970 2856 Ecce

375 2900 522 2954 enim
544 2895 684 2952 Osee
716 2895 1009 2966 prophetes
1032 2896 1106 2948 ait
1130 2909 1192 2949 ex
1226 2909 1451 2964 persona
1488 2894 1660 2947 Patris
1685 2911 1696 2946 :
1721 2891 1843 2945 Jam
1875 2908 1977 2946 non

377 2991 584 3046 salvabo
613 3006 694 3046 cos
719 2991 772 3043 in
800 3005 946 3052 arcu,
977 3005 1136 3058 neque
1162 2989 1213 3041 in
1245 2988 1582 3057 equis,neque
1606 2988 1660 3039 in
1688 2985 1976 3056 equitibus;

374 3084 464 3138 sed
489 3083 692 3137 salvabo
720 3098 805 3135 eos
839 3082 892 3134 in
923 3079 1144 3134 Domino
1185 3078 1295 3133 Deo
1319 3079 1496 3152 (Osee,
1530 3095 1568 3144 t,
1603 3079 1658 3147 7)
1709 3079 1969 3148 ipsorum.

374 3176 429 3232 Si
460 3177 604 3232 Deus
661 3177 872 3231 salvare
911 3189 970 3228 se
1023 3173 1152 3228 dicit
1194 3174 1247 3227 in
1280 3173 1409 3238 Deo,
1436 3188 1539 3226 non
1581 3183 1760 3226 autem
1807 3171 1978 3225 salvat

373 3270 476 3326 nisi
528 3270 580 3324 in
622 3268 843 3324 Christo
892 3267 1032 3321 Deus
1064 3281 1078 3319 :
1111 3281 1206 3319 cur
1239 3259 1368 3335 ergo
1398 3263 1555 3317 homo
1594 3263 1797 3318 dubitet
1821 3263 1977 3317 Chri-

2087 1981 2221 2026 trem
2254 1971 2404 2027 illum
2433 1989 2554 2030 esse
2581 1977 2997 2034 l‘conﬁteantur.
3024 1981 3258 2038 Vocibus
3276 1987 3418 2040 enim
3439 1987 3680 2054 Prophe-

2085 2071 2255 2116 tarum
2311 2065 2522 2120 inclusi.
2549 2067 2661 2136 jam
2694 2070 2961 2125 Christum
3008 2073 3172 2128 Deum
3198 2092 3394 2146 negare
3423 2095 3525 2132 non
3555 2097 3681 2148 pos-

2081 2165 2228 2210 sunt.
2258 2157 2393 2223 Quid
2418 2173 2547 2228 ergo
2577 2161 2926 2230 respondent.
2953 2179 3071 2218 cum
3098 2166 3150 2219 in
3179 2167 3410 2223 adventu
3445 2171 3536 2224 Dei
3563 2172 3678 2227 haec

2082 2247 2232 2317 signa
2264 2248 2436 2303 futura
2475 2251 2752 2319 dicuntur,
2803 2271 2924 2324 qua:
2957 2258 3006 2311 in
3037 2258 3271 2315 adventu
3301 2260 3498 2318 Christi
3524 2277 3676 2335 gesta

2081 2350 2224 2407 sunt,
2246 2340 2518 2398 Christum
2543 2347 2772 2411 qualiter
2797 2349 3068 2416 accipiunt
3092 2352 3301 2407 Deum?
3333 2355 3502 2411 Deum
3531 2360 3676 2414 enim

2077 2431 2188 2500 jam
2211 2448 2404 2502 negare
2421 2451 2524 2489 non
2547 2447 2789 2505 possunt.
2813 2439 2924 2507 Qua
2947 2441 3157 2497 Patrem
3175 2444 3198 2498 ?
3213 2457 3418 2518 antqua
3435 2447 3676 2507 Filium?

2082 2524 2138 2580 Si
2167 2541 2270 2595 qua
2295 2526 2481 2580 Filium
2510 2545 2524 2594 ;
2551 2545 2650 2584 cur
2673 2530 2765 2584 Dei
2797 2532 2986 2586 Filium
3015 2535 3180 2590 Deum
3221 2542 3454 2608 negant?
3483 2542 3538 2596 Si
3571 2559 3676 2614 qua

2082 2616 2292 2671 Patrem
2323 2635 2336 2678 ;
2369 2633 2464 2672 cur
2491 2634 2585 2674 eos
2627 2636 2732 2676 non
2769 2634 3088 2692 sequuntur,
3117 2630 3206 2696 qui
3239 2631 3503 2698 ejusmodi
3532 2636 3681 2693 blas-

2083 2712 2327 2781 phemias
2353 2721 2541 2767 tenere
2577 2715 2869 2769 videntur?
2894 2717 2994 2772 nisi
3025 2721 3276 2787 quoniam
3310 2726 3465 2781 nobis
3493 2729 3545 2782 in
3581 2729 3680 2785 hoc

2080 2804 2338 2858 adversus
2356 2806 2476 2858 illos
2493 2806 2561 2860 de
2582 2807 2602 2836 ⁸
2632 2808 2859 2863 veritate
2875 2815 3194 2874 certamine.
3223 2815 3321 2870 hoc
3337 2817 3550 2873 interim
3572 2820 3684 2875 suf-

2085 2893 2216 2956 ﬁcit.
2252 2905 2309 2950 ut
2334 2911 2674 2968 quocumque
2702 2914 2900 2969 genere
2940 2903 3170 2958 convicti
3200 2906 3474 2963 Christum
3505 2912 3676 2966 conﬁ-

2083 2992 2298 3039 teantur
2314 2987 2332 3016 ⁷
2346 2995 2402 3041 et
2420 2989 2770 3059 Deum,quem
2787 2993 2947 3045 etiam
2973 2994 3136 3048 Deum
3159 3013 3352 3067 negare
3371 3003 3676 3059 voluerunt.

2085 3079 2188 3134 Per
2216 3082 2430 3136 Ahacuc
2473 3083 2791 3152 prophetam
2825 3090 2935 3140 ait:
2970 3087 3110 3141 Deus
3135 3090 3196 3143 ab
3232 3094 3406 3162 Africo
3441 3099 3602 3151 veniet
3633 3109 3682 3154 et

2083 3185 2291 3228 sanctus
2329 3176 2394 3230 de
2445 3187 2614 3231 monte
2665 3194 2826 3248 opaco
2868 3190 2914 3234 et
2945 3183 3199 3238 condenso
3227 3187 3436 3252 (Abac.,
3489 3207 3566 3259 Ill,
3601 3193 3681 3257 5).

2083 3266 2252 3334 Quem
2282 3268 2466 3323 volunt
2496 3270 2580 3324 isti
2608 3271 2674 3324 ab
2709 3271 2890 3325 Africo
2921 3275 3152 3329 venire?
3181 3277 3240 3331 Si
3272 3283 3490 3338 venisse
3534 3288 3686 3341 aiunt

376 3371 522 3416 stum
553 3361 716 3415 Deum
743 3359 947 3421 dicere,
968 3373 1126 3428 quem
1162 3357 1324 3410 Deum
1356 3371 1386 3409 a
1417 3355 1574 3410 Patre
1601 3354 1982 3409 animadvertit
2007 3331 2052 3393 (ἶ
2088 3331 2514 3426 omnipotentem
2567 3360 2732 3414 Deum
2775 3362 3010 3432 Patrem,
3075 3383 3204 3437 ergo
3249 3331 3490 3429 deloco

372 3459 604 3529 positum
633 3471 728 3526 per
747 3454 1052 3524 Scripturas
1076 3451 1240 3507 esse?
1273 3453 1437 3505 immo
1463 3452 1507 3504 si
1539 3467 1642 3504 non
1683 3451 1853 3504 salvat
1880 3450 1979 3504 nisi

374 3554 429 3607 in
459 3553 570 3607 Deo
585 3551 740 3605 Pater
755 3549 917 3609 Deus,
934 3546 1124 3601 salvari
1147 3560 1248 3599 non
1268 3545 1459 3613 poterit
1483 3559 1510 3596 a
1541 3543 1652 3597 Deo
1665 3542 1823 3596 Patre
1843 3543 1983 3612 quis-

372 3661 555 3718 quam,
577 3643 678 3699 nisi
691 3643 973 3698 confessus
992 3641 1152 3694 fuerit
1171 3638 1446 3694 Christum
1471 3638 1662 3702 Deum,
1682 3639 1701 3667 '
1727 3637 1900 3706 inquo
1921 3651 1980 3692 se

374 3749 430 3794 et
462 3753 556 3806 per
586 3751 742 3802 quem
775 3750 834 3790 se
866 3733 1197 3804 repromittit
1227 3731 1384 3786 Pater
1421 3731 1646 3784 salutem
1682 3732 1929 3784 daturum
1960 3747 1974 3796 ;

378 3838 438 3882 ut
470 3827 663 3880 merito
693 3826 931 3895 quisquis
977 3825 1122 3878 illum
1163 3822 1405 3893 agnoscit
1443 3837 1562 3876 esse
1605 3821 1797 3883 Deum,
1830 3822 1978 3874 salu-

377 3930 486 3975 tem
511 3917 746 3972 inveniat
774 3917 824 3971 in
854 3917 959 3971 Deo
976 3912 1220 3979 Christo;
1240 3914 1482 3984 quisquis
1505 3929 1609 3966 non
1644 3913 1981 3983 recognoscit

373 4029 497 4070 esse
540 4011 732 4076 Deum,
757 4010 980 4064 salutem
1031 4006 1385 4078 perdiderit,3
1412 4021 1570 4076 quam
1598 4004 1724 4058 alibi
1769 4006 1869 4059 nisi
1923 4006 1976 4059 in

373 4107 589 4164 Christo
643 4105 752 4160 Deo
795 4103 1035 4158 invenire
1081 4118 1189 4157 non
1233 4098 1452 4170 poterit.
1498 4097 1778 4166 Quomodo
1829 4099 1975 4153 enim

373 4197 575 4254 Isaias:
612 4196 740 4252 Ecce
772 4197 914 4267 virgo
962 4195 1234 4263 concipiet,
1287 4202 1332 4246 et
1382 4193 1544 4263 pariet
1595 4191 1780 4258 ﬁlium,
1813 4201 1860 4244 et
1890 4208 1978 4246 vo-

374 4292 552 4346 cabitis
578 4305 761 4344 nomen
784 4288 896 4357 ejus
920 4284 1236 4339 Emmanuel
1267 4283 1426 4354 (lsa.,
1449 4299 1541 4347 \‘II,
1567 4282 1655 4350 I4)
1677 4298 1691 4346 ;
1716 4282 1859 4352 quod
1893 4284 1973 4337 iu-

378 4394 728 4455 lerpretatum
761 4389 846 4437 est
892 4381 1153 4434 nobiscum
1184 4378 1344 4445 Deus,
1373 4378 1450 4432 sic
1475 4376 1720 4431 Christus
1751 4375 1865 4445 ipse
1893 4377 1972 4430 di-

375 4477 447 4533 cit
479 4495 492 4531 :
520 4476 657 4531 Ecce
687 4490 776 4546 ego
819 4473 1073 4526 vobiscum
1119 4488 1233 4526 sum
1263 4485 1423 4541 usque
1469 4471 1536 4522 ad
1582 4469 1973 4522 consummatio-

379 4586 494 4625 nem
543 4568 718 4623 saeculi
752 4565 992 4639 (Matth.,
1035 4578 1221 4627 xxvm,
1265 4561 1381 4630 20).
1409 4559 1501 4615 Est
1531 4574 1658 4629 ergo
1711 4561 1971 4613 nobiscum

380 4661 544 4726 Deus,
575 4660 738 4713 immo
770 4655 939 4712 multo
982 4655 1151 4725 magis
1179 4653 1339 4707 etiam
1377 4652 1431 4705 in
1464 4649 1620 4704 nobis
1651 4659 1754 4704 est.
1780 4650 1971 4705 Nobis-

2085 3449 2247 3538 Pater
2261 3451 2401 3505 venit
2426 3469 2489 3506 ex
2511 3469 2617 3523 quo
2636 3455 2796 3509 etiam
2817 3457 2838 3486 ⁸
2869 3457 2987 3512 loco
3015 3460 3267 3526 cluditur,
3290 3475 3342 3518 et
3374 3467 3508 3521 intra
3537 3470 3683 3526 sedis

2085 3543 2311 3612 alicujus
2359 3546 2635 3614 angustias
2685 3550 3031 3617 continetur;
3067 3563 3118 3607 et
3167 3556 3278 3620 jam
3313 3572 3407 3625 per
3436 3559 3591 3627 istos,
3627 3573 3686 3617 ut

2087 3633 2358 3700 diximus,
2403 3635 2707 3692 Sabelliana
2757 3638 2978 3696 Ini-resis
3037 3645 3295 3716 sacrilega
3341 3663 3682 3720 corporatur.

2088 3725 2367 3792 Siquidem
2393 3727 2642 3784 Christus
2696 3748 2804 3786 non
2835 3732 3023 3800 Filius,
3071 3739 3165 3792 sed
3213 3740 3371 3795 Pater
3396 3746 3635 3802 creditur
3663 3766 3679 3814 ;

2086 3829 2140 3873 et
2169 3834 2309 3874 novo
2342 3836 2513 3886 more,
2546 3821 2672 3876 dum
2696 3823 2764 3876 ab
2792 3825 3168 3884 istisdistricte
3199 3830 3361 3886 homo
3391 3836 3564 3892 nudus
3592 3855 3675 3897 as-

2080 3912 2296 3979 seritur,
2331 3929 2430 3982 per
2461 3928 2552 3967 eos
2583 3930 2794 3970 rursum
2851 3918 3096 3974 Christus
3148 3923 3306 3978 Pater
3338 3927 3479 3984 Deus
3507 3935 3684 3989 omni-

2081 4013 2273 4074 potens
2315 4006 2717 4072 comprobatur.
2744 4009 2812 4060 At
2838 4009 2883 4062 si
2931 4011 2981 4063 in
3010 4011 3355 4082 Bcthlehem,
3386 4021 3539 4090 cujus
3565 4041 3678 4082 me-

2081 4105 2269 4150 taturte
2322 4099 2468 4168 regio
2498 4099 2563 4150 ad
2617 4101 2966 4156 meridianam
3017 4107 3237 4174 respicit
3278 4110 3483 4180 plagam
3531 4118 3678 4183 cmli,

2077 4190 2326 4246 Christus
2354 4194 2611 4257 nascitur,
2639 4195 2728 4263 qui
2752 4211 2847 4264 per
2870 4197 3174 4267 Scripturas
3203 4211 3258 4255 et
3287 4203 3422 4257 Deus
3443 4206 3637 4264 dicitur
3661 4228 3675 4265 ε

2084 4287 2276 4341 merito
2310 4287 2449 4347 Deus
2473 4287 2559 4342 hic
2588 4288 2654 4344 ab
2680 4289 2864 4346 Africo
2894 4293 3077 4346 venire
3111 4293 3458 4366 describitur,
3492 4303 3614 4372 quia
3641 4320 3671 4359 a

2083 4377 2398 4434 Bethlehem
2425 4388 2684 4436 venturus
2713 4396 2832 4438 esse
2861 4384 3279 4455 prtevidebatur.
3306 4389 3521 4460 Eligant
3549 4411 3678 4467 ergo

2080 4491 2148 4529 ex
2201 4475 2413 4531 duobus
2464 4478 2589 4547 quid
2643 4480 2832 4541 velint,
2868 4479 3028 4541 hunc.
3060 4482 3148 4552 qtti
3206 4484 3274 4539 ab
3309 4484 3488 4541 Africo
3537 4493 3681 4548 venit

2074 4567 2269 4622 Filium
2302 4584 2442 4633 esse,
2467 4586 2534 4624 an
2566 4571 2776 4628 Patrem
2806 4590 2818 4625 :
2847 4574 2984 4628 Dens
3013 4576 3153 4628 enim
3184 4576 3381 4632 dicitur
3396 4581 3465 4635 ab
3497 4584 3678 4642 Africo

2073 4669 2351 4714 venturus.
2385 4661 2441 4715 Si
2471 4661 2827 4734 Filium,quid
2857 4665 3102 4720 dubitant
3127 4665 3398 4725 Christum
3428 4683 3483 4728 et
3513 4675 3678 4735 Drum

379 4769 502 4810 cum
528 4761 612 4807 est
652 4750 898 4805 Christus
931 4765 943 4800 :
980 4759 1062 4803 est
1113 4762 1241 4817 ergo
1267 4746 1421 4815 cujus
1453 4759 1647 4799 nomen
1678 4751 1782 4807 est,
1812 4744 1974 4798 nobis—
1997 4726 2051 4785 D
2078 4753 2292 4808 dicere?
2331 4756 2496 4812 Deum
2535 4759 2680 4812 enim
2720 4759 2995 4828 Scriptura
3033 4759 3304 4818 dicitesse
3359 4777 3676 4833 venturum:

377 4863 496 4902 cum
535 4844 695 4912 Deus,
719 4844 842 4915 quia
875 4850 930 4898 et
956 4842 1238 4898 nobiscum
1267 4848 1370 4896 est.
1418 4841 1525 4894 Aut
1580 4839 1836 4908 munquid
1867 4856 1971 4894 non

2079 4847 2123 4900 si
2181 4847 2435 4915 Patrem,
2513 4851 2642 4920 quid
2715 4850 2961 4907 dubitant
3010 4867 3130 4907 cum
3186 4854 3402 4914 Sabellii
3460 4868 3677 4923 temerio

1519 4929 1886 4986 GALLANDII
1927 4932 2494 4998 COMMENTARIUS.

451 5035 572 5091 ’Sic
599 5035 736 5088 item.
764 5031 888 5086 Hrrc
909 5038 994 5085 est
1020 5027 1176 5083 lectio
1200 5025 1661 5088 Welchmaniana,
1692 5039 1788 5092 pro
1813 5027 1886 5080 sic
1905 5027 1977 5080 ita
2032 5072 2046 5090 ,

374 5107 526 5164 editt.
559 5105 856 5163 Jat-ksonus
889 5111 1088 5164 tamen,
1114 5109 1232 5168 post
1274 5097 1365 5151 Fr.
1419 5096 1656 5168 Junium,
1690 5096 1852 5168 edidit
1904 5099 1976 5152 sic

375 5181 558 5240 etiam,
601 5193 667 5232 eo
696 5175 837 5246 quod
869 5173 1056 5229 eadem
1109 5166 1317 5224 ratione
1346 5167 1504 5240 paulo
1551 5177 1677 5222 ante
1729 5166 1975 5238 loquatur

375 5251 776 5391 Νοῖιῗὲειᾶιᾶῗὲε.
821 5317 893 5371 ua
922 5315 1072 5391 fumi.
1093 5313 1197 5368 Sed
1212 5331 1264 5368 se
1289 5311 1546 5382 expllttXII.
1573 5308 1892 5376 Jacksonus,
1928 5320 1987 5366 ut

376 5393 507 5450 nihil
541 5387 748 5446 habens
795 5387 936 5458 quod
965 5395 1104 5453 agat.

447 5465 468 5496 ³
499 5463 687 5532 Quam.
716 5449 825 5517 Sic.
846 5449 1117 5532 Patttelius
1140 5453 1624 5532 aliiqtte._Uterqtte
1653 5449 1814 5505 Frob.
1858 5468 1976 5506 cum

373 5524 644 5592 Weli-hm.
665 5533 928 5606 quoniam.
960 5529 1068 5585 Nec
1088 5527 1342 5606 diSplicet
1362 5524 1649 5606 laritstttto.

447 5591 470 5637 ί
499 5607 636 5660 Deus
661 5591 802 5677 ergo.
821 5603 896 5677 Ila
927 5609 1238 5677 constanter
1259 5595 1641 5677 editLPrimus
1671 5591 1978 5677 welchma-

375 5693 479 5734 nus
505 5663 838 5731 existimavit
869 5675 988 5729 lteic
1034 5668 1318 5731 legendum
1368 5665 1642 5729 Christus;
1671 5663 1978 5734 arridetque

374 5748 644 5805 Jacksono
684 5746 946 5814 ejusmodi
990 5742 1344 5814 conjectura:
1384 5752 1560 5814 quam
1595 5745 1784 5814 _tam_en
1837 5736 1977 5790 haud

374 5806 764 5876 admittrndam
807 5831 1041 5880 censeo;
1075 5806 1281 5868 sublata
1312 5806 1453 5866 enim
1482 5806 1831 5863 distinctione
1862 5817 1980 5876 post

375 5909 519 5971 ergo,
547 5892 628 5949 vis
651 5891 917 5947 orationis
937 5888 1136 5942 elucet.

628 5986 930 6050 Pnaoc.
981 5978 1092 6040 III.

2158 5035 2178 5064 ³
2205 5034 2574 5122 Conﬁleattlu'r‘.
2609 5036 2699 5122 Sic
2725 5046 2953 5122 uterque
2974 5041 3369 5122 editorAnglic.
3389 5062 3485 5122 pro
3513 5054 3682 5122 conﬁ-

2083 5107 2316 5192 tebunlur
2341 5109 2493 5161 editt.
2527 5107 2938 5192 RestitutioneIu
2968 5114 3067 5168 rite
3094 5107 3287 5170 factam
3321 5107 3512 5175 suadet
3543 5107 3680 5192 pra:-

2081 5176 2279 5230 cedens
2309 5191 2604 5244 agnoscant.

2159 5246 2440 5330 “ll’eritate.
2471 5249 2812 5330 Gagnteusct
2847 5253 3120 5330 Barrensis
3145 5261 3386 5323 veritatis,
3413 5277 3548 5330 quos
3579 5267 3679 5322 im-

2084 5327 2310 5388 portune
2337 5331 2554 5374 secutus
2585 5332 2665 5374 est
2698 5320 3099 5378 Welelunanus.

2155 5391 2173 5419 ⁷
2195 5388 2281 5465 ΕιΔ
2308 5389 2488 5444 Deum.
2551 5392 2638 5446 Sic
2688 5409 2875 5465 euntes
2911 5398 3051 5465 edit.
3115 5397 3262 5452 Unus
3295 5401 3680 5465 Welchmanus

2085 5461 2308 5513 mutavit
2335 5470 2387 5533 et
2414 5466 2462 5513 in
2487 5479 2612 5520 esse,
2650 5463 2792 5515 nulla
2823 5464 3065 5520 Codicum
3098 5473 3416 5527 auctoritate
3446 5461 3674 5533 doctus;

2083 5547 2258 5597 neque
2283 5531 2500 5600 hujusce
2525 5534 2830 5588 mutationis
2854 5536 3105 5592 Ieetorem
3129 5523 3282 5594 suum
3309 5523 3636 5603 admonuit-iv
3661 5523 3675 5547 ’

2125 5592 2444 5657 ’δϐίιιάὶιιιικ
2477 5603 2712 5659 Verbum
2736 5608 2888 5659 cludo
2904 5608 3043 5664 Afris
3058 5613 3410 5669 scriptoribus
3439 5617 3675 5669 frequen.

2435 5643 2444 5657 .
2484 5623 2712 5659 vernum
2736 5623 3410 5673 ctuaoAtrtssrrtptorthus
3439 5623 3682 5673 I'renuen-

2160 5629 2444 5657 'Ututumr.
2487 5629 2712 5659 vct'uulll
2736 5629 3410 5687 ctum}AII'ISSI‘I‘IpIOPIIIIIS
3439 5629 3677 5688 trequen-

2079 5683 2160 5728 ter
2189 5685 2523 5756 usurpatum.
2553 5675 2884 5756 Tertulliano
2917 5681 2983 5756 _i_n
3036 5682 3221 5756 primis
3261 5694 3316 5738 et
3363 5685 3632 5756 Cypriane
3664 5712 3677 5747 :

2078 5745 2419 5832 eoquehat‘rd
2449 5747 2815 5832 sentel_t_uitur
2837 5761 2889 5806 et
2915 5745 3260 5818 Novatianus,
3287 5745 3453 5827 supra
3474 5776 3590 5832 cap.
3608 5745 3656 5818 V6

2081 5807 2200 5872 heic
2221 5827 2274 5872 et
2303 5815 2440 5872 infra
2462 5833 2582 5888 cap.
2613 5819 2699 5887 17,
2735 5829 2838 5876 εις,
3163 5807 3191 5809 ⁷·
3218 5807 3259 5818 "
3287 5807 3444 5827 "‘r‘"
3478 5807 3590 5832 --γυ
3627 5807 3678 5834 νο

3009 5979 3089 6043 29
