4256 6250
615 364 722 438 907

2045 373 2182 433 NOV
2195 370 2427 430 ΑἸῚΔΗΙ

3822 375 3928 434 908

615 489 730 538 tate
757 481 1002 548 misceri,
1045 481 1138 556 qui
1179 481 1450 546 Christum
1496 482 1918 546 Patrem‘dlcitt
1956 487 2056 543 nisi
2085 505 2214 560 quos
2243 486 2294 554 Α
2321 489 2537 552 ritatem
2580 487 2761 556 illam,
2788 503 2953 560 quam
2994 488 3122 546 dum
3151 497 3278 546 ante
3310 489 3497 546 mundi
3534 488 3927 546 institutionem

619 574 764 629 niam
792 616 805 640 ,
850 574 964 634 sive
1006 574 1155 640 illum
1205 574 1436 646 Patrem,
1473 577 1589 638 sive
1633 575 1826 637 Filium
1855 578 2112 646 dixerint,
2159 580 2226 638 ab

619 668 818 734 hwresi
871 684 988 736 sua,
1034 668 1186 726 inviti
1235 670 1382 738 licet,
1412 670 1716 732 desciscant
1747 687 1972 732 necesse
2001 683 2104 737 est,
2135 673 2224 742 qui

622 759 900 818 Chri~tum
930 762 1206 822 hominem
1239 765 1612 826 tantummodo
1639 765 1810 822 solent
1838 764 2021 822 dicere
2049 783 2062 819 :
2096 765 2224 820 dum

626 856 800 922 illum,
833 856 997 916 rebus
1045 857 1175 927 ipsis
1204 859 1399 924 coacti,
1453 859 1622 920 Deum
1671 859 1925 930 incipiunt
1957 875 2222 929 promere,

621 948 741 1016 sive
779 949 906 1004 dttm
941 949 1093 1008 illum
1128 951 1361 1020 Patrem,
1395 951 1517 1016 sive
1543 951 1670 1016 dum
1726 952 1874 1013 illum
1903 951 2100 1010 Filium
2129 965 2224 1008 vo-

618 1037 825 1106 luerint
853 1059 1186 1115 nuncupare.

1216 1199 1445 1258 CAPUT
1482 1199 1622 1259 XIII.

692 1354 946 1412 Eamdem
995 1358 1258 1413 ueritatem
1296 1360 1460 1414 euinci
1497 1376 1525 1415 e
1557 1362 1718 1416 sacris
1743 1359 1878 1418 Novi
1917 1361 2148 1419 Foederis

1299 1450 1528 1508 Litteris.

577 1682 600 1699 ν
697 1610 812 1666 ‘Ac
853 1609 930 1666 sic
961 1619 1013 1666 et
1040 1609 1278 1668 Joannes
1310 1613 1642 1670 nativitatem
1667 1612 1869 1670 Christi
1909 1614 2226 1673 describens

624 1701 806 1774 (Joan.
853 1719 906 1771 ι,
940 1704 1052 1774 is),
1098 1703 1348 1771 Verbum,
1398 1706 1606 1776 inquit,
1643 1722 1764 1762 caro
1805 1709 1999 1775 factum
2042 1719 2148 1778 est,
2180 1719 2228 1764 et

619 1797 870 1863 habitavit
898 1797 952 1852 iu
992 1797 1137 1854 nobis
1159 1837 1172 1861 ,
1204 1809 1250 1852 et
1277 1799 1498 1854 uidimus
1523 1800 1809 1855 claritatem
1839 1803 1982 1873 ejus,
2014 1805 2226 1859 clarita-

2327 579 2580 642 ltztbuisse
2611 584 2934 650 Ostenditur,
2967 583 3107 640 Deus
3136 583 3572 640 manifestissime
3607 583 3930 652 comproba-

2328 683 2431 730 tur.
2465 675 2527 731 Et
2567 674 2952 744 nihilominus,
2993 675 3122 730 dum
3171 675 3404 734 mundus
3444 676 3559 744 ipse
3603 685 3727 746 post
3774 675 3928 730 illum

2326 766 2606 831 institutus
2636 767 2890 831 refertur,
2923 784 3019 838 per
3043 770 3215 842 ipsum
3241 777 3457 824 creatus
3485 784 3604 822 esse
3629 769 3931 836 reperitur;

2326 875 2436 932 quo
2461 861 2577 932 ipso
2603 860 2896 926 divinitatis
2923 861 2976 918 itt
3002 863 3142 932 ipso,
3167 877 3260 930 per
3287 876 3446 932 quem
3474 860 3648 918 factus
3667 871 3751 915 est
3773 878 3934 916 mnu-

2327 955 2449 1023 dus,
2481 967 2536 1014 et
2565 957 2784 1014 claritas
2809 967 2864 1013 et
2884 960 3180 1018 auctoritas
3207 958 3228 990 ⁸⁵
3249 959 3653 1027 comprobatur.
3681 960 3835 1025 Quod
3863 961 3933 1026 si,

2327 1065 2449 1110 cum
2488 1049 2582 1122 (ill
2625 1051 2756 1123 Reg.
2799 1067 2919 1116 vin,
2955 1052 3046 1122 59)
3079 1053 3276 1107 nullius
3316 1053 3386 1106 sit
3427 1051 3528 1105 nisi
3582 1053 3708 1116 Dei,
3752 1051 3936 1108 cordis

2329 1159 2492 1200 nosse
2530 1154 2739 1206 secreta
2771 1143 2989 1216 (Matth.
3035 1160 3108 1211 Ix,
3155 1146 3221 1210 4;
3254 1147 3415 1215 Apoc.
3453 1159 3512 1208 ιι,
3543 1143 3658 1212 25).
3683 1141 3936 1199 Christus

2327 1247 2537 1296 secreta
2580 1238 2844 1308 conspicit
2887 1238 3072 1294 cordis
3105 1254 3118 1294 :
3157 1243 3300 1308 quod
3333 1238 3402 1304 si,
3429 1253 3551 1293 cum
3595 1235 3742 1308 Usa.
3778 1251 3933 1304 sun,

2327 1329 2422 1402 εδ)
2473 1332 2674 1388 nullius
2721 1332 2793 1388 sit
2838 1332 2941 1386 nisi
2991 1332 3116 1396 Dei,
3169 1341 3390 1402 peccata
3435 1331 3741 1394 dimittere;
3790 1331 3936 1385 idem

2328 1425 2523 1499 (Marc.
2551 1442 2610 1493 ιι,
2642 1425 2698 1495 5)
2727 1425 2976 1482 Christus
3003 1437 3224 1496 peccata
3254 1425 3478 1480 dimittit
3509 1442 3523 1479 :
3556 1425 3700 1495 quod
3723 1425 3790 1492 si,
3814 1440 3940 1480 cum

2329 1521 2528 1575 nullius
2555 1520 2623 1574 sit
2651 1519 2885 1576 hominis
2914 1519 2983 1576 de
3003 1521 3146 1575 caelo
3172 1520 3384 1582 venire;
3413 1519 3481 1573 de
3510 1520 3652 1574 ρωιο
3675 1518 3941 1574 veniendo

2328 1611 2653 1669 descendit:
2689 1612 2832 1683 quod
2871 1616 2951 1677 si,
2997 1628 3122 1668 cum
3167 1614 3370 1668 nullius
3412 1613 3645 1668 hominis
3677 1612 3793 1666 lure
3833 1627 3940 1667 Vox

2328 1723 2450 1765 esse
2478 1708 2668 1778 possit,
2701 1707 2816 1778 Ego
2847 1717 2892 1762 et
2926 1707 3083 1762 Pater
3113 1723 3270 1762 unum
3299 1724 3472 1761 sumus
3503 1705 3688 1778 (Joan.
3721 1723 3773 1774 ι,
3804 1705 3934 1777 50);

2331 1803 2469 1856 hanc
2500 1816 2688 1856 vocem
2711 1801 2780 1855 de
2818 1801 3150 1856 conscientia
3184 1801 3480 1855 divinitatis
3512 1801 3761 1853 Christus
3791 1801 3939 1854 solus

609 1903 710 1948 lem
738 1901 998 1962 tamquam
1027 1893 1319 1962 unigenitia
1342 1893 1521 1959 Putre,
1543 1897 1563 1927 ¹
1583 1898 1794 1965 plenum
1823 1898 1992 1966 gratia
2022 1908 2068 1952 et
2094 1900 2217 1953 veri-
2253 1883 2300 1954 Β
2328 1896 2491 1953 edicit
2519 1913 2534 1951 :
2559 1896 2703 1966 quod
2726 1895 2771 1950 si
2808 1906 3104 1965 postremo,
3129 1895 3380 1949 omnibus
3407 1894 3707 1948 divinitatis
3734 1893 3939 1947 Christi

615 1993 741 2040 tate.
771 1983 906 2044 Nam
943 1993 999 2038 et
1033 1994 1245 2040 uocatur
1278 2002 1460 2039 nomen
1488 1987 1603 2056 ejus
1646 1986 1862 2040 Verbum
1898 1987 1993 2042 Dei
2036 1987 2220 2062 (Apoc.

617 2079 845 2149 xtx,l3)
875 2097 887 2131 :
923 2093 1023 2132 nec
1046 2078 1337 2134 immerito.
1379 2079 1663 2146 Eruetauit,
1700 2083 1892 2149 inquit,
1943 2100 2032 2138 cor
2059 2102 2224 2140 meum

611 2171 819 2226 uerbum
858 2171 1047 2232 bonum
1090 2170 1265 2242 (Psal.
1298 2188 1446 2236 utv,
1481 2174 1570 2244 9);
1605 2177 1747 2244 quod
1797 2177 2024 2232 Verbum
2061 2179 2223 2250 Regis

612 2265 835 2322 nomine
875 2273 1274 2333 consequenter
1317 2267 1552 2337 ερρυηηι
1593 2268 1907 2336 inferendo,
1955 2269 2088 2326 Dico
2132 2290 2223 2344 ego

617 2375 776 2431 opera
814 2375 928 2418 utea
979 2359 1125 2429 Regi.
1183 2359 1286 2414 Per
1317 2362 1486 2430 ipsum
1526 2361 1670 2416 enim
1716 2365 1888 2417 omnia
1934 2366 2073 2435 facta
2107 2375 2226 2420 sunt

613 2469 790 2522 Opera.
826 2463 874 2508 et
896 2453 1006 2512 sine
1031 2455 1144 2523 ipso
1171 2455 1368 2522 factum
1399 2466 1472 2512 est
1521 2457 1656 2510 nihil
1702 2457 1882 2528 (Joan.
1918 2475 1956 2525 ι,
1990 2459 2070 2526 5).
2104 2461 2228 2516 Sive

613 2547 773 2608 enim,
807 2545 977 2614 inquit
995 2547 1302 2615 Apostolus,
1330 2547 1550 2616 Throni,
1574 2551 1678 2604 sive
1694 2548 2102 2616 Dominationes,
2122 2557 2227 2610 sive

633 2637 883 2700 Virtutes,
915 2640 1018 2693 sive
1047 2638 1365 2705 Potestates,
1397 2643 1616 2698 uisibilia
1641 2655 1688 2698 et
1718 2646 2022 2712 invisibilia,
2054 2653 2226 2704 omnia

618 2748 712 2802 per
752 2733 918 2798 ipsum
966 2744 1201 2790 constant
1245 2735 1466 2805 (Coloss.
1517 2752 1552 2801 t,
1609 2740 1720 2810 16).
1767 2739 2002 2796 Verbum
2045 2754 2223 2798 autem

615 2824 725 2880 hoc
753 2825 887 2880 illud
919 2835 1022 2890 est,
1053 2827 1196 2897 quod
1228 2830 1282 2881 in
1312 2845 1407 2882 sua
1435 2831 1601 2894 venit,
1626 2841 1671 2885 et
1701 2832 1782 2884 sui
1807 2849 1919 2887 eum
1947 2851 2048 2888 non
2087 2853 2224 2890 rece-

615 2930 818 2991 perunt.
854 2919 1081 2974 Mundus
1109 2922 1244 2974 enim
1276 2939 1366 2990 per
1395 2923 1563 2994 ipsum
1592 2927 1761 2994 factus
1789 2937 1899 2996 est,
1929 2937 1976 2981 et
2005 2929 2225 2985 mundus

611 3027 731 3068 eum
768 3029 868 3066 non
908 3015 1142 3083 cognouit
1181 3013 1364 3086 (Joan.
1394 3031 1443 3078 t,
1485 3016 1579 3081 l0,
1619 3017 1728 3087 Η).
1786 3016 2002 3074 Verbum
2041 3035 2222 3078 autem

611 3107 709 3157 hac
737 3114 844 3158 erat
866 3105 918 3157 in
951 3107 1207 3175 principio
1236 3108 1376 3174 apud
1407 3107 1590 3172 Deum,
1612 3119 1662 3164 et
1689 3108 1834 3165 Deus
1853 3122 1962 3166 erat
2008 3112 2223 3168 Verbum

613 3195 800 3267 (Joan.
846 3212 884 3261 ι,
935 3198 1008 3267 1).
1040 3199 1174 3267 Quis
1239 3200 1399 3267 igitur
1440 3200 1684 3267 dubitet,
1736 3217 1859 3257 cum
1891 3205 1942 3258 in
1981 3214 2221 3261 extrema

611 3299 769 3361 parte
799 3290 1013 3357 dicitur,
1065 3291 1280 3346 Verbum
1310 3309 1430 3346 caro
1462 3296 1658 3363 factum
1689 3305 1792 3358 est,
1826 3306 1875 3349 et
1907 3296 2153 3352 habitavit
2173 3300 2226 3353 in

614 3381 781 3443 nobis.
802 3381 1076 3438 Christum
1094 3383 1246 3454 cujus
1260 3387 1630 3451 estnativitas,
1651 3387 1740 3441 et'
1761 3388 1881 3457 quia
1905 3403 2035 3444 caro
2057 3389 2228 3448 iactus

613 3485 732 3541 est,
764 3489 887 3530 esse
917 3476 1226 3543 hominem,
1257 3489 1310 3532 et
1348 3479 1472 3548 quia
1509 3479 1741 3534 Verbum
1779 3481 1903 3548 Dei,
1941 3483 2106 3538 Deum
2151 3486 2231 3540 in-

616 3577 937 3626 cunctanter
953 3568 1168 3625 edicere
1190 3585 1342 3635 esse;
1365 3572 1665 3640 prresertim
1690 3587 1811 3628 Cum
1834 3576 2230 3635 animadvertat

619 3660 954 3731 Scriptorum
973 3663 1368 3732 evangelicum,
1391 3675 1676 3734 utramque
1697 3666 1850 3720 istam
1875 3669 2227 3725 substantiam

618 3754 676 3810 in
722 3771 882 3810 unam
926 3755 1221 3809 nativitatis
1262 3755 1466 3809 Christi
1511 3755 1806 3812 iwtlerasse
1849 3762 2230 3817 concordiam?

621 3846 726 3902 llic
759 3859 844 3902 est
880 3848 1024 3901 enim
1053 3845 1144 3917 qui
1175 3849 1308 3901 sicut
1348 3865 1568 3917 sponsus
1604 3850 1862 3920 egreditur
1903 3853 1966 3907 de
2004 3853 2230 3911 thalamo

621 3955 754 4004 sua;
796 3939 1063 3994 exsultauit
1091 3948 1144 3992 ut
1171 3941 1315 4011 gigas
1341 3941 1409 3994 ad
1433 3943 1740 3995 ourrendam
1771 3945 1944 4010 viam;
1970 3962 2002 3998 ιι
2033 3963 2230 4001 summo

616 4033 746 4088 calo
774 4035 994 4104 egressio
1033 4037 1147 4104 ejus
1176 4044 1224 4088 st
1252 4051 1408 4104 usque
1437 4034 1506 4088 ad
1538 4051 1794 4089 summurn
1836 4041 2086 4110 regressio
2118 4043 2234 4112 ejus

621 4123 800 4195 (Psal.
833 4141 984 4190 xvttt,
1011 4128 1064 4191 6,
1098 4125 1174 4197 7).
1204 4127 1471 4194 Quoniam
1504 4143 1674 4199 usque
1704 4129 1771 4182 ad
1803 4145 2073 4187 sumnmm
2095 4175 2108 4197 ,
2143 4151 2232 4188 nec

620 4218 889 4286 quisquam
922 4218 973 4270 in
997 4219 1179 4272 (telum
1200 4219 1449 4286 ascendit,
1475 4221 1573 4276 nisi
1597 4222 1683 4285 qui
1705 4221 1771 4275 de
1795 4222 1922 4276 caelo
1943 4224 2230 4294 descendit,

626 4309 798 4366 Filius
837 4313 1058 4367 hominis
1093 4314 1180 4382 qui
1210 4324 1284 4368 est
1314 4315 1367 4366 in
1397 4316 1536 4369 caelis
1565 4314 1746 4386 (Joan.
1780 4331 1870 4382 Ill,
1903 4317 2012 4388 15).
2051 4318 2228 4389 Repe-

624 4413 748 4464 tatts
787 4406 891 4462 hoc
921 4407 1094 4476 ipsum
1129 4408 1260 4463 dicit
1291 4427 1304 4462 :
1349 4407 1524 4474 Pater,
1563 4409 1795 4471 clari/ica
1827 4427 1903 4464 me
1940 4427 1998 4464 eo
2041 4412 2232 4467 honore

632 4515 732 4570 quo
755 4501 831 4569 fui
856 4501 998 4566 apud
1018 4510 1068 4554 te
1087 4511 1362 4570 antequam
1391 4501 1613 4555 oriundus
1631 4512 1761 4556 esset
1794 4501 1973 4574 (Joan.
1998 4519 2126 4571 xvtt,
2151 4505 2229 4577 5).

628 4592 710 4646 Ac
759 4593 807 4648 si
855 4592 924 4648 de
969 4593 1110 4647 cutio
1154 4593 1435 4648 descendit
1482 4593 1717 4648 Verbum
1773 4594 1906 4661 hoc,
1957 4604 2226 4665 tamquam

2328 1990 2735 2061 probationibus
2762 2000 2818 2044 et
2846 1990 3008 2044 rebus
3036 1991 3330 2044 instructus
3363 1990 3648 2057 apostolus
3672 1987 3937 2053 Τιιιιιηθε,

2327 2083 2662 2153 respondens
2708 2080 2962 2146 Christo,
3012 2081 3264 2135 Dominus
3313 2097 3454 2134 utens
3501 2091 3546 2132 et
3597 2079 3737 2134 Deus
3789 2096 3936 2134 utens

2327 2177 2505 2247 (Joan.
2548 2193 2651 2241 xx,
2682 2176 2779 2248 38)
2809 2177 2937 2232 dicit
2966 2197 2978 2232 :
3011 2175 3152 2246 quod
3190 2176 3233 2229 si
3274 2183 3330 2229 ct
3366 2174 3640 2243 apostolus
3685 2174 3922 2239 Paulus,

2325 2286 2564 2340 quorum,
2583 2269 2603 2299 ⁸
2619 2270 2810 2338 inquit,
2841 2279 3010 2336 patres
3030 2280 3076 2322 et
3103 2285 3166 2322 ea;
3189 2267 3373 2335 quibus
3405 2266 3628 2320 Christus
3648 2267 3936 2318 secundum

2326 2377 2550 2428 carnem,
2581 2362 2666 2434 qui
2693 2371 2764 2414 est
2791 2378 2942 2430 super
2970 2363 3143 2415 omnia
3173 2358 3314 2413 Deus
3343 2360 3629 2413 benedictus
3657 2360 3710 2411 in
3741 2357 3940 2412 siccata

2327 2452 2502 2523 (liam.
2539 2471 2612 2518 Ix,
2647 2451 2726 2523 5),
2754 2452 2805 2506 itt
2838 2452 2950 2507 Suis
2984 2454 3173 2507 litteris
3208 2451 3433 2507 scribit:
3467 2454 3610 2522 qUod
3634 2452 3677 2504 si
3711 2453 3848 2504 idem
3879 2467 3939 2506 se

2325 2548 2630 2617 Apostolum
2660 2564 2764 2600 non
2803 2546 2866 2600 ab
2906 2546 3224 2611 hominibus,
3266 2554 3354 2599 aut
3396 2561 3484 2613 per
3519 2545 3806 2608 hominem,
3845 2545 3935 2598 sed

2327 2657 2419 2711 per
2457 2640 2635 2694 Jesum
2671 2637 2930 2693 Christum
2973 2638 3116 2708 (Cal.
3149 2639 3264 2702 [,1,
3301 2637 3390 2707 12)
3422 2637 3774 2691 constitutum
3814 2651 3938 2691 esse

2329 2733 2634 2802 depromit:
2661 2732 2804 2802 quod
2835 2733 2879 2785 si
2910 2732 3084 2793 idem,
3124 2731 3472 2799 Evangeliuui
3516 2745 3624 2783 non
3657 2746 3715 2782 se
3745 2728 3808 2781 ab
3839 2731 3937 2781 ho-

2327 2825 2548 2880 minibus
2594 2825 2834 2879 didicisse
2877 2835 2964 2878 aut
3012 2840 3101 2894 per
3149 2823 3438 2886 hominem,
3486 2824 3574 2876 sed
3625 2838 3716 2892 per
3759 2820 3938 2873 Jesum

2330 2919 2587 2975 Christum
2612 2919 2887 2986 accepisse
2907 2915 3187 2971 contendit
3215 2934 3228 2969 :
3261 2915 3452 2968 tnerito
3480 2923 3617 2968 Deus
3642 2924 3726 2967 est
3755 2913 3941 2967 Chris-

2336 3022 2443 3066 tus.
2481 3011 2662 3081 ltaque
2692 3009 2794 3064 hoc
2825 3010 2877 3064 in
2917 3009 3038 3064 loco
3076 3024 3140 3064 ex
3179 3008 3390 3062 duobus
3419 3007 3647 3062 alterum
3686 3022 3939 3063 consrare

2327 3104 2564 3159 debebit.
2629 3101 2762 3157 Cum
2823 3105 2967 3157 enim
3037 3101 3376 3156 tttanifcstttm
3443 3102 3513 3155 sit
3574 3103 3756 3155 omnia
3817 3117 3940 3157 esse

2328 3195 2465 3250 facta
2512 3211 2606 3264 per
2645 3195 3089 3262 Christumpaut
3123 3204 3249 3249 ante
3291 3194 3470 3249 omnia
3516 3203 3630 3259 est,
3677 3195 3934 3264 quoniam

2253 3271 2297 3334 (ἶ
2329 3291 2509 3346 omnia
2558 3303 2651 3359 per
2688 3290 2896 3358 ipsum,
2937 3299 2991 3342 et
3034 3291 3228 3344 merito
3261 3299 3315 3344 et
3351 3289 3491 3342 Deus
3531 3299 3616 3344 est
3645 3306 3658 3341 :
3690 3298 3782 3342 aut
3815 3289 3942 3359 quia

2333 3383 2496 3436 homo
2525 3392 2628 3444 est,
2663 3391 2781 3451 post
2810 3381 2986 3435 otnnia
3020 3390 3122 3447 est,
3165 3391 3219 3436 et
3251 3382 3444 3435 merito
3477 3397 3572 3450 per
3596 3382 3770 3450 ipsum
3804 3381 3941 3435 nihil

2331 3473 2530 3530 factum
2573 3487 2673 3531 eet.
2721 3473 2828 3530 Sed
2869 3475 3002 3529 nihil
3053 3490 3148 3544 per
3194 3475 3367 3543 ipsmn
3417 3473 3611 3528 factum
3660 3489 3781 3528 esse
3826 3491 3938 3528 non

2332 3583 2621 3640 possumus
2688 3568 2914 3631 dicere,
2991 3582 3112 3621 cum
3181 3566 3670 3621 animadvertamus
3744 3566 3934 3620 omnia

2332 3679 2430 3734 per
2483 3664 2657 3733 ipsum
2713 3662 2852 3717 facta
2906 3675 3028 3716 esse
3081 3661 3341 3730 scriptum
3402 3679 3415 3714 :
3476 3676 3578 3715 non
3632 3675 3762 3731 ergo
3811 3670 3936 3730 post

2333 3757 2512 3810 Omnia
2553 3764 2656 3821 est,
2691 3755 2741 3809 id
2788 3763 2871 3809 est
2913 3770 3018 3808 non
3065 3753 3230 3809 homo
3281 3763 3486 3809 tantum
3537 3763 3639 3818 est,
3673 3759 3764 3824 qui
3815 3763 3942 3825 post

2333 3853 2512 3906 omnia
2562 3859 2645 3905 est
2679 3869 2691 3904 :
2731 3850 2825 3904 sed
2872 3858 2926 3904 et
2979 3849 3158 3914 Deus;
3221 3849 3475 3919 quoniam
3522 3849 3544 3879 ‘
3601 3848 3748 3904 Deus
3818 3859 3942 3906 ante

2333 3947 2512 4001 omnia
2543 3955 2645 4000 ed.
2705 3947 2845 3998 Ante
2899 3944 3080 3998 omnia
3133 3953 3216 3998 est
3255 3947 3422 4007 enim,
3465 3944 3588 4014 quia
3621 3958 3717 4013 per
3765 3944 3938 4012 ipsum

2334 4042 2548 4104 omnia;
2580 4056 2647 4094 ne
2673 4041 2716 4094 si
2761 4039 2922 4092 homo
2955 4047 3160 4092 tantum
3186 4078 3201 4102 ,
3233 4036 3364 4090 nihil
3397 4053 3493 4106 per
3535 4039 3739 4106 ipsum;
3770 4049 3860 4090 aut
3889 4039 3938 4092 si

2334 4134 2514 4188 omnia
2548 4150 2641 4203 per
2667 4134 2863 4203 ipsum,
2891 4148 2996 4186 non
3029 4131 3190 4186 homo
3221 4140 3425 4184 tantum
3455 4148 3468 4184 :
3499 4131 3751 4201 quoniam
3771 4132 3811 4182 si
3842 4128 3943 4182 bo-

2335 4238 2685 4290 tnotantum;
2719 4242 2824 4280 non
2877 4228 3056 4280 omnia
3106 4242 3202 4296 per
3249 4225 3448 4292 ipsum,
3490 4207 3656 4278 itnnto
3685 4224 3814 4276 nihil
3845 4239 3944 4294 per

2335 4322 2531 4392 ipsum.
2572 4319 2708 4386 Quid
2738 4335 2866 4390 ergo
2896 4318 3256 4387 respondent?
3305 4316 3437 4371 nihil
3497 4332 3592 4385 per
3642 4315 3848 4385 ipsum,
3884 4326 3946 4371 ut

2336 4415 2498 4484 homo
2530 4414 2600 4466 sit
2630 4413 2880 4466 tantum?
2911 4411 3191 4478 Quomodo
3218 4425 3348 4480 ergo
3381 4411 3564 4464 omnia
3596 4424 3690 4479 per
3721 4410 3894 4478 ipsum
3915 4409 3943 4462 ?

2336 4505 2476 4577 Ergo
2490 4521 2591 4560 non
2619 4505 2779 4560 homo
2793 4504 3162 4558 tantummodo
3175 4513 3273 4562 est,
3290 4501 3384 4556 sed
3401 4511 3453 4556 et
3475 4500 3647 4562 Dens;
3671 4501 3942 4567 siquidem

2335 4601 2513 4656 omnia
2546 4609 2672 4654 sunt
2709 4615 2801 4670 per
2834 4601 3004 4668 ipsum
3039 4616 3050 4650 :
3079 4609 3131 4652 ut
3169 4596 3360 4651 merito
3397 4595 3695 4665 intelligere
3741 4593 3942 4648 debea—

623 4699 859 4756 sponsus
878 4686 944 4740 ad
967 4701 1208 4753 carnem,
1231 4696 1286 4740 ut
1305 4703 1400 4756 per
1414 4687 1592 4742 carnis
1611 4687 2038 4758 assumptionem
2062 4688 2228 4745 Filius
2251 4662 2305 4722 Β
2331 4695 2509 4757 mus",
2539 4709 2636 4749 nec
2667 4691 2938 4747 hominem
2974 4705 3093 4746 esse
3120 4689 3393 4744 Chrisnnn
3423 4687 3814 4742 tantummodo.
3846 4688 3940 4755 qui

622 4778 860 4836 hominis
884 4781 1009 4834 illnc
1041 4791 1221 4850 posset
1247 4781 1566 4847 ascendere,
1591 4781 1734 4834 unde
1766 4781 1858 4836 Dei
1890 4781 2054 4837 Filius
2090 4783 2225 4840 Ver-

620 4873 754 4930 bum
781 4874 1165 4933 descenderat.
1192 4875 1403 4940 merito,
1428 4875 1556 4928 dum
1584 4890 1677 4942 per
1697 4876 2087 4930 coanesionetn
2119 4893 2228 4932 mu-

619 4977 772 5023 tuam
799 4976 853 5022 et
881 4983 1008 5022 caro
1029 4968 1266 5024 Verbum
1305 4969 1394 5022 Dei
1417 4969 1586 5039 gerit,
1621 4979 1674 5023 et
1707 4968 1873 5023 Filius
1907 4970 1997 5024 Dei
2021 4971 2224 5043 fragili-

616 5070 785 5120 tatem
809 5061 990 5117 carnis
1014 5063 1272 5124 assumit;
1296 5076 1420 5117 cum
1443 5076 1640 5130 sponsa
1666 5076 1831 5127 carne
1855 5063 2225 5128 conscendens

619 5153 782 5220 illuc,
819 5153 960 5209 unde
991 5153 1108 5209 sine
1138 5167 1302 5209 carne
1330 5151 1724 5221 descenderat,
1759 5154 1947 5224 recipit
1973 5155 2083 5228 jam
2114 5157 2225 5216 cla-

2329 4796 2411 4843 est
2439 4795 2556 4856 post
2592 4786 2769 4839 omnia
2797 4802 2812 4851 ;
2840 4784 2935 4837 sed
2975 4793 3029 4837 et
3072 4784 3236 4838 Deum
3256 4827 3268 4843 .
3299 4799 3421 4836 cum
3466 4797 3560 4850 per
3586 4782 3756 4850 ipsum
3799 4780 3942 4835 facta

2327 4879 2436 4934 sint
2456 4879 2652 4940 omnia.
2679 4877 2961 4950 Quomod)
2979 4878 3121 4931 enim
3152 4888 3243 4930 aut
3273 4876 3541 4930 horninem
3568 4874 3941 4928 tantmnmodo

2328 4970 2494 5033 dicas,
2519 4985 2638 5024 cum
2666 4969 2810 5024 illum
2848 4969 3006 5024 etiam
3045 4968 3096 5021 in
3135 4982 3296 5022 carne
3312 4967 3643 5035 cuitsoicias;
3670 4966 3772 5019 nisi
3801 4982 3942 5036 quo-

2335 5063 2474 5118 niam
2513 5065 2556 5118 si
2598 5074 2884 5134 utrumque
2911 5060 3377 5128 animadvertitur,
3421 5069 3708 5134 utrumque
3737 5061 3940 5117 merito

2331 5155 2582 5214 credatur
2600 5156 2624 5208 Ἰ

1790 5289 2162 5348 GALLANDII
2192 5289 2757 5352 COMMENTARIUS.

690 5439 706 5467 ι
729 5434 805 5487 Ac
824 5434 917 5488 sic.
948 5433 1218 5488 Pamelius
1240 5451 1301 5488 ac
1327 5434 1401 5488 si.”

684 5507 708 5537 ³
728 5505 968 5562 Plenum.
1003 5506 1074 5561 lta
1095 5501 1479 5561 Welrlnnanus
1507 5512 1626 5576 post
1647 5503 1956 5576 Gaguaemn.
1980 5504 2109 5573 Quae
2137 5514 2218 5562 est

611 5574 837 5642 Vulgata
877 5579 1050 5639 lectio.
1085 5579 1169 5632 Al.
1198 5578 1398 5642 plenus.
1513 5574 1522 5576 ”
1735 5574 1751 5576 ἡ
2180 5599 2214 5635 ο

666 5597 837 5642 "Igilii!
877 5597 1050 5639 ICCIIQ.
1085 5597 1169 5632 Al.
1236 5597 1398 5638 ισιιιιε.
2180 5599 2214 5635 ο

651 5713 659 5721 _
683 5645 704 5676 ³
726 5647 860 5712 Quia
878 5666 1064 5711 cura...
1083 5597 1470 5722 qtiifVerbum.
1492 5649 1606 5718 Qua
1627 5647 1912 5718 utrobique
1936 5648 2219 5720 lcgitLati-

604 5727 749 5771 mus.

673 5779 1088 5873 :_§0n.tpt'obelttr.
1115 5788 1441 5862 Suspicamr
1475 5789 1866 5850 Welclimanus
1928 5789 2215 5873 legendum

592 5859 968 5922 “inprobatur.

524 5907 632 5975 CK.

2398 5436 2418 5465 δ
2439 5433 2634 5505 Inquit.
2669 5433 2814 5488 lianc
2845 5447 3033 5505 vocem
3066 5434 3372 5491 redundare
3397 5443 3524 5502 puto
3555 5450 3572 5488 :
3598 5443 3650 5489 et
3691 5432 3831 5489 forte
3853 5433 3938 5487 in-

2322 5517 2466 5561 serta
2499 5504 2613 5559 erat
2642 5505 2820 5558 studio
2843 5504 3049 5562 librarii
3087 5517 3174 5560 aut
3202 5506 3475 5564 dietantis.
3505 5523 3614 5562 non
3643 5506 3936 5562 attenden-

2322 5577 2391 5632 tis
2415 5576 2480 5631 ad
2513 5591 2746 5646 sequens
2775 5576 3000 5634 verbum
3018 5579 3208 5632 scribit.
3239 5579 3496 5636 .lscusou.

2395 5648 2415 5679 ⁶
2444 5647 2602 5704 Deus.
2638 5649 2785 5718 lianc
2813 5663 3000 5704 vocem
3052 5665 3212 5714 qttam
3270 5669 3378 5718 pra:
3421 5666 3479 5705 se
3533 5648 3712 5712 ierunt
3737 5664 3935 5704 omnes

2320 5719 2475 5792 editi,
2487 5717 2941 5792 unus_._lacksontts
2964 5717 3654 5792 imtneritoexpnngeadam
3693 5724 3930 5792 censuit.

2395 5791 2413 5820 ⁷
2448 5790 2576 5846 Nec.
2615 5788 2735 5846 Non
2765 5805 2865 5848 vox
2893 5791 3069 5860 aptior
3114 5805 3215 5860 est,
3249 5802 3304 5849 et
3320 5788 3380 5852 iii
3425 5788 3597 5857 iallor,
3651 5808 3799 5849 vera.
3838 5791 3936 5848 1s—

2328 5876 2498 5920 CKSON
2507 5899 2520 5914 .
