4260 6266
353 349 460 409 909

955 462 1182 522 CAPUT
1213 459 1353 519 XIV.

610 603 755 660 Idem
781 610 1142 674 argumentum
1171 598 1485 668 persequitur
1513 604 1709 648 auctor.

434 726 504 783 Et
527 734 704 780 tamen
728 722 904 778 adlmc
928 720 1136 775 dubitat
1161 719 1447 773 luereticus
1471 714 1745 772 Christum
1773 713 1956 767 dicere

357 837 478 879 esse
506 820 674 877 Demn
703 836 716 871 :
750 831 911 888 quem
953 814 1122 870 Deum
1170 822 1246 867 tot
1289 819 1346 868 et
1376 809 1536 866 rebus
1570 810 1585 839 ¹
1615 807 1956 864 animadver—

359 915 396 969 ti
461 924 514 967 et
547 911 766 965 vocibus
825 908 1202 978 approbatum.
1256 901 1312 959 Si
1365 904 1526 956 homo
1583 899 1956 958 tantummodo

356 1002 626 1064 Christus,
657 1000 930 1073 quomodo
962 999 1184 1053 veniens
1222 997 1274 1050 in
1320 996 1458 1050 hunc
1489 993 1746 1049 mundmn
1779 994 1829 1046 in
1860 1006 1955 1048 sua

357 1099 523 1163 venit,
548 1111 670 1152 cum
704 1096 866 1150 homo
913 1094 1115 1150 nullum
1168 1090 1353 1146 fecerit
1393 1089 1685 1144 mundum?
1709 1089 1762 1142 Si
1794 1087 1954 1142 homo

361 1189 734 1248 tantummodo
757 1187 1038 1254 Christus;
1081 1185 1350 1255 quomodo
1383 1183 1614 1237 mundus
1645 1198 1741 1252 per
1783 1183 1956 1251 ipsum

356 1284 528 1339 factus
550 1297 668 1338 esse
699 1279 954 1347 refertur,
987 1293 1108 1333 cum
1143 1293 1246 1334 non
1280 1291 1373 1346 per
1403 1275 1674 1332 hominem
1700 1273 1951 1337 mundus,

357 1377 452 1433 sed
493 1389 611 1449 post
648 1374 904 1429 mumlum
938 1377 1097 1425 homo
1126 1372 1401 1426 institutus
1441 1368 1738 1424 referatur?
1763 1365 1817 1422 Si
1858 1370 1954 1422 ho-

355 1486 444 1527 mo
478 1465 850 1524 tantummodo
877 1463 1147 1524 Christus.
1197 1461 1469 1532 quomodo
1505 1475 1610 1515 non
1641 1476 1705 1515 ex
1748 1459 1959 1513 semine

357 1573 562 1620 tantum
600 1561 763 1615 David
787 1558 1039 1613 Christus
1060 1599 1074 1622 ,
1103 1557 1197 1612 sed
1224 1556 1460 1612 Verbum
1480 1571 1604 1611 caro
1629 1554 1848 1608 facttum
1877 1563 1960 1609 est

356 1666 410 1713 et
439 1653 700 1710 habitavit
741 1653 794 1708 iu
825 1651 1018 1705 uobis?
1068 1648 1202 1704 Nam
1232 1650 1332 1703 etsi
1362 1649 1726 1719 protoplastus
1759 1663 1863 1701 non
1891 1662 1959 1702 ex

359 1748 600 1814 semine,
633 1745 726 1800 sed
757 1754 930 1802 tamen
965 1742 1334 1814 protoplastus
1364 1758 1470 1798 non
1499 1750 1666 1796 estex
1707 1740 1864 1794 Verbi
1905 1748 1961 1795 et

1595 343 1683 401 DE
1723 338 2092 400 TRINI'I'ATE
2131 336 2356 396 LIBER.

1985 461 2039 519 Α
2065 471 2186 512 nem
2218 454 2565 510 commissum
2616 451 2872 509 delictum
2915 453 3179 510 referatur
3227 467 3387 524 posse
3423 455 3668 513 dimitti?

3553 345 3659 404 9I0

2060 551 2112 604 Si
2140 550 2300 603 homo
2350 549 2724 603 tantummodo
2794 547 3070 612 Christus,
3116 548 3387 618 quomodo
3432 549 3669 606 Joannes

2062 642 2298 709 Baptista
2337 652 2560 696 testatur
2602 651 2656 696 et
2702 640 2830 694 dicit
2871 639 3048 709 (Joan.
3081 656 3119 705 ι,
3167 641 3296 709 15);
3330 641 3428 705 Qui
3452 653 3562 711 post
3592 662 3670 698 :ue

2059 734 2211 795 venit,
2247 746 2362 786 ante
2394 750 2468 786 me
2496 734 2662 802 [actus
2692 742 2780 793 est,
2814 733 2934 800 quia
2979 732 3118 799 prior
3149 748 3227 785 me
3269 733 3400 798 fuit;
3445 748 3587 796 cum,
3624 737 3670 790 si

2062 825 2222 880 homo
2273 827 2642 882 tantummodo
2695 825 2961 887 Christus,
3012 836 3130 895 post
3176 825 3437 881 JOannem
3491 841 3667 897 natus,

2060 929 2184 974 ante
2231 919 2492 974 Joannem
2529 934 2649 973 esse
2681 935 2784 972 non
2841 919 3027 987 pOSsit,
3081 919 3178 971 nisi
3211 921 3460 988 quoni.un
3495 920 3669 987 illum,

2061 1029 2162 1082 qua
2195 1014 2330 1066 Deus
2366 1021 2479 1079 est,
2503 1022 2626 1066 ante
2665 1011 2979 1081 praecessit?
3007 1010 3062 1064 Si
3099 1011 3257 1064 homo
3304 1013 3671 1069 tantummodo

2060 1102 2307 1158 Christus
2331 1147 2344 1171 ,
2387 1105 2655 1174 quomodo
2687 1104 2863 1173 (Joan.
2890 1120 2942 1170 v,
2973 1102 3064 1175 I9)
3102 1119 3215 1168 qua:
3251 1103 3406 1158 Pater
3448 1107 3586 1171 facit,
3623 1117 3670 1160 et

2062 1195 2232 1251 Filius
2264 1197 2387 1266 facit
2418 1197 2665 1259 similiter,
2699 1211 2818 1250 cum
2868 1195 3026 1250 homo
3057 1196 3369 1249 cmlestibus
3417 1198 3674 1266 operibus

2062 1289 2156 1343 Dei
2198 1289 2393 1342 similia
2440 1303 2603 1358 opera
2650 1288 2827 1342 facere
2873 1305 2978 1342 non
3037 1288 3314 1357 possit?Si
3355 1288 3514 1343 hOmo
3558 1300 3671 1342 ιτιιι-

2063 1382 2340 1436 tummodo
2364 1379 2609 1434 Christus
2630 1423 2642 1442 ,
2687 1381 2956 1452 quomodo
3002 1383 3129 1434 sicut
3159 1381 3317 1435 Pater
3363 1383 3414 1435 in
3446 1399 3499 1436 se
3523 1386 3680 1437 vitam

2063 1477 2232 1542 habet,
2263 1478 2332 1529 ita
2364 1477 2500 1528 dedit
2528 1473 2666 1529 Filio
2689 1479 2840 1528 vitam
2867 1475 3048 1528 habere
3077 1477 3128 1530 in
3175 1479 3440 1546 semetipso
3492 1476 3672 1549 (Joan.

2064 1569 2410 1640 v,‘26);cum
2453 1570 2701 1641 exetnplo
2743 1570 2917 1624 Patris
2959 1571 3085 1637 Dei,
3128 1570 3290 1625 homo
3321 1571 3372 1624 in
3407 1587 3465 1625 se
3513 1573 3675 1626 vitam

2063 1665 2264 1720 habere
2297 1680 2400 1717 non
2437 1665 2622 1733 possit,
2655 1679 2773 1718 Cum
2806 1680 2909 1717 non
2940 1664 2989 1717 iu
3021 1665 3320 1717 :eteruitate
3361 1665 3430 1718 sit
3473 1664 3675 1735 glorio-

2063 1773 2174 1825 sus,
2201 1757 2295 1811 Sed
2341 1757 2395 1810 in
2446 1757 2667 1810 materia
2719 1755 3058 1810 mortalitatis
3102 1755 3360 1810 effectus?
3401 1756 3456 1811 Si
3517 1759 3679 1811 homo

357 1841 540 1897 carnis
586 1839 965 1909 conjunctione
1022 1845 1308 1890 concretus
1342 1851 1354 1887 :
1391 1851 1496 1889 non
1528 1844 1610 1889 est
1638 1833 1780 1888 enim
1824 1832 1958 1886 Ver-

2083 1846 2738 1909 .antummodoChristus;
2767 1847 3037 1916 quomodo
3068 1849 3248 1912 refert,
3289 1848 3397 1919 Ego
3441 1866 3550 1902 sum
3591 1866 3684 1918 pa-

359 1932 491 1988 bum
518 1948 645 1987 caro
668 1930 865 1985 factum
895 1939 946 1984 et
971 1928 1233 1983 habitavit
1266 1929 1317 1982 in
1361 1927 1536 1983 nobis.
1570 1927 1624 1982 Si
1657 1927 1820 1982 homo
1843 1936 1962 1982 tan-

365 2024 640 2082 tummodo
703 2022 978 2088 Christus,
1058 2021 1330 2090 quomodo
1382 2022 1467 2091 qui
1525 2022 1587 2075 de
1640 2025 1765 2078 creto
1811 2028 1964 2094 venit,

361 2133 476 2191 quae
503 2118 622 2170 vidit
653 2127 698 2169 et
730 2118 749 2146 ²
777 2115 940 2171 audiit
988 2115 1286 2183 testiﬁcatur
1336 2114 1516 2187 (Joan.
1574 2131 1650 2178 ιιι,
1706 2118 1794 2179 51,
1849 2118 1966 2188 52),

365 2228 486 2269 cum
515 2221 728 2267 constet
759 2210 1034 2266 hominem
1074 2210 1143 2264 de
1181 2211 1322 2267 ron
1344 2251 1360 2277 ,
1391 2213 1513 2280 quia
1547 2212 1617 2266 ibi
1665 2212 1812 2267 nasci
1864 2228 1968 2267 non

363 2308 555 2378 possit,
609 2307 797 2360 venire
853 2319 960 2362 non
1018 2303 1212 2373 posse?
1263 2304 1316 2357 Si
1377 2306 1540 2358 homo
1598 2304 1970 2360 tantummodo

367 2397 636 2463 Christus,
669 2396 940 2468 quomodo
973 2395 1107 2463 (Col.
1131 2412 1167 2459 I,
1200 2393 1289 2466 16)
1319 2395 1537 2450 visibilia
1587 2406 1632 2449 et
1672 2396 1968 2464 inuisibilia,

371 2492 592 2557 Throni,
637 2489 854 2544 Virtutes
884 2500 930 2543 et
967 2489 1351 2543 Dominatiunes
1384 2505 1478 2558 per
1510 2491 1682 2559 ipsum
1715 2491 1836 2542 etin
1854 2490 1971 2559 ipso

372 2596 551 2641 creata
607 2598 728 2639 esse
776 2582 1107 2644 referuntur,
1149 2597 1271 2637 cum
1301 2581 1540 2637 Virtutes
1597 2583 1850 2639 cmlestes
1879 2599 1974 2652 per

374 2678 647 2734 hominem
694 2675 811 2730 fieri
859 2689 965 2731 nun
1001 2675 1309 2744 potuerint,
1359 2690 1479 2744 quae
1526 2685 1652 2730 ante
1702 2676 1971 2729 hominem

376 2772 552 2840 ipsum
583 2783 706 2824 esse
742 2766 1072 2821 debuerint?
1104 2766 1160 2823 Si
1204 2766 1369 2822 homo
1415 2768 1788 2822 tantummodo
1817 2766 1972 2822 (Ἀιιί-

379 2874 526 2930 stus,
557 2860 827 2933 quomodo
855 2859 1074 2929 (Matth.
1107 2877 1254 2920 xvut.
1287 2859 1383 2927 20)
1414 2860 1568 2916 adest
1596 2861 1790 2932 ubique
1820 2863 1974 2916 invo-

383 2965 556 3022 catus,
587 2969 705 3010 cum
739 2955 854 3009 haec
881 2953 1116 3008 hominis
1148 2964 1335 3008 natura
1364 2970 1470 3008 non
1502 2955 1602 3018 sit,
1628 2955 1719 3009 sed
1758 2955 1886 3021 Dei,
1919 2963 1978 3009 ut

384 3052 575 3107 adesse
600 3051 742 3105 oumi
772 3050 891 3104 loco
915 3048 1124 3119 pos‘Il?
1155 3049 1210 3102 Si
1243 3047 1407 3104 homo
1435 3050 1805 3106 tantummodo
1823 3050 1979 3106 Chri-

384 3154 531 3211 stus,
567 3159 664 3197 cur
705 3143 866 3198 homo
904 3142 956 3196 in
995 3141 1330 3197 orationibus
1366 3141 1628 3198 Mediator
1674 3145 1973 3214 invocatur,

2072 1943 2150 1996 nis
2201 1943 2316 1994 vitae
2346 1952 2548 1994 teternce
2577 1941 2662 2008 qui
2703 1940 2765 1993 de
2793 1939 2917 1992 caelo
2957 1940 3189 1994 descendi
3233 1940 3410 2011 (Joan.
3439 1956 3518 2003 γι,
3552 1943 3678 2011 ῢΙ);

2071 2048 2192 2088 cum
2224 2049 2399 2102 neque
2442 2033 2592 2102 panis
2637 2033 2758 2085 vitae
2790 2034 2948 2087 homo
2981 2049 3100 2087 esse
3143 2034 3309 2101 possit
3340 2035 3451 2101 ipse
3489 2043 3689 2086 morta-

2072 2129 2160 2193 lis,
2197 2143 2294 2181 nec
2319 2127 2383 2180 de
2410 2128 2547 2180 coelo
2578 2124 2949 2189 descenderit,
2979 2126 3119 2179 nulla
3153 2128 3202 2180 in
3233 2127 3372 2180 coelo
3401 2135 3692 2180 constituta

2073 2221 2294 2274 materia
2341 2218 2680 2288 fragilitatis?
2706 2218 2759 2272 Si
2802 2218 2962 2271 homo
2995 2221 3364 2272 tantummodo
3405 2215 3651 2272 Christus
3677 2259 3691 2284 ,

2072 2311 2342 2384 quamodo
2367 2311 2516 2375 dicit,
2548 2311 2666 2380 quia
2686 2310 2893 2363 Patrem
2913 2309 3078 2364 Deum
3103 2328 3249 2364 nemo
3270 2310 3394 2363 vidit
3421 2327 3690 2379 umquam,

2074 2405 2174 2458 nisi
2228 2404 2312 2469 qui
2353 2415 2424 2457 est
2483 2420 2513 2455 a
2552 2400 2688 2466 Deo,
2748 2402 2829 2454 hic
2898 2403 3022 2455 vidit
3093 2401 3310 2455 Deum?
3355 2400 3517 2473 (Ibid.
3568 2401 3685 2473 46.)

2074 2496 2362 2562 Quoniam,
2398 2497 2440 2549 si
2475 2495 2635 2550 homo
2687 2495 3058 2550 tantummodo
3089 2496 3371 2564 Christus,
3419 2496 3585 2550 Deum
3615 2500 3696 2551 vi-

2075 2589 2204 2644 dere
2238 2605 2342 2641 non
2385 2589 2593 2656 potuit,
2636 2590 2756 2659 quia
2791 2589 2956 2642 Deum
2999 2604 3156 2642 nemo
3203 2588 3480 2643 hominum
3515 2590 3647 2643 vidit
3683 2608 3697 2644 :

2075 2683 2120 2738 si
2149 2691 2326 2735 autem
2372 2680 2499 2734 dum
2532 2697 2597 2734 ex
2629 2681 2740 2734 Dt-o
2768 2691 2872 2748 est,
2909 2681 3074 2734 Deum
3105 2680 3266 2746 vidit,
3300 2683 3416 2750 plus
3448 2697 3505 2736 se
3533 2698 3700 2752 quam

2078 2775 2374 2837 hominem,
2418 2774 2545 2828 dum
2629 2775 2792 2828 Deum
2869 2773 3024 2842 vidit,
3087 2774 3310 2843 intelligi
3387 2775 3566 2828 voluit.
3641 2775 3701 2830 Si

2078 2871 2243 2922 homo
2301 2866 2671 2922 tauttmuuodo
2725 2865 3010 2930 Christus,
3073 2881 3170 2919 cur
3220 2867 3395 2920 dicit:
3430 2867 3597 2930 Quid,
3659 2866 3706 2920 si

2078 2960 2303 3015 videritis
2356 2958 2547 3013 Filium
2612 2961 2832 3014 hominis
2878 2959 3232 3013 ascendentem
3283 2959 3405 3013 illuc
3455 2959 3538 3012 ubi
3587 2969 3704 3015 ante

2079 3055 2228 3108 erat?
2276 3051 2451 3124 (Ibid.
2501 3051 2628 3123 6.9..)
2677 3053 2933 3106 Ascendit
2969 3067 3146 3108 autem
3190 3053 3240 3106 in
3302 3052 3498 3107 etelum
3549 3069 3561 3105 :
3618 3047 3700 3105 ibi

2080 3162 2209 3218 ergo
2267 3144 2384 3212 fuit,
2423 3145 2546 3199 dum
2592 3144 2714 3199 illuc
2753 3145 2890 3199 redit
2924 3145 3009 3198 ubi
3056 3145 3201 3214 prius
3256 3143 3354 3197 fuit
3388 3143 3428 3194 ’⁵.
3472 3142 3623 3210 Quod
3655 3142 3706 3198 si

386 3253 506 3294 cmn
535 3239 801 3292 invocatio
829 3236 1061 3291 hominis
1096 3235 1162 3290 ad
1197 3237 1551 3303 praestandam
1581 3237 1807 3292 salutem
1838 3240 1977 3296 inef-
2007 3251 2053 3314 ρ
2085 3239 2153 3294 de
2175 3238 2314 3294 caelo
2344 3238 2587 3292 missusa
2612 3236 2774 3292 Patre
2803 3247 2907 3296 est.
2942 3253 3047 3290 non
3082 3236 3268 3306 utique
3300 3235 3460 3290 homo
3493 3244 3700 3288 tantum

388 3330 854 3398 ﬁcaxjudicetur?
876 3329 932 3384 Si
959 3329 1118 3384 homo
1173 3328 1544 3384 tantmnmodo
1583 3328 1861 3398 Christus,
1889 3349 1984 3388 cur

390 3423 432 3497 (1
461 3423 596 3480 Tim.
630 3441 668 3489 t,
699 3422 752 3496 I)
777 3437 900 3489 spes
925 3421 979 3476 in
1010 3422 1160 3476 illum
1194 3421 1427 3491 ponitur.
1461 3437 1580 3476 cum
1605 3421 1738 3493 (Jer.
1776 3441 1903 3492 xvii,
1929 3427 1985 3499 5)

393 3531 516 3589 Spes
557 3519 608 3571 in
647 3517 866 3572 homine
914 3516 1196 3572 maledicta
1245 3516 1542 3572 referatur?
1583 3517 1638 3573 Si
1676 3520 1835 3576 homo
1863 3531 1986 3575 tau-

394 3610 671 3666 tummodo
709 3608 987 3674 Christus,
1031 3624 1129 3663 cur
1177 3607 1390 3674 (Matth.
1450 3627 1505 3676 ιι,
1564 3612 1654 3681 55)
1699 3629 1803 3666 non
1863 3613 1989 3669 licet

397 3705 668 3762 Christum
691 3704 808 3760 sine
836 3703 1002 3760 exitio
1030 3706 1224 3760 anima:
1269 3703 1290 3736 ³
1332 3705 1540 3776 negari,
1581 3722 1703 3762 cum
1734 3708 1785 3761 in
1821 3707 1992 3762 homi-

2056 3343 2170 3412 ,εει
2202 3349 2213 3384 ;
2248 3332 2408 3384 homo
2449 3332 2615 3395 enim,
2667 3341 2724 3384 ut
2770 3329 3023 3396 diximus,
3055 3329 3122 3384 de
3175 3329 3313 3384 CCBIu
3366 3329 3549 3383 venire
3597 3343 3704 3382 non

2091 3428 2278 3498 potuit.
2313 3425 2429 3480 Non
2458 3425 2618 3495 igitur
2644 3425 2712 3477 ibi
2741 3435 2866 3479 ante
2890 3423 3049 3478 homo
3081 3424 3198 3489 fuit,
3229 3420 3322 3478 sed
3364 3424 3487 3477 illuc
3512 3438 3704 3476 ascen-

2088 3521 2275 3577 ditubi
2303 3536 2405 3574 non
2447 3522 2562 3574 fuit.
2603 3519 2892 3575 Descendit
2929 3530 3107 3573 autem
3151 3519 3242 3573 Dei
3277 3518 3533 3578 Verbum,
3558 3516 3703 3588 quod

2091 3615 2163 3670 ibi
2215 3614 2332 3670 fuit.
2379 3614 2647 3681 Verbum,
2685 3613 2932 3685 inquam,
2988 3612 3080 3666 Dei
3124 3622 3177 3668 et
3220 3612 3361 3666 Deus
3406 3626 3502 3682 per
3544 3625 3705 3679 quem

2092 3710 2229 3764 facta
2260 3715 2385 3762 sunt
2435 3708 2614 3762 omnia
2650 3749 2664 3775 ,
2751 3716 2806 3762 et
2845 3707 2962 3762 sine
3016 3722 3122 3776 quo
3186 3705 3384 3760 factum
3437 3711 3521 3759 est
3573 3695 3710 3756 mbil

1575 3824 1948 3881 GALLANDII
1978 3823 2546 3882 COMMENTARIUS.

481 3944 498 3973 ι
527 3941 910 3996 Animadvertit.
944 3942 1206 4013 Gagnzeus
1235 3940 1361 4012 legit
1388 3941 1834 4010 Animadverterit,
1867 3940 2011 4013 quod

407 4025 585 4073 tamen
613 4014 828 4080 perinde
855 4025 956 4068 est.

476 4089 497 4120 ⁸
529 4087 726 4140 Audiit.
756 4085 831 4140 Ita
856 4097 1067 4139 exstare
1090 4085 1141 4138 in
1175 4098 1280 4137 uno
1300 4083 1421 4137 cod.
1442 4083 1682 4144 Pamelii,
1705 4084 1897 4138 asserit
1917 4083 2007 4138 Ja-

406 4159 642 4284 ck‘sionn:
672 4176 686 4213 :
714 4174 873 4228 quam
905 4157 1132 4226 proinde
1176 4156 1459 4212 lecticuem
1507 4157 1860 4222 restituimus,
1911 4171 2009 4225 pro

409 4249 471 4285 au
515 4240 550 4282 ιι
572 4248 618 4284 et
647 4241 725 4286 ut.

459 4248 550 4284 ιαιι
572 4248 725 4285 ειιιιι.

480 4301 502 4332 ⁸
534 4299 748 4373 Negari.
783 4302 948 4358 Forte
979 4313 1206 4370 negare:
1237 4297 1332 4355 sed
1377 4298 1506 4352 nihil
1550 4297 1885 4354 mutandum.
1917 4296 2012 4353 JA-

413 4385 597 4430 XCSON.

484 4444 507 4523 ξ
537 4446 687 4523 Quod
711 4446 755 4523 si
773 4445 836 4523 de
850 4445 1119 4523 ca’lo.etc.
1146 4441 1202 4496 In
1232 4441 1480 4496 omnibus
1507 4441 1682 4523 editis,
1716 4450 1835 4510 post
1858 4441 2016 4496 verba
2045 4463 2094 4523 ι)

413 4517 501 4572 ubi
532 4520 671 4585 prius
721 4520 852 4587 fuit,
896 4516 1151 4570 continuo
1198 4525 1538 4582 Sequuntur;
1579 4514 1795 4587 Exquo
1833 4529 2012 4566 ntunus

418 4605 640 4658 ponere.
674 4590 889 4658 ﬁguram
927 4601 972 4640 et
1017 4590 1232 4658 [orntum
1276 4587 1498 4658 futuram
1545 4586 1791 4653 passionis
1840 4598 2012 4638 osten-

420 4657 565 4713 dens.
614 4657 780 4714 Nemo
818 4661 973 4731 igitur
1005 4657 1263 4731 Christum
1292 4660 1422 4710 sicut
1464 4657 1714 4731 Angela»;
1740 4674 1838 4731 non
1867 4657 2015 4731 dubi-

423 4741 495 4784 tat
526 4731 710 4794 dicere,
738 4728 852 4785 etcf
890 4729 952 4786 Ut
1014 4729 1244 4798 primum
1306 4731 1419 4780 have
1466 4728 1708 4797 legerim,
1739 4728 2010 4796 obstupui.

424 4801 694 4866 Quorsum
740 4805 880 4856 enim
925 4803 1057 4864 hu-c,
1092 4799 1172 4854 Ex
1211 4816 1309 4868 quo
1355 4817 1533 4853 manus
1561 4815 1772 4867 ponere,
1803 4810 1936 4864 ete.,
1967 4806 2020 4852 et

425 4872 550 4939 quid
583 4874 738 4927 nobis
761 4875 876 4927 lteie
900 4873 1001 4926 loci
1032 4888 1152 4923 eum
1184 4870 1374 4939 Angela
1399 4870 1633 4935 Christo,
1666 4871 1730 4923 de.
1755 4887 1861 4941 quo
1894 4872 2020 4924 hac-

427 4953 584 4999 tenus
629 4945 793 4997 altum
849 4942 1156 4998 sib-ilium?
1189 4944 1322 5007 Quid
1355 4956 1530 4996 aetum
1559 4955 1640 4996 est
1677 4944 1743 4994 de
1770 4945 2023 4995 omnibus

427 5017 712 5083 εχιιιιινΙις,
740 5018 805 5068 de
823 5017 1014 5079 quibus
1038 5029 1156 5066 ιιιοι
1191 5013 1445 5080 Ιοιιιιὶιιιν.
1479 5016 1544 5066 Al
1569 5030 1729 5081 quum
1748 5024 1906 5082 caput
1931 5015 2021 5077 23,

429 5088 559 5143 edit.
617 5087 839 5142 Pamelii
899 5096 1215 5155 attigi-ram,
1263 5097 1637 5152 argumentum
1691 5087 1758 5138 de
1811 5087 2026 5138 Christo

430 5160 542 5214 Deo
579 5161 740 5213 simul
789 5169 845 5214 et
897 5159 1115 5212 homine
1167 5160 1538 5226 intempestive
1592 5156 1707 5210 heie
1759 5156 2026 5210 ίηΙΘιΊιιὶδ-

432 5244 576 5295 Sum,
625 5232 1057 5299 intempestivi-ius
1105 5229 1211 5282 illic
1257 5232 1610 5283 instauratum
1651 5231 1845 5294 reperi.
1883 5229 2029 5282 Lite-

433 5303 549 5355 rius
578 5320 741 5371 porro
776 5305 1050 5370 pergenti,
1096 5301 1239 5355 varia
1267 5305 1334 5356 de
1359 5301 1576 5355 Cillism
1609 5300 1814 5371 Auge-lo
1845 5316 2030 5371 exent-

436 5376 520 5444 pla
561 5369 921 5428 occurrerunt
951 5389 1118 5443 ustpte
1169 5376 1232 5426 ad
1279 5373 1440 5428 finem
1468 5372 1654 5444 capiti.
1684 5369 1754 5422 ‘27
1775 5419 1802 5444 ,_
1825 5373 1938 5444 ubi,
1965 5369 2034 5424 de

435 5442 641 5502 iactibo
683 5442 1245 5500 transversasmanus
1273 5445 1497 5498 Mana~si
1531 5452 1585 5495 et
1611 5442 1900 5507 I'lphraimo
1929 5442 2030 5492 itu-

437 5519 656 5588 poneuli
684 5519 860 5584 agitur
889 5534 908 5572 :
939 5529 986 5570 et
1022 5528 1180 5585 caput
1209 5515 1425 5568 domum
1450 5514 1718 5567 clauditur
1744 5513 2033 5577 sententia,

436 5590 503 5644 ad
533 5605 692 5658 quam
728 5590 841 5644 haec
875 5591 1055 5657 verba,
1093 5589 1172 5642 ιςω
1192 5603 1290 5653 quo
1319 5604 1498 5658 atauus
1527 5601 1734 5658 ponere,
1765 5596 1893 5638 eun.
1921 5599 2036 5636 ma-

440 5656 586 5731 xime
616 5673 858 5730 speet-ant
893 5656 1122 5731 .‘Capitis
1157 5675 1287 5714 vero
1332 5657 1540 5710 initium
1585 5656 2035 5731 28_nequaquam.

449 5730 516 5787 Ut
565 5727 691 5786 vero
733 5735 847 5788 haec
891 5727 1104 5803 aliaque
1140 5745 1262 5803 qua:
1295 5743 1580 5803 recensere
1619 5727 1777 5803 uiinis
1822 5727 2039 5796 longum

447 5811 612 5871 esset,
641 5796 1029 5873 observarim;'
1057 5796 1200 5860 haud
1247 5799 1592 5858 mediocriter
1638 5796 1853 5870 gavisus
1897 5813 2038 5868 sum,

2114 3941 2259 4011 quod
2285 3941 2439 3993 istam
2478 3938 2600 3992 libri
2640 3944 2846 4006 partem
2879 3949 3041 4004 quam
3081 3934 3234 4004 quasi
3286 3934 3501 4011 penitus
3546 3934 3712 4011 amis-

2117 4005 2230 4065 sam
2287 4005 2736 4077 deploraverunt,
2787 4012 3046 4072 integram
3070 4021 3226 4070 Sane,
3277 4013 3331 4058 et
3378 4005 3497 4057 loco
3535 4006 3711 4060 solum

2111 4083 2288 4135 alieno
2319 4081 2572 4148 positam,
2606 4079 2817 4130 ιςιιιιΙνιιι
2854 4077 3282 4148 inveneriunDe
3328 4089 3709 4148 causaanimi

2116 4165 2275 4207 tantae
2321 4144 2495 4219 hujus
2532 4149 2867 4203 confusionis
2907 4147 3028 4200 dein
3083 4147 3361 4219 eo.._itaitti,
3408 4145 3547 4219 nulla
3583 4144 3715 4219 mihi

2117 4236 2222 4279 tam
2279 4214 2566 4291 probabilis-
2610 4221 2715 4274 \isa
2771 4229 2882 4282 est,
2938 4234 3094 4287 quam
3143 4217 3426 4291 bibliopegi
3469 4214 3709 4291 incuria;

2117 4298 2205 4364 qui
2239 4287 2438 4349 codicis
2467 4294 2617 4348 istius
2645 4308 2707 4346 ex
2742 4307 2848 4361 quo
2881 4292 3058 4343 oiunia
3089 4307 3213 4364 quae
3244 4304 3385 4342 mmc
3416 4287 3714 4364 Itala-inus,

2119 4359 2451 4434 exemplaria
2508 4359 2811 4430 manarunt,
2846 4378 3006 4416 lllllllll
3054 4363 3348 4434 alterumve
3401 4359 3716 4434 quaternio-

2125 4457 2242 4492 nent
2286 4429 2436 4490 extra
2479 4437 2722 4490 ordinem
2753 4429 2906 4486 suum
2953 4435 3262 4498 Comet-erit.
3301 4433 3473 4500 Atque
3509 4429 3621 4482 h:rc
3651 4442 3717 4482 eo

2124 4509 2432 4581 prohahilor
2465 4510 2574 4562 visa
2598 4522 2678 4561 est
2699 4549 2711 4567 ,
2742 4506 3234 4581 qumlpaginarum
3265 4515 3626 4581 seruumque
3661 4501 3714 4552 in

2119 4574 2342 4650 utraque.
2373 4590 2520 4643 parte
2550 4582 2626 4632 sic
2655 4578 3106 4650 malecollm'ata,
3140 4592 3234 4643 par
3264 4574 3374 4627 fere
3413 4575 3478 4650 sit
3526 4586 3718 4624 timue-

2117 4670 2230 4707 rus.
2259 4644 2566 4719 Utcumque
2599 4667 2724 4704 vero
2763 4649 2809 4700 id
2837 4648 2924 4708 sit,
2970 4649 3133 4701 si-hed
3156 4644 3574 4719 It'llll_l_‘tirtiillelll
3611 4652 3718 4719 tur-

2121 4725 2300 4778 batum
2348 4714 2638 4777 esse-satis
2659 4731 2864 4773 eonStat
2890 4735 2904 4781 ;
2935 4728 2989 4771 et
3024 4718 3220 4770 eximie
3249 4715 3481 4769 difficilis
3516 4724 3570 4769 et
3597 4714 3724 4764 obs-

2121 4813 2247 4850 cura
2284 4798 2417 4848 facta
2451 4805 2530 4847 est
2569 4793 2884 4860 Disputatio,
2931 4790 3098 4842 facilis
3145 4789 3277 4860 alias
3327 4799 3378 4840 et
3406 4800 3610 4853 aperta,
3644 4783 3720 4836 uti

2125 4882 2264 4922 nutu:
2293 4870 2481 4920 iterum
2516 4859 2721 4918 reddita
2752 4873 2868 4921 ed;
2903 4861 3118 4913 sebedis
3154 4859 3218 4911 ad
3245 4860 3455 4927 propria
3489 4861 3601 4910 lora
3637 4872 3721 4909 re-

2124 4939 2314 4993 ductis.
2382 4936 2698 4990 VVELcuusu
2748 4933 2900 4986 —Iu
2947 4931 3188 4985 eamdem
3238 4931 3557 4984 sententiam
3608 4934 3728 4991 post

2126 5010 2261 5064 Welt
2286 5009 2374 5062 ltm
2395 5026 2538 5060 utnm
2570 5006 2892 5060 .Iaeksmtus.
2940 5007 3076 5056 Ante
3108 5011 3391 5062 utrumque
3425 5014 3550 5051 Vero
3580 5001 3725 5061 ejus-

2130 5081 2270 5134 modi
2302 5079 2675 5134 ClIltrlhItlllelll
2717 5079 2764 5128 iu
2797 5075 3090 5128 Novatiztuo
3121 5076 3284 5141 probe
3313 5081 3532 5124 noverat
3553 5065 3724 5141 ACote-z

2130 5153 2293 5205 Iet'itts
2324 5151 2376 5204 in
2413 5150 2641 5203 Monum.
2675 5148 2815 5200 Eccl.
2840 5146 2956 5208 Gn,
2995 5137 3132 5197 ιοιιιξ
3175 5159 3252 5206 ιιι,
3304 5159 3418 5210 pag.
3464 5139 3602 5204 654,
3637 5137 3727 5191 ubi

2132 5235 2178 5277 et
2214 5223 2450 5272 aut-toris
2471 5235 2605 5288 Opus
2634 5218 2954 5287 permixtum
2990 5218 3040 5267 in
3070 5214 3586 5288 ordinemredigere
3616 5219 3727 5288 stu-

2133 5296 2268 5348 duit.
2305 5292 2472 5344 Porro
2512 5281 2579 5342 ἰιι
2608 5281 2806 5342 clarius
2831 5299 3002 5355 pateat
3053 5284 3364 5338 mutationis
3411 5284 3546 5336 ratio
3582 5281 3732 5355 novi-

2136 5380 2237 5432 que
2266 5361 2469 5416 ordinis
2499 5362 2784 5422 rc-stilutio,
2823 5351 3072 5432 [:tbeliani
3122 5356 3458 5432 sulqieimus‘,
3490 5368 3591 5422 qua
3620 5351 3736 5406 edi-

2139 5428 2214 5490 tio
2243 5445 2422 5486 nostra
2449 5434 2646 5487 collata
2677 5447 2797 5486 cum
2823 5430 3129 5484 Pameliana
3150 5428 3456 5482 exhibetur.

2211 5504 2353 5559 Etlit.
2386 5520 2500 5556 nov.
3209 5498 3347 5552 Edit.
3384 5493 3622 5551 Punici-ii.

2213 5578 2390 5632 CAPUT
2433 5590 2523 5628 xv.
2608 5613 2621 5627 .
2703 5611 2716 5625 .
2802 5614 2813 5628 .
2892 5581 2974 5626 est
3052 5609 3064 5622 .
3147 5612 3157 5623 .
3243 5612 3254 5623 .
3335 5584 3490 5624 χχιιι.

2430 5662 2543 5702 XVI.
2627 5683 2641 5697 .
2731 5685 2744 5698 .
2835 5683 2848 5697 .
2940 5682 2953 5697 .
3040 5683 3052 5696 .
3138 5681 3150 5695 .
3233 5681 3247 5696 ο
3334 5656 3488 5698 XXIV.

2433 5733 2560 5774 ιιίι.
2642 5755 2656 5769 ο
2740 5755 2752 5770 ο
2836 5758 2848 5772 .
2932 5756 2943 5768 .
3029 5756 3038 5767 .
3123 5754 3135 5768 .
3236 5754 3248 5768 .
3340 5728 3470 5766 XXV.

2433 5805 2581 5846 XVIII.
2657 5828 2668 5843 .
2751 5831 2765 5846 .
2851 5829 2862 5842 .
2949 5828 2958 5839 .
3042 5827 3053 5841 .
3138 5825 3150 5838 ο
3233 5825 3245 5839 .
3343 5797 3488 5840 XXVI.
