4256 6250
378 270 484 327 9ιῦ

1651 277 1738 332 DE
1778 278 2148 336 TRINITATE
2189 281 2415 337 LIBER.

3573 290 3678 348 914

375 387 585 444 litatem
620 403 637 444 :
680 401 788 443 non
817 388 1001 460 utique
1032 387 1194 446 homo
1224 399 1428 446 tantum
1472 401 1584 459 est,
1625 398 1716 464 qui
1758 405 1974 464 prmstat
2001 400 2052 461 Α
2079 398 2212 451 [tunc
2242 398 2507 464 mundum,
2540 414 2624 453 vos
2654 399 2839 464 dicitis,
2871 403 2990 471 quia
3021 402 3364 473 blasphemas,
3393 406 3513 475 quia
3542 406 3672 474 dixi,

375 480 877 546 immortalitatem;
906 497 1067 551 quam
1089 525 1104 550 ,
1135 485 1179 538 si
1213 486 1586 542 tantummodo
1618 486 1780 542 homo
1811 500 1978 558 esset,

379 583 644 645 praestare
674 589 779 629 non
809 585 994 646 posset
1031 595 1044 630 :
1088 579 1396 648 praestando
1433 592 1613 635 autem
1641 581 1978 642 divinitatem

376 682 479 739 per
530 667 1026 734 immortalitatem,
1086 670 1254 725 Deum
1308 689 1366 728 se
1417 676 1605 744 prohat
1644 675 1979 734 divinitatem

383 760 731 830 porrigenda,
760 777 920 832 quam
953 762 1053 816 nisi
1085 763 1225 819 Deus
1251 775 1415 829 esset,
1443 780 1697 834 prmstare
1729 785 1832 823 non
1859 785 1982 840 pos-

382 862 485 907 set.
516 852 573 908 Si
603 853 764 907 homo
797 853 1166 910 tantummodo
1187 855 1465 926 Christus,
1493 860 1764 928 quomodo
1809 862 1982 932 inquit

380 946 512 1000 Ante
532 945 790 998 Abraham
813 962 904 1015 ego
923 948 1072 1000 sum?
1104 945 1298 1018 (Joan.
1329 965 1444 1015 vnt,
1477 950 1568 1005 58.
1596 951 1809 1022 )Nemo
1836 953 1980 1007 enim

378 1040 658 1095 hominum
701 1051 826 1096 ante
851 1056 973 1096 eum
1000 1051 1173 1110 potest
1197 1056 1317 1097 esse
1356 1059 1420 1098 ex
1452 1059 1558 1113 quo
1586 1045 1700 1114 ipse
1728 1057 1809 1100 est
1834 1063 1847 1110 ;
1883 1062 1982 1102 nec

375 1143 556 1204 potest
596 1133 711 1188 ﬁeri
755 1133 858 1186 ut'
901 1133 1182 1203 quisquam
1228 1133 1375 1202 prius
1433 1133 1594 1189 fuerit
1647 1146 1774 1190 ante
1827 1136 1979 1192 illum

377 1240 441 1280 ex
483 1238 592 1294 quo
630 1226 746 1294 ipse
772 1223 1037 1295 originem
1079 1225 1330 1294 sumpsit.
1380 1225 1486 1280 Sed
1527 1227 1669 1281 enim
1699 1227 1978 1294 Christus,

377 1333 500 1373 cum
529 1334 592 1371 ex
624 1317 897 1372 Abraham
936 1319 1041 1383 sit,
1086 1329 1212 1374 ante
1253 1318 1523 1374 Abraham
1569 1335 1688 1376 esse
1733 1336 1790 1375 se
1829 1321 1974 1377 dicit.

385 1416 494 1472 Aut
517 1415 776 1470 mentitur
799 1415 959 1484 igitur
979 1424 1033 1469 et
1055 1412 1189 1469 fallit
1214 1417 1256 1470 si
1281 1425 1405 1471 ante
1429 1415 1698 1470 Abraham
1722 1432 1829 1471 non
1858 1416 1975 1484 fuit,

379 1511 467 1580 qui
499 1527 565 1565 ex
605 1509 877 1564 Abraham
907 1507 1009 1563 fuit
1051 1527 1063 1562 :
1110 1517 1202 1564 aut
1247 1524 1353 1563 non
1395 1508 1534 1564 fallit
1565 1511 1607 1564 si
1639 1511 1800 1566 etiam
1841 1511 1981 1566 Deus

379 1613 480 1668 est,
514 1602 641 1658 dum
673 1613 799 1657 ante
825 1602 1098 1657 Abraham
1132 1603 1246 1656 fuit.
1280 1602 1436 1671 Quod
1465 1604 1566 1658 nisi
1601 1604 1810 1672 fuisset,
1851 1620 1981 1660 cou-

345 1703 669 1767 -sequenter
705 1709 826 1750 cum
872 1711 936 1750 ex
982 1693 1253 1750 Abraham
1284 1696 1509 1761 fuisset,
1556 1704 1680 1750 ante
1706 1697 1976 1751 Abraham

2086 485 2255 542 Filius
2281 488 2377 542 Dei
2404 505 2516 542 sum
2543 506 2634 559 ego
2667 487 2848 562 (Joan.
2877 508 2927 557 κ,
2956 493 3044 558 55,
3078 494 3191 564 56).
3221 495 3426 560 Quibus
3455 498 3680 553 vocibus

2086 596 2258 651 neque
2285 596 2344 638 se
2372 584 2586 653 negavit
2627 583 2793 638 Deum
2819 627 2834 652 ,
2877 587 3006 656 quin
3049 587 3214 642 immo
3254 589 3422 645 Deum
3463 606 3522 647 se
3561 607 3680 647 esse

2088 677 2336 732 firmavit.
2360 677 2492 732 Nam
2517 680 2640 749 quia
2665 680 2783 734 sine
2806 681 3140 737 dubitatione
3162 686 3233 739 dii
3259 701 3380 741 esse
3406 687 3677 754 dicuntur,

2084 770 2149 824 ad
2180 787 2314 840 quos
2348 772 2505 828 verba
2540 772 2631 826 Dci
2659 771 2796 828 facta
2821 785 2967 833 sunt:
3001 779 3171 832 multo
3199 781 3372 849 magis
3400 781 3484 835 hic
3516 782 3678 846 Deus,

2083 863 2172 931 qui
2207 864 2399 918 melior
2429 865 2534 918 illis
2573 865 2827 920 omnibus
2878 867 3168 924 invenitur.
3214 871 3282 926 Et
3332 873 3682 930 nihilominus

2085 957 2470 1014 calumniosam
2531 960 2920 1030 blasphemiam
2968 964 2989 993 ⁶
3030 965 3388 1034 dispositione
3449 968 3684 1038 legitima

2085 1065 2448 1123 congruenter
2489 1054 2741 1110 refutavit
2786 1074 2798 1110 :
2845 1058 3009 1111 Deum
3052 1061 3195 1114 enim
3239 1076 3297 1114 se
3337 1062 3413 1116 sic
3454 1063 3682 1133 intelligi

2084 1148 2218 1213 vult,
2253 1159 2308 1201 ut
2336 1148 2527 1202 Filium
2555 1149 2669 1214 Dei,
2725 1158 2780 1203 et
2833 1165 2937 1204 non
2996 1151 3169 1221 ipsum
3226 1152 3440 1208 Patrem
3473 1157 3493 1185 ⁷
3523 1157 3686 1210 vellet

2086 1241 2331 1311 intelligi.
2371 1239 2590 1295 Missum
2621 1242 2763 1296 enim
2797 1257 2856 1298 se
2897 1258 3019 1298 eSse
3059 1245 3192 1300 dixit
3248 1245 3354 1317 (Ib.
3387 1264 3435 1302 v.
3469 1245 3588 1319 32),
3630 1258 3686 1303 et

2084 1333 2251 1388 multa
2286 1349 2511 1403 operase
2541 1349 2608 1389 ex
2652 1333 2811 1389 Patre
2852 1336 3158 1392 ostendisse
3215 1340 3574 1404 monstravit;
3617 1355 3684 1394 ex

2082 1442 2188 1496 quo
2220 1442 2324 1482 n0u
2353 1427 2566 1483 Patrem
2597 1443 2677 1492 se,
2727 1429 2820 1484 sed
2852 1429 3048 1484 Filium
3077 1446 3199 1485 esse
3223 1431 3446 1501 intelligi
3479 1432 3683 1496 voluit;

2083 1529 2136 1576 et
2165 1521 2215 1574 in
2248 1521 2432 1575 ultima
2465 1520 2987 1590 partedefensiouis,
3015 1523 3158 1589 Filii,
3186 1539 3298 1578 non
3330 1525 3523 1591 Patris,
3564 1525 3689 1579 fecit

2082 1613 2409 1668 mentiOnem
2438 1613 2699 1669 dicendo:
2719 1613 2817 1669 Vos
2848 1615 3017 1670 dicitis
3052 1617 3171 1684 quia
3203 1617 3545 1689 blasphemas,
3565 1619 3687 1685 quia

2084 1705 2194 1760 dixi
2226 1721 2244 1760 :
2273 1704 2443 1760 Filius
2476 1705 2571 1760 Dei
2603 1723 2736 1760 sum.
2795 1707 2870 1762 Ita
2922 1707 3065 1779 quod
3099 1708 3163 1761 ad
3201 1709 3404 1764 crimen
3437 1708 3686 1779 blasphe—

381 1803 501 1844 esse
523 1803 628 1842 non
656 1793 856 1858 posset.
883 1785 940 1841 Si
965 1785 1127 1841 1101110
1150 1787 1520 1841 tantummodo
1543 1785 1809 1852 Christus;
1837 1803 1973 1858 quo.
2008 1793 2053 1853 Β
2082 1798 2204 1853 mim
2250 1799 2514 1868 pertinet,
2561 1799 2758 1854 Filium
2801 1815 2892 1866 se,
2937 1816 3043 1856 non
3086 1801 3299 1857 Patrem
3331 1803 3460 1858 dicit
3493 1823 3504 1858 ε
3539 1805 3682 1874 quod

380 1880 544 1935 modo
586 1881 658 1933 ait
704 1897 716 1933 :
755 1879 822 1933 Et
862 1894 952 1950 ego
992 1880 1012 1909 ³
1053 1895 1273 1949 agnosco
1338 1894 1426 1933 eas
1470 1888 1516 1932 et
1587 1889 1865 1948 sequuntur
1900 1898 1979 1936 me

382 1988 544 2037 meae;
573 1982 616 2027 et
642 1988 728 2043 ego
755 1973 908 2025 vitam
932 1981 1174 2026 cateruam
1206 1972 1271 2026 do
1305 1972 1431 2039 illis,
1464 1983 1511 2026 et
1537 1990 1811 2043 numquam
1843 1974 1978 2042 peri-

381 2070 507 2123 bunt
532 2068 583 2120 in
616 2066 951 2136 perpetuum?
978 2065 1155 2133 (Joun.
1191 2082 1242 2130 χ,
1275 2066 1365 2130 27,
1398 2065 1516 2135 28.)
1548 2066 1652 2122 Sed
1682 2067 1826 2122 enim
1853 2083 1976 2122 cum

380 2162 556 2218 omnis
587 2162 751 2215 homo
787 2159 1125 2214 mortalitatis
1162 2161 1232 2213 sit
1263 2158 1471 2228 legibus
1501 2159 1774 2231 alligatus,
1808 2169 1861 2215 et
1891 2161 1975 2214 id-

379 2255 523 2310 circo
551 2255 603 2308 in
633 2263 952 2323 perpetuum
981 2266 1041 2308 se
1070 2252 1182 2321 ipse
1203 2267 1420 2307 servare
1448 2267 1554 2306 non
1584 2253 1772 2321 possit,
1806 2254 1977 2307 multo

376 2345 549 2414 magis
575 2343 627 2399 in
656 2354 973 2415 perpetuum
1001 2343 1228 2398 alterum
1260 2359 1478 2400 servare
1509 2360 1615 2399 non
1647 2346 1868 2416 poterit.
1903 2348 1970 2402 At

381 2437 436 2491 in
475 2445 788 2505 perpetuum
818 2451 879 2491 se
913 2436 1162 2491 Christus
1191 2437 1522 2506 repromittit
1557 2439 1786 2492 salutem
1814 2438 1974 2494 datu-

382 2543 525 2591 rum;
555 2542 715 2598 quam
738 2527 783 2581 si
812 2543 918 2581 non
949 2526 1058 2591 dat,
1086 2526 1315 2582 mendax
1343 2537 1426 2581 est
1451 2547 1465 2582 :
1495 2529 1539 2582 si
1566 2528 1675 2593 dat,
1705 2529 1846 2585 Deus
1867 2540 1971 2586 est.

381 2619 486 2676 Sed
518 2636 623 2675 non
655 2620 822 2685 fallit;
852 2619 945 2674 dat
975 2620 1117 2675 enim
1147 2619 1287 2691 quod
1320 2621 1644 2690 repromittit
1676 2641 1689 2677 :
1721 2623 1862 2678 Deus
1890 2634 1976 2679 est

380 2723 532 2778 ergo,
560 2707 651 2776 qui
679 2707 905 2762 salutem
947 2717 1259 2776 perpetuam
1295 2707 1553 2775 porrigit;
1600 2724 1756 2776 quam
1786 2709 1967 2776 homo,

378 2801 472 2871 qui
497 2816 557 2856 se
588 2801 762 2870 ipsum
788 2814 1006 2854 servare
1034 2815 1139 2853 non
1172 2809 1370 2870 potest,
1400 2800 1554 2855 alteri
1584 2811 1841 2870 praestare
1866 2818 1971 2858 non

374 2896 597 2968 poterit.
639 2894 694 2950 Si
736 2893 900 2948 homo
944 2893 1318 2947 tantummodo
1357 2893 1639 2961 Christus,
1686 2895 1812 2958 quid
1850 2905 1971 2963 est,

373 2987 519 3061 quod
549 2988 622 3042 ait
654 3006 666 3041 :
701 2987 811 3058 Ego
837 2997 883 3042 et
915 2985 1071 3040 Pater
1099 3003 1254 3041 unum
1274 2987 1493 3040 sumus?
1520 2986 1622 3057 (Ib.
1641 2987 1820 3059 v.50.)
1838 2989 1975 3056 Quo-

371 3081 538 3138 modo
559 3081 700 3136 enim
736 3080 846 3151 Ego
877 3090 923 3134 et
956 3079 1110 3133 Pater
1139 3096 1293 3133 unum
1319 3096 1512 3146 sumus,
1543 3080 1588 3134 si
1615 3096 1719 3135 non
1749 3091 1802 3137 et
1831 3082 1973 3136 Deus

2082 1903 2257 1947 autem
2288 1894 2354 1947 ad
2384 1893 2717 1949 divinitatem
2768 1897 2790 1925 ⁸
2840 1903 3048 1965 spectet
3101 1895 3267 1966 ipsius
3289 1938 3302 1962 ,
3337 1896 3448 1968 Ego
3503 1907 3550 1951 et
3579 1896 3681 1949 Pn-

2084 1995 2158 2039 ter
2199 2002 2357 2039 unum
2398 2001 2576 2041 sumus
2615 1985 2832 2040 dicendo
2857 2028 2872 2052 ,
2922 1986 3115 2041 Filium
3157 2002 3216 2042 se
3258 2003 3380 2043 esse
3411 1998 3466 2043 et
3510 1989 3679 2043 Deum

2081 2075 2327 2146 probavit
2358 2095 2372 2132 :
2405 2077 2544 2132 Deus
2574 2087 2656 2132 est
2693 2092 2822 2149 ergo
2855 2095 2870 2133 :
2903 2079 3042 2134 Deus
3073 2087 3250 2135 autem
3291 2080 3390 2148 sic,
3424 2091 3481 2135 ut
3509 2079 3679 2136 Filius

2079 2169 2171 2232 sit,
2202 2185 2306 2224 non
2339 2169 2514 2224 Pater.

2510 2305 2738 2365 CAPUT
2779 2307 2921 2366 XVI.
2949 2313 3020 2365 al.
3057 2310 3247 2366 XXIV.

2177 2465 2374 2519 Iterum
2397 2482 2458 2521 ex
2482 2465 2762 2538 Evangelia
2787 2467 3045 2524 Christum
3079 2469 3242 2524 Deum
3271 2473 3584 2543 comprobat.

2155 2713 2211 2769 Si
2250 2715 2410 2768 homo
2437 2715 2808 2770 tantummodo
2836 2716 3084 2772 Christus
3107 2759 3123 2784 ,
3155 2720 3424 2786 quomodo
3458 2722 3572 2790 ipse
3599 2722 3680 2777 di-

2077 2807 2149 2861 cit
2182 2826 2194 2861 :
2227 2807 2288 2860 Et
2315 2808 2480 2861 omnis
2509 2810 2596 2877 qui
2624 2811 2642 2842 ⁹
2672 2808 2792 2862 vivit
2835 2819 2884 2862 et
2925 2810 3086 2865 credit
3115 2811 3168 2863 in
3201 2828 3297 2875 me,
3331 2828 3432 2865 non
3489 2814 3677 2867 morie-

2077 2909 2160 2953 tur
2188 2899 2241 2952 in
2271 2900 2558 2953 reternum?
2587 2898 2768 2973 (Joan.
2802 2917 2873 2964 XI,
2907 2900 3024 2969 26.)
3061 2901 3165 2956 Sed
3198 2903 3340 2957 enim
3372 2903 3458 2974 qui
3492 2904 3542 2958 in
3575 2905 3675 2960 lio-

2080 2990 2276 3045 niinem
2305 2992 2604 3046 solitarium
2633 2992 2804 3047 credit
2833 3002 2887 3047 et
2916 2993 3115 3046 nudum
3138 3038 3152 3060 ,
3200 2994 3517 3051 maledictus
3545 2996 3678 3050 dici-

2079 3091 2166 3136 tur
2189 3081 2324 3154 (Jer.
2354 3099 2490 3149 xvu,
2519 3084 2574 3154 5)
2603 3103 2615 3138 :
2652 3085 2768 3138 heic
2795 3094 2996 3147 autem,
3022 3085 3110 3154 qui
3133 3085 3308 3140 credit
3329 3087 3380 3141 in
3403 3086 3674 3142 Christum

375 3185 459 3232 est
488 3185 542 3231 et
583 3174 796 3230 Filius?
838 3173 928 3244 qui
968 3173 1169 3228 idcirco
1209 3189 1372 3227 unttm
1415 3183 1588 3243 potest
1615 3175 1718 3230 dici
1747 3177 1872 3230 dum
1904 3191 1973 3232 ex
1999 3186 2044 3250 ρ
2080 3188 2184 3227 non
2222 3174 2541 3229 maledictus
2567 3216 2581 3241 ,
2613 3175 2707 3230 sed
2739 3175 2790 3229 in
2834 3185 3096 3231 mternum
3129 3193 3237 3231 non
3271 3179 3566 3234 moriturus
3596 3196 3680 3234 re-

373 3269 494 3340 ipso
521 3277 627 3332 est,
657 3276 708 3322 et
739 3266 866 3322 dum
893 3265 1061 3319 Filius
1091 3265 1208 3334 ejus
1239 3274 1341 3330 est,
1373 3274 1424 3320 et
1453 3265 1580 3320 dum
1605 3282 1670 3321 ex
1702 3268 1816 3337 ipso
1847 3284 1972 3322 nas-

366 3362 510 3417 citur
548 3359 591 3425 ⁸,
635 3357 762 3413 dum
801 3373 866 3413 ex
896 3358 1012 3427 ipso
1035 3357 1366 3427 processisse
1389 3359 1681 3427 reperitur,
1707 3375 1806 3428 per
1827 3361 1969 3430 quod

369 3464 425 3511 et
457 3455 602 3509 Deus
628 3461 732 3508 est.
765 3450 917 3518 Quod
947 3465 1066 3504 cum
1097 3449 1417 3505 invidiosum
1448 3450 1618 3506 Judaei
1649 3462 1924 3522 putassent
1952 3496 1968 3520 ,

368 3557 426 3605 et
465 3546 838 3616 blasphemum
867 3543 1259 3607 credidissent,
1302 3557 1368 3596 eo
1394 3542 1537 3612 quod
1573 3558 1632 3597 se
1659 3543 1974 3600 ostenderat

368 3644 457 3699 his
486 3640 831 3697 sermonibus
861 3639 878 3666 "
913 3636 1182 3692 Christum
1213 3652 1332 3692 esse
1363 3636 1560 3700 Deum,
1594 3652 1656 3691 ac
1685 3646 1968 3708 propterea

370 3734 439 3788 ad
490 3732 693 3801 lapides
741 3730 1180 3792 concurrissent,
1241 3737 1295 3781 et
1336 3743 1586 3782 saxorum
1645 3729 1779 3782 ictus
1839 3730 1964 3798 inji-

374 3842 504 3882 cere
525 3825 846 3896 gestiissent;
875 3822 1123 3892 exemplo
1149 3831 1210 3874 et
1229 3821 1535 3875 testimonio
1564 3822 1964 3891 Scripturarum

371 3916 714 3972 adversarios
744 3929 870 3969 suos
900 3912 1111 3968 fortiter
1151 3911 1426 3966 refutavit.
1465 3911 1529 3966 Si
1559 3912 1675 3965 illos
1697 3953 1712 3976 ,
1754 3913 1965 3981 inquit,

361 4012 504 4067 dixit
530 4011 650 4064 deos
679 4009 747 4063 ad
775 4023 901 4077 quos
933 4007 952 4038 ⁸
984 4004 1080 4059 Dei
1110 4006 1258 4059 verba
1304 4005 1440 4071 facta
1487 4016 1627 4071 sunt,
1675 4015 1723 4058 et
1750 4023 1849 4059 non
1876 4022 1969 4076 po-

363 4114 468 4159 test
489 4103 616 4158 solvi
645 4099 942 4171 Scriptura;
964 4114 1110 4170 quem
1135 4096 1294 4152 Pater
1323 4097 1658 4164 sanctiﬁcavit
1683 4107 1729 4151 et
1751 4098 1887 4152 misit
1917 4098 1970 4152 in

2077 3267 2269 3320 fertur.
2302 3265 2376 3320 Ex
2412 3280 2518 3335 quo
2539 3306 2554 3331 ,
2588 3267 2631 3320 si
2671 3277 2763 3320 aut
2790 3266 2952 3322 homo
2982 3276 3063 3322 est
3092 3277 3318 3333 tantum,
3350 3280 3406 3323 ut
3443 3270 3677 3326 hazretici

2080 3359 2290 3422 volunt,
2325 3358 2597 3428 quomodo
2622 3359 2863 3430 quisquis
2896 3359 2949 3414 in
2979 3376 3103 3415 eum
3131 3361 3323 3427 credit,
3347 3378 3451 3416 non
3481 3363 3677 3418 morie-

2076 3461 2162 3513 tur
2191 3451 2244 3505 in
2273 3460 2573 3518 mternum,
2604 3467 2725 3508 cum
2769 3454 3090 3510 maledictus
3135 3470 3256 3510 esse
3298 3465 3546 3511 teneatur
3586 3458 3672 3528 qui

2073 3545 2297 3600 conlidit
2320 3546 2370 3600 in
2401 3547 2657 3601 homine?
2687 3549 2794 3603 Aut
2819 3549 2862 3602 si
2886 3565 2994 3604 non
3019 3548 3357 3616 maledictus,
3380 3549 3474 3605 sed
3499 3552 3674 3620 potius

2072 3639 2138 3694 ad
2169 3648 2386 3694 aeternae
2413 3640 2536 3694 vitae
2564 3641 3006 3697 consecutionem
3035 3683 3048 3704 ,
3087 3652 3144 3697 ut
3183 3643 3402 3712 legitur,
3429 3643 3671 3698 destina-

2072 3737 2198 3795 tus;
2243 3730 2284 3760 ¹⁰
2333 3745 2440 3785 non
2511 3733 2674 3786 homo
2732 3733 3105 3787 tantummodo
3152 3733 3439 3799 Christus,
3483 3733 3578 3788 sed
3619 3742 3673 3786 et

2077 3821 2217 3877 Deus
2250 3839 2262 3875 :
2296 3822 2347 3875 in
2375 3838 2534 3893 quem
2572 3823 2662 3892 qui
2703 3823 2905 3886 credit,
2939 3835 2992 3878 et
3033 3823 3424 3880 maledictionis
3463 3827 3674 3896 pericu-

2068 3913 2177 3968 lum
2206 3913 2448 3984 deponit,
2477 3923 2532 3968 et
2558 3914 2624 3968 ad
2657 3915 2888 3970 fructum
2913 3915 3140 3984 iustitia:
3169 3916 3396 3971 accedit.
3421 3917 3474 3973 Si
3508 3919 3669 3974 homo

2075 4006 2448 4060 tantummodo
2476 4006 2754 4072 Christus,
2791 4006 3060 4077 quomodo
3090 4008 3414 4063 Paraclitum
3451 4010 3578 4063 dicit
3608 4009 3672 4064 de

2070 4117 2162 4156 suo
2187 4118 2295 4156 esse
2337 4111 2660 4169 sumpturum
2686 4117 2800 4172 qua:
2826 4102 3152 4156 nuntiaturus
3191 4100 3274 4155 si?
3305 4100 3495 4171 (Joan.
3533 4117 3624 4156 xv:
3650 4142 3665 4166 ,

1535 4230 1907 4288 GALLANDII
1943 4232 2505 4291 COMMENTARIUS.

353 4381 521 4437 nium
558 4378 968 4448 praecedentium
1012 4375 1302 4448 editionum
1345 4384 1398 4429 ct
1435 4375 1638 4448 absque
1663 4373 1823 4448 ullius
1851 4389 1954 4428 ms.

2139 4376 2300 4432 3Dei.
2331 4376 2530 4432 Vocem
2593 4375 2686 4430 Dei
2730 4376 2929 4432 omittit
2967 4376 3256 4431 Pamelius.
3285 4376 3436 4432 Illam
3483 4386 3662 4435 tamen

353 4445 576 4508 codicis
601 4451 936 4513 anetoritate,
965 4447 1124 4502 verba
1153 4446 1272 4527 hinc
1301 4454 1356 4500 et
1382 4445 1656 4528 sequentia
1685 4445 1762 4498 sic
1788 4445 1965 4499 inver-
1993 4469 2042 4528 D
2068 4457 2181 4528 tum
2217 4457 2395 4528 textus
2426 4459 2537 4528 tum_
2564 4460 2756 4528 sensus
2785 4449 3022 4503 auctoris
3054 4448 3366 4528 requirnnt;
3414 4447 3660 4528 adeoque

351 4525 432 4579 tit
472 4539 485 4576 :
524 4539 613 4592 per
652 4523 960 4575 divinitatem
1003 4527 1209 4589 prwstat
1239 4516 1670 4592 immortalitatem
1697 4545 1770 4592 —_-
1799 4533 1960 4584 pnes-

351 4588 533 4650 aamlo
553 4604 720 4648 autem
743 4588 1171 4645 inmortalitatem
1203 4605 1291 4654 per
1316 4588 1632 4642 divinitatem
1657 4618 1724 4626 —
1748 4589 1960 4640 immor-

349 4666 622 4720 talitatem
654 4662 978 4734 porrigenda,
1013 4671 1120 4717 etc.
1166 4660 1295 4734 Quis
1339 4673 1498 4728 porro
1529 4675 1632 4713 non
1650 4658 1835 4734 videat
1859 4698 1871 4717 ,
1908 4667 1966 4711 ut

347 4747 567 4792 cmlrra
596 4731 924 4796 otiiittamus,
959 4733 1056 4786 hac
1085 4732 1365 4784 verborum
1399 4731 1812 4799 trans-positione
1833 4752 1963 4785 ταυ-

345 4808 609 4878 colo-lim
637 4805 688 4859 in
713 4816 914 4878 textum
938 4803 1172 4878 auctoris
1201 4801 1421 4878 induci?
1450 4801 1694 4878 Eten'm_,
1739 4801 1781 4854 si
1813 4799 1964 4878 ‘huuc

341 4871 638 4935 editorem
682 4877 907 4946 Anglum
949 4874 1279 4946 audias,A_ita
1317 4871 1965 4946 scripsisseNovatianus

341 4949 691 5022 perhibetur
724 4941 903 5022 :“Ergo
931 4947 1133 5000 verbum
1160 4943 1348 5022 Christi
1372 4955 1576 5022 praestat
1607 4941 1963 4996 immortalita-

338 5015 501 5080 ἱεηι,
531 5030 575 5072 et
602 5036 689 5088 per
715 5015 1025 5072 divinitatem
1054 5024 1258 5088 prtestat
1286 5015 1734 5088 immortalitatem.

441 5094 463 5122 ³
513 5085 805 5160 Quisquam.
834 5089 909 5144 Ita
939 5085 1062 5144 cum
1111 5085 1380 5160 Jacksono
1422 5086 1809 5160 rescripsimus
1868 5098 1966 5160 pro

401 5154 656 5228 siliquam
683 5162 836 5216 editi.
872 5169 1090 5228 propter
1117 5159 1265 5212 illum
1295 5157 1434 5226 quod
1462 5157 1726 5228 sequitur.
1749 5157 1865 5210 Mox
1896 5154 1961 5208 Β.

401 5180 656 5228 ηαψιαηι
683 5180 836 5216 eﬂltl.
873 5180 1090 5228 propter
1117 5180 1265 5212 tuum
1295 5180 1434 5226 llllUU
1462 5180 1726 5224 δυσμιιιιιτ.
1749 5180 1865 5210 l‘IUX
1896 5180 1961 5208 l\.

331 5180 418 5291 $1
460 5232 542 5285 de
566 5233 610 5287 In
643 5233 808 5286 Barre
837 5232 1124 5286 editionem
1168 5229 1551 5296 ettpreSSinius,
1583 5229 1671 5297 qui
1704 5227 1827 5296 legit
1861 5228 1967 5290 ipse

332 5322 467 5378 pro
508 5303 672 5370 ipsam
703 5303 943 5357 Pantelii.
977 5301 1281 5378 Alaipsum.
1314 5298 1608 5378 Utramque
1639 5314 1768 5353 sane
1807 5297 1965 5353 resti-

330 5370 639 5433 iutinnetn
669 5384 956 5430 contextus
987 5372 1122 5426 ratio
1150 5372 1377 5426 suadere
1406 5370 1632 5423 videtur.

427 5449 454 5478 ³
488 5444 752 5514 Agnosco.
812 5444 888 5498 Ex
921 5458 1024 5498 ms.
1059 5441 1292 5514 Woweri
1343 5441 1557 5509 reposui
1607 5454 1828 5514 agnosco
1873 5451 1970 5514 pro

325 5510 838 5583 edittfaqnoscam
867 5533 885 5569 :
923 5515 1063 5584 quod
1107 5528 1205 5568 nec
1235 5511 1424 5584 Grg'co
1466 5511 1632 5565 textui
1676 5510 1963 5571 convenit,

326 5606 460 5646 nec
501 5585 748 5657 Vulgata:
780 5588 867 5640 ubi
895 5583 974 5641 eat
1004 5600 1285 5657 cognosco._
1305 5583 1558 5657 Jacnsox.

425 5663 454 5692 ³
497 5650 663 5711 Dum.
692 5658 754 5712 Et
781 5659 903 5711 dum
932 5650 1212 5723 scripsisse
1240 5655 1448 5709 videtur
1473 5662 1680 5707 auctor.
1713 5650 1790 5704 In.

423 5733 450 5761 θ
477 5729 771 5784 Christum.
813 5727 975 5782 Forte
1011 5721 1262 5782 Christus.
1301 5726 1584 5790 Nimirum,
1615 5740 1667 5778 se
1687 5721 1974 5778 ostenderat

330 5840 420 5853 ..-
455 5799 711 5859 Christus
739 5816 842 5855 esse
870 5797 1054 5854 Deum.
1087 5798 1160 5854 in.

2067 4517 2367 4574 Novatiano
2410 4519 2779 4586 restituimus,
2829 4517 3503 4591 utrumque'Anglicanum
3549 4517 3666 4576 edi-

2068 4600 2238 4645 torem
2269 4591 2460 4645 secuti.
2593 4591 2601 4600 '

2143 4663 2163 4693 ⁶
2183 4661 2548 4734 Dispositione.
2581 4662 2732 4716 Hanc
2763 4675 2952 4716 vocem
2976 4678 3080 4714 non
3112 4659 3417 4734 intelligens
3441 4661 3664 4718 Welch-

2068 4731 2294 4796 manus,
2338 4733 2651 4804 depositione
2689 4733 2988 4801 rescripsit.
3025 4734 3094 4786 At
3122 4731 3451 4788 Novatianus
3492 4735 3667 4804 respi-

2072 4807 2464 4878 citoixovopim;
2497 4805 2634 4870 apud
2653 4813 2875 4878 veteres
2903 4804 3227 4878 notabilem;
3261 4819 3418 4878 quam
3451 4805 3662 4860 Tertul-

2071 4877 2245 4931 lianus
2276 4873 2332 4929 et
2360 4884 2622 4944 interpres
2652 4875 2838 4930 lremei
2871 4875 3088 4945 passim,
3122 4873 3507 4945 dispositionem
3537 4893 3659 4932 ver-

2072 4957 2273 5003 terunt.
2304 4947 2557 5002 JACIson.

2143 5039 2162 5070 "
2195 5037 2374 5092 Vellet.
2403 5033 2914 5105 Welchm.conjicit
2933 5035 3218 5107 legendum
3247 5052 3300 5091 se
3327 5037 3466 5090 velit.
3495 5034 3660 5091 Jack-

2071 5123 2168 5165 son
2221 5125 2346 5162 vero
2377 5125 2429 5162 se
2454 5107 2622 5162 vellet.

2144 5182 2165 5212 ⁸
2189 5179 2413 5246 Spectet.
2445 5179 2520 5233 Ita
2566 5177 2713 5233 editi.
2748 5176 2909 5231 Forte
2932 5176 3212 5246 legendum
3236 5186 3430 5248 spectat
3463 5195 3481 5231 :
3519 5178 3661 5248 quod

2073 5251 2188 5304 sine
2215 5251 2598 5317 exemplarium
2628 5248 2934 5303 testimonio
2974 5249 3116 5303 ultro
3140 5247 3308 5304 edidit
3351 5247 3664 5304 Welchina-

2073 5337 2195 5377 nus.
2222 5321 2474 5376 Jacssos.

2145 5418 2164 5447 ο
2208 5413 2358 5468 Vivit.
2392 5413 2538 5466 Hanc
2588 5427 2775 5466 vocem
2831 5426 2953 5465 cum
3001 5410 3212 5465 Latinio
3241 5409 3305 5464 ad
3334 5419 3545 5465 textum
3575 5425 3663 5464 re-

2075 5485 2201 5540 duxi
2228 5526 2242 5549 ,
2289 5500 2385 5548 pro
2418 5483 2570 5538 editt.
2599 5482 2770 5547 videt,
2802 5481 2941 5552 quod
2972 5498 3068 5536 nec
3101 5479 3304 5536 Grec-cis
3335 5497 3432 5535 nec
3459 5481 3664 5534 Latinis

2075 5554 2320 5625 congruit
2351 5573 2363 5604 :
2395 5554 2487 5608 sed
2517 5565 2599 5609 est
2626 5554 2888 5625 .l-‘tm.vt,
2921 5553 3011 5618 40,
3043 5561 3201 5625 atque.
3230 5552 3355 5606 inde
3391 5552 3665 5605 tnetnorite

2076 5621 2228 5695 lapsu
2255 5627 2423 5695 potuit
2453 5627 2758 5680 exscribere
2783 5623 3134 5678 Novatianus.
3156 5621 3416 5678 Jacason.

2151 5719 2193 5748 ¹⁰
2240 5716 2359 5772 Νοη
2401 5717 2572 5771 Ιιοηιο.
2628 5713 2749 5770 Non
2811 5723 2881 5769 est
2933 5713 3079 5768 homo
3117 5712 3297 5772 edidit
3334 5729 3398 5767 e.\'
3442 5709 3676 5780 Gagmco

2076 5788 2483 5846 Welclunanus.
2520 5787 2594 5842 In.
