4256 6250
629 213 737 268 915

2076 214 2451 273 NOVATIANI

3832 227 3937 286 9H}

626 327 746 401 M.)
791 326 979 396 Neque
1021 327 1164 380 enim
1215 326 1513 384 Paraelitus
1557 329 1625 384 ah
1667 329 1887 385 homine
1931 331 2224 402 quidquam
2253 341 2304 400 Α
2331 333 2607 389 hominem
2641 336 2661 368 ⁸
2691 335 2837 391 illum
2891 349 3051 394 nemo
3097 340 3347 408 dubitat;
3403 341 3456 397 et
3497 338 3610 398 Dee
3659 357 3720 401 se
3757 341 3936 420 jungit

625 425 841 492 accipit,
867 423 963 478 sed
996 422 1200 477 homini
1228 423 1508 478 scientiam
1538 424 1838 480 Paraclitus
1861 428 2104 496 porrigit,
2129 442 2230 484 nec

624 518 808 574 futura
835 518 904 572 ab
930 519 1147 572 homine
1174 517 1473 574 Paraclitus
1499 519 1675 584 discit,
1702 520 1796 574 sed
1825 522 1892 575 de
1917 522 2110 577 futuris
2132 523 2231 578 ho—

628 615 828 669 minem
861 612 1154 666 Paraclilus
1187 611 1421 666 instruit.
1467 613 1608 682 Ergo
1638 624 1728 669 aut
1755 631 1858 668 non
1887 619 2093 686 accepit
2125 618 2228 670 Pa-

617 706 838 761 raclitus
865 719 894 757 a
920 703 1139 758 Christo
1165 704 1379 758 homine
1403 704 1543 773 quod
1577 708 1818 772 nuntiet,
1843 710 2093 777 quoniam
2127 709 2228 764 Pa-

618 796 811 852 raclito
843 795 1007 850 homo
1043 796 1174 850 nihil
1207 798 1401 864 poterit
1436 798 1566 851 dare
1595 813 1629 866 a_
1653 814 1760 868 quo
1799 802 1911 868 ipse
1943 802 2102 855 homo
2133 802 2226 857 de-

619 891 712 945 bet
741 890 1021 959 accipere;
1065 900 1119 944 et
1160 889 1291 944 fallit
1334 891 1388 944 in
1432 894 1682 959 prmsenti
1724 894 1844 948 loco
1889 895 2133 949 Christus
2174 906 2227 952 et

622 989 858 1056 decipit,
908 1004 1028 1042 cum
1073 988 1398 1044 Paraclitum
1445 1006 1474 1044 a
1521 1006 1580 1045 se
1622 992 1841 1047 homine
1876 1006 2222 1064 accepturum

619 1097 739 1152 quae
773 1084 981 1134 nuntiet
1009 1081 1158 1145 dicit;
1185 1094 1274 1136 aut
1303 1099 1407 1135 non
1439 1099 1537 1138 nos
1567 1085 1720 1152 l'allil,
1755 1088 1893 1140 sicut
1919 1103 2020 1142 nec
2051 1088 2220 1154 fallit,

620 1185 675 1230 et
705 1177 914 1244 accepit
942 1175 1236 1230 Paraclitus
1277 1191 1306 1229 a
1359 1176 1574 1230 Christo
1605 1195 1725 1246 qme
1779 1181 2007 1234 nuntiet.
2054 1183 2070 1211 ¹
2120 1182 2225 1237 Sed

614 1269 660 1322 si
691 1285 718 1322 a
748 1268 964 1322 Christo
994 1271 1201 1337 accepit
1224 1285 1342 1337 qum
1369 1272 1599 1334 nuntiet;
1634 1272 1808 1340 major
1833 1287 1965 1340 ergo
1984 1275 2095 1341 jam
2124 1273 2227 1327 Pa-

616 1353 807 1416 raclito
831 1360 1078 1417 Christus
1101 1373 1182 1416 est
1215 1381 1226 1416 :
1262 1363 1514 1431 queniain
1562 1380 1660 1419 nec
1694 1367 1989 1420 Paraclitus
2020 1384 2048 1418 a
2071 1367 2226 1422 Chri-

618 1465 706 1508 sto
735 1454 1028 1524 acciperet,
1067 1454 1166 1508 nisi
1201 1455 1377 1509 minor
1397 1454 1615 1511 Christo
1639 1466 1801 1511 esset.
1835 1458 2008 1512 Minor
2038 1468 2219 1513 autem

615 1545 834 1600 Christo
883 1547 1181 1601 Paraclitus
1219 1547 1496 1602 Christum
1537 1552 1698 1603 etiam
1742 1551 1910 1604 Deum
1953 1564 2074 1606 esse
2115 1551 2218 1606 hoc

615 1639 736 1709 ipso
766 1639 978 1706 probat,
1005 1654 1034 1693 a
1062 1657 1168 1709 quo
1194 1642 1400 1711 accepit
1438 1657 1556 1710 qnze
1597 1643 1842 1707 nuntiat;
1877 1651 1938 1697 ut
1980 1649 2220 1699 testimo-

2333 426 2547 492 merito,
2581 435 2639 480 ιιι
2678 428 2966 483 eredituris
2988 429 3287 487 divinitatis
3315 445 3429 488 suae
3453 427 3736 490 formulam
3763 447 3935 509 pone-

2333 527 2434 572 ret.
2469 518 2524 572 Si
2555 519 2716 574 homo
2748 523 3128 576 tantummodo
3152 524 3418 592 Christus;
3452 528 3723 595 quomodo
3760 531 3888 588 dicit
3917 552 3932 589 :

2334 611 2402 666 Et
2433 630 2566 667 nunc
2597 615 2880 685 honori/ica
2916 633 2996 671 me
3041 620 3204 689 gloria
3231 628 3382 692 quam
3413 621 3657 679 habebam
3707 631 3849 700 apud
3889 633 3937 686 le

2333 708 2626 777 priusquam
2653 711 2872 764 mundus
2895 713 3065 765 esset?
3087 713 3261 782 (Joan.
3294 731 3423 777 xvtt,
3455 717 3536 787 5.)
3559 718 3615 772 Si
3641 733 3932 790 antequam

2332 800 2565 855 mundus
2587 815 2752 866 esset,
2772 805 2998 874 gloriam
3027 805 3206 860 habuit
3235 810 3376 880 apud
3410 811 3598 879 Deum,
3625 827 3676 869 et
3707 815 3930 874 clarita-

2330 902 2439 947 tem
2487 897 2658 948 lenuit
2702 897 2841 966 apud
2893 899 3138 964 Patrem,
3179 914 3305 955 ante
3353 905 3614 960 mundum
3670 907 3935 968 fuitznec

2328 989 2473 1042 enim
2517 989 2792 1044 habuisset
2837 991 3104 1060 gloriam,
3135 995 3236 1048 nisi
3268 996 3384 1065 ipse
3415 1000 3565 1068 prius
3594 1001 3797 1068 luisset,
3836 1008 3933 1074 qui

2325 1081 2553 1150 gloriam
2595 1093 2773 1149 posset
2819 1095 3025 1141 tenere.
3071 1087 3240 1143 Nemo
3291 1092 3434 1144 enim
3483 1091 3680 1148 habere
3721 1097 3930 1167 aliquid

2329 1177 2551 1245 poterit,
2586 1177 2687 1231 nisi
2731 1188 2857 1233 ante
2904 1180 3019 1249 ipse
3064 1180 3246 1247 fuerit,
3273 1185 3362 1254 qui
3391 1187 3588 1258 aliquid
3626 1197 3792 1247 tenet.
3821 1193 3933 1250 Sed

2330 1269 2473 1322 enim
2526 1267 2779 1326 Christus
2835 1274 2855 1303 ⁷
2899 1271 3060 1329 habet
3100 1275 3325 1344 gloriam
3374 1291 3499 1336 aute
3546 1283 3728 1339 mundi
3779 1287 3935 1344 insti-

2329 1362 2626 1430 tutionem;
2655 1381 2784 1435 ergo
2829 1376 2957 1421 ante
3009 1369 3398 1428 institutionem
3447 1377 3633 1432 mundi
3667 1379 3781 1435 ruit.
3819 1383 3933 1441 Nisi

2329 1457 2470 1510 enim
2517 1465 2642 1512 ante
2692 1459 3082 1516 inStittttionem
3125 1461 3312 1519 mundi
3355 1478 3536 1532 esset;
3579 1479 3706 1526 ante
3747 1476 3932 1532 mundi

2327 1549 2718 1606 institutionem
2759 1554 2986 1623 gloriam
3027 1555 3227 1612 habere
3255 1575 3357 1616 non
3409 1573 3626 1631 posset,
3660 1581 3782 1620 cum
3813 1571 3932 1638 ipse

2326 1655 2432 1697 non
2458 1653 2624 1699 essvt.
2661 1645 2767 1700 Sed
2791 1648 2932 1702 enim
2976 1649 3138 1704 homo
3167 1651 3390 1720 gloriam
3415 1667 3543 1712 ante
3565 1659 3746 1714 mundi
3776 1663 3934 1720 insti-

616 1733 766 1786 ninm
797 1733 994 1787 Christi
1023 1733 1320 1788 divinitatis
1353 1735 1556 1803 grande
1583 1736 1674 1799 sit,
1708 1736 1835 1789 dmn
1865 1739 2044 1792 minor
2067 1738 2222 1792 Chri-
2251 1733 2297 1801 Β
2328 1737 2584 1791 tutiouetn
2617 1736 2818 1794 habere
2864 1756 2969 1795 non
2999 1744 3191 1811 potuit,
3219 1747 3308 1815 qui
3353 1747 3471 1817 post
3496 1752 3757 1808 mundum
3790 1755 3889 1811 fuit
3915 1777 3927 1812 :

616 1836 703 1878 sto
747 1825 1042 1880 Paraclitns
1083 1838 1371 1896 repertus,
1413 1827 1480 1881 ab
1527 1827 1621 1881 illo
1663 1829 1828 1882 sumit
1863 1845 1982 1896 quae
2013 1832 2226 1886 caeteris

623 1919 808 1973 tradit.
835 1920 1280 1988 Quandoquidem
1305 1920 1348 1973 si
1375 1920 1536 1973 homo
1557 1923 1933 1975 tantummodo
1953 1921 2222 1991 Christus,

622 2025 652 2064 a
695 2011 964 2065 Paraclito
998 2012 1249 2066 Christus
1289 2013 1560 2079 acciperet
1599 2028 1718 2082 quae
1761 2013 1998 2080 diceret,
2046 2030 2152 2068 non
2193 2030 2224 2069 a

621 2102 839 2157 Christo
870 2105 1168 2158 Paraclitus
1197 2107 1470 2173 arciperet
1494 2120 1614 2174 quae
1646 2109 1938 2162 nuntiaret.
1969 2108 2024 2161 Si
2057 2107 2222 2164 homo

622 2198 997 2252 tantummodo
1041 2199 1321 2264 Christus;
1359 2215 1526 2266 quare
1571 2201 1827 2255 credendi
1876 2202 2028 2255 uoltis
2062 2203 2221 2258 talem

620 2291 862 2360 regulam
900 2291 1076 2358 p0snit
1121 2307 1226 2360 quo
1269 2291 1473 2345 diceret
1505 2310 1516 2344 :
1557 2291 1680 2345 Iltec
1719 2303 1791 2345 est
1822 2305 1989 2346 autem
2020 2296 2124 2348 vita
2154 2311 2224 2349 a2-

624 2391 770 2434 terna
797 2392 852 2434 ut
875 2384 1037 2436 sciant
1067 2394 1112 2436 te
1140 2400 1298 2436 unum
1326 2393 1372 2437 et
1397 2401 1564 2437 verum
1591 2382 1777 2450 Deum,
1803 2394 1847 2437 et
1868 2402 2014 2453 quem
2041 2387 2226 2440 misisti

622 2471 800 2527 Iesum
824 2470 1115 2529 Clu-istum?
1141 2474 1319 2543 (Joan.
1347 2491 1476 2538 xm,
1504 2472 1587 2546 3.)
1618 2475 1952 2529 Sinolnisset
1978 2493 2037 2531 se
2064 2475 2222 2530 etiam

624 2567 791 2621 Deum
827 2567 1085 2636 intelligi,
1115 2583 1212 2621 cur
1256 2567 1462 2620 addidit
1499 2586 1512 2621 :
1554 2567 1620 2620 Et
1657 2585 1803 2637 quem
1832 2569 2013 2622 misisti
2045 2569 2222 2623 Jesum

623 2655 917 2720 Christum,
964 2659 1065 2712 nisi
1105 2661 1358 2728 quoniam
1420 2668 1475 2713 et
1533 2659 1699 2714 Deum
1739 2660 1911 2728 accipi
1948 2663 1966 2692 ’
2010 2660 2223 2715 voluit?

622 2749 887 2817 Quoniam
914 2750 957 2804 si
995 2765 1055 2804 se
1090 2751 1256 2804 Deum
1296 2750 1465 2805 nollet
1495 2751 1743 2819 intelligi,
1777 2752 2078 2807 addidisset
2112 2770 2125 2806 :
2157 2753 2223 2806 Et

620 2861 768 2916 quem
806 2846 990 2898 misisti
1019 2845 1274 2898 hominem
1293 2845 1482 2906 Jesum
1521 2844 1780 2900 Christum
1811 2864 1829 2900 :
1858 2861 1998 2900 nunc
2040 2858 2220 2902 autem

621 2953 798 3008 neque
837 2938 1072 3001 addidit,
1116 2953 1218 2992 nec
1257 2955 1316 2993 se
1351 2939 1622 2994 hominem
1665 2941 1818 2994 nobis
1849 2943 2222 2998 tantummodo

621 3029 867 3082 Christus
901 3028 1142 3091 tradidit,
1173 3030 1268 3084 sed
1300 3031 1319 3061 ³
1351 3031 1462 3085 Deo
1511 3033 1710 3099 junxit,
1770 3043 1829 3087 ut
1856 3045 1908 3088 et
1933 3036 2100 3090 Deum
2128 3052 2222 3105 per

2327 1827 2578 1883 Christus
2607 1839 2788 1886 autem
2839 1831 3035 1888 habuit
3074 1853 3088 1888 :
3127 1843 3254 1892 ante
3287 1841 3542 1896 mundum
3597 1847 3756 1915 igitur
3783 1848 3880 1904 l'nit
3915 1870 3928 1907 :

2328 1933 2434 1974 non
2465 1920 2624 1991 igitur
2653 1922 2812 1977 homo
2844 1930 3214 1984 tantummodo
3239 1930 3359 1997 fuit,
3393 1937 3482 2004 qui
3515 1947 3641 1993 ante
3668 1944 3929 1999 mundum

2326 2014 2461 2068 tan:
2491 2016 2633 2070 Deus
2666 2027 2752 2071 est
2782 2019 2959 2088 igitur,
2993 2025 3246 2093 quoniatn
3279 2041 3407 2083 ante
3435 2033 3688 2088 mundum
3725 2036 3843 2104 fuit,
3876 2050 3935 2095 et

2326 2110 2552 2179 gloriam
2584 2123 2709 2168 ante
2741 2117 2997 2172 mundum
3031 2122 3221 2176 tenuit.
3254 2123 3363 2179 Nec
3397 2126 3788 2195 przedestinatio
3821 2134 3929 2189 ista

2326 2203 2560 2270 dicatur,
2588 2207 2843 2272 quoniam
2875 2224 2972 2264 nec
3009 2214 3181 2281 posita
3211 2225 3330 2280 est;
3364 2229 3455 2272 aut
3483 2219 3674 2276 addant
3701 2221 3803 2278 hoc
3829 2227 3930 2296 qui

2328 2297 2431 2351 hoc
2462 2308 2656 2367 putant
2704 2319 2716 2355 :
2763 2303 2857 2356 sed
2902 2317 2982 2358 vae
3013 2309 3095 2361 est
3125 2307 3508 2378 adjicientihus
3533 2357 3547 2378 ,
3577 2316 3850 2383 quomodo
3876 2329 3933 2373 et

2326 2389 2732 2448 detrahentihus
2760 2436 2774 2457 ,
2818 2398 3049 2465 positum
3099 2395 3304 2470 (Apoc.
3338 2421 3442 2459 χχιι
3464 2449 3478 2471 ,
3511 2403 3598 2474 18,
3631 2407 3730 2478 i9)
3763 2428 3774 2464 :
3822 2427 3929 2466 non

2328 2492 2502 2554 pote'St
2529 2501 2658 2555 ergo
2685 2485 2790 2541 dici
2821 2490 2960 2558 quod
2991 2505 3095 2546 non
3126 2503 3305 2564 potest
3330 2495 3514 2565 adjici.
3547 2499 3765 2555 Sublata
3797 2518 3930 2573 ergo

2325 2576 2804 2646 przrdestioatione
2845 2598 2964 2653 qum
3008 2602 3113 2640 non
3158 2599 3238 2642 est
3285 2593 3489 2659 posita,
3534 2593 3587 2647 in
3629 2591 3929 2651 substantia

2326 2669 2423 2724 fuit
2462 2669 2711 2728 Christus
2751 2687 2878 2732 ante
2917 2681 3100 2734 mttndi
3145 2682 3560 2742 institutionem.
3607 2687 3827 2744 Vetbnm
3857 2703 3931 2747 est

2325 2763 2466 2815 enim
2496 2781 2585 2832 per
2613 2765 2748 2830 quod
2775 2768 2914 2834 facta
2935 2781 3055 2824 sunt
3081 2777 3277 2839 Omnia,
3309 2786 3356 2828 et
3382 2777 3492 2831 sine
3510 2795 3610 2846 quo
3635 2784 3832 2851 factum
3855 2797 3929 2840 est

2322 2855 2474 2908 nihil.
2505 2854 2767 2921 Quoniam
2804 2871 2856 2914 et
2895 2863 2938 2914 si
2977 2863 3028 2917 in
3073 2866 3545 2933 pra-destinatione
3575 2869 3778 2928 dicitur
3815 2877 3930 2945 glo.

2323 2950 2500 3004 riosns
2522 2993 2534 3016 ,
2567 2961 2614 3005 et
2645 2963 2770 3006 ante
2800 2955 2981 3010 mundi
3017 2959 3407 3016 institutionem
3438 2961 3606 3020 fuisse
3638 2969 3927 3036 prtedeSIi-

2325 3044 2596 3097 nationem
2624 3087 2636 3107 ,
2680 3047 2813 3100 ordo
2841 3059 3089 3105 servetur
3113 3095 3127 3117 ,
3163 3064 3218 3107 et
3257 3066 3381 3112 ante
3413 3056 3555 3114 hunc
3592 3064 3699 3116 erit
3731 3064 3932 3120 inultus

623 3121 762 3176 hanc
802 3124 1238 3191 conjunctionem
1262 3166 1274 3188 ,
1320 3126 1460 3179 sicut
1487 3135 1607 3190 est,
1650 3129 1874 3199 intelligi
1909 3132 2090 3185 vellet.
2128 3132 2223 3186 Est
2248 3136 2292 3199 C
2329 3151 2583 3192 numerus
2610 3138 2885 3196 hominum
2913 3144 2961 3197 in
2985 3146 3209 3214 gloriam
3235 3147 3559 3207 destinatus.
3588 3154 3758 3210 Minor
3780 3158 3924 3213 enim

624 3229 754 3284 ergo
783 3217 1139 3282 credendum,
1169 3219 1462 3272 secundum
1489 3222 1854 3291 piaeSt-riptam
1880 3225 2139 3294 regulam,
2167 3225 2217 3278 in

627 3306 934 3372 Dominum,
961 3325 1123 3360 unum
1150 3323 1335 3362 verum
1370 3310 1558 3376 Deum,
1590 3323 1640 3367 et
1667 3315 1717 3366 itt
1741 3328 1863 3368 eum
1888 3330 2048 3384 quem
2078 3315 2225 3371 misit

623 3397 805 3452 JeSum
848 3399 1123 3452 Christum
1165 3412 1596 3470 consequenter,
1653 3406 1743 3471 qui
1782 3421 1841 3460 se
1886 3423 2220 3479 nequa-qnam

626 3491 772 3546 Patri
801 3533 814 3554 ,
843 3502 902 3547 ut
931 3494 1166 3547 diximus
1193 3536 1206 3560 ,
1237 3496 1505 3563 junxisset
1530 3538 1544 3561 ,
1578 3499 1678 3550 nisi
1707 3499 1874 3554 Deum
1902 3517 2117 3572 quoque
2148 3505 2226 3556 ltt-

626 3585 841 3656 telligi‘
872 3588 1051 3652 vellet;
1109 3603 1415 3658 separasset
1447 3592 1592 3645 enim
1621 3592 1642 3623 ⁸
1675 3593 1742 3647 ab
1807 3609 1892 3659 eo,
1954 3597 1997 3649 si
2059 3597 2225 3651 Deum

626 3679 849 3749 intelligi
889 3695 948 3734 se
993 3680 1256 3735 noluisset
1283 3699 1296 3734 :
1325 3683 1467 3737 inter
1506 3682 1754 3738 homines
1793 3687 1938 3741 enim
1989 3698 2224 3743 tantum-

625 3770 786 3823 modo
825 3786 883 3824 se
929 3773 1267 3836 collocasset,
1301 3774 1346 3828 si
1400 3774 1674 3829 hominem
1709 3791 1768 3832 se
1814 3793 1935 3834 esse
1977 3787 2217 3837 tantum-

623 3864 786 3918 modo
828 3865 1026 3931 sciret;
1063 3881 1161 3920 nec
1207 3882 1328 3922 cum
1373 3869 1485 3925 Deo
1517 3869 1810 3939 jonxisset,
1840 3873 1885 3926 si
1931 3887 1990 3928 se
2023 3890 2130 3929 non
2164 3885 2219 3933 et

626 3960 792 4014 Deum
839 3968 1062 4016 nosset:
1093 3977 1233 4018 nunc
1279 3971 1334 4019 et
1383 3965 1451 4020 de
1504 3964 1724 4021 homine
1767 3975 1927 4031 tacet,
1957 3970 2213 4037 quoniam

2325 3247 2421 3302 per
2478 3232 2631 3286 istam
2679 3235 3093 3294 destinationem
3151 3241 3398 3297 Christus
3451 3249 3713 3302 Cu‘teris’
3766 3251 3929 3306 intel-

2325 3321 2536 3392 ligetur,
2571 3326 2763 3394 quibus
2797 3333 3058 3395 posterior
3084 3329 3393 3388 denotatur.
3426 3335 3556 3390 Nam
3588 3343 3628 3392 si
3659 3339 3777 3396 iure
3808 3344 3930 3413 glo-

2326 3417 2404 3470 ria
2441 3417 2492 3470 iu
2537 3406 3009 3486 pr:rdcstinatione
3039 3423 3133 3477 fuit
3156 3467 3169 3490 ,
3209 3429 3728 3495 pra‘dcstinationetn
3763 3434 3925 3490 istam

2329 3509 2378 3562 itt
2422 3507 2646 3579 gloriam
2691 3514 3014 3569 novissimus
3047 3516 3295 3572 Chri~lus
3334 3524 3577 3592 accepit:
3609 3534 3731 3579 ante
3770 3528 3923 3584 cnim

2331 3604 2742 3672 pranleslinnltls
2769 3605 2934 3661 Adam
2959 3625 3078 3664 esse
3101 3624 3373 3678 cernetur,
3394 3625 3448 3668 et
3470 3615 3618 3680 Abel,
3636 3627 3688 3673 et
3704 3615 3923 3690 Enoeh,

2327 3706 2379 3748 et
2422 3691 2574 3763 Noe,
2619 3708 2673 3751 et
2715 3697 3022 3768 Abraham,
3064 3713 3116 3756 et
3161 3704 3351 3776 reliqui
3394 3711 3598 3764 caueri.
3635 3710 3768 3766 Nam
3798 3729 3925 3772 cum

2326 3786 2464 3856 apud
2511 3789 2677 3843 Deum
2716 3801 2770 3846 et
2802 3808 3153 3861 personarum
3196 3807 3249 3850 et
3287 3815 3469 3855 rerum
3511 3806 3751 3860 omnium
3794 3811 3930 3865 ordo

2323 3879 2562 3948 digestus
2589 3882 2696 3945 sit,
2749 3896 2872 3940 ante
2930 3886 3069 3942 hanc
3123 3891 3651 3958 przedestinationem
3680 3898 3880 3956 Christi
3908 3906 3931 3937 ⁵

2323 3971 2375 4025 in
2405 3974 2630 4043 gloriam
2661 3975 2810 4032 tnulti
2838 3979 3200 4048 prtedcstinati
3222 3982 3390 4042 fuisse
3416 3986 3683 4054 dicentur.
3714 3991 3780 4048 Et
3805 3992 3916 4053 hoc

1767 4098 2138 4156 GALLANDII
2169 4101 2724 4166 COMMENTARIUS.

699 4242 712 4270 ¹
744 4240 850 4293 Sed
879 4243 922 4295 si
947 4259 977 4293 η
1008 4241 1209 4294 Christo
1250 4241 1474 4309 accepit,
1515 4248 1622 4293 etc.
1680 4237 2044 4306 Reprehendit
2098 4241 2202 4295 Pa-

624 4311 814 4365 melius
841 4355 854 4376 ,
891 4322 940 4366 et
983 4323 1137 4366 caute
1170 4311 1447 4380 legendum
1481 4317 1694 4380 monet,
1727 4311 1868 4378 quod
1903 4311 2021 4364 heic
2052 4314 2209 4366 hahet

622 4359 953 4438 Riihl—tiam;
987 4359 1295 4451 iie'Svpiriiu
1327 4391 1532 4434 sancto.
1579 4359 1774 4434 Verinit
1820 4397 1885 4433 ex
1931 4381 2209 4437 Novatiani
2238 4359 2289 4419 D

627 4453 922 4523 principiis,
953 4458 1040 4522 qni
1077 4455 1292 4517 Filinnt,
1326 4465 1594 4522 quatenus
1620 4469 1647 4504 a
1682 4452 1838 4506 Patre
1866 4454 2079 4520 genitus
2107 4463 2207 4519 est,

625 4526 766 4577 l’atri
811 4530 1069 4595 .rqttaletn
1104 4535 1256 4594 negat
1285 4568 1296 4587 ,
1331 4535 1508 4592 :tptntn
1541 4533 1653 4575 erat
1693 4525 1910 4575 omnino
1937 4535 2211 4595 etictinse-

623 4611 826 4662 quens.
875 4594 930 4649 ut
969 4598 1225 4663 Spiritum
1267 4607 1509 4649 sanctum
1543 4597 1632 4662 qui
1669 4608 1736 4646 ex
1773 4595 1930 4647 i’atre
1975 4594 2212 4664 Filioque

628 4669 890 4733 procedit,
920 4679 1146 4737 utroque
1171 4672 1432 4720 minorem
1456 4681 1575 4737 esse
1601 4675 1879 4737 statueret.
1910 4665 2018 4719 Nec
2046 4670 2213 4736 magis

625 4735 696 4789 de
722 4737 956 4802 Spiritus
984 4735 1152 4791 sancti
1181 4738 1459 4790 divinitate
1486 4735 1741 4799 detrahit,
1772 4751 1934 4804 quum
1958 4753 2080 4791 eum
2112 4735 2212 4794 hoc

623 4821 784 4860 sensu
832 4810 1088 4876 a-qualetn
1141 4809 1276 4862 Filio
1316 4819 1505 4875 negat.
1550 4823 1708 4874 quam
1741 4809 1808 4859 de
1859 4806 2014 4872 Filii,
2047 4827 2210 4876 quntn

624 4892 746 4949 eum
782 4880 920 4933 i’aoi
949 4881 1182 4949 suhjirit,
1212 4891 1265 4932 nt
1291 4880 1514 4945 originis
1539 4879 1818 4946 proiripio.
1849 4895 1876 4931 a
1906 4895 2013 4946 quo
2042 4891 2206 4935 lotam

622 4948 917 5003 divinitatis
944 4948 1316 5004 auctoritatem
1353 4953 1574 5017 accepit.
1603 4950 1738 5016 Quin
1763 4951 1923 5003 etiam
1955 4951 2209 5007 dhinitas

621 5021 852 5083 Spiritus
884 5023 1054 5076 Sancti
1103 5039 1205 5073 non
1254 5021 1442 5075 leviter
1476 5021 1883 5074 eonttnetnlatnr
1915 5019 2016 5075 hoc
2062 5024 2207 5078 loco.

622 5090 752 5144 Nam
782 5097 824 5145 si
851 5093 1080 5160 Spiritus
1108 5103 1328 5146 sanctus
1355 5103 1602 5160 creatura
1624 5103 1790 5150 emet;
1819 5093 1866 5145 id
1899 5111 2003 5146 non
2033 5098 2209 5156 maius

620 5174 765 5216 esset.
807 5159 1179 5226 argumentum
1228 5163 1522 5236 divinitatis
1567 5159 1802 5236 Christi,
1855 5182 2012 5236 quam
2064 5168 2208 5236 quod

623 5244 834 5287 (xi-tera:
891 5252 976 5289 res
1031 5246 1224 5288 creatie
1282 5236 1350 5288 alt
1399 5235 1586 5289 eodem
1643 5233 1887 5294 act-ittet'e
1938 5233 2208 5295 dicuntur.

626 5304 824 5358 Deinde
847 5322 971 5359 vero
991 5306 1130 5374 quod
1151 5307 1291 5359 addit
1315 5306 1660 5366 Novatiauns,
1678 5307 1947 5360 Christum
1965 5327 1990 5356 a
2011 5310 2209 5377 Spiritu

621 5387 806 5428 Sancut
837 5389 1184 5441 accepturum
1218 5377 1412 5441 fuisse,
1446 5379 1488 5429 si
1524 5377 1683 5431 homo
1713 5386 1916 5429 tantum
1949 5391 2092 5434 ess-el
2119 5392 2210 5436 aut

620 5444 855 5516 Angelus
891 5447 1188 5518 (Angelum
1220 5451 1362 5501 enim
1392 5463 1510 5502 esse
1542 5449 1843 5501 fatebantur
1887 5448 2156 5522 Ineretiei)
2193 5471 2206 5507 :

620 5527 798 5572 nonne
825 5531 1140 5584 a~gnmento
1184 5531 1259 5571 est
1289 5560 1303 5582 ,
1339 5535 1424 5574 res
1451 5536 1638 5571 mones
1668 5528 1878 5572 eieatas
1901 5561 1915 5581 ,
1959 5524 2000 5574 si
2050 5524 2208 5578 modo

616 5594 828 5642 ratione
857 5583 1089 5653 utantur,
1121 5607 1181 5644 ev
1219 5590 1420 5656 Spiritu
1451 5600 1639 5643 Sancto
1668 5599 1724 5642 nt
1763 5600 1981 5646 auctore
2010 5600 2208 5647 sancti-

614 5657 742 5733 fatis
776 5661 1055 5733 pendete?
1098 5661 1335 5733 Mensa,
1369 5663 1549 5721 Dium.
1594 5661 1663 5716 υ.
1706 5659 1784 5714 Ν.
1813 5658 1871 5712 J.
1904 5661 1964 5725 Ο,
2001 5665 2102 5727 ιιι).
2135 5680 2204 5733 tv,

596 5725 728 5795 Cap.
761 5725 848 5797 i9,
883 5728 910 5796 §
935 5731 986 5797 5,
1018 5747 1143 5805 pag.
1171 5728 1296 5798 520,
1322 5725 1465 5803 ’θεῷ

2386 4249 2406 4278 ⁸
2445 4246 2635 4302 Voluit.
2671 4249 2741 4303 Se
2795 4251 2950 4305 voluit
3007 4250 3172 4306 edidit
3217 4258 3538 4315 auctoritate
3565 4276 3656 4316 sua
3694 4265 3920 4321 Weleh-

2317 4333 2507 4396 manus
2534 4338 2545 4381 ;
2595 4323 2858 4396 etforsan
2891 4331 3070 4396 recte;
3103 4324 3199 4378 sed
3246 4328 3375 4381 nihil
3407 4341 3555 4387 moto
3584 4336 3701 4390 sine
3749 4354 3936 4396 exem-

2317 4392 2544 4463 plarium
2583 4393 2858 4463 snli‘ragio.
2893 4393 3149 4447 .lacusox.

2387 4462 2407 4492 ³
2435 4462 2544 4542 Qa)
2570 4462 2768 4542 jungit.
2823 4467 3055 4542 l_l_t_erque
3091 4467 3268 4524 editor
3312 4474 3659 4542 Anglicanus.
3713 4480 3849 4537 forte
3873 4502 3934 4539 se

2315 4531 2426 4617 pen
2447 4535 2644 4601 jnnxit.
2677 4537 2795 4589 Mox
2825 4531 3231 4608 Wele'hmanus,
3269 4531 3485 4617 intelligi
3513 4564 3566 4600 se
3595 4531 3740 4605 vellet
3767 4531 3924 4610 sibi:

2317 4613 2421 4658 trio
2450 4621 2546 4657 suo
2573 4619 2798 4662 excusa.

2388 4697 2408 4727 ³
2448 4697 2623 4752 νι-ιιρι.
2684 4701 2811 4756 lleie
2853 4705 3043 4759 iterum
3091 4725 3143 4760 se
3193 4709 3338 4763 vellet
3370 4707 3762 4770 Welchmanus
3799 4719 3926 4774 edi-

2317 4767 2394 4822 dit
2441 4786 2455 4825 :
2507 4787 2680 4847 neque
2728 4776 2935 4847 inpiam
2973 4779 3239 4846 ejusmodi
3276 4782 3608 4838 additianinn
3659 4767 3925 4847 lectoiem

2317 4855 2472 4894 suum
2505 4843 2803 4898 admonuit.

2387 4910 2409 4942 ⁵
2453 4913 2527 4966 Ab
2578 4932 2660 4969 eo.
2732 4917 2801 4995 ὃς
2859 4917 2921 4974 ab
2961 4937 3016 4974 eo
3057 4922 3328 4977 existimat
3373 4924 3655 4995 legendum
3694 4929 3925 4986 erth-

2315 4999 2506 5062 manus
2541 5003 2553 5039 ε
2588 4995 2641 5062 et
2672 4991 2828 5062 paulo
2862 5004 2978 5059 post
3010 5010 3062 5047 se
3080 4995 3360 5062 junxisset.
3396 4991 3502 5050 Sed
3535 4998 3665 5053 nihil
3698 5012 3925 5056 mutan-

2315 5054 2438 5108 dttm
2469 5073 2589 5110 cum
2616 5047 2906 5115 Ja‘rk‘ono.

2386 5128 2406 5157 δ
2439 5125 2617 5183 Illum.
2661 5125 2826 5186 Illum
2891 5151 2997 5189 esse
3069 5134 3251 5191 mallet
3298 5135 3620 5196 Jacksonns.
3666 5139 3736 5196 At
3783 5143 3924 5202 nihil

2314 5214 2468 5270 Opus.

2386 5294 2405 5323 "
2457 5292 2638 5347 llabet.
2719 5295 2808 5350 Sic
2884 5297 3035 5352 editi.
3093 5297 3478 5357 Welchmanus
3525 5306 3762 5360 restituit
3813 5309 3918 5362 Im.

2313 5363 2420 5417 lmit
2444 5407 2458 5429 ,
2496 5375 2639 5420 recte
2671 5379 2724 5419 ut
2758 5369 2968 5424 videtur
2998 5389 3009 5424 :
3040 5373 3140 5425 etsi
3171 5373 3317 5426 habet
3347 5384 3490 5429 stare
3520 5385 3718 5445 potest.
3746 5379 3916 5434 Jac:-

2313 5452 2430 5490 SOU.

2383 5527 2776 5612 “llttlrlligelur.
2841 5533 2931 5588 Sic
2969 5535 3239 5590 Pamelins
3287 5553 3355 5612 ei
3395 5555 3498 5612 ms.
3558 5542 3772 5612 Anglic.
3816 5547 3908 5601 Al.

2311 5601 2651 5674 intelligitur,
2705 5619 2838 5672 quos
2883 5617 3098 5660 srcnlus
3144 5615 3231 5662 est
3287 5601 3696 5668 Welehminus.
3751 5615 3912 5674 Male.

2313 5670 2481 5743 Paulo
2507 5683 2630 5725 ante
2663 5670 2943 5743 legendum
2974 5678 3115 5743 volo,
3150 5677 3319 5732 Minor
3349 5683 3516 5733 etiam.
3555 5683 3629 5739 In.

2386 5745 2406 5776 9
2435 5739 2502 5794 In
2555 5739 2793 5813 gloriam.
2851 5748 2923 5802 ita
2955 5739 3114 5818 paulo
3143 5753 3391 5821 Superius
3422 5752 3772 5811 No'vatianus.
3807 5762 3912 5816 At-
