4256 6250
407 216 511 274 917

1660 218 1745 275 DE
1784 212 2156 280 TRINITATE
2185 218 2411 286 LIBER.

3603 241 3710 301 918

407 339 565 403 pacto
593 331 774 385 minor
801 332 1015 386 steteris
1044 331 1356 390 hominibus
1398 331 1648 393 Christus
1698 343 1820 394 esse
1853 339 1871 371 ι
1896 339 1992 396 de-
2020 343 2078 403 Α
2098 345 2288 403 bitavit
2317 349 2369 406 III
2399 350 2557 407 nobis
2585 369 2598 406 :
2630 359 2760 424 ergo
2790 345 3042 411 Christus
3069 360 3151 412 est
3191 353 3352 412 Deus.
3388 355 3492 414 Per
3518 355 3710 416 Chris-

407 425 800 498 prehemlitur,
844 427 935 494 qui
981 425 1175 481 melior
1198 437 1253 482 et
1292 427 1466 499 major
1493 439 1549 484 et
1577 431 1846 501 antiquior
1873 431 2004 502 ipsis

407 534 622 589 quoque
650 517 870 586 Angelis
899 518 1187 573 invenitur.
1220 520 1326 574 Λιιι
1356 521 1471 576 inec
1501 523 1663 592 igitur
1691 523 1870 578 omnia
1904 522 2004 579 tol-

407 613 610 680 lntur,
665 623 721 667 ut
775 611 995 667 Christo
1060 611 1316 670 divinitas
1360 617 1381 648 ³
1429 616 1708 672 auferatur
1741 603 1879 674 t'attt
1909 619 1930 650 ³
1959 619 2006 674 si

409 707 529 762 inec
559 706 670 760 tulli
702 720 807 760 non
843 705 1087 776 possunt,
1106 707 1325 764 Christo
1349 708 1417 765 ab
1445 705 1718 767 haereticis
1740 710 2004 768 Divinita

411 800 626 871 propria
658 801 936 854 reddatur.

833 933 1065 992 CAPUT
1102 933 1268 992 XVII.
1311 936 1385 992 al.
1442 937 1609 996 XXV.

445 1073 578 1126 Item
612 1088 676 1127 ea;
715 1070 897 1143 Moyse
942 1073 996 1126 in
1046 1073 1300 1143 principio
1345 1088 1611 1130 sacrarum
1642 1075 1975 1132 Eitterarutn.

483 1280 620 1350 Quid
665 1280 710 1337 si
755 1279 967 1356 Moyses
1011 1277 1150 1338 itane
1193 1283 1438 1340 eamdem
1484 1285 1723 1356 regulam
1765 1288 2007 1343 veritatis

414 1375 718 1442 exequitur,
751 1385 805 1428 et
838 1375 938 1429 hoc
969 1371 1020 1429 in
1054 1373 1318 1447 principio
1349 1385 1568 1432 suarut'n
1603 1377 1758 1433 nobis
1786 1377 2008 1436 tradidit

410 1462 735 1518 Litterarum
763 1505 776 1523 ,
809 1479 916 1532 quo
955 1463 1226 1521 discamus
1255 1468 1433 1522 omnia
1473 1482 1651 1524 creata
1693 1479 1747 1524 et
1785 1467 2001 1527 condita

409 1567 529 1610 esse
576 1569 670 1624 per
710 1556 800 1610 Dei
835 1555 1028 1611 Filium
1055 1600 1068 1623 ,
1113 1559 1214 1613 hoc
1254 1565 1337 1614 est
1381 1575 1476 1630 per
1515 1559 1606 1616 Dei
1639 1553 1922 1617 Verbum?
1951 1551 2006 1617 Id

414 1647 557 1701 enim
583 1647 713 1702 dicit
736 1648 878 1715 quod
901 1647 1161 1715 Joannes,
1185 1649 1327 1720 Quod
1353 1654 1555 1716 caueri;
1581 1654 1746 1709 immo
1771 1663 1825 1710 et
1845 1649 2009 1709 Joan.

2112 449 2220 495 tum
2263 442 2424 512 igitur
2448 439 2612 500 homo
2644 443 2816 503 factus
2844 449 2960 512 est,
2994 455 3050 502 ιιι
3080 463 3174 518 per
3204 448 3296 503 Dei
3336 445 3554 506 Filium.
3592 451 3702 509 Sed

2109 533 2251 588 Deus
2281 533 2548 590 hominem
2582 535 2646 592 ad
2679 538 2964 610 imaginem
2994 539 3083 593 Del
3120 537 3262 604 fecit;
3299 537 3439 596 Deus
3465 547 3548 597 est
3575 558 3708 616 ergo

2108 627 2196 698 qui
2226 625 2351 683 fecit
2375 629 2650 684 hominem
2680 631 2746 685 ad
2775 627 3063 703 imaginem
3095 627 3210 698 Dei,
3241 633 3380 689 Deus
3401 651 3528 706 ergo
3548 629 3708 692 Chri-

2108 727 2223 777 Stus
2249 731 2334 778 est
2364 739 2377 778 :
2410 721 2467 779 ut
2493 727 2685 780 merito
2714 741 2812 782 nec
2830 720 3040 781 Veteris
3063 723 3395 783 TeSIamenti
3419 730 3558 785 circa
3586 746 3709 802 per-

2045 865 2048 868 .
2107 827 2295 871 sonam
2337 815 2538 872 Christi
2572 819 2788 874 vacillet
2819 819 3112 873 auctarltas
3137 861 3152 885 ,
3194 819 3320 874 dum
3354 821 3486 875 Novi
3513 821 3707 877 Testa-

2110 909 2273 962 menti
2305 905 2738 965 manifeStatioue‘
2768 909 2987 964 fulcitur
3026 929 3038 964 :
3087 926 3186 965 nec
3213 909 3344 965 Novi
3374 905 3712 970 TeSIamenti

2110 1004 2407 1072 intercepta
2439 1003 2508 1058 sit
2539 1011 2796 1074 petestas,
2829 1004 2954 1058 dum
2990 1003 3261 1060 radicibus
3289 1005 3486 1060 veteris
3512 1006 3706 1063 Testa-

2110 1096 2277 1150 menti
2304 1095 2545 1160 ejusdem
2571 1096 2760 1151 nititur
2787 1097 3004 1151 veritas.
3031 1093 3107 1152 Ex
3137 1109 3264 1167 quo,
3291 1097 3380 1168 qui
3407 1095 3705 1170 Christum,

2110 1177 2202 1240 ῡει
2237 1181 2428 1241 Filium
2469 1195 2525 1243 et
2554 1187 2814 1255 hominis,
2848 1189 3221 1243 tantummodo
3251 1201 3580 1258 pra-sumunt
3611 1185 3710 1248 h0-

2111 1280 2330 1344 minetn,
2362 1293 2466 1334 non
2496 1288 2549 1335 et
2581 1277 2772 1347 Deum,
2807 1290 2996 1337 centra
3024 1275 3435 1337 Testamentum
3465 1293 3514 1338 et
3543 1279 3715 1341 Vetus

2109 1372 2164 1426 ει
2189 1369 2393 1425 Novum
2425 1371 2647 1436 faciunt,
2679 1371 2803 1427 dttttt
2833 1383 2888 1429 et
2917 1371 3124 1430 Veteris
3150 1382 3204 1430 et
3221 1373 3353 1429 Novi
3374 1376 3710 1434 Testamenti

2109 1468 2483 1521 auctoritatem
2516 1467 2904 1538 veritatemque
2928 1478 3305 1536 corrumpunt.
3333 1470 3468 1536 Quid
3494 1472 3535 1524 si
3566 1471 3709 1527 idem

2110 1548 2323 1630 Moyses
2365 1558 2562 1629 ubique
2606 1560 2897 1614 introducit
2930 1561 3094 1615 Deum
3130 1555 3342 1616 Patrem
3384 1563 3710 1619 inmensum

2111 1649 2272 1720 atqtte
2313 1651 2431 1706 sine
2463 1650 2588 1715 fine,
2626 1662 2733 1706 nan
2765 1653 2850 1722 qui
2885 1651 3005 1706 loco
3030 1651 3311 1720 cludatur,
3345 1653 3436 1708 sed
3464 1654 3553 1726 qui
3593 1667 3710 1710 om-

410 1751 510 1795 nes
536 1753 586 1795 et
610 1745 792 1798 cu-teri
821 1743 890 1796 ab
922 1741 1024 1798 hoc
1053 1742 1424 1816 intelliguntur
1449 1749 1722 1817 accepisse
1752 1747 1894 1820 quod
1925 1743 2007 1805 di-
2035 1729 2083 1797 Β
2113 1749 2237 1797 Mm
2270 1741 2445 1796 locum
2478 1735 2660 1797 Cllllial
2695 1759 2708 1796 ε
2741 1753 2839 1797 nec
2871 1755 2991 1798 eum
3021 1744 3110 1815 qui
3143 1745 3192 1798 ill
3222 1745 3339 1800 1000
3364 1746 3451 1814 Sil,
3485 1745 3578 1802 38d
3614 1764 3710 1817 p0-

411 1837 557 1887 eant.
586 1833 641 1887 Si
680 1834 820 1887 enim
853 1833 1086 1890 Joannes
1126 1834 1256 1890 dicit
1287 1855 1300 1890 :
1335 1831 1520 1891 Omnia
1549 1847 1637 1910 per
1662 1841 1830 1911 ipsum
1865 1839 2006 1912 facta

417 1935 559 1991 sunt,
606 1937 650 1980 et
677 1930 782 1981 sine
808 1929 920 1997 ipso
951 1933 1142 2000 factum
1175 1937 1246 1984 est
1274 1930 1405 1984 nihil
1431 1931 1447 2000 (
1473 1929 1631 1987 Joan.
1659 1948 1698 1998 ι,
1730 1935 1764 1989 5
1789 1937 1838 2006 );
1871 1933 2003 1990 Pro-

414 2017 602 2088 phetes
631 2030 805 2074 autem
839 2019 1003 2076 refert
1024 2041 1037 2077 :
1057 2019 1188 2077 Dico
1219 2039 1310 2095 ego
1332 2041 1488 2092 opera
1517 2039 1627 2080 mea
1659 2027 1788 2098 Regi
1814 2026 1833 2098 (
1855 2027 2001 2084 Psal.

407 2125 552 2181 xuv,
599 2113 705 2184 2);
767 2115 976 2188 Moyses
1023 2123 1204 2172 autem
1262 2118 1554 2174 introducit
1600 2123 2003 2192 pracipientem

409 2207 572 2262 Deum
620 2220 672 2261 ut
708 2207 794 2262 lux
829 2211 918 2263 ttat
961 2210 1010 2263 in
1045 2210 1227 2280 primis
1252 2252 1268 2276 ,
1301 2211 1501 2267 cretum
1532 2213 1806 2282 ﬁrmetur,
1850 2231 2001 2286 aquae

409 2315 839 2373 congregemur.
889 2301 1036 2358 arida
1078 2303 1430 2372 ostendatur,
1466 2305 1667 2362 fructus
1704 2309 2001 2365 Sectmdnm

407 2393 613 2448 semina
646 2391 666 2424 ι
699 2405 1040 2462 provocetur,
1093 2395 1342 2450 animalia
1400 2398 1788 2468 producantur,
1841 2399 2000 2456 Inmi-

404 2486 553 2540 nuria
601 2487 650 2540 in
683 2489 820 2541 ccelo
847 2489 1006 2557 atque
1033 2495 1175 2542 astra
1211 2500 1481 2558 ponantur
1510 2491 1530 2564 (
1555 2491 1683 2549 Gen.
1718 2494 1780 2564 ι)
1830 2511 1842 2546 :
1890 2510 1998 2550 non

401 2577 564 2631 alimn
592 2579 832 2634 DSIendit
870 2591 993 2634 tunc
1031 2577 1268 2638 adfuisse
1310 2583 1420 2637 Deo
1449 2587 1532 2637 cui
1577 2590 2000 2655 prmciperentur

401 2673 516 2726 lucc
555 2688 719 2742 opera
749 2683 804 2727 ut
845 2673 1056 2742 fierent,
1104 2676 1204 2730 nisi
1247 2692 1366 2731 eum
1405 2688 1493 2748 per
1526 2696 1674 2749 quem
1715 2684 1853 2750 facta
1878 2691 1998 2736 sunt

401 2765 593 2831 omnia,
624 2775 668 2819 et
696 2767 804 2819 sine
833 2783 931 2836 quo
960 2771 1151 2834 factum
1184 2778 1256 2822 est
1283 2770 1431 2825 niltil.
1469 2773 1546 2825 Ac
1573 2771 1615 2824 Si
1643 2769 1727 2825 hic
1756 2769 1996 2828 Verbum

403 2855 502 2911 Dei
534 2867 636 2920 est,
670 2869 789 2910 nam
823 2861 1065 2912 eructuvit
1098 2875 1186 2912 cor
1219 2875 1387 2914 meum
1425 2863 1624 2915 uerbum
1664 2861 1878 2928 bonum;
1909 2877 1996 2917 os-

405 2950 578 3003 tendit
621 2951 671 3004 in
717 2953 984 3021 principio
1017 2949 1248 3007 Verbum
1289 2953 1490 3020 fuisse,
1534 2965 1587 3008 et
1615 2953 1848 3010 Verbum
1892 2955 1994 3010 hoc

399 3041 542 3111 apud
577 3039 786 3097 Patrem
823 3045 1024 3110 fuisse,
1058 3043 1222 3099 Deutn
1255 3055 1512 3116 praeterea
1540 3043 1774 3102 Verbum
1804 3045 1988 3113 fuisse,

2113 1835 2219 1890 tins
2256 1835 2310 1890 in
2342 1845 2451 1905 quo
2479 1836 2657 1889 omnis
2685 1829 2835 1890 locus
2873 1833 2944 1890 sit
2983 1855 2996 1892 :
3027 1837 3204 1890 munia
3243 1840 3608 1894 continentem
3650 1845 3710 1896 et

2109 1937 2300 1983 cuncta
2327 1925 2700 1997 coinplexum:
2733 1938 2790 1982 ut
2821 1927 3014 1982 tnerltn
3046 1943 3143 1983 nec
3169 1925 3464 1984 descendat
3489 1945 3587 1986 nec
3617 1941 3707 1988 as-

2108 2021 2333 2089 cendat,
2363 2022 2618 2092 quoniam
2662 2022 2776 2091 ipse
2816 2021 2996 2075 omnia
3033 2027 3087 2076 et
3131 2023 3372 2078 continet
3396 2031 3451 2078 et
3477 2023 3703 2097 implet:

2106 2117 2159 2170 et
2189 2119 2366 2170 tamen
2395 2104 2748 2169 nibliomium
2773 2111 3063 2170 introducit
3089 2114 3254 2170 Deum
3281 2115 3703 2174 descendentem

2105 2209 2170 2263 ad
2210 2217 2410 2264 tut-rem
2440 2217 2598 2278 quam
2630 2207 2968 2264 aedificabant
3009 2207 3103 2264 lilii
3157 2207 3436 2266 hominum
3490 2211 3511 2242 ⁸
3557 2227 3704 2267 con-

2104 2299 2343 2358 siderare
2371 2309 2722 2374 quaerentem,
2751 2301 2808 2357 et
2834 2302 3103 2358 dicentem
3135 2319 3150 2356 :
3193 2299 3408 2368 Venite;
3449 2312 3503 2359 et
3534 2320 3658 2360 mox
3690 2325 3704 2360 :

2103 2389 2505 2462 Deicendmnits,
2526 2397 2572 2448 el
2602 2393 2978 2464 cdnfundamus
3009 2394 3118 2448 illic
3141 2395 3370 2466 ipSorum
3403 2395 3624 2467 linguas,
3649 2405 3707 2450 ut

2103 2503 2202 2541 non
2227 2487 2404 2541 audiat
2432 2487 2773 2557 unusquisque
2793 2499 2959 2542 vocent
2983 2488 3199 2556 proximi
3222 2487 3339 2543 sui?
3359 2487 3512 2562 (Gen.
3538 2505 3610 2550 XI.
3626 2487 3709 2565 7.)

2101 2579 2272 2644 QUem
2318 2579 2507 2633 volunt
2541 2579 2659 2633 heic
2705 2575 2872 2632 Deum
2922 2577 3266 2634 descendisse
3307 2573 3372 2634 ad
3406 2592 3604 2638 turrem
3637 2583 3703 2640 il-

2103 2669 2231 2736 latn,
2257 2681 2308 2725 et
2337 2667 2588 2725 homines
2609 2679 2735 2725 tunc
2756 2664 2876 2724 illos
2901 2670 3118 2726 visitare
3140 2675 3510 2742 qun-rentem?
3532 2673 3703 2732 Deum

2099 2753 2314 2818 Patrem
2339 2761 2361 2817 ?
2405 2763 2543 2834 Ergo
2567 2763 2676 2834 jatn
2711 2763 2833 2820 loco
2861 2763 3127 2819 clauditur
3157 2783 3170 2820 :
3201 2776 3256 2820 et
3281 2767 3550 2836 quomodo
3582 2761 3698 2839 ipse

2099 2853 2280 2912 omnia
2308 2855 2719 2928 complectitur?
2745 2857 2851 2912 Aut
2874 2857 3128 2927 numquid
3155 2855 3414 2929 Angeium
3441 2873 3559 2913 cum
3584 2861 3698 2918 Att-

2097 2945 2231 3019 geiis
2257 2949 2385 3004 dicit
2413 2945 2828 3005 descendentem
2857 2993 2871 3015 ,
2906 2957 2960 3003 et
2999 2947 3265 3004 dicentem
3316 2969 3329 3005 :
3389 2945 3601 3014 Venite;
3642 2957 3699 3008 et

2098 3049 2221 3096 ’mOx
2256 3059 2267 3094 :
2299 3037 2680 3096 Descendamus
2704 3047 2750 3096 et
2778 3039 3155 3112 confundamus
3186 3041 3293 3096 illic
3326 3044 3554 3114 ipsorum
3589 3045 3696 3099 lin-

399 3134 419 3166 ⁵
459 3136 636 3190 omnia
685 3149 783 3204 per
835 3137 1009 3206 ipsum
1061 3131 1194 3192 facta
1232 3153 1371 3194 esse.
1407 3138 1512 3194 Sed
1549 3142 1691 3194 enim
1725 3135 1824 3194 hoc
1865 3138 1990 3194 i’er-
2019 3119 2066 3188 C
2098 3135 2273 3207 guns?
2321 3134 2428 3191 Sed
2473 3137 2617 3192 enim
2663 3137 2716 3190 in
2760 3133 3176 3191 Dentrr'onomio
3218 3137 3699 3194 animadvertimus

397 3226 513 3281 bunt
536 3245 657 3282 cara
681 3230 874 3297 factum
898 3238 987 3294 est,
1014 3242 1058 3283 et
1088 3231 1332 3284 habitavit
1356 3233 1407 3285 in
1433 3224 1575 3287 nobis
1600 3231 1781 3302 (Joan.
1808 3249 1845 3300 t,
1873 3227 1988 3306 Ii),

395 3323 652 3376 Christus
677 3323 880 3377 scilicet
914 3319 1082 3378 Filius
1113 3317 1204 3378 Dei
1231 3340 1246 3389 ;
1279 3338 1478 3394 quem,
1510 3325 1634 3380 dum
1668 3335 1722 3381 et
1750 3336 1993 3395 postmo-

395 3415 524 3469 dum
558 3415 851 3469 secundum
885 3431 1102 3470 carnem
1134 3415 1406 3472 hominem
1439 3419 1752 3488 accipimus,
1783 3429 1836 3474 et
1866 3430 1992 3475 ante

394 3509 583 3563 mundi
625 3510 1012 3563 institutionem
1043 3507 1139 3564 Dei
1172 3509 1411 3565 Verbum
1445 3521 1497 3566 et
1527 3509 1693 3566 Detnn
1722 3514 1988 3580 videmus;

393 3604 593 3656 merito
614 3603 908 3657 secundum
935 3603 1331 3659 institutionem
1367 3601 1577 3660 Veteris
1606 3617 1659 3662 et
1684 3599 1817 3662 Novi
1853 3601 1990 3666 Tcso

397 3696 656 3760 tatnenti,
697 3707 743 3751 et
793 3696 962 3750 Deum
1008 3705 1055 3750 et
1105 3697 1373 3753 horninem
1402 3696 1674 3754 Christum
1712 3693 1895 3757 Iesum
1935 3711 1991 3760 et

401 3789 670 3844 credimus
709 3801 761 3845 et
803 3799 1069 3844 tenemus.
1097 3791 1233 3857 Quid
1262 3794 1304 3847 si
1345 3787 1482 3848 idem
1511 3787 1722 3866 Moyses
1753 3790 1989 3851 introdu-

395 3884 468 3938 cit
497 3882 757 3939 dicvntem
785 3885 951 3940 Deum
985 3905 996 3939 :
1028 3879 1304 3938 Faciamus
1334 3885 1587 3940 hominem
1618 3887 1686 3940 ad
1715 3889 1988 3959 imaginem

392 3987 442 4032 et
472 3979 852 4032 similitudinem
881 3991 1108 4033 nostram
1139 3976 1302 4052 (Cm.
1339 3995 1352 4034 l
1380 4023 1394 4047 ,
1425 3976 1516 4045 26,
1543 3979 1650 4053 27)
1686 4002 1698 4038 :
1727 3993 1780 4037 et
1809 3985 1940 4039 infra
1967 4027 1983 4054 ,

387 4071 459 4126 Et
489 4075 607 4143 fecit
637 4071 776 4128 Deus
807 4075 1098 4137 hominem,
1125 4077 1192 4128 ad
1228 4076 1499 4148 imaginem
1534 4076 1628 4132 Dei
1659 4079 1777 4147 fecit
1805 4075 1980 4148 illum,

387 4167 676 4221 masculum
704 4177 748 4221 et
773 4170 1015 4238 feminam
1047 4169 1166 4237 fecit
1192 4171 1314 4223 eos?
1341 4169 1421 4237 Si,
1458 4179 1512 4224 nt
1534 4170 1643 4241 jam
1668 4172 1979 4240 docuimus,

392 4261 487 4316 Dei
511 4259 682 4315 Filius
711 4272 788 4314 est
819 4278 914 4330 per
941 4275 1096 4329 quem
1127 4261 1261 4316 facta
1292 4272 1415 4317 sunt
1446 4265 1646 4330 omnia;
1680 4267 1861 4336 utique
1892 4265 1984 4322 Dei

391 4355 567 4410 Filius
594 4366 676 4409 cst
700 4369 794 4423 per
823 4371 981 4424 quem
1012 4356 1172 4408 etiam
1200 4356 1361 4409 homo
1387 4357 1659 4412 institutus
1682 4368 1785 4424 est,
1818 4367 1981 4430 prop-

386 4457 472 4503 ter
494 4455 654 4518 quem
682 4448 814 4500 laeta
839 4458 960 4499 sunt
981 4447 1179 4501 omnia.
1203 4447 1308 4502 Sed
1335 4449 1477 4502 enim
1502 4449 1614 4504 Deo
1637 4450 1983 4520 przecipiente

2095 3229 2346 3285 retulisse
2371 3225 2540 3284 Deum
2568 3227 2706 3295 h:rc,
2750 3228 3025 3300 Deumque
3054 3229 3275 3294 dixisse,
3311 3231 3399 3285 ubi
3430 3231 3645 3301 ponitur
3677 3250 3693 3288 :

2097 3319 2224 3379 Cum
2265 3319 2620 3379 disseminaret
2660 3324 2795 3394 ﬁlios
2836 3324 3037 3390 Adam,
3079 3325 3258 3379 statuit
3301 3325 3428 3394 lines
3467 3327 3694 3397 gentium

2087 3416 2242 3492 juxta
2272 3429 2536 3473 nutrierunt
2567 3419 2865 3485 angelorum
2895 3413 2988 3472 Dei
3023 3415 3214 3487 (Deut.
3242 3435 3421 3484 χχχιι,
3453 3416 3546 3488 8).
3579 3417 3690 3474 Ne-

2095 3527 2200 3583 que
2223 3525 2350 3581 ergo
2381 3511 2538 3566 Pater
2565 3511 2865 3578 descendit,
2899 3517 2954 3564 ιιι
2984 3525 3071 3565 res
3103 3511 3333 3576 indicat;
3369 3526 3543 3581 neque
3575 3511 3691 3567 An-

2094 3606 2248 3677 gelus
2277 3605 2374 3658 ista
2402 3604 2644 3674 praecipit
2667 3645 2682 3666 ,
2712 3614 2768 3658 ut
2789 3619 2877 3659 res
2902 3603 3111 3673 prohat.
3143 3601 3403 3669 Superest
3430 3619 3594 3674 ergo,
3630 3611 3690 3660 nt

2095 3697 2182 3753 ille
2209 3695 2584 3762 tit-sconderit,
2620 3695 2686 3750 de
2733 3709 2840 3766 quo
2866 3695 3142 3764 apostolus
3175 3691 3370 3750 Paulus
3397 3713 3410 3748 :
3440 3695 3543 3763 Qui
3595 3696 3689 3750 de-

2093 3789 2312 3851 scendit.
2342 3791 2450 3859 ipse
2478 3799 2549 3844 est
2575 3789 2661 3859 qui
2686 3789 2914 3841 ascendit
2939 3803 3092 3856 super
3109 3803 3282 3840 omnes
3297 3787 3470 3850 caelos,
3505 3798 3557 3840 ut
3590 3789 3690 3841 im-

2095 3883 2253 3954 pleret
2279 3883 2449 3935 omnia
2478 3879 2705 3950 (Ephes.
2732 3887 2805 3941 iv,
2834 3876 2973 3948 10);
3002 3875 3103 3932 hoc
3131 3890 3213 3932 est
3243 3879 3334 3933 Dei
3367 3871 3558 3944 Filius,
3591 3873 3686 3936 Dei

2091 3973 2351 4032 Verbum.
2383 3971 2618 4029 Verbum
2649 3982 2826 4026 autem
2861 3971 2951 4026 Dei
2981 3987 3107 4025 caro
3139 3967 3334 4026 factum
3369 3983 3472 4040 est,
3502 3983 3555 4028 et
3587 3972 3679 4028 ha-

2091 4071 2281 4126 bitavit
2322 4071 2376 4122 in
2419 4068 2575 4121 nobis
2637 4085 2649 4120 :
2699 4065 2788 4120 hic
2829 4067 2849 4097 τ
2895 4067 2998 4120 erit
3046 4061 3292 4122 Christus
3327 4083 3340 4119 :
3374 4063 3516 4122 Deus
3555 4080 3684 4138 ergo

2091 4159 2524 4234 pronuntiabttur
2547 4158 2814 4214 Christus.

2499 4312 2728 4371 CAPUT
2766 4310 2955 4369 XVIII.
2991 4313 3063 4369 al.
3110 4312 3305 4370 XXVI.

2090 4455 2225 4513 Inde
2255 4455 2430 4523 etiam,
2461 4454 2596 4524 quod
2635 4453 2858 4508 .Abrahte
2904 4453 3040 4508 visus
3067 4452 3264 4525 legatur
3306 4449 3446 4506 Deus
3492 4468 3510 4506 :
3549 4450 3687 4519 quod

379 4551 443 4598 ut
471 4516 634 4597 homo
665 4541 776 4608 ﬁat,
810 4541 949 4595 Deus
983 4533 1216 4597 refertur
1245 4558 1366 4598 esse
1388 4544 1476 4614 qui
1511 4545 1783 4602 hominem
1816 4547 1977 4605 iacit:
2005 4516 2060 4578 Β
2159 4545 2222 4604 de
2270 4535 2429 4602 Patre
2471 4554 2680 4612 nequeat
2738 4543 2997 4617 intelligi,
3039 4561 3187 4614 quem
3216 4559 3362 4598 nemo
3405 4543 3531 4597 vidit
3573 4557 3688 4596 um-

378 4635 516 4688 facit
555 4644 734 4688 autem
787 4633 1056 4688 hominem
1110 4633 1202 4688 Dei
1250 4631 1453 4700 Filius,
1489 4635 1722 4693 Veritum
1775 4640 1982 4697 scilicet

377 4726 517 4788 Dei,
553 4744 641 4795 per
670 4743 817 4796 quem
855 4731 995 4797 facta
1033 4739 1148 4781 sunt
1179 4729 1352 4781 omnia
1373 4769 1389 4793 ,
1433 4740 1480 4783 et
1525 4732 1633 4785 sine
1661 4748 1758 4802 quo
1789 4733 1981 4804 factum

381 4828 464 4874 est
493 4821 643 4876 nihil.
677 4820 792 4877 Hoc
815 4830 993 4876 autem
1027 4819 1256 4876 Verbum
1285 4837 1411 4877 caro
1437 4823 1636 4880 factum
1669 4835 1770 4892 est,
1804 4839 1858 4884 et
1884 4827 1982 4885 ha-

2157 4657 2352 4713 quam;
2400 4637 2489 4695 sed
2531 4638 2594 4694 de
2629 4635 2769 4692 Filio
2799 4638 2854 4692 in
2884 4631 3066 4709 Angeli
3101 4637 3342 4706 imagine.

2156 4830 2296 4887 Ecce
2325 4827 2466 4883 idem
2493 4823 2707 4896 Moyses
2727 4820 2898 4879 refert
2915 4821 3022 4878 alio
3041 4820 3095 4877 in
3118 4819 3260 4890 loco,
3289 4820 3434 4892 quod
3460 4821 3684 4880 Abrahae

1521 4957 1896 5024 GALLANDII
1942 4959 2506 5028 COMMENTARIUS.

372 5115 494 5174 que
530 5100 677 5174 hanc,
696 5099 996 5174 lectionem
1042 5105 1261 5174 secutus
1289 5108 1377 5174 est
1404 5097 1702 5174 lacksonus
1725 5145 1740 5169 ,
1771 5117 1891 5174 quae
1923 5115 1978 5161 et

372 5167 643 5246 probatur
667 5173 1025 5246 Weirltinano
1086 5167 1248 5246 Edili,
1281 5171 1333 5225 in
1370 5171 1551 5246 gloria.

456 5245 474 5273 ¹
513 5241 948 5318 Deme/tenditurr
997 5239 1242 5312 Legerint
1299 5239 1418 5298 cuin
1458 5241 1729 5300 Jaeksono
1795 5247 1980 5318 depre-

369 5315 652 5370 hendetur.
984 5376 986 5380 I

451 5388 475 5417 ³
518 5389 806 5457 Auferatur.
857 5384 1148 5457 Editi_non
1196 5388 1479 5457 auferatur,
1515 5401 1674 5441 sensu
1707 5387 1981 5443 contrario

364 5453 700 5525 argumento
723 5462 976 5511 attctnris.
1004 5455 1255 5512 Jacmm.
1283 5466 1337 5510 et
1363 5453 1630 5511 Wstcnu.

450 5525 475 5558 ⁸
509 5528 564 5580 Si
620 5529 724 5580 ha'c
761 5527 872 5581 tolli
917 5547 1017 5582 non
1055 5536 1284 5596 posmnl.
1331 5527 1391 5583 Si
1424 5531 1528 5582 haec
1561 5533 1612 5581 in
1644 5528 1978 5597 prazdestina-

367 5605 529 5670 tione
563 5609 750 5650 tantum
794 5601 895 5653 dici
939 5616 1038 5652 non
1081 5609 1328 5670 possunt,
1366 5602 1490 5668 legit
1523 5598 1789 5670 Gagnu-us
1830 5615 1879 5654 ut
1925 5609 1978 5656 et

373 5667 715 5740 Frulienius,
748 5686 883 5740 quos
911 5667 1127 5725 serutus
1150 5679 1232 5723 est
1266 5667 1667 5726 Wt-lcinnantis.
1697 5671 1803 5726 Sed
1836 5672 1979 5728 edita

377 5739 621 5798 Pamehi
661 5753 719 5796 ut
757 5739 961 5812 aptiora
1002 5740 1299 5797 Novatiano
1337 5742 1532 5800 retinui
1574 5760 1588 5800 :
1631 5743 1799 5803 altera
1837 5744 1982 5802 enim

2081 5104 2243 5161 lectio
2283 5097 2502 5156 videtur
2552 5097 2753 5154 intrndi
2794 5102 2861 5152 ex
2902 5097 3352 5170 interpretatione
3391 5097 3681 5159 verborum

2084 5177 2195 5231 tolli
2224 5191 2324 5228 non
2351 5172 2638 5243 possunt.)
2650 5185 2869 5226 ACKSON.

2154 5245 2176 5312 ’ξ
2212 5233 2542 5298 Provocetur.
2579 5241 2738 5296 Forte
2779 5251 3136 5308 provocentur.
3167 5233 3438 5298 WELcuu.

2156 5317 2177 5348 ⁸
2212 5315 2417 5369 Omnia.
2464 5313 2786 5384 Conjuuctio
2822 5324 2868 5366 et
2909 5315 3120 5369 videtur
3173 5313 3365 5370 deesse
3399 5323 3524 5370 ante
3576 5333 3688 5370 om-

2083 5385 2577 5511 ""i'tiiiﬁstili-lm.
2634 5452 2924 5510 Existimat
2960 5451 3348 5512 Wv-tchmanns
3399 5455 3685 5513 latendum

2158 5471 2179 5490 ο
2213 5471 2577 5511 Lonmaerare.
2634 5471 2924 5510 Lmsumat
2969 5471 3348 5512 wv-tcnmanus
3401 5471 3412 5508 l
3485 5471 3685 5513 ennntn

2089 5529 2472 5604 considerata:
2512 5527 2672 5598 idque
2711 5542 2808 5604 pro
2842 5521 3142 5604 indubitata
3175 5527 3332 5604 habet
3359 5471 3686 5604 laﬁsottns.

2157 5603 2176 5632 "
2211 5593 2346 5653 Erit.
2398 5589 2561 5653 Forte
2587 5589 2599 5598 ’
2628 5589 2734 5652 era?
2759 5639 2774 5660 ,
2817 5599 2960 5669 quod
3021 5603 3225 5653 notavit
3251 5591 3642 5654 Welcnmanns
3674 5617 3689 5654 :

2087 5673 2182 5726 erit
2226 5681 2404 5730 tamen
2450 5681 2713 5742 congruet
2757 5671 3004 5741 sequenti
3051 5671 3492 5741 pronuntiabitur.
3538 5669 3700 5726 lacn-

2086 5751 2204 5800 sos.
