4256 6250
557 240 662 294 919

2008 235 2381 294 ΝονΑτιΑΝι

3753 241 3861 296 920

553 351 692 404 visus
719 351 785 403 sit
818 345 956 404 Deus
988 350 1140 420 (Gen.
1174 364 1270 415 χιι,
1305 349 1384 421 7).
1417 350 1616 421 Atquin
1644 350 1786 406 idem
1818 349 2030 424 Moyses
2058 366 2150 406 au-
2179 355 2231 413 Α
2258 359 2311 406 et
2359 351 2644 407 Dominum
2702 353 2978 424 Scriptura
3016 355 3268 426 proponit
3307 363 3362 410 et
3407 355 3570 411 Deum
3604 372 3618 410 :
3653 359 3799 427 (nam
3843 362 3860 389 ³

559 441 636 497 dit
666 459 695 495 a
728 441 836 495 Deo
863 482 876 504 ,
911 442 1052 511 quod
1081 459 1226 496 nemo
1255 442 1519 496 hominum
1551 442 1715 496 Deum
1743 445 1909 497 videat
1945 454 1991 497 et
2022 445 2155 498 vivat

557 535 767 610 (Exod.
801 551 986 598 χχχιιι,
1016 535 1143 606 20).
1178 537 1230 590 Si
1265 537 1430 590 videri
1464 553 1568 591 non
1601 549 1773 607 potest
1809 538 1948 592 Deus
1971 580 1986 604 ,
2023 552 2154 606 quo-

555 631 720 684 modo
760 629 908 683 visus
946 637 1028 683 est
1071 629 1254 683 Deus?
1285 631 1392 682 Aut
1415 630 1456 682 si
1481 630 1625 683 visus
1648 641 1752 693 est,
1781 631 2048 699 quomodo
2074 631 2154 683 vi-

556 724 672 779 dcri
706 740 808 776 non
858 723 1072 791 potest?
1107 722 1237 776 Nam
1279 732 1332 777 et
1361 723 1626 788 Jonnnes,
1659 722 1823 776 Deum
1864 739 2009 776 nemo
2042 723 2158 792 (in-

557 818 710 886 quit)
755 817 881 870 vidit
920 833 1158 880 umquam
1200 815 1448 884 (lJoan.
1483 832 1554 882 tv,
1603 814 1728 886 12).
1780 815 1845 869 Et
1881 815 2159 884 apostolus

556 908 759 962 Paulus
809 925 822 962 :
872 908 1033 975 Quem
1076 909 1199 961 vidit
1244 909 1503 961 hominum
1536 925 1680 962 nemo
1703 951 1717 974 ,
1752 925 1840 962 nec
1870 908 2039 961 videre
2070 924 2160 976 po-

557 1011 651 1056 test
683 1002 723 1074 (Ι
748 1002 885 1056 Tim.
922 1019 994 1068 vt,
1027 1002 1138 1073 16).
1169 1003 1273 1055 Sed
1303 1017 1409 1055 non
1442 1003 1627 1070 utique
1656 1001 1936 1070 Scriptura
1967 1003 2161 1056 menti-

556 1106 645 1151 tur
675 1115 686 1150 :
719 1112 847 1166 ergo
880 1112 1006 1151 vere
1050 1097 1198 1150 visus
1233 1105 1315 1151 est
1347 1096 1503 1148 Deus.
1555 1095 1631 1148 Ex
1663 1110 1770 1164 quo
1811 1095 2033 1164 intelligi
2068 1110 2162 1164 po-

559 1196 703 1254 test,
738 1190 880 1260 quod
923 1205 1026 1243 non
1062 1189 1218 1243 Pater
1259 1190 1404 1243 visus
1433 1190 1541 1255 sit,
1575 1190 1663 1258 qui
1698 1204 1986 1257 numquam
2016 1188 2164 1242 visus

562 1293 678 1349 est;
711 1284 806 1338 sed
842 1283 1028 1347 Filius,
1061 1283 1148 1351 qui
1186 1293 1238 1337 et
1281 1282 1612 1338 descendere
1638 1283 1828 1336 solitus
1860 1292 1964 1347 est,
1997 1293 2050 1335 et
2081 1281 2163 1334 vi-

561 1375 681 1430 deri
729 1375 851 1444 quia
904 1374 1271 1429 descenderit.
1327 1375 1505 1442 Imago
1555 1385 1636 1428 est
1691 1374 1836 1428 enim
1883 1373 2166 1427 invisibilis

563 1470 684 1532 Dei,
721 1479 774 1522 ut
810 1470 1153 1523 mediocritas
1182 1479 1234 1523 et
1267 1469 1528 1538 fragilitas
1556 1469 1887 1524 conditiOnis
1919 1470 2166 1527 humanae

566 1561 735 1614 Deum
770 1561 980 1613 Patrem
1013 1560 1197 1614 videre
1227 1560 1518 1630 aliquando
1545 1561 1653 1628 jam
1685 1572 1808 1615 tunc
1836 1571 2168 1616 assuesceret

569 1651 626 1706 in
653 1653 884 1722 imagine
913 1651 1028 1712 Dei,
1062 1651 1164 1705 hoc
1189 1661 1293 1714 est,
1329 1652 1379 1704 in
1415 1651 1549 1704 Filio
1575 1651 1686 1705 Dei.
1719 1651 1991 1706 Gradatim
2023 1654 2165 1707 enim

2262 457 2357 496 nec
2385 442 2816 500 benedictionem
2856 445 3077 500 seminis
3103 446 3456 516 promisisset,
3500 448 3601 502 nisi
3633 449 3868 520 Angelus

2261 543 2315 590 et
2346 535 2484 590 Dens
2514 535 2726 608 fuisset)
2751 547 2995 607 quaerant
3020 538 3144 608 quid
3177 539 3228 592 in
3261 540 3510 608 praesenti
3543 540 3666 595 loco
3694 543 3870 598 haere-

2264 627 2351 682 tici
2385 637 2632 684 tractent.
2665 629 2822 684 Pater
2853 631 2947 684 fuit
2973 631 3074 685 iste
3108 633 3196 702 qui
3231 631 3297 685 ab
3323 633 3466 703 Agar
3494 633 3644 690 visus
3663 646 3767 702 est,
3800 651 3870 692 an

2263 721 2407 773 non?
2430 721 2552 792 quia
2586 721 2724 776 Dens
2750 722 2960 792 positus
2985 733 3086 778 est.
3115 722 3220 778 Sed
3261 722 3398 778 absit
3444 724 3610 780 Deum
3653 725 3872 783 Patrem

2221 895 2226 898 _
2264 813 2528 883 Angelum
2554 815 2733 869 dicere
2761 833 2774 868 :
2801 829 2869 870 ne
2891 815 3046 870 alteri
3071 815 3316 870 subditus
3345 818 3432 883 sit,
3457 817 3610 889 cujus
3638 820 3875 889 Angelus

2263 903 2442 959 furi-it.
2495 906 2601 960 Sed
2649 906 2908 976 Angelum
2947 906 3130 961 dicent
3172 907 3336 963 l'uiSSe
3376 925 3389 958 :
3427 911 3700 980 quomodo
3742 927 3876 983 ergo

2266 997 2410 1052 Deus
2441 1000 2564 1065 erit,
2603 999 2648 1052 si
2679 1000 2914 1070 Angelus
2945 999 3078 1054 fuit?
3123 1016 3241 1055 Cum
3284 1018 3390 1056 non
3428 1004 3498 1058 sit
3537 1004 3636 1059 hoc
3677 1019 3873 1062 nomen

2267 1093 2486 1163 Angelis
2528 1109 2778 1164 umquam
2813 1109 3164 1162 concessum;
3206 1095 3306 1148 nisi
3346 1097 3598 1166 quoniam
3627 1113 3691 1153 ex
3721 1109 3879 1153 utro-

2266 1201 2370 1254 que
2413 1185 2578 1240 latere
2623 1201 2720 1241 nos
2780 1187 2977 1241 veritas
3030 1187 3081 1240 in
3132 1187 3287 1241 istam
3331 1189 3600 1243 concludit
3655 1200 3877 1246 senten—

2271 1276 2394 1329 tiam
2421 1276 2476 1342 ³;
2524 1279 2647 1347 quia
2693 1278 2996 1348 intelligere
3015 1277 3307 1333 debeamus
3332 1279 3427 1334 Dei
3451 1280 3646 1336 Filium
3671 1282 3837 1337 inisse
3863 1298 3880 1336 :

2271 1370 2360 1438 qui
2393 1371 2646 1440 quoniam
2679 1386 2744 1427 ex
2780 1371 2890 1427 Deo
2930 1383 3030 1436 est,
3067 1376 3261 1428 merito
3292 1372 3450 1434 Deus,
3493 1374 3615 1443 quia
3661 1374 3753 1429 Dei
3794 1373 3886 1428 Fi-

2270 1461 2396 1524 lius.
2451 1463 2626 1518 dictus
2683 1464 2802 1518 sit“
2834 1483 2846 1518 :
2877 1465 3131 1535 quoniam
3178 1464 3321 1519 Patri
3363 1464 3610 1520 subditus
3659 1475 3714 1521 et
3781 1482 3884 1520 an-

2272 1558 2549 1613 nontiator
2581 1568 2817 1628 paterna:
2855 1559 3147 1614 voluntatis
3186 1567 3288 1624 est,
3322 1560 3500 1630 magni
3527 1560 3740 1614 consilii
3770 1563 3885 1615 An-

2272 1652 2427 1722 gelus
2472 1653 2850 1723 pronuntiatus
2897 1663 3000 1708 est.
3054 1653 3196 1724 Ergo
3226 1654 3247 1684 ⁸
3291 1654 3335 1708 si
3379 1652 3464 1708 hic
3510 1654 3664 1709 locus
3711 1669 3883 1725 neque

571 1754 627 1800 et
673 1761 768 1814 per
799 1742 1130 1798 incrementa
1165 1744 1424 1812 fragilitas
1471 1744 1702 1798 hmnana
1748 1746 1941 1800 nutriri
1987 1746 2173 1802 debuit
2203 1751 2249 1810 Β
2277 1761 2526 1818 personae
2555 1747 2728 1802 Patris
2749 1747 3018 1818 eongruit,
3039 1763 3107 1802 ne
3127 1747 3363 1818 Angelus
3385 1747 3565 1802 dictus
3586 1748 3692 1802 sit:
3713 1762 3886 1818 neque

569 1853 668 1908 per
701 1838 986 1907 imaginem
1015 1837 1081 1891 ad
1115 1837 1270 1890 istam
1300 1838 1548 1906 gloriam,
1581 1848 1638 1890 ut
1666 1837 1828 1892 Deum
1858 1839 2069 1894 Patrem
2099 1840 2179 1893 vi-

573 1932 703 1986 dere
759 1934 774 1962 ¹
809 1933 976 2001 possit
1020 1930 1330 2000 aliquando.
1397 1931 1701 1986 Periculosa
1730 1942 1854 1986 sunt
1883 1933 2025 1986 enim
2059 1949 2179 2003 qua:

573 2039 766 2094 magna
796 2032 942 2087 sunt,
977 2024 1020 2078 si
1059 2023 1340 2092 repentina
1376 2032 1520 2077 sunt.
1564 2023 1697 2078 Nam
1725 2025 1886 2079 etiam
1928 2025 2019 2079 lux
2051 2027 2182 2081 solis

576 2116 751 2170 subita
785 2123 904 2184 post
934 2117 1208 2180 tenebras,
1237 2116 1527 2185 splendore
1555 2117 1722 2170 nimio
1752 2117 1980 2172 insuetis
2010 2118 2181 2174 oculis

575 2223 688 2264 non
721 2209 967 2263 ostendet
993 2208 1158 2272 diem,
1189 2209 1282 2263 sed
1317 2210 1493 2278 potius
1517 2209 1680 2264 faciet
1710 2210 2031 2266 caacitatem.

651 2300 804 2368 Quod
839 2317 904 2354 ne
943 2301 992 2353 in
1023 2302 1275 2354 damnant
1310 2304 1665 2355 humanormn
1697 2304 1970 2371 contingat
1999 2303 2184 2358 oculo-

581 2410 725 2459 rum,
767 2394 1020 2464 paulatim
1063 2379 1320 2464 disrnptis
1357 2403 1412 2450 et
1447 2395 1719 2465 dissipatis
1751 2398 2004 2461 tenebris,
2036 2407 2186 2452 ortus

585 2487 870 2542 luminat-is
898 2486 1048 2540 istius
1077 2487 1434 2541 mediocribus
1460 2488 1806 2542 incrementis
1830 2489 2072 2544 fallenter
2101 2506 2186 2544 as-

587 2593 814 2649 surgens
837 2579 1024 2633 oculos
1055 2579 1326 2632 hominum
1360 2581 1557 2634 sensim
1591 2581 1875 2635 assuefacit
1913 2581 1982 2636 ad
2019 2593 2186 2637 totum

590 2672 776 2726 orbem
807 2686 959 2724 smnn
995 2669 1269 2725 ferendum
1299 2686 1392 2739 per
1422 2671 1748 2727 incrementa
1779 2671 2069 2727 radiorum.
2100 2673 2189 2728 Sic

588 2781 719 2834 ergo
744 2777 792 2820 et
825 2765 1085 2830 Christus,
1120 2766 1169 2819 id
1212 2776 1314 2826 est,
1356 2765 1530 2835 imago
1561 2766 1650 2820 Dei
1691 2775 1744 2819 et
1783 2765 1948 2820 Filius
1979 2767 2091 2834 Dei,
2122 2768 2190 2822 ab

589 2857 898 2913 hominibus
927 2859 1226 2928 inspicitur,
1258 2874 1359 2926 qua
1395 2869 1601 2927 poterat
1630 2859 1818 2914 videri.
1850 2859 1917 2914 Et
1948 2861 2066 2916 ideo
2088 2841 2190 2915 fra-

589 2951 764 3022 gilitas
793 2963 846 3006 et
874 2953 1215 3007 mediocritas
1241 2952 1401 3004 sortis
1426 2951 1670 3005 humana:
1695 2967 1790 3020 per
1812 2952 1984 3021 ipsum
2010 2953 2187 3018 alitur,

591 3047 926 3116 producitur,
956 3047 1247 3112 educatur;
1273 3056 1331 3098 ut
1353 3045 1642 3115 aliquando
1676 3047 1841 3100 Deum
1876 3061 2084 3116 quoque
2112 3047 2190 3116 ip-

2283 1855 2530 1910 personre
2554 1841 2764 1910 Angeli,
2798 1855 2866 1895 ne
2902 1841 3041 1896 Dens
3073 1841 3450 1911 pronuntiatus
3477 1840 3548 1894 sit
3581 1858 3594 1892 :
3641 1854 3888 1911 persona:

2283 1942 2465 1986 autem
2497 1931 2696 1986 Christi
2742 1933 2994 1986 convenit
3033 1942 3090 1985 ut
3117 1941 3173 1987 et
3215 1932 3355 1986 Deus
3384 1932 3475 1997 sit,
3508 1932 3632 2002 quia
3667 1931 3758 1986 Dei
3796 1930 3888 1984 Fi-

2283 2022 2389 2077 lius
2417 2033 2534 2087 est;
2567 2033 2619 2077 et
2649 2024 2884 2094 Angelus
2915 2024 3002 2090 sit,
3035 2023 3286 2093 quoniam
3317 2033 3551 2092 paterna:
3577 2022 3887 2094 dispositio-

2285 2117 2371 2171 nis
2401 2117 2750 2170 annnntiator
2777 2127 2895 2178 est;
2930 2116 3233 2186 intelligere
3260 2115 3458 2170 debent
3487 2122 3668 2169 contra
3698 2113 3890 2183 Scrip-

2285 2217 2431 2262 turas
2463 2222 2521 2262 se
2551 2222 2710 2276 agere
2739 2207 3012 2271 hmretici;
3047 2207 3135 2274 qui
3161 2205 3435 2261 Christum
3473 2221 3589 2260 cum
3617 2205 3795 2258 dicant
3826 2217 3891 2258 se

2287 2307 2341 2353 et
2377 2297 2642 2368 Angelum
2679 2298 2923 2360 credere.
2965 2298 3136 2352 nolint
3179 2299 3326 2353 illmn
3373 2298 3532 2352 etiam
3564 2298 3728 2351 Deum
3761 2311 3894 2366 pro-

2287 2394 2557 2454 nuntiare,
2579 2406 2738 2462 quem
2771 2391 2822 2445 in
2853 2390 3031 2446 Veteri
3059 2390 3410 2445 Testamento
3435 2389 3501 2444 ad
3533 2389 3897 2444 visitationem

2288 2485 2502 2555 generis
2545 2485 2763 2538 humani
2816 2484 2998 2552 legunt
3027 2497 3170 2550 saepe
3202 2483 3432 2538 venisse.
3465 2480 3657 2536 Adhuc
3703 2480 3899 2550 adjecit

2289 2576 2502 2648 Moyses
2550 2575 2704 2646 (Gen.
2757 2591 2906 2641 xvm,
2957 2575 3032 2646 i),
3073 2575 3304 2630 Ahraluc
3337 2573 3506 2628 visum
3541 2574 3707 2628 Deum
3754 2571 3894 2643 apud

2291 2683 2545 2738 quercum
2579 2668 2836 2734 Mambre,
2870 2666 3093 2722 sedente
3135 2669 3249 2737 ipso
3289 2666 3355 2720 ad
3400 2667 3596 2720 osdum
3645 2665 3897 2721 taberna-

2292 2762 2396 2816 culi
2447 2762 2526 2814 sui
2575 2761 2797 2814 meridie
2843 2779 2854 2814 :
2902 2769 2956 2815 et
3001 2759 3388 2824 nihilominus,
3435 2775 3556 2814 cum
3613 2770 3724 2814 tres
3761 2773 3896 2814 con-

2293 2855 2562 2926 spexisset
2593 2855 2758 2920 viros,
2791 2870 2954 2908 unum
2985 2870 3050 2910 ex
3076 2854 3184 2910 illis
3208 2855 3487 2908 Dominum
3521 2868 3893 2922 nuncupasse;

2292 2965 2520 3020 quorum
2571 2963 2692 3003 cum
2743 2949 2905 3018 pedes
2952 2950 3194 3013 lavisset,
3243 2951 3516 3003 cineritios
3563 2964 3734 3020 panes
3773 2966 3895 3005 cum

2294 3041 2521 3112 butyro,
2553 3049 2606 3094 et
2653 3041 2673 3070 ⁶
2724 3040 2889 3109 ipsius
2911 3040 3063 3109 c0pia
3095 3039 3248 3094 lactis
3277 3039 3454 3104 oﬂert,
3485 3048 3538 3094 et
3564 3051 3624 3094 ut
3653 3040 3895 3112 hospites

590 3150 709 3190 sum
732 3136 968 3204 Patrem,
989 3148 1201 3192 assueta
1227 3136 1414 3191 Filium
1437 3137 1768 3207 conspicere,
1795 3137 1983 3208 possit,
2009 3148 2063 3192 ut
2084 3146 2185 3206 est,
2215 3142 2259 3204 (ζ
2294 3133 2486 3186 retenti
2513 3142 2878 3199 vescerentur,
2904 3132 3165 3186 hortatur.
3199 3132 3328 3187 Post
3347 3149 3465 3204 qua:
3489 3142 3544 3189 et
3570 3136 3713 3205 quod
3747 3145 3896 3206 pater

589 3227 806 3293 videre;
842 3244 908 3281 ne
947 3230 1238 3297 majestatis
1278 3229 1446 3298 ipsius
1477 3230 1753 3297 repentino
1784 3239 1837 3282 et
1872 3229 2190 3284 intolerabili

589 3321 798 3390 fulgore
846 3336 1094 3390 percussa
1147 3322 1386 3390 intercipi
1431 3322 1618 3390 possit,
1667 3332 1723 3373 ut
1771 3322 1933 3376 Deum
1979 3321 2187 3375 Patrem

589 3429 749 3482 quem
783 3429 996 3482 semper
1033 3415 1256 3483 optavit,
1297 3412 1479 3467 videre
1505 3429 1610 3466 non
1650 3413 1833 3480 possit.
1872 3412 1946 3466 Ex
1976 3429 2082 3482 quo
2111 3412 2192 3466 Fi-

586 3507 691 3561 lius
713 3519 793 3562 cst
813 3507 896 3560 hic
917 3509 1004 3576 qui
1032 3508 1271 3571 videtur;
1298 3507 1389 3560 Dei
1422 3517 1596 3560 autem
1621 3506 1806 3571 Filius,
1834 3507 1926 3561 Dei
1958 3507 2187 3562 Verbum

588 3611 700 3666 est;
743 3602 832 3655 Dei
867 3611 1042 3654 autem
1077 3601 1309 3654 Verbum
1339 3615 1465 3654 caro
1506 3601 1701 3654 factum
1742 3610 1904 3655 estet
1936 3602 2191 3658 habitavit

589 3695 642 3748 in
675 3694 828 3747 nobis
859 3713 871 3749 :
907 3694 993 3747 hic
1019 3703 1196 3746 autem
1225 3693 1471 3748 Christus
1495 3704 1595 3748 est.
1620 3695 1769 3762 Qum,
1801 3695 2018 3758 malum,
2055 3697 2188 3750 ratio

586 3795 671 3840 est
701 3795 757 3838 ut
782 3785 1056 3839 dubitelur
1090 3786 1229 3838 Deus
1253 3785 1378 3846 dici,
1403 3786 1491 3854 qui
1521 3795 1597 3839 tot
1630 3786 1801 3840 modis
1830 3787 1968 3840 Deus
1997 3787 2188 3841 intelli-

581 3877 726 3948 gitur
746 3879 1070 3947 approbari?
1101 3879 1176 3932 Ac
1208 3879 1250 3931 si
1277 3889 1330 3932 et
1352 3878 1492 3946 Agar
1517 3876 1669 3949 (Gen.
1696 3895 1806 3943 χιι,
1834 3879 1909 3948 7),
1939 3881 2186 3934 ancillam

583 3970 735 4026 Sane
773 3972 841 4024 de
876 3971 1037 4024 domo
1078 3971 1307 4039 ejectam
1352 3972 1550 4040 pariter
1581 3981 1636 4026 et
1679 3972 1911 4043 fugatam
1954 3975 2188 4042 Angelus

580 4063 830 4117 convenit
875 4062 1014 4132 apud
1050 4063 1249 4117 fontem
1277 4077 1427 4132 aqua}
1472 4065 1522 4116 in
1563 4064 1644 4118 via
1672 4064 1792 4126 Snr,
1829 4066 1961 4134 fuga:
1997 4081 2186 4120 causas

580 4153 877 4222 interrogat
907 4163 1066 4223 atque
1091 4155 1317 4224 accipit;
1350 4164 1403 4209 et
1435 4167 1548 4222 post
1587 4159 1700 4210 huic
1729 4158 2039 4212 humilitatis
2065 4174 2187 4212 con-

578 4247 693 4304 silia
747 4247 998 4316 porrigit;
1055 4261 1203 4315 spem
1256 4257 1512 4316 prieterea
1563 4248 1634 4301 illi
1678 4253 1901 4304 materni
1954 4252 2184 4305 nominis

576 4341 723 4403 facit,
757 4340 1003 4408 quodque
1025 4355 1090 4393 ex
1118 4352 1269 4393 utero
1289 4340 1406 4408 ejus
1428 4341 1650 4394 multmn
1671 4357 1854 4395 semen
1878 4352 2019 4396 esset
2048 4344 2185 4396 futu-

578 4446 698 4487 rum
723 4433 952 4501 spondet
981 4442 1140 4501 atque
1172 4434 1454 4502 promittit.
1485 4445 1538 4488 et
1565 4433 1706 4503 quod
1740 4434 1970 4488 llismael
2003 4451 2065 4488 ex
2096 4436 2183 4489 illa

2295 3224 2504 3280 futurus
2533 3234 2697 3292 esset,
2727 3225 2875 3280 audit
2907 3245 2918 3278 :
2947 3237 3000 3280 et
3028 3226 3172 3296 quod
3203 3225 3333 3281 Sara
3360 3241 3494 3282 uxor
3515 3227 3632 3296 ejus
3659 3229 3892 3298 paritura

2293 3333 2356 3374 ex
2391 3320 2506 3388 ipso
2537 3319 2706 3374 filium
2735 3331 2900 3387 esset,
2932 3321 3122 3374 ediscit
3153 3338 3164 3373 :
3201 3329 3258 3374 et
3293 3320 3362 3376 de
3399 3321 3545 3376 exitu
3584 3322 3892 3378 Sodomita-

2293 3428 2433 3477 rum,
2483 3428 2601 3481 qua:
2655 3415 2997 3468 merebantur
3043 3413 3174 3482 pati,
3226 3415 3607 3484 recognoscit:
3653 3426 3703 3469 et
3746 3417 3891 3485 quod

2293 3514 2512 3574 propter
2556 3505 2847 3560 clamorem
2897 3504 3255 3560 Sodomorum
3307 3506 3443 3560 Deus
3495 3505 3884 3575 descendisset,

2291 3598 2540 3653 addiscit.
2589 3599 2707 3667 Quo
2754 3599 2807 3653 in
2855 3601 2972 3654 loco
3009 3601 3053 3653 si
3099 3599 3312 3654 Patrem
3357 3601 3534 3655 volunt
3563 3599 3726 3655 videri
3760 3611 3886 3656 tunc

2293 3694 2456 3748 fuisse
2479 3709 2599 3748 cum
2631 3695 2846 3764 Angelis
2869 3694 3077 3748 duobus
3104 3693 3336 3763 hospitio
3360 3706 3649 3765 reCeptutn,
3676 3696 3888 3754 Patrem

2290 3788 2555 3843 visibilem
2603 3788 2836 3843 haeretici
2890 3789 3230 3843 crediderunt
3264 3807 3276 3841 :
3312 3791 3357 3844 si
3387 3798 3562 3845 autem
3592 3792 3854 3862 Angelnm
3876 3837 3890 3858 ,

2290 3895 2412 3935 cum
2455 3895 2525 3934 ex
2569 3881 2785 3950 Angelis
2826 3883 2994 3936 tribus
3035 3898 3170 3937 unus
3211 3884 3467 3940 Dominus
3511 3895 3891 3954 nuncupatur:

2290 3987 2406 4037 cur,
2434 3972 2574 4042 quod
2609 3987 2712 4025 non
2750 3973 2906 4036 solet,
2941 3973 3176 4044 Angelus
3208 3975 3348 4031 Deus
3374 3977 3604 4031 dicitur?
3632 3979 3728 4030 nisi
3758 3992 3888 4046 quo-

2291 4065 2453 4131 niam,
2498 4076 2552 4119 nt
2595 4066 2704 4120 Deo
2741 4065 2882 4121 Patri
2916 4069 3261 4122 invisibilitas
3289 4071 3500 4139 pr0pria
3534 4071 3803 4135 reddatur,
3834 4082 3891 4126 et

2288 4157 2493 4229 Angelo
2531 4161 2744 4229 propria
2778 4159 3120 4214 mediocritas
3163 4161 3485 4226 remittatur,
3529 4177 3636 4216 non
3667 4163 3766 4217 nisi
3796 4164 3890 4218 Dei

2290 4249 2478 4317 Filius,
2509 4255 2595 4320 qni
2623 4261 2673 4305 et
2707 4241 2846 4305 Dens
2875 4260 2976 4315 est,
3011 4251 3238 4306 Abrahze
3263 4252 3429 4317 visus,
3459 4266 3511 4308 et
3544 4255 3775 4324 hospitio
3803 4270 3889 4310 re-

2289 4354 2475 4413 ceptus
2521 4357 2640 4396 esse
2687 4345 2728 4397 ".
2775 4344 3041 4398 credetur.
3106 4344 3258 4412 Quod
3314 4346 3454 4398 enim
3499 4355 3615 4400 erat
3660 4347 3886 4411 futurus,

2290 4435 2644 4490 meditabatur
2663 4436 2711 4489 in
2731 4437 3328 4501 sitcrsunento,Abrahaz
3349 4439 3516 4493 factus
3532 4439 3728 4510 hospes
3746 4441 3887 4509 apud

577 4530 726 4582 nasci
759 4528 996 4590 haberet,
1034 4535 1226 4580 etcum
1258 4527 1468 4580 caiteris
1496 4527 1665 4595 aperit
1700 4528 1873 4581 locum
1906 4528 2184 4583 habilalio-
2210 4540 2262 4600 ι)
2289 4528 2520 4583 Abrahae
2567 4529 2704 4582 [ilius
2749 4529 2957 4585 futurus
2993 4529 3170 4600 (Joan.
3222 4545 3336 4594 xm,
3361 4530 3452 4598 5);
3479 4531 3633 4600 cujus
3655 4533 3886 4586 filiorum

578 4623 663 4678 nis
686 4621 876 4691 ipsius,
899 4630 1185 4690 actumque
1206 4619 1459 4674 describit
1488 4639 1500 4674 :
1531 4620 1671 4674 hunc
1698 4629 1872 4675 autem
1897 4621 2180 4690 Angelum,

2292 4621 2479 4691 pedes,
2513 4621 2578 4676 ad
2623 4623 2992 4692 probationem
3019 4623 3162 4692 quod
3199 4626 3314 4694 ipse
3339 4633 3502 4692 esset,
3535 4626 3738 4693 abluit;
3765 4627 3891 4682 red-

1761 4757 1849 4813 GA
1859 4757 2038 4812 LLAN
2049 4755 2136 4812 DlI
2172 4755 2363 4813 COMM
2373 4755 2740 4813 ENTARIUS.

654 4883 670 4913 ¹
719 4879 910 4933 Possit.
949 4879 1022 4932 lta
1075 4893 1195 4933 cum
1232 4877 1501 4933 Jacksono
1556 4875 1962 4930 emendavinms
2013 4874 2168 4929 editt.

578 4962 766 5024 posset.
807 4951 1074 5024 Tempore
1117 4966 1345 5024 minque
1385 4948 1631 5024 pra-senti
1672 4948 1841 5024 semel
1871 4950 2171 5014 itertn'nqne

575 5020 630 5080 in
681 5023 928 5078 eamdem
980 5023 1304 5076 sententiam
1355 5021 1511 5088 paulo
1559 5030 1676 5087 post
1723 5020 1891 5072 utitur
1936 5030 2163 5071 auctor:

571 5098 768 5166 possit,
798 5105 848 5147 ut
885 5104 988 5159 est,
1018 5095 1185 5147 videre
1214 5122 1282 5130 ——
1314 5090 1546 5160 intercipi
1589 5091 1744 5160 possit
1776 5121 1844 5130 ——
1872 5090 2038 5142 videre
2073 5105 2173 5142 non

609 5169 750 5222 assit.

643 5187 664 5219 8
714 5185 750 5218 ι.

572 5185 864 5302 po'MNam,
926 5251 1036 5300 nec,
1101 5243 1204 5289 etc.
1245 5233 1370 5288 "LUC
1411 5232 1573 5286 verba
1619 5232 1953 5298 parenthesis
2001 5230 2170 5284 forma

566 5313 720 5379 posui
772 5324 892 5362 eum
941 5307 1132 5361 Franc.
1166 5307 1345 5379 Jnnio,
1389 5315 1442 5359 et
1481 5303 1756 5371 periodum
1802 5304 1967 5379 desivi
2006 5303 2171 5355 verbo

563 5374 806 5441 iractcnt,
857 5379 1015 5431 aliter
1047 5393 1108 5430 ac
1141 5378 1290 5442 editi,
1328 5391 1490 5429 sensu
1524 5388 1698 5428 tamen
1730 5374 2172 5444 snﬂ'ragatttc,_ut

563 5451 828 5522 integram
872 5450 1216 5518 perpendenti
1253 5446 1531 5522 periodum
1559 5462 1676 5515 qum
1717 5442 1955 5516 incipit‘a
1989 5442 2168 5498 verbis

562 5523 638 5576 Ac
659 5519 702 5576 si
735 5532 780 5573 et
810 5525 936 5591 Agar
1001 5523 1219 5589 patebit.
1247 5519 1505 5591 JACKSON.

631 5593 652 5622 ³
683 5587 868 5653 ρηὶα,⁷
902 5587 1217 5663 (auspicatur
1279 5588 1664 5644 Wclclnnanus
1701 5587 1986 5660 legendum
2017 5603 2118 5657 qua
2147 5603 2165 5639 :

550 5673 606 5717 et
642 5662 744 5730 hoc
772 5666 978 5718 videtur
1006 5662 1198 5730 aptius.
1233 5663 1310 5716 lo.

622 5729 644 5756 "
681 5726 934 5790 Quoniam
989 5726 1132 5786 Pieri
1191 5728 1426 5792 subditus
1463 5746 1538 5796 et.
1573 5731 1776 5791 Sensus
1804 5730 2032 5800 requirit
2058 5729 2163 5804 legi

2278 4875 2364 4930 vel
2397 4875 2725 4943 etzquoniam,
2754 4876 2836 4930 vel
2874 4875 3113 4945 quoniam
3152 4885 3342 4938 autem,
3383 4882 3470 4928 aut
3509 4874 3636 4944 quid
3680 4875 3882 4931 simile.

2280 4945 2414 5000 Tres
2453 4963 2580 5000 vero
2612 4962 2770 5000 Voces
2810 4957 3117 5016 sequentes,
3160 4945 3308 4999 Patri
3363 4947 3594 5000 subditus
3632 4957 3697 5010 et,
3730 4947 3887 5000 exhi-

2281 5016 2371 5071 bet
2401 5017 2566 5071 editio
2597 5017 2838 5082 Pamelii,
2879 5028 3196 5086 argumento
3226 5019 3456 5071 auctoris
3491 5018 3540 5069 in
3576 5017 3625 5070 id
3651 5033 3889 5072 consen-

2281 5089 2466 5143 tiente.
2498 5089 2650 5156 Quod
2680 5098 2858 5144 autem
2892 5089 3010 5142 aliis
3041 5089 3234 5141 absunt.
3260 5087 3464 5143 easdem
3497 5103 3680 5153 voces,
3714 5089 3884 5143 omit-

2278 5160 2427 5214 tendi
2463 5175 2647 5214 ansam
2679 5161 2906 5230 arripuit
2940 5159 3344 5230 Welchmantts.
3375 5160 3448 5214 lu.

2354 5231 2374 5261 ⁸
2404 5230 2462 5285 Si
2502 5231 2582 5283 hic
2624 5229 2803 5284 locus.
2835 5230 2912 5284 lta
2944 5231 3232 5284 Parnelius.
3255 5229 3312 5283 In
3333 5232 3449 5283 aliis
3469 5229 3624 5284 codd.
3648 5230 3691 5282 si
3715 5229 3878 5296 locus,

2275 5303 2478 5356 Omisso
2506 5303 2603 5364 hic,
2625 5317 2760 5370 quos
2774 5312 2989 5356 secutus
3011 5312 3092 5356 est
3115 5299 3519 5355 Welebmanus.
3549 5301 3657 5356 Sed
3691 5302 3832 5355 male
3865 5320 3880 5354 :

2275 5389 2397 5427 nam
2421 5375 2604 5427 vocula
2633 5375 2719 5426 illa
2739 5373 3158 5426 demonstrativa
3187 5381 3312 5439 apte
3335 5373 3534 5425 indicat
3555 5373 3878 5438 praedictum

2276 5442 2568 5512 Scriptura:
2601 5446 2794 5507 locum,
2825 5460 2984 5511 quem
3013 5453 3199 5496 auctor
3228 5443 3499 5496 edisserit.
3534 5441 3609 5497 lo.

2347 5516 2366 5546 ⁶
2410 5515 2600 5582 Ipsius.
2629 5514 2861 5582 Conjicit
2911 5513 3208 5569 Jacksonus
3259 5513 3542 5583 legendum
3593 5515 3737 5584 ipsis.
3769 5513 3880 5571 Sed

2271 5586 2490 5641 obstare
2522 5585 2732 5639 videtur
2761 5585 3069 5652 conjunctio
3099 5585 3428 5654 prmcedens.

2341 5658 2360 5688 "
2407 5657 2670 5712 Credetur.
2720 5657 2792 5711 Ita
2847 5657 2975 5711 editi
3047 5657 3112 5710 ad
3182 5671 3343 5728 unum
3388 5671 3598 5718 Otones,
3645 5666 3881 5728 excepto

2270 5727 2736 5798 Welchmaniano,
2768 5729 2854 5784 ubi
2882 5743 3136 5784 excusant
3168 5725 3406 5782 studiose
3435 5728 3695 5782 credatur.
