4260 6266
342 296 453 353 92l-

1592 295 1678 351 DE
1718 294 1995 354 TRINITA
2006 294 2097 352 TE
2136 294 2361 352 LIBER.

3537 297 3647 357 922

340 411 474 467 dens
501 408 556 466 in
583 408 708 465 ﬁliis
730 408 820 479 jus
846 407 1244 479 hospitalitatis,
1272 408 1414 481 quod
1444 409 1734 481 aliquando
1761 410 1835 465 illi
1866 410 1942 466 le-
1967 422 2019 482 Α
2046 423 2155 467 tene
2170 412 2254 466 :in
2283 411 2624 481 gentemenim
2641 425 2882 483 magnam
2898 411 3086 483 faciam
3098 410 3354 468 eum.ﬂic
3382 412 3643 485 Angelus,

339 513 624 563 neraverat
647 510 822 576 pater.
855 500 1009 558 Unde
1036 512 1088 558 et
1113 517 1182 557 ne
1205 517 1309 574 qua
1343 512 1488 558 esset
1525 502 1783 558 dubitatio
1810 505 1938 574 quin

342 598 446 655 iste
493 596 726 652 Abrahat
771 594 970 666 hospes
1017 594 1224 663 luisset,
1274 595 1325 650 in
1370 595 1763 652 Sodomitarum
1794 597 1939 652 exitu

340 692 561 765 ponitur
590 688 742 763 (Gen.
774 705 884 756 six,
912 687 1008 760 94)
1036 707 1048 743 :
1077 688 1330 756 Quoniam
1361 689 1490 758 pluit
1514 688 1763 744 Dominus
1790 705 1943 759 super

342 789 644 853 Sodonmm,
689 797 735 841 et
772 785 1110 841 Gomorrham
1152 786 1318 856 ignem
1357 795 1403 841 et
1429 787 1644 857 sulphur
1668 802 1700 839 a
1724 785 1939 840 Domino

340 882 406 937 de
449 882 595 937 caelo.
649 878 739 937 Sic
783 880 927 935 enim
959 886 1015 934 et
1056 878 1351 947 Prophetes
1402 893 1468 933 ex
1519 893 1749 948 persona
1800 878 1938 932 Dei:

342 974 579 1032 Subuerti
604 989 714 1040 vos,
737 973 931 1043 inquit,
977 972 1105 1027 sicut
1152 971 1451 1026 subvertit‘.
1488 970 1741 1025 Dominus
1770 972 1941 1027 Sodo-

341 1083 477 1122 mam
502 1078 548 1121 et
577 1065 916 1121 Gomorrham
941 1064 1122 1138 (Amos
1151 1080 1223 1127 tv,
1252 1065 1364 1134 11).
1400 1064 1654 1119 Dominus
1679 1080 1806 1134 ergo
1835 1064 1937 1121 So-

344 1158 558 1214 domam
593 1157 876 1222 subvertit,
906 1156 959 1211 id
991 1165 1095 1222 est,
1130 1155 1271 1210 Deus
1305 1154 1593 1212 Sodomam
1632 1157 1891 1211 subvertit
1920 1176 1934 1212 :

339 1251 437 1306 sed
464 1249 518 1305 in
544 1249 894 1304 subversione
918 1247 1276 1303 Sodomorum
1312 1248 1568 1303 Dominus
1598 1248 1731 1319 pluit
1761 1249 1937 1319 ignem

340 1358 372 1399 a
420 1343 667 1398 Domino.
716 1341 816 1398 Hic
857 1350 1036 1397 autem
1086 1340 1347 1395 Dominus
1393 1343 1540 1395 visus
1579 1349 1662 1396 est
1710 1342 1938 1397 Abrahae

340 1437 489 1494 Deus
520 1456 533 1493 :
568 1438 706 1493 Deus
730 1448 907 1492 autem
939 1436 1027 1492 hic
1056 1437 1252 1506 hospes
1276 1444 1361 1491 est
1379 1435 1630 1503 Abrahae,
1664 1435 1810 1492 visus
1838 1437 1938 1491 uti-

341 1546 445 1602 que
473 1531 596 1603 quia
626 1540 798 1587 tactus
827 1548 842 1588 :
874 1531 971 1586 sed
1023 1544 1147 1585 cum
1199 1529 1360 1585 Pater
1385 1532 1429 1597 ⁸,
1471 1531 1591 1601 quia
1636 1530 1934 1597 invisibilis,

341 1640 446 1681 nec
473 1635 605 1681 tunc
654 1627 840 1696 utique
886 1625 1033 1680 visus
1060 1625 1162 1692 sit;
1192 1624 1340 1680 visus
1360 1637 1443 1681 εει
1465 1633 1523 1680 et
1548 1625 1569 1657 ³
1596 1624 1829 1694 lt05pitio
1860 1641 1939 1681 re-

338 1727 533 1788 ceptus
575 1728 631 1772 et
674 1727 928 1787 acceptus
956 1725 1040 1772 est
1079 1716 1123 1784 δ,
1179 1717 1269 1787 qui
1313 1717 1506 1772 solitus
1534 1726 1616 1773 est
1661 1717 1823 1788 tangi,
1881 1724 1938 1772 et

2044 507 2088 558 si
2117 505 2351 575 Angelus
2375 515 2581 561 tantum
2609 517 2709 571 est,
2740 520 2838 561 cur
2860 505 2961 561 hoc
2988 506 3091 561 sibi
3118 505 3351 562 vindicat
3376 515 3436 561 ut
3459 506 3605 563 dicat
3629 526 3642 561 :

2045 599 2110 654 In
2140 611 2336 671 gentem
2364 602 2495 655 enim
2524 618 2760 672 magnam
2790 601 2977 671 faciant
3005 617 3137 668 eum,
3170 614 3290 655 cum
3331 599 3435 654 hoc
3465 601 3648 671 utique

2041 707 2211 764 genus
2239 694 2492 763 potentia:
2536 694 2627 749 Dei
2668 695 2759 758 sit,
2798 693 2987 762 Angeli
3028 707 3147 749 esse
3179 707 3284 748 non
3327 692 3530 763 possit?
3567 692 3646 748 Ex

2042 805 2148 860 quo
2206 791 2366 844 etiam
2396 792 2417 818 "
2445 790 2586 844 Deus
2646 790 2997 844 conlirmatur
3037 804 3159 844 esse
3197 788 3286 858 qni
3324 787 3429 843 hoc
3470 795 3647 857 potest

2041 881 2222 937 facere
2256 901 2269 936 :
2303 883 2551 951 quoniam
2581 892 2637 935 ιιι
2676 881 2781 937 hoc
2814 883 2987 950 ipsum
3023 883 3423 951 comprobetur,
3454 880 3644 950 adjici-

2045 984 2130 1029 tur
2179 990 2276 1045 per
2315 973 2644 1043 Scripturam
2688 976 2866 1028 statim
2899 991 2913 1028 :
2950 973 3015 1028 Et
3058 973 3257 1044 aperuit
3289 971 3428 1027 Deus
3469 973 3643 1028 oculos

2040 1072 2171 1141 ejus,
2203 1078 2248 1122 et
2287 1069 2410 1122 vidit
2451 1068 2665 1137 puteumf
2692 1082 2837 1137 aqua:
2864 1067 3006 1131 vivw,
3054 1076 3101 1120 et
3140 1065 3283 1131 abiit,
3329 1074 3375 1119 et
3416 1066 3645 1136 impleuit

2040 1179 2205 1217 utrem
2228 1162 2291 1216 de
2317 1172 2490 1231 puteo,
2515 1171 2560 1214 et
2584 1161 2719 1214 dedit
2744 1176 2922 1229 puero,
2951 1169 2997 1213 et
3022 1169 3130 1215 erat
3161 1159 3299 1215 Deus
3324 1173 3435 1211 cum
3462 1175 3636 1229 puero.

2040 1255 2094 1312 Si
2134 1270 2261 1324 ergo
2297 1255 2383 1310 hic
2415 1255 2554 1309 Deus
2597 1263 2713 1309 erat
2748 1268 2869 1308 cum
2902 1268 3071 1322 puero
3099 1252 3189 1323 qui
3217 1250 3427 1320 aperttit
3458 1251 3644 1306 oculos

2041 1348 2206 1417 Agar,
2228 1356 2283 1401 tit
2299 1347 2505 1401 videret
2525 1357 2738 1416 puteum
2766 1361 2916 1416 aqua:
2933 1345 3087 1412 vivae,
3112 1354 3164 1399 et
3191 1343 3427 1399 hauriret
3447 1358 3640 1413 aquam

2041 1451 2260 1510 pr0pter
2314 1449 2587 1508 urgentem
2659 1439 2777 1493 sitis
2852 1438 3257 1502 necessitatem;
3329 1436 3416 1491 hic
3460 1445 3640 1491 autem

2040 1536 2061 1568 θ
2079 1534 2216 1588 Deus
2243 1534 2383 1590 ctelo
2415 1534 2556 1588 illam
2588 1542 2746 1589 vocat
2773 1534 3012 1604 Angelus
3035 1533 3231 1601 dictus,
3260 1547 3382 1588 cum
3395 1532 3643 1603 superius

2041 1642 2229 1682 vocem
2267 1626 2492 1681 audiens
2513 1625 2796 1681 clamantis
2842 1626 2993 1697 pueri
3021 1627 3086 1681 ¹⁰.
3112 1627 3253 1682 Deus
3276 1634 3420 1681 esset
3443 1625 3637 1695 potius,

2047 1736 2154 1776 non
2182 1720 2319 1774 alius
2367 1720 2682 1791 intelligitur
2707 1736 2864 1790 quam
2910 1719 3145 1792 Angelus
3186 1733 3306 1775 esse
3350 1718 3552 1789 pariter
3588 1726 3644 1773 et

341 1808 523 1865 videri
550 1827 564 1863 :
594 1808 681 1864 hic
708 1817 887 1864 autem
916 1806 1081 1863 Filius
1102 1808 1217 1874 Dei,
1244 1806 1496 1863 Dominus
1514 1825 1547 1862 a
1567 1808 1786 1863 Domino
1808 1809 1937 1879 pluit
1965 1827 2014 1888 Β
2045 1814 2204 1869 Deus.
2233 1812 2387 1881 Quod
2418 1827 2538 1866 Clllll
2570 1812 2715 1867 Patri
2745 1822 3061 1881 competens
3087 1823 3137 1868 et
3167 1812 3494 1868 conveniens
3522 1825 3644 1867 esse

341 1918 502 1972 super
533 1900 812 1958 Sodomam
850 1911 896 1956 et
936 1902 1271 1958 Comen-ham
1308 1903 1525 1974 sulphur
1562 1913 1711 1974 atque
1749 1904 1935 1974 ignem.

345 1992 447 2049 Hic
472 2005 649 2049 autem
678 1994 773 2051 Dei
800 1994 1035 2051 Verbum
1067 2005 1151 2051 est
1183 2012 1197 2049 :
1224 1994 1458 2050 Verbum
1488 2005 1664 2050 autem
1696 1995 1786 2051 Dei
1813 2011 1939 2051 caro

343 2084 543 2142 factum
571 2097 671 2155 est,
700 2095 754 2143 et
780 2087 1040 2143 habitavit
1064 2088 1114 2142 in
1148 2088 1302 2144 nobis
1332 2107 1343 2143 :
1382 2088 1468 2143 hic
1497 2097 1677 2143 autem
1699 2088 1940 2144 Christus

344 2189 447 2237 est.
493 2180 608 2236 Non
652 2180 811 2236 Pater
858 2182 1018 2253 igitur
1061 2182 1201 2252 apud
1257 2181 1524 2237 Abraham
1574 2182 1789 2251 hosties,
1845 2180 1941 2238 sed

342 2270 596 2328 Christus
645 2273 771 2338 luit;
800 2287 902 2329 nec
925 2282 1052 2328 tunc
1080 2274 1240 2329 Pater
1261 2276 1408 2329 visus
1435 2284 1537 2339 est,
1580 2275 1672 2329 sed
1697 2275 1861 2329 Filius
1883 2277 1938 2341 ⁵;

342 2366 491 2421 visus
529 2375 708 2422 autem
734 2377 817 2422 est
840 2366 1108 2423 Christus.
1160 2367 1348 2423 Merito
1388 2369 1549 2438 igitur
1577 2367 1845 2434 Christus,
1889 2377 1942 2424 ct

342 2458 606 2515 Dominus
631 2469 686 2515 et
708 2459 850 2516 Deus
870 2470 973 2527 est,
993 2461 1082 2531 qui
1110 2476 1214 2515 non
1240 2461 1394 2515 aliter
1418 2460 1649 2517 Abrahm
1672 2460 1815 2515 visus
1836 2469 1939 2526 est,

341 2551 447 2608 nisi
488 2551 611 2622 quia
648 2562 773 2608 ante
828 2554 1002 2624 ipsum
1034 2553 1328 2622 Abraham,
1357 2570 1421 2609 ex
1446 2554 1601 2609 Patre
1624 2554 1734 2609 Deo
1756 2556 1776 2587 ⁶
1803 2554 1943 2611 Deus

340 2641 533 2700 Sermo
560 2656 849 2715 generatus
886 2655 988 2702 est.
1032 2646 1243 2714 Adhuc,
1286 2648 1475 2719 inquit,
1521 2648 1661 2704 idem
1705 2649 1942 2719 Angelus

341 2747 398 2794 et
427 2738 572 2795 Deus
599 2740 846 2796 eamdem
869 2742 1009 2813 Agar
1035 2742 1266 2813 fugatam
1288 2745 1356 2798 de
1380 2744 1542 2799 domo
1572 2744 1799 2801 Abrahae
1820 2760 1941 2802 cum

340 2847 531 2903 puero.
565 2834 876 2891 consolatur
904 2844 959 2890 et
986 2834 1183 2891 visitat.
1215 2835 1349 2891 Nam
1377 2852 1497 2892 cum
1530 2839 1615 2892 illa
1662 2839 1714 2893 in
1755 2838 1943 2894 solitu-

340 2925 469 2982 dine
509 2928 849 2997 exposuisset
890 2927 1169 2997 infantem,
1214 2930 1334 3000 quia
1369 2945 1503 3000 aqua
1544 2930 1831 2987 defecisset
1876 2947 1939 2987 ex

339 3028 485 3087 utre,
516 3034 745 3091 cumque
768 3036 901 3093 puer
924 3022 1016 3078 ille
1045 3024 1351 3089 clamasset,
1378 3023 1559 3079 ﬂetum
1587 3033 1641 3079 et
1673 3024 1940 3094 planctum

339 3113 575 3169 levasset
624 3112 782 3183 (Gen.
831 3131 940 3179 ut,
985 3116 1073 3180 17,
1103 3115 1191 3182 18,
1224 3115 1315 3188 l9)
1353 3118 1394 3181 ⁷,
1429 3116 1496 3170 Et
1526 3117 1740 3182 audivit,
1772 3116 1943 3186 inquit

2043 1923 2149 1963 non
2201 1907 2387 1978 possit,
2428 1907 2517 1976 qui
2563 1906 2932 1962 tantummodo
2979 1906 3117 1960 Deus
3153 1914 3237 1962 est
3278 1923 3291 1960 :
3329 1914 3643 1975 competens

2042 2010 2221 2056 autem
2244 2015 2365 2055 esse
2386 2000 2557 2071 possit
2576 1998 2811 2063 Chrism,
2839 1999 2926 2069 qui
2953 2013 3056 2052 non
3087 1997 3455 2053 tantummodo
3480 1996 3639 2063 Deus,

2041 2093 2135 2149 sed
2163 2103 2216 2148 ct
2243 2094 2476 2163 Angelus
2508 2093 2881 2163 pronuntiatus
2912 2102 3024 2159 est;
3073 2092 3354 2147 manifeste
3395 2098 3637 2162 apparet,

2041 2202 2149 2243 non
2189 2187 2403 2243 Patrem
2444 2188 2514 2242 ibi
2564 2199 2689 2241 tunc
2739 2186 2972 2241 locutum
3024 2184 3192 2241 fuisse
3231 2184 3295 2239 ad
3338 2187 3501 2255 Agar,
3547 2182 3643 2239 sed

2044 2280 2316 2336 Christum
2344 2281 2541 2350 putius,
2564 2296 2687 2336 cum
2714 2279 2856 2335 Dens
2876 2280 2963 2341 sit,
2992 2280 3080 2335 cui
3101 2279 3262 2334 ctiam
3285 2278 3472 2348 Angeli
3495 2291 3645 2332 com-

2043 2375 2172 2444 petit
2218 2390 2444 2441 nomen;
2483 2376 2680 2444 quippe
2708 2388 2826 2428 cum
2855 2373 3027 2443 magni
3055 2370 3255 2426 consilii
3283 2370 3506 2441 Angelus
3537 2369 3647 2425 l'ac-

2044 2476 2130 2522 tus
2166 2468 2235 2522 sit
2269 2466 2415 2539 (lsa.
2459 2483 2539 2532 ιι,
2574 2465 2630 2538 6)
2668 2484 2680 2519 :
2717 2467 2955 2537 Angelus
2993 2476 3169 2520 autem
3201 2465 3290 2531 sit,
3318 2465 3444 2519 dum
3474 2478 3643 2533 expo-

2044 2560 2122 2614 nit
2165 2560 2341 2613 sinunt
2382 2559 2592 2625 Patris,
2621 2560 2760 2612 sicut
2803 2559 3037 2612 Joannes
3074 2557 3236 2612 edicit
3265 2556 3444 2629 (Joan.
3468 2553 3641 2628 1,18).

2047 2654 2087 2685 ¹¹
2121 2653 2176 2709 Si
2196 2653 2339 2707 enim
2361 2652 2475 2721 ipse
2491 2651 2728 2706 Joannes
2747 2652 2888 2706 hunc
2899 2649 3145 2705 eumdem
3162 2650 3249 2719 qui
3281 2652 3457 2705 sinum
3474 2663 3643 2719 expo—

2045 2749 2122 2803 nit
2149 2747 2345 2813 Patris,
2366 2745 2603 2801 Verbum
2622 2744 2751 2799 dicit
2768 2757 2984 2798 carnem
3008 2742 3200 2797 factum
3223 2756 3365 2808 esse,
3390 2750 3444 2796 ut
3464 2740 3639 2796 sinunt

2044 2841 2221 2897 Patris
2251 2847 2434 2910 posset
2467 2851 2738 2906 exponere
2768 2854 2781 2889 :
2811 2835 3003 2891 merito
3038 2834 3281 2889 Christus
3318 2848 3423 2888 non
3467 2833 3639 2886 solum

2046 2936 2209 2992 homo
2242 2946 2325 2988 est
2362 2934 2429 3002 ¹²,
2462 2932 2554 2988 sed
2592 2941 2645 2986 et
2679 2930 2951 3001 Angelus;
3008 2944 3109 2985 nec
3136 2929 3371 2999 Angelus
3410 2936 3638 2989 tantum,

2045 3028 2139 3083 sed
2170 3036 2225 3083 et
2253 3027 2396 3081 Deus
2418 3042 2513 3096 per
2535 3025 2843 3093 Scripturas
2865 3022 3183 3085 ostenditur,
3215 3029 3270 3075 et
3296 3036 3326 3076 a
3355 3020 3507 3075 nobis
3539 3020 3640 3074 hoc

2046 3135 2165 3175 esse
2202 3118 2437 3174 creditur
2471 3134 2484 3170 :
2515 3132 2603 3182 ne,
2640 3117 2684 3170 si
2716 3130 2821 3170 non
2858 3114 3127 3169 Christum
3155 3120 3281 3167 tunc
3306 3111 3541 3166 locutum
3573 3110 3641 3166 ad

335 3206 634 3279 Scriptura,
667 3207 806 3262 Deus
852 3224 1021 3263 vocem
1055 3210 1198 3277 pueri
1242 3208 1306 3263 de
1357 3209 1468 3263 loco
1498 3209 1582 3263 ubi
1631 3217 1755 3265 erat.
1807 3208 1938 3265 Cum
1967 3219 2013 3284 ρ
2046 3212 2189 3282 Agar
2217 3208 2546 3264 voluerimus
2569 3208 2842 3278 accipere;
2871 3216 2963 3261 aut
2987 3205 3246 3276 Angelnm
3281 3204 3448 3259 Deum
3478 3202 3640 3257 facia-

337 3297 504 3354 Deum
527 3315 653 3357 esse
683 3300 774 3371 qui
799 3314 987 3356 vocem
1020 3300 1236 3355 infantis
1257 3301 1478 3369 audivit,
1514 3303 1812 3370 retulisset;
1843 3302 1936 3359 ad-

332 3392 461 3464 jecit
491 3409 505 3448 :
539 3392 605 3448 Et
630 3394 824 3449 vocavit
851 3394 1072 3466 Angelus
1100 3393 1310 3448 Domini
1336 3395 1502 3465 ipsum
1526 3395 1664 3467 Agar
1693 3396 1755 3451 de
1774 3396 1936 3461 ctelo;

334 3488 594 3557 Angelom
624 3486 870 3544 referens
890 3468 1018 3543 esse
1046 3502 1205 3557 quem
1237 3487 1402 3543 Deum
1426 3488 1654 3551 dixerat.
1679 3500 1731 3544 et
1755 3489 1937 3545 Domi-

340 3594 467 3635 num
516 3583 871 3650 pronuntians
916 3596 1039 3638 esse
1080 3596 1239 3654 quem
1289 3584 1550 3655 Angelum
1588 3585 1879 3641 collocarat
1916 3604 1932 3641 :

336 3672 534 3742 quique
564 3673 801 3743 Angelos
852 3682 905 3729 et
952 3673 1092 3729 Deus
1133 3673 1311 3730 adhuc
1349 3675 1450 3745 ipsi
1493 3675 1633 3747 Agar
1675 3678 1937 3747 promittit

332 3765 539 3832 majora
579 3765 787 3828 solatia,
831 3764 1059 3821 dicendo
1091 3784 1103 3820 :
1140 3765 1224 3820 Ne
1250 3767 1509 3833 timueris;
1536 3769 1773 3823 exaudiui
1799 3770 1933 3824 enim

332 3870 508 3911 vocem
548 3858 690 3928 pueri
729 3859 792 3912 de
831 3858 940 3915 loco
966 3859 1053 3914 ubi
1077 3868 1202 3917 erat.
1236 3858 1429 3932 Surge,
1456 3876 1598 3914 sume
1623 3877 1856 3931 puerum,
1886 3869 1933 3915 et

2040 3319 2181 3369 mus,
2212 3311 2302 3355 aut
2331 3301 2498 3356 Deum
2541 3300 2749 3355 Patrem
2781 3300 3206 3369 omnipotentem
3239 3296 3380 3351 inter
3407 3293 3640 3365 Angelos

2038 3407 2429 3469 computemus.

2453 3535 2682 3593 CAPUT
2721 3536 2865 3592 XIX.
2897 3537 2969 3591 al.
3001 3533 3220 3592 XXVII.

2043 3648 2193 3716 Quod
2216 3650 2368 3704 etiam
2393 3647 2555 3703 Iacob
2580 3649 2875 3719 apparuerit
2907 3646 3040 3701 Deus
3070 3647 3311 3719 Angelus,
3346 3659 3522 3715 nempe
3541 3640 3641 3696 Dei

2746 3738 2937 3794 Filius.

2110 3856 2246 3925 Quid
2269 3856 2316 3913 si
2341 3867 2394 3913 et
2420 3857 2525 3911 alio
2556 3856 2608 3912 in
2638 3856 2759 3912 loco
2789 3854 3033 3910 similiter
3069 3855 3292 3924 legimus
3328 3852 3495 3909 Deum
3528 3851 3637 3908 An-

1473 3990 1854 4080 GALLANDII
1892 4022 2454 4081 COMMENTARIUS.

406 4140 423 4171 ²
451 4138 726 4195 Dominus.
781 4140 874 4196 Sic
935 4139 1235 4207 Pamelius,
1276 4134 1503 4211 eamque
1542 4141 1826 4197 lectionem
1859 4141 1927 4196 ad

330 4221 570 4284 mentem
596 4211 874 4284 Novatiani
914 4212 1002 4280 qni
1031 4213 1280 4284 eamdem
1320 4213 1480 4284 paulo
1540 4223 1659 4283 post
1709 4215 1924 4283 repetit,

332 4291 513 4338 tuetur
552 4282 870 4338 Jat-ksonus.
902 4284 989 4337 AI.
1018 4282 1174 4338 Deus.

403 4356 422 4386 ³
455 4354 606 4422 Quia.
662 4354 740 4427 ita
799 4364 948 4410 recte
1005 4354 1319 4411 emendavit
1375 4354 1783 4423 Welchmanus,
1829 4370 1927 4427 pro

329 4424 480 4481 editt.
516 4442 633 4494 qua.
667 4426 922 4481 Jscxsox.

403 4496 423 4527 ³
448 4496 709 4567 Hospitio.
741 4498 890 4553 Hanc
928 4498 1087 4554 etiam
1129 4513 1315 4553 vocem
1359 4509 1504 4554 recte
1528 4499 1761 4555 restituit
1788 4499 1926 4554 idem

327 4566 736 4634 Welchtnanns,
764 4585 859 4639 pro
881 4571 1128 4639 impress.
1165 4569 1467 4640 hospitibus.
1496 4568 1600 4625 Sed
1635 4571 1772 4625 male
1794 4571 1930 4624 omi-

327 4640 585 4711 sitverha
619 4651 665 4695 et
693 4650 947 4707 acceptus,
979 4657 1098 4711 qua:
1125 4645 1358 4695 retinent
1378 4657 1565 4697 omnes
1594 4642 1742 4696 editi.
1778 4642 1852 4696 In.

399 4709 421 4740 ⁸
449 4710 551 4776 Qui
602 4712 785 4765 solitus
828 4722 922 4766 est.
986 4709 1123 4767 Ante
1156 4711 1271 4768 haec
1304 4715 1466 4767 verba
1495 4713 1705 4777 videtur
1735 4712 1928 4769 deesse

330 4779 521 4842 Filius,
552 4782 635 4836 vel
662 4780 758 4836 Dei
785 4781 973 4838 Filius.
1008 4784 1080 4838 In.

399 4852 420 4883 ⁵
465 4850 632 4907 Visus.
679 4852 867 4922 Aptior
904 4855 1007 4910 erit
1032 4869 1226 4909 sensus
1260 4853 1307 4909 si
1327 4854 1610 4924 legerimus
1629 4854 1678 4909 F
1680 4856 1798 4909 ilius
1829 4870 1926 4924 pro

274 4928 289 4943 ‘
324 4923 461 4978 uisus
499 4939 518 4978 :
557 4939 714 4994 quam
751 4940 1061 4996 germanam
1090 4940 1211 4981 esse
1259 4923 1543 4982 lectionem
1583 4926 1676 5051 vix:
1713 4923 1921 4982 dubito.

348 5021 355 5025 -
1684 5015 1809 5051 neu.

348 5021 355 5025 ‘
1662 5015 1809 5053 IDEM.

399 5065 421 5094 ⁶
450 5063 587 5120 Deus
632 5066 844 5140 Sermo.
894 5066 971 5122 lta
1024 5067 1263 5124 editores
1301 5068 1600 5140 Anglicani.
1637 5068 1749 5125 Vox
1780 5068 1923 5125 Detts

324 5134 481 5207 deest
503 5139 641 5207 apud
677 5139 992 5193 Pamt-lintn.

395 5209 414 5237 ⁷
441 5205 507 5260 Et
538 5205 777 5284 audivit.
838 5209 1003 5284 Forte
1039 5210 1342 5284 exaudivit:
1367 5228 1523 5282 quam
1563 5213 1781 5284 quidem
1823 5227 1919 5268 vo-

321 5293 439 5351 cem
490 5283 673 5349 paucis
715 5282 1010 5348 interjectis
1037 5284 1229 5351 repetit
1269 5282 1610 5339 Novatianus.
1640 5285 1756 5338 Mox
1786 5300 1916 5341 mss.

320 5348 559 5425 ἜννἚὲτί
591 5353 731 5421 apud
764 5348 1113 5418 Jacksontttn,
1141 5369 1310 5407 vorem
1338 5357 1559 5410 audisset
1597 5358 1830 5425 infantis.

392 5421 414 5454 ⁸
442 5419 582 5475 Deus
624 5419 960 5486 conﬁrmatur
1005 5441 1133 5479 esse.
1184 5426 1254 5479 Ita
1280 5425 1549 5482 Welclnn.
1582 5438 1635 5480 et
1655 5419 1912 5483 'Jat-kson.

319 5491 407 5547 Al.
444 5491 577 5548 Deus
603 5498 940 5565 conﬁrmatur
964 5495 1098 5550 Deus
1118 5513 1226 5551 esse
1248 5513 1266 5548 :
1291 5499 1465 5552 minus
1489 5506 1652 5563 recte,
1686 5510 1744 5551 ut
1774 5500 1916 5554 vide-

318 5572 423 5619 tur.

387 5636 409 5667 ’
436 5632 576 5691 Deus
612 5653 640 5689 ε
692 5639 886 5693 εωιο...
918 5648 1084 5694 uocat.
1143 5638 1394 5691 Autumat
1426 5638 1808 5696 Welchmanns
1834 5641 1913 5697 le-

353 5704 576 5779 entiutn,
622 5705 760 5779 Deus
797 5711 882 5777 qui
924 5728 952 5764 e
993 5709 1119 5765 caelo
1151 5721 1311 5763 vacat.
1358 5709 1540 5765 Mallet
1593 5710 1911 5779 Jacksonns,

373 5792 460 5829 eus
487 5793 515 5829 e
536 5779 662 5833 ctelo
691 5778 834 5835 illam
857 5798 1045 5839 vocans
1069 5780 1294 5852 Angelus
1323 5790 1394 5835 est
1420 5781 1603 5837 dictus.
1625 5782 1729 5838 Sed
1758 5778 1914 5840 lectio

2033 4142 2238 4207 Vulgata
2274 4140 2355 4196 his
2384 4138 2848 4196 emcndationibns
2875 4153 3009 4208 opus
3039 4153 3146 4193 non
3180 4139 3359 4194 habet.

2106 4214 2148 4245 ¹⁰
2179 4211 2314 4265 Deus
2335 4223 2462 4266 esset
2488 4213 2673 4281 potius.
2703 4211 2791 4266 Sic
2816 4209 3031 4281 editiad
3059 4226 3220 4264 unum
3246 4223 3434 4264 omnes
3478 4208 3637 4264 Jac-k-

2033 4299 2198 4339 sonus
2231 4297 2404 4339 tamen
2432 4294 2632 4338 textum
2656 4280 3053 4337 emendandum
3084 4281 3305 4348 putavit.
3334 4280 3634 4351 etliditque,

2035 4356 2170 4410 Deus
2195 4366 2321 4409 esset
2346 4357 2573 4417 positus;
2598 4362 2879 4423 propterea
2912 4353 3133 4419 scilicet,
3159 4352 3350 4421 inquit,
3376 4353 3517 4421 quod
3543 4368 3637 4421 po-

1952 4418 2006 4479 D
2034 4430 2134 4482 tius
2163 4427 2364 4481 nullum
2394 4418 2827 4481 habeat'sen'sum
2856 4425 2908 4478 in
2939 4425 3076 4479 loco.
3114 4418 3262 4479 llanc
3288 4418 3415 4479 vero
3443 4418 3634 4478 emen-

2033 4498 2304 4554 dationem
2329 4498 2413 4552 vix
2444 4497 2827 4551 admittendam
2857 4510 3054 4551 censeo
3080 4514 3093 4551 :
3124 4498 3505 4567 vulgataenim
3535 4495 3636 4550 lec-

2034 4570 2108 4625 tio
2139 4570 2429 4640 legitimum
2466 4568 2690 4625 fundere
2718 4565 3311 4640 sensumcomperit‘ur.
3342 4565 3631 4640 Nimirum,

2030 4637 2220 4697 auctor
2250 4642 2424 4696 locum
2456 4640 2734 4697 Gelteseos
2763 4654 2872 4700 ut.
2905 4639 2969 4692 l7
3009 4637 3337 4703 edi‘sserens,
3373 4639 3458 4692 ubi
3501 4637 3635 4708 legi-

2032 4722 2160 4769 tur:
2198 4712 2473 4767 Emaudivit
2516 4723 2684 4765 autem
2732 4711 2875 4765 Deus
2922 4726 3089 4764 vocem
3133 4710 3298 4780 pueri,
3340 4710 3634 4781 voicavitque

2030 4786 2279 4841 ANGELUS
2310 4786 2404 4838 Dei
2434 4784 2573 4855 Agar
2602 4783 2665 4835 de
2687 4783 2832 4841 coelo,
2868 4783 3165 4855 haic_hab_et
3198 4797 3212 4837 :
3243 4780 3344 4834 Hic
3378 4780 3632 4855 Deus,—

2027 4857 2281 4913 Aucews
2318 4853 2503 4920 dictus,
2539 4871 2691 4923 quum
2720 4855 2956 4923 superius
2999 4883 3070 4892 —
3097 4853 3238 4907 Deus
3273 4863 3405 4908 esset
3440 4854 3628 4923 potius,

2027 4944 2129 4982 non
2160 4930 2293 4981 alius
2323 4927 2645 4997 intelligitur,
2674 4936 2779 4980 etc.
2816 4924 3041 4979 Perinde
3071 4938 3133 4997 ac
3158 4925 3202 4978 si
3231 4925 3456 4997 dixisset
3484 4941 3496 4975 :
3528 4925 3630 4992 Qui

2027 4999 2222 5053 dicitur
2257 4994 2505 5067 Angelus
2525 4997 2618 5052 Dei
2650 5010 2869 5050 vocasse
2897 4996 3041 5066 Agar
3069 4996 3137 5050 de
3164 4995 3322 5058 len,
3362 4994 3444 5049 hic
3473 5005 3628 5067 antea

2028 5068 2169 5140 Deus
2214 5066 2696 5140 esseperhihetur
2742 5069 2831 5137 qui
2864 5068 3187 5140 exaudierit
3216 5066 3627 5140 vocempueri.

2024 5139 2156 5195 illud
2186 5137 2395 5211 quoque
2425 5139 2651 5211 accedit.
2682 5138 3058 5211 emendatione
3078 5137 3329 5211 Jacksoni
3368 5137 3625 5211 admissa,

2024 5211 2135 5264 vim
2166 5207 2427 5266 oratioiiis
2452 5212 2504 5264 in
2528 5209 2812 5265 Novatiani
2843 5219 2986 5264 textu
3021 5210 3271 5271 retundi;
3302 5223 3465 5279 quum
3495 5207 3627 5261 illud

2024 5280 2166 5337 Deus
2187 5291 2314 5337 esset
2336 5283 2502 5349 potius
2530 5282 2813 5347 plurimum
2838 5279 3033 5341 valeat,
3062 5293 3248 5334 contra
3273 5296 3400 5334 vero
3432 5279 3629 5348 lrigore

2023 5356 2275 5421 frigescat
2293 5350 2645 5407 Jacksmtiana
2677 5351 2942 5405 restitutio
2962 5349 3095 5403 Deus
3116 5361 3242 5405 esset
3271 5352 3486 5411 positus.

2098 5420 2137 5455 “
2173 5425 2234 5477 Si
2279 5424 2430 5477 enim.
2466 5421 2584 5477 Vet.
2617 5421 2769 5474 editt.
2817 5421 2924 5476 Sed
2958 5439 3019 5475 en
3042 5438 3091 5474 m
3121 5438 3139 5476 :
3168 5423 3309 5493 quod
3348 5420 3628 5491 castigavit

2020 5505 2171 5550 recte
2200 5494 2486 5549 Pamelius.
2516 5493 2768 5548 JACKSON.

2096 5566 2136 5597 ¹¹
2161 5565 2268 5622 Sed
2306 5576 2351 5618 et
2401 5565 2645 5635 Angelus.
2673 5564 2869 5619 Vocem
2899 5573 2952 5618 et
2981 5576 3104 5619 ante
3131 5566 3355 5635 Angelus
3383 5562 3627 5633 reposuit

2019 5635 2290 5693 Patnelius
2316 5651 2381 5690 ex
2417 5653 2516 5689 ins.
2545 5635 2755 5705 Anglic.
2780 5648 2831 5689 et
2859 5638 3126 5704 geminam
3174 5638 3455 5691 lectionem
3498 5648 3625 5704 pro-

2018 5708 2108 5764 bat
2137 5711 2317 5763 statim
2351 5706 2491 5769 qttod
2518 5708 2778 5777 sequitur,
2812 5707 2900 5761 sed
2925 5716 2973 5763 et
3015 5707 3170 5764 Deus.
3205 5709 3401 5764 Omisit
3428 5720 3474 5761 et
3498 5720 3620 5762 cum

2017 5790 2124 5836 vel.
2159 5781 2315 5837 editt.
2347 5776 2733 5835 Welcltmantts
2762 5779 2920 5834 male.
2964 5780 3036 5835 lo.
