4256 6250
647 273 754 331 9ὶὸ

2105 251 2476 318 ΝΟῩᾹΤΙᾹΝΙ

3846 255 3950 312 924

651 388 828 464 gelum
860 383 1128 456 positum?
1170 382 1301 438 Nam
1340 381 1462 439 eum
1505 380 1644 453 apud
1685 388 1885 435 uxores
1931 391 2057 434 suas
2095 377 2243 433 Liam
2273 385 2326 452 Α
2351 376 2437 430 ille
2459 374 2609 440 dixit,
2641 371 2821 428 Iacob.
2860 367 3099 441 Dixitque
3125 371 3172 426 ei
3185 386 3202 424 :
3229 369 3348 424 Non
3376 369 3668 423 vocabitur.”
3677 371 3793 442 jam
3821 387 3952 427 nunc

656 491 816 556 atque
845 479 1044 537 Rachel
1079 478 1244 536 .lacoh
1276 479 1342 533 de
1368 479 1532 549 patris
1564 476 1773 531 illarum
1812 476 2088 545 iniquitate
2119 489 2250 545 (tne.

656 585 887 641 re‘relur,
916 577 967 629 et
989 579 1108 628 cum
1134 572 1360 627 referret.
1382 571 1522 640 quod
1541 571 1650 640 jam
1679 572 1728 623 in
1759 580 1955 623 terram
1985 569 2253 636 propriam

656 677 896 730 remeare
927 678 979 722 et
1012 665 1209 720 re‘verti
1245 675 1484 736 cuperet.
1518 663 1709 716 somnii
1741 673 1951 732 qunque
1977 662 2055 714 sui
2091 662 2256 714 inter-

655 763 886 836 ponebat
918 762 1314 826 :lucto‘ritaletn,
1348 763 1453 830 quo
1483 768 1724 827 tempore
1765 749 1928 811 refert.
1955 755 2052 810 sdli
2081 756 2258 824 Ange-

657 858 765 913 llnil
801 857 891 911 ﬂei
928 861 1022 925 per
1046 855 1312 908 somnium
1343 849 1888 922 dixisse(Gen.xxx1.
1917 850 2102 921 11-15)
2129 851 2257 904 :Ja-

656 951 765 1010 cob,
799 946 981 1003 lat-ob.
1016 945 1080 1001 Et
1129 963 1240 1016 ego,
1287 946 1474 1014 inquit,
1526 944 1676 998 dixi;
1713 944 1846 1008 Quid
1895 945 2005 997 est?
2055 943 2255 1011 Asirice,

659 1042 852 1111 inquit,
881 1041 1042 1094 oculis
1070 1040 1189 1102 tuis,
1220 1049 1265 1093 et
1308 1039 1417 1091 vide
1445 1041 1608 1091 hircos
1647 1048 1694 1092 et
1721 1039 1900 1091 arietes
1936 1041 2260 1092 ascendentes

658 1147 812 1204 super
836 1141 949 1187 oves
989 1141 1035 1186 et
1065 1147 1246 1203 capras
1282 1133 1504 1184 variatas
1533 1129 1694 1196 albos,
1725 1139 1768 1182 et
1807 1133 1971 1183 varios
2005 1135 2051 1182 et
2079 1130 2262 1183 cineri-

661 1229 755 1284 tios
783 1237 826 1282 et
856 1243 1104 1296 aspersas.
1145 1225 1257 1280 Vidi
1289 1227 1420 1278 enim
1445 1233 1770 1295 quaecumque
1800 1221 1885 1276 tibi
1916 1223 2089 1276 Laban
2120 1224 2256 1289 fait.

660 1319 770 1391 Ego
825 1337 935 1375 sum
987 1320 1122 1372 Deus
1163 1319 1247 1387 qui
1274 1319 1408 1372 visus
1449 1329 1558 1371 sum
1600 1316 1686 1369 tibi
1729 1318 1776 1368 iu
1820 1314 1955 1368 Loco
1987 1314 2099 1379 Dei,
2129 1316 2213 1369 ubi
2242 1316 2258 1345 ί

660 1415 851 1470 tinxisti
887 1417 1011 1469 mihi
1042 1415 1148 1469 illic
1177 1421 1388 1468 stantem
1428 1413 1669 1482 lapidem.
1704 1420 1748 1463 et
1785 1411 1964 1464 vovisti
2005 1411 2127 1463 mihi
2156 1410 2262 1464 illic

660 1517 850 1564 votum.
902 1507 1058 1561 Nunc
1098 1515 1218 1578 ergo
1247 1522 1415 1576 surge,
1450 1504 1495 1559 et
1535 1505 1853 1572 proﬁciscere
1891 1503 1953 1557 de
1982 1511 2113 1556 terra
2145 1503 2260 1565 hac,

663 1605 708 1658 et
738 1600 863 1657 vtltte
891 1603 942 1656 in
975 1610 1157 1654 terram
1187 1600 1462 1654 nativitatis
1488 1609 1607 1660 tute,
1639 1609 1685 1651 et
1717 1615 1802 1651 ero
1834 1603 2013 1650 tecum.
2058 1596 2114 1651 Si
2157 1600 2265 1651 An-

658 1695 810 1767 genus
839 1693 930 1750 ll'ei
975 1696 1208 1764 loquitur
1239 1694 1351 1748 Ita'e
1379 1693 1442 1746 ad
1475 1693 1659 1753 .laeob,
1699 1699 1858 1760 atque
1891 1693 2002 1760 ipse
2033 1691 2262 1760 Angelus

2357 483 2536 526 nomen
2569 477 2708 522 tuum
2745 467 2928 532 Jacob,
2960 465 3047 519 sed
3080 463 3246 518 Israel
3276 464 3370 517 erit
3400 473 3577 516 nomen
3607 471 3750 516 tuum
3791 480 3809 518 :
3840 465 3952 532 quia

2356 566 2616 621 invaluisti
2654 579 2767 616 cum
2799 560 2924 624 Deo,
2961 571 3006 614 et
3037 578 3150 612 cum
3195 559 3482 612 hominibus
3514 569 3690 627 potens
3717 575 3768 609 es
3801 559 3951 629 (Gen.

2359 673 2524 720 xxxu,
2550 656 2767 722 24-27).
2801 655 2862 708 Et
2889 653 3062 707 adhuc
3093 652 3272 719 adjicit
3306 651 3457 721 (Gen.
3490 667 3659 710 xaxtt.
3690 651 3782 715 50,
3815 653 3909 716 51)
3943 667 3952 708 :

2359 752 2426 807 Et
2471 752 2661 806 vocavit
2706 748 2867 802 Jacob
2913 763 3093 801 nomen
3141 746 3239 798 loci
3278 745 3438 808 illius,
3493 741 3630 796 i’isio
3675 743 3791 796 Dei.
3844 741 3956 797 Vidi

2360 849 2494 903 enim
2528 846 2690 899 Deum
2721 845 2852 914 facie
2879 842 2945 893 ad
2987 840 3187 911 facient,
3228 849 3272 891 et
3317 840 3456 890 salva
3492 841 3630 906 facta
3670 847 3740 889 est
3787 837 3958 891 animo

2361 957 2491 994 mea.
2550 939 2802 1006 Urtusque
2862 944 2933 988 est
2970 934 3014 987 ei
3047 933 3124 987 sol
3164 947 3332 985 επιοω
3362 931 3382 961 ³
3426 931 3655 982 transivit
3707 927 3957 984 i’isionem

2363 1035 2493 1098 Dei;
2524 1037 2634 1103 ipse
2658 1047 2773 1085 vero
2810 1029 3131 1083 claudicabat
3164 1030 3352 1096 {euiore
3385 1039 3499 1077 suo.
3531 1023 3717 1087 llomo,
3763 1025 3956 1094 inqltit,

2362 1127 2664 1183 luctabatur
2688 1139 2806 1177 cum
2841 1121 3026 1176 .lacob.
3076 1121 3130 1174 Si
3181 1120 3343 1171 homo
3383 1117 3667 1179 so‘iL-lrius,
3711 1117 3829 1185 quis
3876 1125 3960 1170 est

2364 1223 2500 1278 iste?
2534 1220 2682 1276 Unde
2709 1218 3013 1284 est?Quare
3043 1213 3346 1269 cumJacoh
3375 1211 3647 1265 Contendit
3667 1212 3960 1278 alqueluc-

2366 1316 2538 1373 tatur?
2568 1314 2703 1379 Quid
2737 1309 3147 1366 interceSserat?
3190 1306 3326 1374 Quid
3361 1305 3552 1359 factum
3598 1303 3804 1357 fueral?
3835 1303 3960 1370 Quae

2365 1413 2500 1467 ratio
2528 1404 2888 1463 contentionis
2925 1403 3074 1456 istius
3118 1409 3300 1461 tantas,
3347 1399 3583 1468 tantique
3617 1394 3961 1450 certaminis?

2365 1507 2541 1576 Quare
2575 1513 2831 1573 praeterea
2875 1492 3057 1557 Jacob.
3103 1493 3192 1564 qui
3243 1492 3306 1546 ad
3358 1493 3646 1545 tenendum
3695 1489 3958 1542 hominem

2367 1604 2486 1655 citm
2512 1613 2616 1665 quo
2646 1594 2944 1650 luctabatur
2973 1591 3127 1644 fortir
3151 1586 3435 1648 invenitur,
3461 1594 3515 1638 et
3539 1582 3959 1637 benedictionem

2367 1693 2435 1747 ab
2487 1706 2554 1746 eo
2610 1697 2766 1758 quem
2817 1684 3087 1740 detinebat
3127 1681 3357 1750 posmlat
3394 1677 3414 1708 ⁸
3464 1677 3584 1745 quia
3628 1677 3738 1744 jam
3781 1675 3965 1729 lm-il‘er

661 1787 840 1851 infert,
861 1788 1046 1842 dicetis
1071 1805 1084 1840 :
1115 1786 1223 1857 Ego
1242 1797 1349 1839 'sum
1376 1784 1510 1838 Deus
1537 1785 1622 1854 qui
1648 1783 1782 1836 visus
1803 1793 1913 1836 sunt
1941 1783 2026 1836 tibi
2055 1783 2104 1835 in
2129 1781 2264 1835 Loco
2294 1783 2340 1852 Β
2368 1785 2557 1846 oritur,
2590 1782 2708 1836 ideo
2742 1778 3038 1849 postulasse
3069 1772 3368 1844 reperitur;
3411 1771 3510 1823 nisi
3542 1769 3738 1838 quouia
3765 1786 3793 1818 u
3830 1781 3962 1836 pne-

663 1881 759 1937 D‘ei
790 1897 808 1935 :
836 1897 942 1934 non
976 1877 1345 1934 tantummodo
1377 1879 1516 1932 hunc
1548 1878 1834 1946 Angelnm,
1870 1876 1963 1930 sed
2005 1885 2057 1930 et
2101 1876 2266 1929 Deum

660 1976 888 2046 positum
935 1975 1052 2028 sine
1101 1973 1204 2026 ulla
1256 1971 1590 2025 ltzesitatione
1636 1971 2021 2040 conspicimus,
2071 1969 2266 2039 quique

661 2067 762 2124 sibi
791 2083 968 2123 volunt
1014 2066 1177 2121 refert
1221 2066 1287 2120 ab
1315 2065 1480 2120 Jacob
1521 2065 1845 2120 destinatum
1883 2079 2002 2118 esse
2037 2063 2087 2118 in
2130 2061 2266 2115 Loco

665 2161 783 2226 Dei,
817 2174 868 2216 et
900 2178 999 2216 noc
1025 2161 1154 2216 dicit
1177 2160 1228 2214 ill
1259 2158 1395 2214 Loco
1420 2169 1550 2214 aleo.
1585 2160 1678 2213 Est
1702 2173 1830 2229 ergo
1853 2157 2026 2212 Locus
2053 2157 2162 2213 Dei.
2188 2164 2269 2210 est

664 2259 717 2310 et
752 2251 836 2310 hic
866 2253 1025 2310 Deus.
1056 2251 1160 2309 Sed
1194 2255 1334 2307 enim
1375 2252 1445 2306 ibi
1473 2253 1785 2321 simpliciter
1811 2261 1891 2305 est
1921 2251 1970 2304 in
2004 2249 2137 2303 Loco
2173 2247 2268 2302 Dei

665 2350 927 2421 positum;
977 2355 1148 2418 tteque
1177 2351 1320 2402 enim
1365 2348 1564 2401 dictum
1595 2357 1677 2400 est
1720 2349 1769 2400 in
1816 2345 1956 2399 Loco
1996 2343 2183 2414 Angeli
2215 2352 2269 2397 et

671 2445 785 2510 Dei,
819 2444 911 2498 sed
941 2441 1310 2497 tantummodo
1338 2441 1430 2496 Dei
1460 2459 1473 2495 :
1504 2441 1587 2495 hic
1608 2451 1785 2494 autem
1813 2440 1901 2509 qui
1923 2441 2019 2493 ista
2053 2439 2271 2508 promit-

669 2537 751 2604 tit,
788 2538 926 2591 Deus
954 2543 1112 2607 atque
1142 2535 1374 2605 Angelus
1418 2551 1538 2590 esse
1587 2535 1930 2604 perhibetur;
1974 2545 2029 2587 ut
2077 2534 2268 2588 merito

663 2630 937 2688 distinctio
960 2635 1028 2686 sit
1055 2633 1194 2686 inter
1220 2641 1342 2686 eum
1367 2631 1455 2699 qui
1484 2628 1857 2683 tantummodo
1882 2629 2021 2683 Deus
2050 2627 2264 2692 dicitur,

666 2735 721 2783 et
752 2728 892 2782 inter
913 2742 1034 2781 eum
1059 2726 1145 2796 qui
1176 2740 1282 2778 non
1311 2723 1450 2778 Deus
1474 2722 1805 2792 simpliciter,
1833 2723 1924 2774 sed
1954 2727 2007 2774 et
2038 2717 2268 2789 Angelus

673 2820 1071 2892 pronuntiatur.
1109 2817 1189 2872 Ex
1222 2831 1328 2886 quo
1375 2817 1418 2870 si
1460 2818 1654 2870 nullius
1692 2815 1910 2868 alterius
1954 2813 2136 2879 Angeli
2176 2828 2267 2882 po-

667 2924 768 2969 test
798 2913 915 2968 lleic
952 2911 1118 2980 accipi
1152 2921 1294 2964 tanta
1324 2911 1636 2972 auctoritas,
1672 2917 1728 2962 ut
1768 2908 1930 2962 Deum
1963 2914 2172 2974 quoque
2212 2919 2270 2961 se

664 3021 785 3063 esse
819 3007 1068 3066 fateatur.
1099 3013 1152 3059 et
1179 3017 1357 3057 votum
1392 3003 1489 3057 sibi
1523 3000 1720 3056 factum
1745 3017 1866 3056 esse
1895 3011 2135 3065 testelur,
2168 2998 2268 3053 nisi

665 3087 1028 3153 tantuuunodo
1050 3096 1243 3152 Christi
1266 3115 1279 3161 ;
1301 3098 1406 3161 cui,
1427 3097 1530 3150 bon
1546 3097 1667 3167 quia
1687 3096 1896 3166 Augelo
1915 3105 2139 3152 tantum.
2172 3093 2267 3148 sed

2371 1877 2699 1948 ﬁgurahalur
2725 1875 2998 1928 contentio
3029 1870 3142 1922 Iure
3168 1867 3309 1920 inter
3332 1863 3604 1918 Christum
3638 1873 3689 1914 et
3721 1861 3858 1914 lilios
3882 1859 3967 1914 Ja-

2369 1971 2471 2026 εσυ
2497 1970 2691 2031 futura,
2718 1983 2834 2036 quin
2863 1965 2912 2019 ill
2942 1961 3233 2031 EVﬂllgCliO
3255 1959 3448 2012 dicitur
3479 1955 3746 2026 perlecta?
3777 1957 3966 2007 (Lontra

2371 2067 2514 2120 huoc
2542 2063 2684 2117 enim
2731 2059 3000 2114 hominem
3041 2055 3361 2109 colluctatus
3399 2059 3480 2102 est
3520 2049 3745 2114 pottulus
3779 2043 3967 2109 Jacob,

2369 2159 2421 2214 ili
2452 2173 2552 2229 qua
2605 2153 2982 2210 collucmtioue
3022 2148 3292 2218 potentior
3324 2143 3544 2212 populus
3571 2149 3650 2192 est
3678 2138 3848 2191 Jacob
3882 2152 3970 2191 re-

2371 2263 2586 2324 pertus;
2612 2249 2806 2320 quippe
2826 2262 2945 2301 cum
2974 2244 3230 2296 adversas
3254 2238 3520 2293 Christum
3543 2230 3832 2300 iniquitatis
3857 2243 3972 2282 suae

2370 2321 2648 2402 victoriam
2676 2345 2744 2397 sit
2771 2347 3109 2398 Consecutus,
3143 2352 3250 2405 quo
3281 2334 3332 2386 in
3366 2343 3519 2399 temp:
3544 2343 3619 2383 re.
3650 2333 3873 2395 propter
3899 2321 3977 2376 fa-

2370 2446 2524 2500 cinus
2572 2439 2712 2510 quod
2761 2437 2996 2501 admisit,
3040 2434 3248 2486 incessu
3290 2427 3408 2481 lidei
3449 2423 3678 2495 propria!
3706 2430 3760 2473 et
3787 2416 3973 2474 Salutis

2370 2535 2671 2592 claudicare
2691 2530 3004 2603 gravissime
3029 2527 3263 2578 incertus
3289 2533 3337 2575 el
3363 2517 3600 2573 lubricus
3631 2513 3797 2583 cmpit
3821 2532 3833 2564 :
3863 2511 3973 2578 qui,

2370 2629 2616 2699 quamvis
2647 2626 2895 2693 superior
2922 2615 3227 2674 damnando
3258 2614 3526 2669 Christum
3559 2616 3828 2676 repertus,
3857 2609 3976 2672 eget

2373 2731 2547 2779 tamen
2591 2721 2758 2790 ipsius
2797 2712 3184 2777 misericordia,
3235 2715 3354 2780 eget
3399 2713 3576 2759 tamen
3606 2702 3780 2770 ip-ius
3809 2699 3975 2753 bene-

2371 2816 2627 2871 dictione.
2664 2809 2772 2866 Sed
2803 2810 2942 2863 enim
2977 2807 3061 2860 hic
3094 2807 3254 2858 homo
3281 2801 3368 2871 qui
3398 2814 3516 2853 cum
3547 2793 3714 2848 .lacob
3742 2793 3976 2846 Iuczatus

2371 2921 2453 2966 est
2485 2929 2498 2964 :
2534 2907 2674 2972 Non,
2715 2906 2906 2974 inquit,
2949 2900 3206 2955 vocabitur
3235 2897 3382 2951 etiam
3415 2906 3549 2944 nunc
3589 2903 3779 2940 nomen
3839 2895 3977 2937 tuum

2371 3003 2551 3062 Jaceb.
2600 3001 2689 3055 sed
2732 2996 2897 3052 Israel
2935 2997 3025 3048 erit
3070 3005 3249 3046 nomen
3293 2999 3452 3042 tuum.
3496 2985 3575 3040 Ac
3619 2983 3662 3036 si
3696 2979 3868 3034 Israel
3900 2984 3977 3031 est

2373 3097 2535 3152 homo
2565 3094 2752 3147 videns
2794 3092 2993 3151 Deum;
3036 3086 3308 3155 eleganter
3351 3075 3664 3135 ostendebat
3713 3074 3979 3127 Dominus

664 3191 783 3263 quia
820 3191 948 3257 Deo,
987 3202 1167 3244 votum
1204 3192 1380 3245 voveri
1409 3196 1585 3260 potest
1629 3205 1643 3242 :
1687 3187 2025 3242 manifestum
2055 3193 2264 3240 estnon

2371 3190 2510 3262 quod
2543 3204 2647 3241 non
2681 3193 2883 3238 tantum
2927 3179 3086 3234 homo
3114 3185 3256 3231 esset
3286 3173 3372 3241 qui
3413 3167 3814 3225 colluctabatur
3851 3171 3980 3215 tmte

665 3287 876 3341 Patrem
901 3285 1064 3354 accipi
1099 3297 1274 3353 posse,
1319 3283 1412 3338 sed
1447 3279 1662 3344 Fllilllll,
1702 3281 1864 3335 Deum
1893 3289 1945 3335 et
1977 3282 2256 3350 Augelum.

665 3380 760 3435 Hic
790 3391 968 3434 autem
999 3382 1041 3432 si
1071 3377 1316 3433 Christus
1344 3387 1445 3443 est,
1476 3377 1629 3429 sicuti
1655 3384 1766 3438 est;
1802 3374 2146 3428 veltetttenter
2174 3388 2262 3441 pe-

663 3475 946 3537 riclitatur,
985 3475 1075 3542 qui
1106 3483 1196 3526 aut
1235 3473 1502 3525 hominem
1536 3469 1826 3534 Christum,
1871 3481 1960 3522 aut
2000 3469 2260 3538 Angolnm

666 3567 1035 3622 tantummodo
1058 3565 1209 3629 dicit,
1240 3568 1510 3619 subtracta
1535 3565 1606 3616 illi
1637 3563 1799 3616 divini
1831 3562 2058 3616 norniuis
2079 3571 2260 3631 potes-

666 3669 806 3726 tate;
834 3675 993 3730 quam
1024 3675 1088 3712 cx
1116 3655 1511 3728 Seripturarum
1547 3657 1841 3711 cmleslium
1881 3645 1982 3708 lide
2014 3659 2260 3724 lrequcu-

668 3760 749 3806 ter
798 3752 1024 3821 accepit,
1081 3768 1198 3821 qua:
1259 3751 1404 3804 illum
1455 3761 1505 3802 ct
1553 3748 2166 3819 Angelum.frequenter
2211 3755 2265 3801 et

669 3841 836 3897 Deum
883 3835 1089 3896 dicuttt.
1136 3829 1227 3896 llis
1268 3840 1516 3895 omnibus
1558 3843 1718 3896 etiam
1760 3839 1887 3894 illud
1938 3840 2162 3904 accedit,
2207 3850 2265 3893 ut

667 3937 938 4007 quomodo
964 3937 1112 3992 illum
1136 3945 1191 3992 et
1211 3937 1472 4007 Angelutn
1501 3938 1808 4004 frequenter
1828 3946 1879 3990 et
1906 3937 2067 3989 [)eum
2094 3937 2267 4005 posuit

665 4029 940 4101 Scriptura
971 4031 1168 4095 divina,
1196 4030 1271 4084 sic
1295 4031 1440 4084 illum
1460 4039 1513 4084 et
1531 4029 1798 4083 lmmiucm
1825 4039 1980 4096 ponat
1998 4039 2051 4084 et
2075 4028 2263 4095 Deum,

666 4123 975 4191 exprimens
997 4122 1181 4177 eadem
1211 4122 1486 4192 Scriptura
1513 4120 1689 4176 divina
1719 4122 1859 4190 quod
1883 4131 1998 4176 erat
2032 4121 2264 4187 futurus,

665 4223 719 4270 et
772 4216 1069 4286 depingeus
1115 4214 1224 4285 jam
1279 4225 1388 4270 tum
1454 4215 1503 4269 iu
1549 4215 1780 4284 imagine
1831 4214 1973 4285 quod
2036 4213 2268 4269 habebat

666 4325 789 4365 esse
848 4313 900 4363 in
934 4311 1244 4364 substanthe
1285 4310 1529 4364 veritate.
1570 4307 1830 4362 Rentamit
1879 4308 2032 4371 enim,
2076 4308 2265 4376 inquit,

666 4402 828 4457 Iacob
869 4404 1028 4471 solus,
1086 4415 1129 4458 et
1176 4401 1459 4456 luctabatur
1515 4403 1666 4456 homo
1717 4418 1831 4455 cum
1894 4417 1950 4454 eo
1994 4413 2152 4471 usque
2216 4401 2270 4453 in

666 4515 817 4551 mane
863 4514 879 4551 :
918 4507 964 4552 et
1023 4493 1145 4551 vidit
1201 4499 1437 4567 quoniam
1475 4515 1575 4551 non
1618 4505 1774 4568 potest
1842 4496 2080 4550 adversus
2131 4511 2263 4562 eum,

2366 3253 2487 3340 cum
2519 3281 2704 3344 Jul-ob,
2738 3279 2831 3332 sed
2859 3286 2911 3330 et
2942 3271 3099 3328 Deus.
3129 3269 3356 3325 Videbat
3386 3264 3566 3332 utique
3601 3260 3772 3312 Deum
3808 3253 3980 3310 Jacob

2364 3385 2486 3433 cum
2523 3383 2628 3446 quo
2667 3370 3082 3432 eoiluclabalur,
3127 3360 3369 3433 quamvis
3399 3357 3668 3410 hominem
3715 3349 3893 3418 ipsius
3923 3347 3980 3399 in

2364 3471 2747 3526 colluctatione
2771 3465 3050 3520 retineret.
3086 3459 3149 3513 Et
3183 3465 3236 3511 ut
3269 3455 3407 3508 milia
3435 3449 3606 3505 adhuc
3631 3451 3821 3513 posset.
3849 3454 3982 3494 esse

2366 3563 2644 3626 dubitatio,
2671 3556 3161 3627 interpretationem
3194 3553 3305 3620 ipse
3325 3547 3494 3617 positi!
3519 3543 3743 3594 dicendo
3776 3553 3790 3588 :
3828 3534 3982 3600 ρυίσ

2367 3625 2638 3712 invaluisli
2665 3667 2778 3706 cum
2816 3625 2955 3712 Deo,
3001 3656 3048 3699 et
3089 3661 3203 3698 cum
3246 3637 3527 3694 hominibus
3557 3640 3731 3701 potens
3773 3643 3852 3681 es.
3890 3625 3984 3680 υἱ)

2367 3761 2525 3821 quam
2553 3761 2771 3802 causam
2803 3743 2888 3796 hic
2917 3739 3056 3795 idem
3081 3737 3244 3794 Jacob
3272 3733 3569 3800 intelligens
3596 3727 3703 3796 jam
3735 3725 3851 3776 vim
3885 3735 3984 3774 sa-

2367 3841 2645 3898 erameuti.
2693 3848 2746 3891 et
2793 3833 3077 3907 pervidens
3118 3828 3490 3882 auctoritatem
3530 3822 3646 3889 ejus
3691 3833 3827 3872 cum
3879 3827 3992 3884 quo

2369 3937 2602 3992 luctatus
2639 3932 2845 3994 luisset,
2880 3943 3073 3981 nomen
3116 3921 3220 3978 loci
3250 3921 3392 3974 illius
3424 3917 3474 3970 io
3503 3931 3611 3984 quo
3646 3913 3990 3966 colluctatus

2370 4043 2472 4096 εει,
2496 4026 2708 4081 vocavit
2739 4022 2991 4077 Visionem
3023 4017 3136 4070 Dei.
3159 4009 3527 4081 Supersmtxil
3553 4014 3823 4076 pra~terea
3856 4016 3999 4054 cau-

2371 4095 2546 4176 Sasatl
2587 4116 3085 4186 interpretationem
3113 4109 3132 4139 ⁵
3168 4105 3384 4160 Visionis
3421 4100 3521 4153 Dei
3567 4095 3997 4167 porrigendam.

2381 4213 2498 4270 Vidi
2548 4216 2700 4279 enirn,
2749 4209 2938 4279 inquit,
2986 4205 3150 4258 Deam
3202 4201 3334 4269 [acie
3379 4198 3443 4250 ad
3490 4198 3704 4267 faciem,
3756 4202 3805 4246 et
3856 4189 4006 4244 salva

2373 4315 2511 4381 facta
2537 4317 2609 4360 est
2633 4305 2805 4359 anima
2835 4317 2965 4354 mea.
3000 4297 3142 4352 Vidit
3166 4304 3340 4347 autent
3375 4291 3538 4344 Deum
3571 4303 3704 4339 cum
3745 4303 3861 4355 quo
3887 4281 4008 4336 col-

2375 4374 2604 4455 ltlclalus
2631 4408 2710 4450 est
2741 4395 2892 4464 quasi
2924 4409 3043 4446 cum
3071 4389 3288 4442 homine
3313 4404 3325 4438 :
3356 4384 3448 4438 sed
3476 4391 3529 4435 et
3557 4380 3860 4433 hominem
3887 4374 4011 4446 qui—

2374 4493 2495 4548 dem
2527 4490 2674 4562 quasi
2702 4489 2874 4542 vietor
2911 4483 3108 4545 tenuit;
3145 4477 3571 4533 benedictionem
3609 4484 3816 4526 autem
3852 4468 4012 4539 quasi

664 4600 711 4644 et
774 4594 932 4663 tetigit
991 4593 1315 4647 latitudinem
1389 4592 1595 4661 {enim-is
1646 4589 1828 4657 Iacob,
1887 4607 2000 4643 cum
2065 4591 2116 4642 in
2162 4560 2274 4644 eum
2300 4581 2353 4642 Ι)
2379 4603 2408 4641 a
2435 4560 2628 4640 Deo‘nt
2657 4579 2897 4638 inferior,
2921 4575 3229 4648 postulavit.
3259 4570 3336 4624 Ita
3365 4585 3484 4621 cum
3516 4565 3628 4619 Deo
3658 4576 3721 4618 et
3751 4580 3884 4618 cum
3912 4560 4008 4615 b0-

672 4686 946 4739 luetaretur
989 4698 1032 4740 et
1064 4688 1171 4757 ipse
1198 4699 1309 4741 cum
1341 4697 1418 4743 eo.
1450 4693 1492 4741 et
1532 4687 1658 4740 dixit
1690 4686 1734 4738 ei
1769 4701 1787 4739 :
1828 4685 2020 4738 dimitte
2055 4691 2152 4750 me,
2186 4700 2272 4737 as-

669 4777 837 4834 cendit
866 4783 996 4834 enim
1029 4783 1227 4854 lucifer.
1265 4782 1332 4836 Et
1359 4783 1445 4837 ille
1475 4782 1621 4837 dixit.
1656 4777 1774 4835 Non
1805 4790 1850 4835 te
1878 4777 2271 4842 dimittamhuisi

671 4890 750 4930 me
793 4877 1128 4933 benedixeris.
1162 4877 1229 4934 Et
1261 4880 1392 4933 dixit
1427 4895 1442 4932 :
1484 4878 1636 4946 Quod
1666 4886 1738 4932 est
1767 4893 1946 4931 nomen
1985 4874 2166 4928 tuum?
2206 4872 2272 4927 Et

2377 4680 2520 4733 mine
2548 4677 2864 4731 colluctatus
2891 4671 2986 4722 luit
3017 4686 3031 4722 :
3060 4682 3121 4719 ac
3149 4665 3226 4718 sic
3253 4662 3557 4715 colluctatio
3595 4656 3732 4712 haec
3776 4657 3852 4710 ibi
3887 4653 4008 4723 qui-

2377 4773 2499 4828 dem
2525 4770 2860 4841 prteligurala
2882 4774 2959 4817 est
2982 4778 2996 4826 ;
3023 4763 3074 4814 in
3104 4756 3391 4826 Evangelia
3420 4761 3596 4805 :mtem
3637 4750 3802 4804 inter
3827 4745 4014 4803 Chris-

2383 4881 2494 4925 tum
2527 4839 2587 4923 Vet
2617 4862 2873 4937 populum
2904 4855 3067 4913 Jacob
3095 4851 3328 4924 perfecta
3357 4855 3439 4904 est
3469 4863 3482 4900 :
3515 4846 3567 4899 iu
3594 4861 3724 4916 qua
3757 4839 4012 4914 quamvis

1815 4999 2187 5070 GALLANDII
2207 5000 2770 5066 COMMENTARIUS.

2365 5160 2557 5216 gruere
2583 5143 2792 5197 videtur
2813 5139 3058 5208 Vu‘gata,
3094 5133 3180 5187 tibi
3214 5131 3451 5216 legitur:
3490 5128 3780 5216 Ortusgne
3810 5141 3887 5186 est
3909 5138 4013 5186 sta-

2369 5201 2455 5274 i’im
2483 5219 2576 5273 sol.
2601 5226 2863 5284 postquam
2883 5201 3223 5284 transgressus
3251 5201 3620 5284 est_!’itariuel.
3654 5203 3940 5259 JACKSON.

2442 5291 2461 5319 ⁸
2483 5274 2612 5356 Quid
2632 5274 2943 5355 janilucifer
2971 5274 3151 5356 oritur,
3175 5288 3278 5329 etc.
3304 5274 3712 5356 iVelchluamis
3747 5294 3818 5328 ex
3852 5287 4013 5343 prava

2370 5345 2800 5428 ittleFIttttietittttc
2832 5345 3001 5428 locum
3035 5352 3270 5428 luxalltllt
3301 5347 3441 5398 duell
3478 5365 3491 5396 1
3525 5345 3786 5416 eiusque
3829 5348 4015 5428 ςοιύε*

2374 5419 2526 5488 ctnra
2560 5430 2814 5496 probatur
2860 5423 3148 5480 .Iacksono.
3183 5421 3315 5473 llinc
3345 5428 3566 5496 uterque
3634 5422 3754 5496 alia
3819 5419 4012 5496 derit“,

2375 5507 2475 5559 alia
2537 5488 2856 5566 li‘auspmiit.
2895 5498 3165 5566 lutulento
3192 5506 3360 5566 sane.
3396 5488 3501 5542 Nos
3539 5489 3789 5544 interim
3823 5491 4013 5566 editio:

2377 5593 2497 5629 item
2547 5560 2915 5625 1)ﬂ||lt"llilnlllli
2966 5565 3346 5633 expressimus,
3375 5577 3493 5629 qua:
3543 5563 3760 5630 utique
3823 5560 4012 5618 lectori

2375 5648 2615 5702 studioso
2640 5644 2842 5710 integra
2875 5651 2927 5694 ct
2955 5639 3104 5706 plana
3137 5636 3351 5710 patebit.

2450 5719 2470 5749 ³
2501 5703 2931 5769 Visionisflleest
2957 5703 3004 5762 in
3023 5707 3180 5764 editis
3207 5703 3321 5762 haec
3344 5718 3485 5770 vox;
3514 5707 3568 5757 et
3630 5706 3962 5765 restituitur
3985 5718 4015 5760 τι

2377 5787 2751 5845 Welcltutauo.
2778 5781 3029 5839 Jacxsox.

742 5162 757 5192 ¹
791 5158 1013 5214 Unmisti.
1045 5158 1136 5214 Sic
1165 5159 1314 5214 editt.
1360 5158 1578 5213 Patnelii
1611 5173 1674 5212 ex
1722 5172 1823 5211 ms.
1857 5153 2066 5224 Anglic.
2116 5159 2262 5206 recte

673 5233 869 5285 habent
899 5249 911 5282 :
947 5233 1138 5299 quibus
1180 5242 1474 5300 congruunt
1518 5240 1627 5285 tum
1671 5229 1855 5284 Gra-ca
1907 5238 2014 5280 tmn
2049 5224 2257 5300 Latina.

672 5295 1057 5358 Welcllmzlmls
1115 5295 1309 5358 edidit'
1337 5304 1578 5367 erexisti,
1633 5310 1885 5369 corrupta
1939 5295 2262 5363 exetnplaria

673 5373 890 5445 Gagtnei
917 5385 971 5428 et
1000 5375 1250 5431 Frobeuii
1279 5387 1514 5439 Secutus,
1549 5375 1598 5426 ill
1629 5373 1820 5445 quibus
1854 5374 1922 5425 ita
1957 5369 2169 5437 pOnilur
2198 5381 2264 5420 ex

672 5443 850 5500 alieno
877 5447 1014 5510 loco,
1043 5449 1292 5501 llttnirum
1324 5464 1388 5502 ex
1421 5463 1473 5499 v.
1505 5448 1589 5501 45.
1627 5443 1698 5500 ΙΙ).

741 5519 761 5549 ¹
793 5517 914 5570 Jam
947 5536 1103 5573 nunc.
1143 5520 1213 5572 Ita
1273 5521 1539 5575 l’amelius
1593 5520 1787 5587 altique
1820 5511 1983 5569 LXX.
2016 5517 2066 5567 οὗ
2091 5514 2265 5570 κληθή-

669 5613 804 5665 carpit
832 5599 924 5665 Eri,
962 5598 1028 5665 At
1062 5591 1304 5665 editores
1334 5589 1637 5665 r.-_\uglicaui,
1680 5590 1846 5665 etiam.
1870 5602 2006 5665 riunt:
2047 5601 2061 5637 :
2109 5595 2267 5665 quam

669 5663 883 5728 quidem
911 5663 1194 5716 lectimlettl
1219 5652 1447 5723 exhilii-il
1477 5660 1634 5727 paulo
1665 5659 1938 5730 pastillum
1975 5652 2262 5730 Ρδιηιθιὶυεἶ

742 5734 762 5763 :t
778 5730 905 5784 Mox
926 5736 1173 5808 ηγζηιςίυη,
1191 5730 1351 5808 Eoi-Lm
1372 5723 1674 5808 tegéttdmlt
1693 5745 1812 5784 mox.
1840 5738 1894 5779 ut
1933 5740 2103 5805 trtth
2125 5723 2268 5790 quod

665 5806 829 5858 etiam
859 5804 1155 5869 suspicatur
1191 5795 1587 5879 Wclctuﬁvauus
1623 5822 1636 5858 :
1663 5811 1718 5860 et
1745 5795 2107 5857 emendationi
2134 5806 2268 5848 C0"-
