4256 6250
637 223 740 279 927

2084 236 2462 294 NOVATIANI
2520 298 2524 302 ,

3838 249 3944 311 928

638 342 780 398 Deus
829 344 1151 401 constitutus
1198 361 1317 403 esse
1365 349 1666 420 reperitur?
1697 349 1759 404 Et
1812 351 1861 404 in
1906 351 1995 406 illo
2017 352 2229 422 quidem
2260 357 2307 416 A
2338 354 2475 409 niam
2517 355 2811 412 secundum
2853 357 3180 414 divinitatem
3208 367 3334 416 ante
3373 375 3585 418 omnem
3631 374 3940 424 creaturam

637 435 741 492 hoc
767 451 961 494 nomen
995 447 1288 510 temperate
1341 443 1542 504 datum,
1580 445 1629 497 itt
1657 443 1757 498 hoc
1792 444 2002 512 profuse
2029 464 2040 498 :
2066 446 2116 499 in
2147 446 2237 501 illo

635 529 703 583 ad
737 545 1060 594 mensuram,
1095 532 1146 586 in
1194 532 1296 588 hoc
1335 548 1496 604 supra
1546 551 1760 602 omnem
1812 537 2034 589 omnino
2088 552 2237 590 men-

637 637 838 678 suram.
894 623 1013 679 Non
1060 628 1192 681 enim
1245 629 1313 680 ad
1359 646 1666 692 mensuram,
1717 630 1912 698 inqttit,
1968 630 2054 682 dat
2099 629 2236 684 Filio

637 716 798 772 Pater
826 734 842 772 :
871 717 1030 773 Pater
1055 722 1215 788 enim,
1274 723 1473 793 inquit,
1505 723 1673 794 diligit
1714 722 1902 776 Filium
1935 721 2112 795 (Joan.
2149 739 2232 791 ιιι,

635 812 728 876 54,
759 811 872 870 55).
903 811 958 866 In
1008 813 1096 867 illo
1149 814 1214 868 ad
1262 823 1493 883 tempus,
1550 817 1598 868 iu
1651 817 1751 868 hoc
1798 816 1913 869 sine
1963 827 2232 882 tempore;

636 905 798 960 divini
827 906 967 960 enim
1001 907 1228 962 nominis
1260 920 1573 979 p0testatent
1611 920 1663 962 et
1705 924 1866 978 super
1895 909 2071 961 omnia
2101 917 2153 962 et
2184 908 2234 961 in

636 1012 797 1052 omne
829 1007 1038 1066 tempus
1081 1001 1301 1068 acet-pit.
1334 1000 1486 1068 QUttd
1518 1001 1561 1054 si
1592 1003 1678 1069 qui
1711 1001 1862 1054 unius
1895 999 2122 1052 hominis
2149 1015 2237 1054 ac-

637 1091 778 1158 cepit
803 1099 1140 1160 potestatem,
1176 1091 1226 1145 in
1273 1097 1370 1148 hac
1401 1093 1687 1163 exiguitate
1717 1092 1871 1162 hujus
1912 1091 2050 1144 datae
2089 1099 2236 1160 pote-

637 1184 789 1237 statis
819 1197 1011 1238 nomen
1039 1193 1214 1239 tamen
1247 1185 1382 1239 istud
1435 1185 1524 1240 Dei
1549 1187 1921 1240 incunctanter
1956 1186 2238 1254 consequi-

638 1283 755 1339 tur;
779 1286 976 1345 quanto
1005 1279 1170 1347 magis
1190 1279 1277 1348 qui
1307 1280 1356 1332 iu
1389 1278 1560 1346 ipsum
1588 1293 1801 1349 quoque
1831 1277 2046 1346 Moysen
2079 1277 2239 1332 habet

639 1379 980 1440 potestatem,
1023 1372 1252 1426 nominis
1297 1371 1448 1427 istius
1488 1371 1856 1428 auctoritatem
1914 1379 2237 1424 consecutus

640 1473 761 1515 esse
789 1461 1037 1517 credetur
1067 1464 1090 1517 ?

1099 1555 1326 1612 CAPUT
1354 1556 1504 1623 XXI,
1528 1558 1598 1610 al.
1630 1555 1769 1612 XVI.

685 1642 931 1700 Eamdem
968 1648 1191 1702 diuinam
1222 1649 1534 1718 majestatem
1559 1650 1609 1701 in
1633 1647 1834 1702 Christo
1863 1647 1978 1701 aliis
2007 1647 2187 1701 iterum

1129 1740 1410 1812 Scripturis
1435 1758 1526 1794 con
1534 1741 1732 1810 ﬁrmari
1739 1782 1752 1794 .

713 1852 777 1905 Et
794 1861 1030 1920 poteram
1047 1853 1259 1922 quidem
1278 1853 1513 1906 omnium
1529 1853 1922 1922 Scripturarum
1940 1852 2235 1908 ccelestium

640 1946 936 2000 eventilare
963 1955 1238 2010 tractatus,
1269 1958 1322 2002 et
1344 1948 1609 2016 ingentem
1645 1948 1785 2002 circa
1818 1949 1973 2001 istam
2003 1947 2235 2014 Speciem

639 2036 838 2092 Christi
865 2039 1172 2101 divinitatis,
1208 2047 1264 2094 ut
1294 2041 1365 2094 ita
1393 2040 1653 2107 dixerim,
1689 2040 1877 2094 silvam
1933 2054 2240 2094 commove-

637 2144 700 2185 re
736 2147 748 2182 :
786 2131 883 2184 nisi
912 2133 1164 2202 quoniam
1197 2148 1300 2188 non
1323 2142 1426 2187 tam
1460 2133 1588 2186 mihi
1618 2142 1803 2186 contra
1828 2132 1964 2186 hanc
1991 2132 2238 2186 hmresim

640 2225 973 2296 propositum
1029 2235 1110 2280 est
1158 2226 1357 2290 dicere,
1397 2242 1556 2296 quam
1607 2227 1859 2292 breviter,
1889 2227 2026 2281 circa
2057 2241 2243 2294 perso—

638 2332 762 2373 nam
787 2317 983 2373 Christi
1006 2319 1260 2390 Regulam
1309 2320 1549 2374 veritatis
1590 2320 1819 2389 aperire.
1854 2320 2110 2386 Quamvis
2160 2327 2243 2372 ta-

639 2424 761 2465 men
785 2409 850 2463 ad
877 2411 976 2464 alia
1027 2411 1296 2476 festinem,
1331 2411 1460 2466 illud
1513 2427 1618 2466 non
1661 2411 1896 2466 arbitror
1923 2410 2242 2480 praeterunt-

638 2503 894 2569 tendum,
925 2504 1066 2575 quod
1097 2505 1149 2559 in
1196 2505 1484 2576 Evangelii)
1538 2506 1792 2560 Dominus
1844 2505 1910 2560 ad
1940 2506 2244 2576 signitican-

639 2598 768 2654 tiam
829 2613 941 2653 sua:
1004 2599 1298 2669 majestatis
1350 2601 1624 2670 expressit
1691 2599 1920 2654 dicendo
1988 2620 2001 2654 :
2049 2598 2246 2653 Solvite

640 2693 883 2761 templum
921 2692 1033 2758 hoc,
1066 2702 1110 2747 et
1140 2709 1231 2763 ego
1277 2694 1331 2746 in
1369 2694 1538 2746 triduo
1591 2692 1842 2746 suscitabo
1884 2693 2018 2746 illud
2062 2690 2241 2761 (Joan.

640 2801 700 2852 ll,
735 2785 845 2855 l9).
879 2787 981 2840 Aut
1003 2787 1215 2855 quando
1241 2787 1290 2840 in
1315 2788 1420 2841 alio
1453 2787 1592 2852 loco,
1622 2795 1676 2841 et
1703 2786 1802 2840 alia
1836 2795 1984 2854 parte
2011 2801 2246 2854 pronun-

641 2879 768 2934 tiat:
807 2877 1113 2933 Potestatem
1140 2879 1298 2932 habeo
1339 2881 1566 2933 animam
1592 2895 1756 2932 meam
1801 2879 2022 2948 ponendi
2053 2887 2099 2930 et
2127 2894 2246 2930 rur-

643 2988 731 3027 sus
763 2973 779 3003 ¹
812 2974 1037 3043 recipere
1063 2989 1172 3026 eam
1197 2989 1215 3026 :
1237 2973 1331 3026 hoc
1361 2974 1494 3026 enim
1545 2973 1845 3026 mandatum
1892 2972 2065 3038 accepi
2082 2988 2113 3023 a
2143 2969 2247 3022 Pa-

645 3075 720 3121 tre
751 3064 932 3135 (Joan.
987 3081 1040 3131 x,
1076 3065 1164 3138 18)
1199 3105 1212 3118 .
1261 3065 1391 3133 Quis
1413 3076 1495 3120 est
1529 3065 1671 3120 enim
1714 3065 1800 3134 qui
1847 3064 1971 3118 dicit
2011 3063 2242 3116 animam

2341 465 2406 502 ex
2429 448 2587 504 Patre
2612 450 2721 504 Deo
2745 450 2934 506 Sermo
2963 453 3260 521 processit?
3289 454 3438 522 Quod
3462 457 3560 511 nisi
3601 458 3673 512 ita
3704 459 3943 518 haeretici

2341 543 2670 612 acceperint,
2688 543 2956 598 Christum
2999 545 3268 601 hominem
3296 548 3712 620 primogenitum
3764 557 3943 611 omnis

2341 645 2599 687 creatura:
2631 645 2931 690 monstrare
2957 648 3244 707 cogentur;
3274 640 3413 709 quod
3444 640 3623 698 facere
3653 659 3758 698 non
3794 655 3944 715 pote-

2342 735 2486 779 runt.
2512 728 2617 780 Aut
2648 727 2807 796 igitur
2835 738 2959 783 ante
2987 745 3201 785 onmem
3231 742 3312 785 est
3333 742 3634 790 creaturam
3663 746 3720 791 ut
3743 737 3943 806 primo-

2339 819 2551 888 genitus
2579 820 2648 873 sit
2678 821 2853 876 omnis
2878 831 3160 887 creaturas,
3185 833 3238 878 et
3278 841 3381 879 non
3417 825 3578 882 homo
3600 841 3684 884 est
3710 839 3941 897 tantum,

2341 912 2461 979 quia
2509 911 2669 966 homo
2713 923 2830 982 post
2871 931 3087 971 onmem
3130 927 3430 973 creaturam
3478 930 3594 987 est;
3637 933 3728 978 aut
3777 924 3945 981 homo

2341 1011 2544 1057 tantum
2575 1013 2673 1067 est.
2705 1016 2760 1062 et
2801 1017 2884 1062 est
2926 1018 3044 1077 post
3103 1026 3316 1067 onmem
3345 1023 3661 1070 creaturam.
3711 1018 3776 1073 Et
3803 1035 3946 1089 quo-

2342 1097 2500 1151 modo
2533 1099 2916 1170 primogenitus
2942 1112 3024 1158 est
3049 1106 3222 1161 omnis
3251 1119 3534 1176 creaturae,
3559 1112 3655 1165 nisi
3681 1115 3942 1182 quoniam

2340 1188 2465 1242 dum
2500 1190 2734 1247 Verbum
2766 1195 2894 1249 illud
2924 1197 3064 1265 quod
3106 1210 3187 1253 est
3215 1210 3340 1255 ante
3373 1216 3587 1257 omnem
3616 1215 3940 1273 creaturam,

2342 1292 2396 1336 et
2418 1284 2534 1338 ideo
2559 1286 2942 1356 primogenitus
2979 1291 3156 1344 omnis
3185 1302 3480 1354 creaturas.
3508 1309 3635 1348 caro
3665 1296 3720 1350 lit
3758 1308 3811 1351 et
3850 1296 3946 1352 ha-

2342 1375 2474 1431 bitat
2501 1379 2550 1432 in
2577 1381 2750 1445 nobis,
2775 1382 2874 1435 hoc
2901 1390 3003 1448 est,
3031 1385 3256 1439 assumit
3286 1386 3426 1441 hunc
3449 1387 3722 1445 hominem
3751 1391 3842 1461 qui
3862 1401 3946 1447 est

2343 1479 2463 1538 post
2513 1485 2726 1525 onmem
2775 1485 3098 1541 creaturam,
3145 1487 3197 1532 et
3251 1479 3331 1533 sic
3380 1493 3502 1534 cum
3545 1481 3638 1535 illo
3685 1483 3820 1536 etin
3852 1485 3946 1539 illo

2344 1562 2615 1617 ltabitatin
2642 1565 2814 1631 nobis,
2847 1577 2902 1620 ut
2925 1583 3098 1636 neque
3123 1570 3284 1624 homo
3317 1569 3534 1626 Christo
3571 1574 3943 1643 subtrahatur,

2347 1672 2519 1725 neque
2540 1657 2788 1713 divinitas
2826 1662 3093 1730 negetur?
3144 1661 3276 1717 Nam
3325 1665 3369 1720 si
3401 1668 3420 1697 ³
3447 1670 3822 1722 tantummodo
3851 1686 3948 1725 an—

2265 1755 2313 1814 B
2343 1759 2394 1807 te
2415 1767 2626 1807 omnem
2653 1766 2948 1809 creaturam
2974 1769 3055 1811 est
3074 1797 3089 1820 ,
3122 1758 3348 1812 homoin
3377 1759 3465 1815 illo
3488 1762 3794 1816 subtractus
3821 1764 3942 1818 eat':

2341 1845 2382 1898 si
2413 1855 2587 1901 autem
2637 1849 3006 1904 tantummodo
3031 1852 3193 1904 homo
3233 1862 3336 1917 est,
3363 1851 3611 1907 divinitas
3640 1869 3762 1923 qua:
3809 1863 3934 1910 ante

2341 1952 2554 1991 onmem
2583 1949 2883 1995 creaturam
2907 1953 3008 2009 est,
3037 1943 3329 2013 interCepta
3354 1954 3456 2000 est.
3493 1945 3790 2017 Utrumque
3820 1963 3949 2018 ergo

2341 2032 2393 2086 in
2417 2033 2631 2088 Christo
2675 2036 3101 2093 confmderatum
3143 2048 3260 2104 est,
3291 2049 3346 2093 et
3403 2049 3683 2111 utrumque
3721 2045 3953 2112 conjun-

2342 2134 2482 2178 ctmu
2506 2135 2603 2192 est,
2635 2136 2689 2181 et
2716 2137 2994 2200 utrumque
3013 2146 3316 2186 connexum
3363 2142 3465 2188 est.
3495 2134 3558 2187 Et
3597 2135 3787 2188 merito
3815 2135 3954 2190 dum

2343 2228 2426 2273 est
2466 2221 2515 2273 in
2547 2221 2638 2275 illo
2663 2222 2864 2290 aliquid
2903 2225 3044 2294 quod
3071 2237 3294 2296 superat
3319 2237 3638 2294 creaturam,
3662 2229 3954 2299 pignerata

2345 2311 2399 2365 in
2431 2313 2522 2367 illo
2565 2313 2856 2369 divinitatis
2887 2324 2942 2371 et
2984 2316 3004 2346 ³
3063 2316 3408 2373 humanitatis
3441 2319 3649 2375 videtur
3671 2333 3795 2375 esse
3823 2336 3956 2376 con-

2345 2405 2550 2459 cordia.
2609 2406 2836 2475 Propter
2873 2423 3031 2478 quam
3073 2425 3310 2473 causam,
3345 2412 3432 2478 qui
3481 2412 3730 2466 mediator
3767 2411 3864 2466 Dei
3906 2423 3953 2468 et

2347 2497 2608 2550 hominum
2667 2498 2893 2554 effectus
2939 2501 3255 2569 exprimitur
3295 2501 3338 2573 (Ι
3382 2501 3515 2557 Tim.
3561 2519 3619 2571 tt,
3674 2505 3755 2571 5),
3792 2504 3844 2558 in
3896 2519 3955 2561 se

2348 2589 2514 2642 Deum
2569 2599 2623 2644 et
2670 2592 2942 2646 hominem
3000 2595 3235 2649 sociasse
3274 2596 3559 2664 reperitur.
3613 2599 3689 2652 Ac
3728 2599 3773 2652 si
3816 2597 3956 2653 idem

2345 2683 2635 2752 Apestolus
2661 2684 2727 2738 de
2753 2683 2970 2741 Christo
3002 2686 3186 2750 refert,
3218 2696 3274 2742 ιιι
3300 2698 3483 2742 exutus
3500 2705 3705 2744 carnem
3736 2702 3960 2760 potesta-

2347 2783 2419 2828 tes
2441 2776 2807 2844 dehonestavit,
2853 2779 3024 2847 palam
3060 2781 3386 2851 triumphatis
3422 2781 3528 2836 illis
3580 2784 3635 2836 in
3686 2786 3958 2855 semetipso

2350 2865 2569 2939 (Coloss.
2599 2886 2651 2930 ll,
2677 2871 2766 2938 15)
2790 2887 2804 2926 ;
2830 2888 2935 2924 non
2981 2873 3162 2943 utique
3189 2874 3360 2930 Otiose
3402 2883 3620 2929 exulum
3650 2892 3815 2932 carne
3838 2893 3958 2946 pro-

2347 2964 2557 3032 posuit,
2616 2965 2714 3018 uisi
2749 2966 2999 3034 quoniam
3047 2966 3147 3021 l*et
3208 2968 3258 3021 itt
3304 2971 3705 3025 resurrectione
3749 2988 3959 3026 rursum

2350 3056 2588 3108 indutum
2621 3057 2783 3110 voluit
2813 3056 3058 3124 intelligi.
3087 3058 3216 3126 Quis
3244 3069 3326 3114 est
3372 3076 3499 3130 ergo
3535 3063 3638 3117 iSIe
3684 3075 3881 3119 exutus
3905 3073 3964 3119 et

646 3173 796 3214 suam
829 3175 888 3215 se
918 3175 1075 3230 posse
1101 3176 1323 3230 panem,
1356 3169 1450 3215 aut
1491 3161 1724 3213 animam
1771 3173 1922 3212 suam
1976 3173 2136 3228 posse
2181 3172 2239 3212 se
2268 3147 2312 3210 ρ
2346 3157 2530 3196 rursus
2559 3141 2793 3203 indutus,
2829 3145 3096 3212 requirant
3137 3145 3396 3200 haeretici.
3422 3146 3530 3200 Nos
3570 3149 3720 3202 enim
3739 3147 3963 3204 Sermo-

646 3267 860 3308 rursum
902 3267 1242 3322 recuperare,
1296 3253 1417 3322 quia
1474 3253 1574 3306 hoc
1625 3253 1932 3304 mandatum
1975 3249 2246 3317 acceperit

647 3359 677 3398 a
713 3344 909 3398 Patre?
945 3345 1051 3398 Aut
1109 3345 1226 3414 quis
1266 3344 1426 3405 dicit,
1489 3346 1818 3398 destructum
1870 3342 2109 3410 corporis
2164 3343 2245 3396 sui

648 3437 906 3506 templum
945 3437 1265 3491 resuscitare
1286 3450 1501 3490 rursum
1533 3442 1586 3488 et
1613 3433 1938 3488 reaedilicare
1962 3447 2019 3486 se
2049 3447 2204 3500 posse
2230 3449 2242 3485 :

648 3529 751 3583 nisi
798 3528 1048 3598 quoniam
1095 3527 1285 3583 Sermo
1323 3527 1451 3591 ille,
1491 3526 1579 3596 qui
1618 3541 1680 3579 ea:
1729 3524 1916 3585 Patre,
1968 3525 2055 3593 qui
2105 3523 2246 3592 apud

651 3620 898 3688 Patrem,
960 3638 1049 3691 per
1090 3637 1233 3690 quem
1282 3623 1419 3692 facta
1480 3627 1596 3673 sunt
1654 3619 1860 3683 omnia,
1903 3627 1948 3670 et
1995 3617 2104 3670 sine
2149 3631 2246 3685 quo

651 3718 845 3789 factum
891 3727 963 3771 est
1017 3717 1146 3771 niltil
1201 3717 1444 3788 (Joan.t,
1497 3716 1574 3786 3),
1625 3716 1858 3770 imitator
1904 3725 2244 3783 paternorum

650 3824 873 3880 operam
902 3820 1059 3880 atque
1081 3810 1352 3870 virtutum.
1401 3809 1570 3878 imago
1617 3808 1882 3862 invisibilis
1908 3806 1997 3860 Dei
2021 3804 2242 3878 (Coloss.

651 3918 691 3970 ι,
726 3900 835 3973 15),
858 3902 945 3972 qui
993 3902 1249 3955 descendit
1300 3901 1362 3955 de
1391 3901 1515 3956 cazlo
1547 3900 1726 3973 (Joan.
1767 3915 1844 3966 ut,
1880 3900 1968 3963 51,
1993 3898 2105 3966 52),
2155 3897 2246 3966 qui

650 4012 766 4067 qua:
789 3997 913 4049 vidit
931 4004 976 4048 et
992 3995 1186 4048 audivit
1218 3995 1512 4064 testiﬁcatus
1537 4004 1630 4059 est,
1671 3996 1758 4064 qui
1788 4009 1887 4046 non
1920 3991 2048 4044 venit
2085 4001 2140 4043 ut
2163 3989 2246 4060 fa-

651 4099 782 4142 ceret
805 4105 950 4142 suam
976 4088 1282 4143 voluntatem
1312 4087 1492 4158 (Joan.
1527 4104 1600 4154 vr,
1631 4089 1747 4158 58),
1782 4087 1870 4139 sed
1899 4085 2140 4154 potiusut
2169 4086 2252 4154 fa-

653 4183 755 4235 ciat
785 4181 957 4237 Patris
1006 4185 1345 4246 voluntatem,
1388 4198 1418 4237 a
1463 4199 1568 4252 quo
1600 4183 1792 4235 missus
1831 4181 1896 4234 ad
1948 4179 2251 4248 hocipsum

655 4273 850 4338 fuerat,
883 4285 940 4330 ιιι
987 4278 1160 4346 magni
1212 4276 1414 4329 consilii
1440 4275 1664 4346 Angelus
1713 4274 1883 4329 factus
1931 4272 2065 4344 (lsa.
2091 4288 2162 4334 Ix,
2193 4271 2251 4339 6)

656 4381 974 4421 arcanorum
1021 4367 1318 4423 coelestiqu
1373 4369 1525 4422 nobis
1561 4369 1680 4437 jura
1720 4376 2008 4431 reseraret,
2055 4365 2253 4435 quique

665 4456 882 4513 Verbum
905 4476 1023 4512 caro
1051 4463 1216 4527 [actus
1261 4461 1500 4514 habitavit
1519 4461 1570 4513 in
1598 4460 1741 4513 nobis
1773 4457 1952 4522 (Joan.
1980 4473 2021 4521 ι,
2048 4457 2158 4526 Η),
2187 4471 2253 4509 cx

653 4549 808 4603 nobis
849 4549 935 4605 hic
979 4548 1222 4606 Christus
1269 4567 1373 4605 non
1407 4553 1565 4604 homo
1613 4559 1836 4613 tantum,
1870 4548 1990 4618 quia
2023 4547 2252 4600 hominis

656 4643 855 4705 Filius;
888 4643 980 4697 sed
1004 4645 1160 4698 etiam
1211 4647 1368 4709 Deus,
1409 4646 1529 4714 quia
1575 4645 1664 4697 Dei
1715 4643 1899 4705 Filius,
1934 4639 2251 4708 comproba-

655 4733 777 4787 tur?
808 4734 958 4799 Quod
987 4737 1029 4789 si
1061 4747 1112 4789 (ιι
1143 4738 1510 4807 primogenitus
1556 4737 1718 4790 omnis
1739 4745 1986 4788 creatura!
2014 4736 2081 4786 ab
2113 4735 2253 4801 Apo-

654 4825 795 4879 smlo
838 4827 1011 4882 dictus
1067 4829 1134 4884 sit
1186 4831 1432 4884 Christus
1462 4829 1683 4899 (Coloss.
1731 4845 1768 4893 t,
1813 4826 1936 4898 15);
1985 4825 2254 4893 quomodo

653 4919 827 4975 omnis
855 4929 1116 4978 creatura:
1169 4923 1554 4994 primogenitus
1583 4937 1702 4978 esse
1749 4922 1937 4991 potuit,
1983 4920 2084 4974 nisi
2124 4932 2255 4987 quo-

2355 3252 2474 3291 nem
2503 3238 2590 3290 Dei
2640 3238 2839 3291 scimus
2875 3238 3116 3293 indutum
3160 3240 3339 3294 carnis
3388 3240 3770 3306 substantiam,
3803 3258 3966 3297 eum-

2352 3329 2579 3398 demque
2613 3346 2824 3384 rursum
2879 3341 3097 3384 exutum
3167 3331 3358 3387 eadem
3405 3335 3646 3402 corporis
3693 3337 3918 3390 materia
3946 3379 3964 3400 ,

2352 3437 2511 3490 quam
2547 3437 2732 3476 rursus
2777 3423 2828 3475 in
2866 3427 3261 3479 resurrectione
3307 3428 3538 3496 suscepit
3565 3437 3616 3480 et
3665 3426 3819 3495 quasi
3869 3427 3968 3480 in-

2354 3513 2668 3568 tluinentunt
2702 3515 3009 3585 resumpsit.
3037 3515 3142 3570 Sed
3173 3517 3318 3571 enim
3353 3532 3522 3587 neque
3549 3527 3735 3571 exutus
3772 3533 3967 3588 neque

2356 3605 2571 3660 indutus
2613 3607 2882 3662 hominem
2920 3607 3164 3662 Christus
3207 3610 3416 3672 fuisset,
3461 3611 3501 3664 si
3545 3609 3702 3664 homo
3744 3619 3965 3667 tantum

2354 3699 2559 3754 fuisset.
2593 3700 2759 3755 Nemo
2781 3702 2922 3754 enim
2955 3717 3204 3771 umquam
3235 3717 3293 3757 se
3317 3704 3432 3772 ipso
3454 3711 3545 3756 aut
3581 3703 3841 3772 spoliatur
3868 3715 3973 3759 aut

2353 3787 2607 3847 induitur.
2636 3792 2713 3847 Sit
2741 3795 2883 3846 enim
2914 3808 3135 3848 necesse
3158 3804 3239 3848 est
3269 3794 3434 3861 aliud,
3460 3795 3717 3866 quidquid
3743 3796 3970 3853 aliunde

2353 3895 2443 3938 aut
2472 3886 2736 3954 spoliatur
2762 3894 2853 3939 aut
2885 3886 3140 3941 induitur.
3174 3887 3249 3940 Ex
3273 3904 3378 3956 quo
3411 3890 3604 3943 merito
3643 3887 3830 3944 Sermo
3861 3888 3968 3946 Dei

2355 3978 2470 4040 fuit,
2504 3981 2592 4049 qui
2623 3989 2813 4034 exutus
2845 3991 2928 4034 est
2973 3996 3188 4035 carnem
3217 3991 3270 4036 et
3319 3981 3368 4034 in
3415 3981 3807 4037 resurrectione
3839 3997 3974 4036 rur-

2354 4087 2446 4126 sus
2475 4072 2707 4126 indutus.
2739 4071 2944 4126 Exutus
2975 4085 3177 4138 autem,
3211 4073 3462 4142 quoniam
3495 4083 3551 4128 et.
3601 4075 3652 4127 in
3685 4073 3972 4130 nativiate

2356 4163 2525 4219 fuerat
2555 4165 2790 4219 ittdutus.
2849 4165 3032 4235 Itaque
3077 4166 3128 4218 in
3156 4165 3369 4219 Christo
3397 4165 3536 4220 Deus
3560 4176 3642 4220 est
3669 4167 3754 4235 qui
3783 4164 3975 4220 indui-

2358 4270 2460 4323 tur,
2485 4269 2646 4329 atque
2668 4259 2828 4313 etiam
2861 4270 3057 4313 exutus
3083 4260 3151 4312 sit
3195 4269 3408 4328 oportet
3437 4279 3449 4313 :
3482 4249 3763 4330 prapterea
3793 4259 3838 4313 is
3869 4262 3971 4330 qui

2357 4353 2614 4416 induitur,
2650 4353 2848 4422 pariter
2869 4361 2921 4406 et
2949 4363 3174 4406 exnatur
3204 4367 3423 4406 necesse
3446 4361 3547 4406 est.
3574 4350 3812 4406 Induitur
3856 4367 3967 4406 au-

2359 4455 2463 4500 tem
2489 4455 2543 4500 et
2562 4447 2773 4499 exuitur
2802 4445 2982 4507 homo,
3017 4444 3166 4515 quasi
3196 4445 3427 4513 quadam
3456 4445 3688 4500 contexti
3716 4446 3972 4514 corporis

2361 4539 2556 4593 tunica.
2590 4542 2665 4592 Ac
2691 4549 2972 4608 pmpterea
3001 4551 3393 4610 consequenter
3419 4539 3612 4595 Sermo
3641 4541 3752 4602 fuit,
3783 4549 3838 4591 ut
3883 4539 3973 4594 di-

2357 4635 2553 4696 ximus,
2588 4634 2712 4698 Dei;
2746 4634 2834 4702 qui
2861 4633 3020 4686 modo
3050 4631 3286 4698 indutus,
3317 4632 3478 4687 modo
3500 4644 3691 4686 exutus
3721 4648 3843 4686 esse
3871 4648 3970 4689 res

2360 4729 2582 4796 peritur.
2616 4726 2724 4779 Hoc
2754 4726 2896 4779 enim
2921 4726 3082 4779 etiam
3110 4727 3159 4778 in
3190 4725 3650 4779 benedictiOnibus
3680 4736 3801 4778 ante
3824 4740 3969 4792 prm-

2359 4819 2493 4874 dixit
2519 4837 2529 4871 :
2555 4817 2765 4872 Lavabit
2789 4818 2971 4871 stolam
3004 4835 3148 4870 suam
3175 4819 3225 4870 in
3251 4819 3384 4880 vino,
3433 4826 3478 4869 et
3509 4817 3560 4870 in
3581 4817 3827 4885 sanguine
3859 4834 3973 4871 uta:

2360 4915 2599 4968 amictum
2627 4929 2774 4966 suum
2803 4910 2956 4984 (Gen.
2981 4927 3124 4975 sus,
3147 4913 3258 4980 Η).
3280 4912 3332 4967 Si
3357 4911 3496 4966 stola
3528 4910 3814 4967 inCltristo
3835 4925 3971 4967 caro

1827 5031 2199 5091 GALLANDII
2237 5026 2802 5086 COMMENTARlUS.

651 5177 896 5246 aperitur,
933 5176 1216 5248 legendum
1249 5193 1368 5234 esse
1413 5180 1667 5247 reperitur
1693 5180 1985 5242 existimat,
2019 5183 2074 5229 ut
2122 5190 2246 5230 mox

653 5248 869 5316 quidem
900 5248 1130 5318 ipsemet
1151 5261 1356 5306 auctor.
1383 5249 1637 5308 Jscnson.

728 5343 739 5372 ¹
775 5340 1037 5409 Recipere.
1059 5343 1303 5399 Editores
1326 5344 1606 5413 Anglicani
1632 5343 1916 5413 legendum
1959 5344 2251 5411 conjiciunt

650 5415 954 5496 recipiendi.
991 5415 1144 5485 Vulg.
1189 5430 1320 5471 sane
1365 5409 1619 5471 sumendi.
1654 5409 1758 5472 sed
1786 5414 2037 5471 Grazcum
2062 5409 2253 5474 ’λαϐεῖν

649 5495 915 5552 expressit
941 5497 1144 5541 auctor.

721 5580 740 5609 ²
764 5575 1138 5654 Tantummgdo
1151 5590 1290 5654 ante,
1321 5593 1425 5642 etc.
1449 5584 1758 5654 Legeudum
1782 5595 1928 5652 putat
1957 5586 2256 5643 Jacksonus

646 5648 999 5723 tantumnodo
1023 5651 1163 5723 Deus
1191 5651 1321 5723 agile,
1355 5675 1499 5720 θιοη
1531 5648 1585 5708 ut
1641 5648 1966 5723 respondeat
2007 5659 2253 5722 sequenti

641 5718 993 5774 tantummodo
1015 5722 1188 5783 homo.
1219 5718 1431 5808 Verum,
1475 5718 1717 5798 quamvis
1734 5718 1848 5781 "non
1873 5718 2256 5805 legatur'Deus,

2356 5184 2548 5225 sensus
2580 5171 2782 5238 integer
2825 5181 3024 5226 manet.

2434 5263 2455 5294 ³
2482 5262 3030 5336 ΗιιιηαηὶιτιιὶεᾉΕάἰιί,
3049 5265 3371 5330 humilitatis,
3392 5273 3660 5334 corrupte.
3692 5265 3839 5336 Lego
3865 5269 3953 5322 hn-

2357 5335 2620 5388 manitatis
2673 5350 2793 5390 cunt
2825 5334 2912 5389 Fr.
2943 5336 3138 5401 Junio;
3168 5351 3326 5405 quant
3359 5351 3544 5390 vocem
3593 5334 3964 5396 edidit—etiam

2360 5405 2764 5461 Welchmanus.
2794 5407 3046 5462 Jscusou.

2436 5498 2455 5528 β’
2475 5497 2538 5550 Et
2572 5498 2621 5549 in
2650 5500 3038 5553 resurrectione.
3077 5499 3237 5562 Editi,
3276 5509 3322 5554 et
3346 5501 3787 5566 resurrectionem,
3815 5503 3966 5556 nullo

2365 5584 2546 5626 sensu.
2578 5569 2849 5633 Rescripsi
2891 5582 2936 5624 et
2970 5572 3021 5623 in
3052 5574 3417 5642 resurrectione
3446 5588 3564 5625 cum
3617 5573 3737 5642 ips"
3784 5573 3960 5628 Non-

2368 5642 2719 5715 tiattt)'_sta_titt_t
2754 5643 2806 5715 in
2835 5641 3183 5715 sequentibus
3207 5660 3315 5699 non
3332 5643 3498 5698 semel
3533 5641 3720 5715 :qu’od
3747 5653 3805 5701 et
3832 5661 3964 5701 con-

2360 5712 2579 5784 jeetavit
2606 5711 2864 5767 Latinius.
2893 5712 2969 5767 lu.
