4260 6266
296 347 406 401 929

1595 339 1680 396 DE
1720 333 2092 397 TRINITATF.
2131 334 2351 396 LIBER.

3497 342 3604 402 950

297 466 399 519 est,
421 461 476 510 et
507 456 523 486 ί
546 453 800 509 amictum
839 453 1012 524 ipsum
1044 467 1240 524 corpus
1265 463 1367 522 est,
1392 455 1732 525 requiratur'
1763 457 1907 525 quis-
1934 461 1982 518 Α
2012 468 2275 513 Ct'eaturze
2320 459 2553 513 divinam
2581 459 2832 513 obtinens
2863 465 3223 530 potestatem,
3256 469 3308 516 et
3347 461 3492 518 Deus
3521 471 3604 519 est

297 549 422 616 quis
459 557 542 602 est
587 546 675 602 ille
725 547 877 616 cujus
925 561 1122 614 corpus
1178 547 1436 601 amictum
1489 556 1591 609 est,
1649 559 1700 601 ct
1763 549 1899 602 stola

297 655 446 696 caro.
476 639 640 696 Nobis
685 641 829 696 enim
878 641 1214 696 manifestum
1247 650 1329 696 est
1377 657 1590 696 carnem
1628 642 1818 697 stolam
1849 653 1902 697 et

299 749 499 806 corpus
523 733 777 789 amictum
812 732 970 788 Verbi
996 731 1162 788 fuisse
1207 733 1246 799 ³,
1283 733 1479 803 quique
1523 735 1798 803 sanguine,
1852 735 1904 789 id

301 839 384 884 est
405 829 549 893 vino,
580 826 708 881 lavit
737 826 1089 882 substantiam
1120 826 1381 895 corporis,
1407 835 1460 880 et
1491 827 1763 880 materiam
1787 841 1906 880 car-

303 922 386 976 nis
425 920 672 984 abluens,
705 933 771 974 ex
806 929 955 988 parte
984 918 1217 988 suscepti
1260 917 1490 972 hominis
1525 923 1790 988 passione.
1828 918 1902 972 Ex

303 1029 411 1085 quo
433 1013 699 1084 siquidem
725 1013 933 1067 lavatur
953 1054 968 1079 ,
1001 1012 1163 1068 homo
1186 1022 1268 1068 est
1293 1029 1307 1078 ;
1339 1013 1459 1083 quia
1488 1014 1738 1067 amictum
1763 1013 1904 1083 quod

307 1110 530 1172 lavatur,
553 1123 680 1163 caro
710 1118 793 1163 est
824 1127 836 1161 :
867 1108 956 1178 qui
988 1116 1165 1162 autem
1200 1107 1373 1174 lavat,
1407 1108 1638 1162 Verbum
1672 1108 1764 1161 Dei
1792 1117 1903 1173 est;

306 1201 392 1271 qui
426 1213 481 1256 ttt
512 1202 713 1256 lavaret
738 1201 1015 1265 amictum,
1044 1201 1224 1255 amicti
1256 1211 1533 1271 susceptor
1556 1201 1775 1256 ell‘ectus
1803 1212 1904 1255 est.

307 1292 498 1349 Merito
527 1309 590 1348 ex
619 1308 679 1348 ea
708 1292 1027 1356 substantia,
1058 1310 1177 1358 quin
1229 1303 1444 1362 recepta
1493 1303 1576 1348 est
1617 1303 1672 1348 ut
1703 1294 1909 1348 lavare—

307 1395 416 1453 tur,
468 1385 627 1441 homo
678 1386 1002 1456 exprimitur
1030 1385 1089 1450 ⁸;
1124 1390 1358 1456 sicut_ex
1391 1386 1550 1442 Verbi
1593 1388 1908 1442 auctoritate

307 1481 395 1552 qui
419 1479 566 1548 lavit,
600 1480 741 1536 Deus
761 1495 884 1537 esse
905 1491 1262 1537 monstratur.

733 1637 962 1694 CAPUT
1006 1636 1173 1704 XXII,
1207 1639 1280 1692 al.
1306 1637 1471 1693 XVII.

384 1797 632 1853 Eamdem
662 1797 882 1852 divinam
907 1798 1222 1862 maiestatem
1244 1799 1296 1852 in
1320 1798 1521 1853 Clu-isto
1541 1799 1656 1854 aliis
1682 1800 1862 1854 iterum

821 1891 1106 1961 Scripturis
1127 1891 1416 1956 conﬁrmat.

385 2045 495 2101 Cur
515 2053 716 2112 autem,
752 2045 870 2100 licet
901 2045 968 2100 ad
1013 2045 1167 2102 aliam
1205 2055 1410 2116 partem
1434 2037 1743 2116 disputandi
1767 2047 1911 2102 festi-

312 2154 444 2195 nare
474 2139 763 2204 videamur,
791 2138 938 2192 illum
981 2148 1366 2208 prouereamus
1407 2141 1549 2209 apud
1586 2142 1908 2210 Apostolum

314 2230 527 2286 locum?
559 2230 661 2297 Qui
689 2247 804 2284 eum
833 2230 886 2284 in
908 2235 1075 2302 forma
1100 2229 1196 2284 Dei
1228 2240 1387 2297 esset,
1429 2249 1530 2285 non
1570 2233 1804 2299 rapinam
1827 2250 1912 2286 ar-

315 2324 530 2378 bitratus
566 2333 637 2377 est
677 2324 925 2393 azqualem
967 2339 1021 2377 se
1079 2322 1190 2376 Deo
1257 2341 1400 2389 esse;
1451 2326 1540 2378 sed
1587 2332 1913 2393 semetipsum

315 2420 592 2474 exinanivit
620 2419 837 2487 formam
865 2419 991 2473 servi
1017 2419 1272 2488 accipiens
1291 2460 1304 2482 ,
1328 2418 1348 2452 ⁵
1373 2419 1424 2472 in
1456 2419 1790 2472 similitudine
1817 2419 1910 2472 lto-

317 2512 510 2564 minum
529 2513 715 2576 factus,
740 2519 783 2564 et
807 2510 981 2564 habitu
1002 2511 1232 2565 inventus
1254 2521 1308 2564 ut
1330 2511 1480 2565 homo
1510 2527 1526 2565 :
1556 2512 1843 2566 humiliauit
1861 2529 1914 2566 se

318 2605 553 2660 obediens
575 2604 742 2672 [actus
760 2607 998 2674 usquead
1025 2617 1258 2670 mortem,
1283 2615 1492 2660 mortem
1520 2619 1689 2661 autem
1711 2609 1874 2663 crucis
1897 2624 1913 2661 :

317 2710 582 2768 propterea
602 2709 645 2751 et
663 2697 800 2751 Deus
822 2697 968 2750 illuni
986 2700 1461 2768 superexaltavit,et
1479 2701 1617 2754 dedit
1632 2702 1708 2755 illi
1729 2718 1911 2754 nomen

317 2791 452 2859 quod
478 2803 547 2846 est
575 2809 729 2862 super
758 2808 905 2845 omne
926 2808 1146 2855 nomen;
1177 2803 1229 2846 at
1259 2809 1315 2846 tn
1357 2795 1560 2846 nomine
1597 2793 1725 2847 Jesu
1767 2809 1914 2847 omne

319 2900 450 2954 genu
478 2884 730 2952 flectatur,
759 2884 1034 2938 caelestium
1053 2925 1067 2950 ,
1115 2885 1427 2939 terrestrium
1460 2895 1505 2937 et
1555 2886 1873 2953 infernorum
1896 2927 1910 2952 ,

319 2987 364 3032 et
389 2979 553 3031 omnis
583 2978 755 3047 lingua
777 2979 1097 3046 conﬁteatur,
1132 2980 1374 3044 quoniam
1407 2977 1656 3032 Dominus
1677 2979 1711 3031 .I
1718 2997 1830 3033 esus
1861 2981 1913 3033 in

320 3071 488 3141 gloria
504 3081 576 3124 est
591 3070 688 3125 Dei
706 3070 876 3124 Patris
902 3070 1127 3144 (Philip.
1149 3088 1209 3138 tt,
1228 3072 1317 3127 6-1
1335 3074 1347 3128 l
1364 3070 1406 3142 ).
1429 3073 1530 3138 Qui
1547 3090 1661 3126 cum
1679 3075 1730 3126 in
1751 3076 1916 3146 forma

319 3163 415 3217 Dei
441 3174 600 3229 esset,
633 3165 823 3234 inquit.
856 3163 912 3219 Si
941 3166 1104 3219 homo
1136 3165 1508 3219 tantummodo
1530 3165 1774 3220 Christus
1797 3207 1810 3230 ,
1861 3167 1912 3220 in

2007 552 2257 620 exemplo
2307 552 2480 606 Patris
2514 569 2524 605 :
2561 551 2662 606 hoc
2694 552 2865 622 ipsum
2911 561 3088 608 tamen
3133 569 3161 606 a
3196 553 3356 610 Patre
3389 555 3606 624 proprio

2007 656 2358 712 consecutus,
2407 655 2464 702 ut
2503 648 2740 702 omnium
2773 659 2826 702 et
2856 649 2996 704 Deus
3027 660 3201 718 esset,
3249 659 3304 705 et
3350 652 3606 708 Dominus

2008 751 2182 804 esset,
2236 749 2290 794 et
2331 741 2473 794 Deus
2503 741 2567 794 ad
2600 741 2819 810 formam
2875 743 2968 797 Dei
3020 743 3191 798 Patris
3245 759 3312 800 ex
3353 744 3471 816 ipso
3509 761 3604 816 ge—

2009 835 2152 887 nitus
2202 846 2364 904 atque
2417 839 2681 906 prolatus.
2738 838 2833 892 llic
2885 854 3013 909 ergo
3061 840 3308 910 quamvis
3355 850 3503 896 esset
3554 841 3606 896 iu

2009 932 2176 998 forma
2206 929 2334 995 Dei,
2398 948 2499 984 non
2531 942 2603 986 est
2646 934 2882 1003 rapinam
2933 934 3208 990 arbitratus
3253 936 3501 1007 a'qttalent
3553 952 3607 990 se

2010 1021 2118 1076 Deo
2161 1041 2285 1076 esse.
2340 1025 2593 1092 Quamvis
2623 1027 2764 1080 enim
2797 1042 2854 1081 se
2880 1043 2946 1082 ex
2976 1027 3084 1081 Deo
3107 1027 3265 1083 Patre
3289 1029 3452 1083 Deum
3484 1043 3607 1085 esse

2012 1117 2379 1182 meminisset,
2450 1134 2740 1188 mnnquant
2789 1134 2848 1174 se
2901 1120 3010 1174 Deo
3057 1119 3202 1174 Patri
3249 1131 3339 1175 aut
3385 1137 3605 1192 compa-

2014 1210 2151 1263 ravit
2176 1219 2266 1262 aut
2295 1211 2554 1278 contulit,
2601 1227 2809 1266 memor
2836 1228 2894 1267 se
2925 1228 3046 1269 esse
3091 1218 3157 1269 ex
3200 1229 3296 1268 suo
3322 1214 3508 1280 Patre,
3555 1223 3610 1269 et

2020 1301 2122 1356 hoc
2155 1303 2327 1371 ipsum
2358 1304 2497 1373 quod
2531 1317 2608 1359 est
2648 1305 2845 1360 trahere
2873 1321 2961 1372 se,
3003 1308 3125 1377 quia
3157 1307 3316 1362 Pater
3342 1307 3604 1362 dedisset.

2018 1394 2144 1449 lude
2193 1396 2425 1466 denique
2465 1407 2518 1450 et
2571 1406 2698 1452 ante
2761 1401 2940 1452 carnis
2989 1400 3454 1469 assumptiouem,
3511 1398 3606 1455 sed

2013 1496 2065 1540 et
2115 1498 2237 1557 post
2287 1489 2711 1559 assumptiouem
2760 1491 3036 1560 corporis,
3091 1502 3208 1560 post
3254 1492 3421 1561 ipsam
3463 1505 3606 1561 prte-

2015 1588 2159 1635 terca
2204 1583 2658 1636 resurrectionem
2683 1623 2696 1646 ,
2745 1598 2958 1638 omnem
2993 1583 3134 1638 Patri
3163 1584 3214 1638 in
3237 1584 3487 1638 omnibus
3518 1599 3606 1639 re-

2015 1675 2116 1730 bus
2167 1677 2526 1730 ohcdientiam
2583 1678 2865 1746 praestitit,
2913 1676 3116 1746 pariter
3159 1693 3220 1732 ac
3261 1686 3496 1748 pra-stat.
3530 1676 3607 1731 Ex

2015 1784 2122 1838 quo
2154 1768 2412 1838 probatur
2444 1784 2735 1838 numquam
2765 1768 3079 1823 arbitratum
3134 1768 3280 1822 illum
3321 1781 3439 1823 esse
3468 1768 3610 1837 rapi-

1939 1851 2139 1914 Bnam
2189 1862 2476 1931 quamdam
2525 1860 2893 1926 divinitatem,
2951 1869 3008 1914 ttt
3058 1869 3300 1930 aequaret
3352 1875 3410 1915 se
3461 1860 3608 1914 Patri

2020 1956 2175 2010 Deo:
2210 1956 2337 2024 quin
2396 1956 2560 2010 immo
2609 1967 2832 2020 contra,
2882 1955 3026 2009 onmi
3081 1953 3248 2024 ipsius
3301 1954 3526 2023 imperio
3554 1963 3611 2010 et

2015 2047 2276 2101 voluntati
2325 2047 2584 2102 obedieus
2634 2058 2793 2118 atque
2835 2047 3140 2115 subjectus,
3184 2046 3390 2102 7etiam
3423 2047 3612 2101 utfor—

2017 2153 2157 2193 mam
2205 2139 2346 2193 servi
2395 2141 2693 2209 susciperet
2725 2149 3014 2193 contentus
3055 2138 3153 2193 fuit
3181 2138 3199 2210 (
3226 2140 3328 2194 hoc
3359 2149 3478 2202 est,
3511 2138 3612 2195 ho-

2016 2233 2214 2287 minem
2246 2233 2392 2286 illum
2438 2231 2592 2303 fieri)
2625 2244 2679 2286 et
2723 2233 3078 2287 substantiam
3131 2232 3310 2287 carnis
3341 2244 3395 2287 et
3423 2247 3614 2303 corpo-

2018 2323 2091 2378 ris
2111 2366 2125 2388 ,
2181 2340 2339 2393 quam
2369 2340 2431 2377 ex
2461 2336 2810 2395 paternorum
2839 2325 2860 2354 ⁸
2890 2333 2943 2378 et
2989 2323 3284 2379 secundum
3332 2322 3610 2380 hominem

2015 2418 2332 2472 delictorum
2378 2417 2638 2473 servitute
2682 2418 2986 2472 venientem
3021 2416 3296 2472 nascendo
3329 2417 3568 2486 suscepit
3597 2434 3611 2472 :

2016 2528 2123 2582 quo
2169 2521 2411 2578 tempore
2461 2527 2519 2566 se
2551 2511 2711 2565 etiam
2761 2510 3086 2576 csinanivit,
3121 2510 3246 2564 dum
3277 2513 3297 2544 ⁹
3324 2510 3613 2566 humanam

2017 2604 2338 2659 conditionis
2393 2603 2731 2672 fragilitatem
2799 2602 3075 2672 suscipere
3139 2619 3245 2657 non
3309 2596 3604 2659 recusavit.

2016 2696 2276 2762 Quoniam
2331 2695 2375 2748 si
2405 2696 2565 2748 homo
2615 2694 2983 2749 tantummodo
3032 2703 3188 2749 natus
3233 2694 3457 2761 fuisset,
3517 2711 3614 2766 per

2020 2789 2121 2844 hoc
2154 2789 2459 2843 cxinanitus
2490 2803 2592 2842 non
2626 2797 2768 2843 esset
2799 2805 2812 2841 :
2849 2790 3009 2842 homo
3054 2789 3196 2842 enim
3243 2805 3472 2845 nascens
3518 2806 3616 2844 an-

2017 2895 2191 2955 getur,
2226 2899 2329 2937 non
2361 2883 2704 2937 exinanitur:
2737 2897 2859 2935 nam
2906 2879 3033 2935 dum
3081 2881 3265 2950 incipit
3313 2897 3436 2936 esse
3473 2881 3616 2952 qttod

2018 2995 2138 3034 cum
2171 2993 2273 3031 non
2302 2987 2446 3032 esset
2475 2977 2672 3031 habere
2710 2991 2813 3030 non
2847 2976 3048 3044 potuit,
3095 2985 3155 3030 ut
3194 2977 3457 3043 diximus,
3510 2994 3616 3033 non

2019 3071 2343 3135 exinanitur,
2395 3070 2489 3126 sed
2547 3069 2723 3139 potius
2772 3077 2998 3137 augetur
3026 3079 3186 3139 atque
3217 3069 3420 3124 ditatur
3452 3071 3513 3124 ¹⁰.
3547 3071 3616 3126 At

2021 3165 2065 3219 si
2093 3164 2335 3218 Christus
2361 3163 2664 3217 exinanitur
2709 3163 2758 3216 in
2807 3178 2872 3216 eo
2900 3162 3040 3232 quod
3090 3163 3345 3226 nascitur,
3389 3163 3618 3218 formant

323 3260 539 3330 imagine
556 3259 854 3328 Dei,nonin
879 3263 1046 3329 [arma
1068 3257 1160 3312 Dei
1182 3260 1382 3314 relatus
1409 3259 1616 3314 fuisset.
1635 3261 1913 3316 Ilomiuctn
1943 3243 1986 3306 C
2024 3258 2164 3313 servi
2197 3255 2536 3324 accipiendo,
2565 3255 2836 3324 quomodo
2886 3254 3049 3308 homo
3097 3256 3466 3311 tantummodo
3497 3257 3621 3310 est?

324 3356 463 3410 enim
481 3356 679 3410 scimus
697 3355 766 3407 ad
806 3354 1078 3425 imaginem
1106 3352 1263 3425 (Gen.
1283 3370 1318 3420 ι,
1340 3353 1456 3425 27),
1485 3370 1589 3409 non
1611 3355 1678 3407 ad
1702 3356 1920 3424 formam

325 3449 414 3505 Dei
449 3449 663 3505 factum.
695 3449 825 3518 Quis
870 3464 1000 3519 ergo
1058 3456 1143 3503 est
1188 3449 1321 3514 iste,
1366 3450 1455 3520 qui
1481 3449 1532 3502 in
1580 3453 1748 3519 forma
1796 3448 1918 3514 Dei,

325 3547 644 3614 utdiximus,
671 3549 839 3603 lactus
863 3547 1235 3618 cslAngelus?
1259 3546 1361 3601 Sed
1389 3563 1486 3602 nec
1514 3549 1564 3602 in
1586 3548 1802 3618 Angelis
1822 3549 1922 3602 for-

327 3657 468 3697 mam
501 3643 594 3698 Dei
627 3644 846 3713 legimus
867 3685 881 3708 ,
915 3643 1012 3697 nisi
1039 3643 1290 3712 quoniam
1316 3642 1401 3695 hic
1435 3643 1736 3712 prmeipuus
1761 3653 1921 3712 atque

328 3752 624 3808 generosus
639 3753 745 3806 prae
767 3737 1034 3804 omnibus,
1055 3737 1144 3790 Dei
1160 3736 1588 3802 Filius,Verhum
1611 3737 1722 3800 Dei,
1745 3737 1920 3791 imita-

331 3839 417 3884 tor
439 3830 677 3883 omuium
697 3840 1038 3900 paternorum
1056 3831 1434 3900 operum,dum
1459 3843 1510 3885 et
1533 3831 1648 3901 ipse
1665 3840 1921 3900 operatur

329 3923 468 3979 sicut
492 3932 546 3976 et
575 3921 733 3976 Pater
750 3921 861 3992 ejus
884 3921 1064 3992 (Joan.
1085 3939 1140 3987 v,
1165 3923 1274 3992 19).
1299 3924 1346 3976 in
1372 3923 1392 3952 ⁸
1415 3924 1579 3991 forma
1601 3924 1676 3996 (ιιι
1699 3939 1922 3992 εκιδνοεο

332 4015 545 4083 simus)
577 4027 659 4072 est
689 4016 778 4071 llei
811 4016 1001 4071 Patris.
1035 4017 1098 4071 Et
1130 4019 1323 4071 merito
1353 4017 1402 4070 itt
1462 4021 1629 4088 [arma
1685 4033 1924 4088 pronun-

333 4108 492 4165 tiatus
517 4117 600 4164 est
639 4109 765 4174 Dei,
800 4109 925 4164 dum
971 4120 1025 4164 et
1072 4110 1187 4179 ipse
1236 4124 1397 4180 super
1424 4112 1640 4175 omnia,
1672 4119 1724 4164 et
1751 4110 1928 4164 omnis

2025 3352 2091 3406 de
2117 3364 2224 3420 quo
2251 3349 2432 3402 verius
2492 3347 2695 3401 dictum
2753 3345 2974 3412 fuisset,
3031 3347 3414 3416 locupletatum
3466 3348 3619 3404 illttm

2024 3459 2144 3498 esse
2201 3452 2327 3496 tunc
2378 3456 2498 3496 cum
2545 3448 2880 3501 nasceretur,
2930 3454 3034 3493 non
3083 3439 3462 3506 exinanitum;
3520 3441 3623 3496 nisi

2023 3536 2274 3606 quoniam
2313 3532 2602 3588 auctoritas
2651 3530 2815 3584 divini
2859 3529 3061 3597 Verbi,
3108 3530 3172 3586 ad
3218 3531 3621 3600 suscipiendum

2026 3631 2296 3683 hominem
2339 3626 2552 3681 interim
2594 3625 3020 3695 eonquiesceus,
3056 3640 3156 3679 nec
3195 3639 3254 3680 se
3283 3625 3393 3678 suis
3424 3625 3628 3681 viribus

2027 3725 2067 3754 “
2097 3734 2377 3780 exercens.
2402 3719 2582 3787 dejicit
2616 3733 2673 3772 se
2705 3717 2769 3770 ad
2803 3724 3017 3786 tempus
3047 3726 3204 3786 atque
3237 3716 3477 3784 deponit,
3499 3718 3626 3772 dum

2026 3817 2295 3870 hominem
2327 3815 2426 3867 l'ert
2457 3826 2618 3881 quem
2643 3809 2900 3876 suscepit.
2932 3809 2973 3839 ¹²
3008 3806 3262 3863 Exinanit
3291 3824 3369 3877 se,
3402 3809 3528 3865 dum
3560 3809 3628 3866 ad

2028 3909 2256 3978 injurias
2301 3903 2764 3971 contumeliasque
2804 3900 3122 3966 descendit,
3175 3901 3303 3956 dum
3349 3903 3496 3957 audit
3547 3905 3629 3958 itt-

2033 4005 2189 4061 ianda
2215 4045 2229 4070 ,
2283 4001 2562 4069 experitur
2595 3996 2813 4065 indigna
2851 4013 2863 4046 :
2896 3995 3049 4065 cujus
3097 4003 3272 4049 tanien
3310 3996 3628 4053 humilitatis

2033 4104 2186 4158 adest
2213 4095 2392 4150 statim
2431 4090 2678 4163 egregius
2713 4087 2936 4142 fructus.
2972 4088 3194 4158 Accepit
3221 4089 3366 4143 enim
3415 4105 3628 4155 nomen,
3703 4073 3714 4079 ’

1509 4225 1882 4282 GALLANDII
1921 4209 2494 4279 COMMENTARIUS.

343 4411 351 4421 ι
411 4341 700 4421 ‘Amictunt
725 4343 919 4421 ipsum.
949 4339 1242 4421 Froltetrius
1272 4356 1394 4395 cum
1431 4341 1665 4421 Gagnzro
1706 4343 1932 4421 Antiqua

335 4427 442 4480 ipse
485 4427 502 4466 :

339 4483 582 4537 inusitata
655 4483 816 4538 verba
890 4485 1222 4550 usurpaverit
1275 4484 1632 4545 Novatianus.
1693 4485 1928 4537 insolens

339 4554 557 4609 verbum
588 4556 830 4608 amictum
860 4557 1101 4609 neutrius
1127 4557 1339 4624 generis
1383 4557 1434 4611 in
1489 4556 1628 4610 illius
1672 4565 1928 4610 cantextu

339 4625 546 4694 reliqui.
579 4626 746 4681 Habet
771 4627 930 4680 etiam
984 4638 1170 4682 auctor
1213 4631 1371 4696 paulo
1424 4637 1544 4698 post
1595 4628 1833 4680 amictum
1878 4635 1932 4680 ct

339 4698 533 4751 amicti.
567 4698 820 4753 lscsson.

413 4769 432 4798 ¹
467 4769 722 4841 Quisquis.
778 4768 1162 4824 Welchmanus
1217 4772 1396 4826 mallet
1427 4773 1577 4841 quis;
1605 4780 1763 4839 atque
1796 4769 1932 4823 hanc

340 4851 467 4895 esse
489 4854 670 4893 veram
693 4839 978 4894 lectionem
1013 4845 1102 4895 vix
1125 4842 1327 4896 dubitat
1359 4839 1679 4897 Jacksonus.

417 4911 962 4984 3Quiquesauguine,
993 4919 1098 4966 cte.
1144 4911 1320 4966 Locus
1368 4915 1452 4967 hic
1495 4913 1778 4972 obscurus.
1821 4913 1935 4966 sive

343 4986 504 5042 etiam
537 4982 754 5037 mutilus
781 4982 835 5036 et
861 4993 1148 5052 corruptus
1171 4984 1380 5037 videtur
1399 4985 1655 5038 l’atuelio.
1674 4985 1933 5039 Mcdelam

346 5051 564 5113 exhibet
591 5051 974 5126 Wclclttnanus
1004 5056 1073 5107 ita
1101 5055 1312 5124 legens:
1337 5055 1436 5120 Qui
1456 5071 1564 5110 uvae
1590 5059 1858 5126 sanguine,
1884 5054 1936 5105 id

347 5139 417 5183 est
447 5126 591 5182 vino.
624 5125 746 5178 lavit
786 5126 1121 5179 substantiam
1162 5129 1423 5194 corporis,
1458 5125 1722 5180 materiam
1771 5127 1938 5180 carnis

348 5199 558 5252 abluens
594 5199 776 5320 Ssive,
831 5208 877 5250 et
917 5197 1182 5249 ntateriam
1245 5201 1415 5251 carnis
1451 5200 1608 5251 abluit
1642 5201 1656 5265 )
1691 5217 1752 5252 ea".
1799 5206 1941 5266 parte

351 5268 571 5320 suscenti
612 5269 813 5320 taminis
852 5269 1105 5320 passione.
1165 5270 1331 5320 Paulo
1380 5271 1536 5320 aliter
1582 5271 1703 5320 legit
1756 5270 1941 5320 distiu-

351 5268 571 5334 suscepti
595 5268 813 5322 hominis
851 5269 1105 5337 passione.
1165 5270 1331 5323 Paulo
1380 5271 1536 5322 aliter
1582 5271 1703 5338 legit
1756 5270 1942 5322 tlislin-

351 5341 591 5414 guilque
612 5355 732 5393 cum
764 5338 854 5414 Fr.
887 5339 1047 5393 Juuio
1083 5339 1416 5394 .lacksonus:
1451 5340 1550 5407 Qui
1572 5344 1624 5394 in
1655 5341 1900 5414 sanguine
1925 5379 1938 5401 ,

353 5411 408 5466 id
430 5423 500 5466 est
546 5411 696 5470 vino,
756 5411 878 5465 lavit
920 5414 1254 5464 substantiam
1299 5415 1526 5476 corporis
1587 5422 1632 5464 et
1680 5411 1944 5463 materiam

355 5484 556 5545 carnis,
591 5483 804 5536 abluens
830 5499 892 5535 ea:
924 5494 1068 5550 parte
1097 5487 1316 5551 suscepti
1363 5485 1582 5537 hominis
1612 5483 1868 5550 passione.

428 5555 449 5585 ‘
479 5555 742 5609 Sicut.....
791 5565 1125 5607 monstratur.
1171 5554 1257 5608 Al.
1302 5556 1374 5608 sic
1425 5564 1564 5606 ut...

355 5627 531 5681 Minus
561 5635 703 5678 recte
729 5667 742 5690 ,
777 5635 833 5679 ut
863 5626 1090 5679 videtur.

433 5698 453 5726 ⁵
479 5693 557 5768 ln_
571 5696 926 5768 similitudine.
959 5696 1159 5753 Grmcis
1188 5699 1237 5751 ἐν
1269 5696 1552 5768 ὁμοιώματι
1575 5693 1798 5748 inhmret
1825 5707 1949 5768 auc-

361 5777 468 5824 tor.
527 5765 618 5820 Sic
667 5777 719 5820 et
765 5783 885 5824 mox
947 5777 1215 5840 expressa
1275 5765 1591 5841 ὑπερύψωσε
1652 5765 1948 5833 supcrexal-

359 5849 504 5903 tavit.

1618 5561 1941 5606 monstretur.

2115 4332 2218 4403 “jln
2234 4333 2419 4403 forma.
2439 4323 2575 4403 [iditi
2597 4321 2851 4403 omittunt
2873 4321 2923 4374 in
2942 4336 3100 4392 quam
3120 4331 3262 4378 recte
3284 4332 3405 4394 post
3419 4323 3636 4381 Wclclt-

555 4393 626 4467 et
659 4393 962 4467 sic'rediditi
997 4393 1398 4466 Wclclunanus.
1443 4393 1575 4467 seu
1610 4393 1771 4483 quam
1807 4393 1926 4466 alia
1953 4413 2008 4472 1)
2039 4393 2254 4483 insinuo}
2288 4400 2520 4483 restituit
2547 4393 2865 4483 ειιιςειείςξιιξιξο

2107 4479 2125 4508 ⁷
2155 4475 2345 4529 Etiam.
2382 4469 2529 4524 Hauc
2563 4481 2750 4521 vocem
2773 4465 2973 4520 omittit
3004 4464 3302 4531 Pamelius,
3336 4483 3497 4537 quant
3544 4469 3636 4524 alii

2035 4550 2290 4605 retinent.

2107 4623 2128 4652 ⁸
2164 4619 2246 4673 Et.
2288 4610 2737 4680 Coniunctionem
2789 4606 3053 4677 ejusmodi
3086 4608 3231 4663 velut
3279 4609 3636 4680 importunam

2035 4692 2318 4748 delendam
2351 4693 2534 4740 censet
2562 4681 2968 4736 Wclclunanus.

2108 4766 2128 4796 9
2160 4761 2453 4815 Humanam
2509 4753 2810 4808 conditionis
2853 4749 3207 4821 fragilitatem.
3265 4751 3485 4808 Frustra
3515 4766 3641 4810 sunt

2039 4834 2431 4890 Welchmanus
2461 4837 2516 4882 et
2557 4820 2890 4884 .lacksonus,
2921 4821 3009 4891 qui
3042 4820 3181 4875 hanc
3221 4825 3637 4891 prmcedeutium

2040 4907 2334 4960 editionum
2365 4900 2650 4952 lectionem
2681 4895 2975 4947 sollicitare
3007 4901 3246 4955 lentant,
3279 4900 3642 4953 rescribentes

2043 4980 2280 5032 humana:
2307 4969 2612 5026 conditionis
2654 4965 3006 5036 fragilitatem.
3061 4963 3322 5019 Minucius
3352 4967 3402 5019 in
3459 4968 3637 5023 Octav.

2042 5066 2160 5118 cap,
2194 5060 2380 5118 xxxvi,
2416 5042 2611 5118 eadem
2627 5036 2879 5118 loquendi
2905 5035 3110 5117 ratione
3137 5051 3263 5118 usus
3289 5040 3638 5118 competitor,

2043 5107 2284 5189 Co'rporis
2316 5116 2537 5167 humana
2564 5110 2683 5189 vitia
2727 5123 2822 5172 pro
2866 5107 3102 5189 corporis
3144 5107 3356 5189 humani
3393 5111 3533 5189 vitia.
3562 5111 3643 5165 Ad

2046 5177 2203 5261 quc'm
2239 5189 2412 5241 locum
2455 5181 2963 5261 compluraprofert
2995 5177 3272 5260 ejusmodi
3311 5178 3644 5261 locutionum

2046 5248 2295 5326 exempla
2347 5248 2593 5328 eruditus
2625 5249 2868 5328 Davisius
2891 5289 2904 5310 ,
2943 5248 3081 5328 inter
3107 5248 3398 5328 (μεῖξιῑῴ
3429 5267 3646 5322 quoque

2047 5317 2328 5386 Νονςιιῖςιιιὶ
2358 5323 2594 5380 occurrit
2636 5335 2742 5388 quo
2787 5320 2853 5372 de
2909 5317 3135 5382 agimus.
3187 5317 3399 5375 Videsis
3444 5317 3646 5380 tom-.1!

2050 5415 2246 5458 nostrm
2280 5398 2414 5452 Bibl.
2450 5396 2550 5448 PP.
2576 5435 2588 5452 ,
2623 5407 2740 5461 pag.
2776 5389 3166 5461 ἁθὶνηοιηη.

2124 5476 2166 5504 ¹⁰
2201 5470 2352 5523 Atsi.
2405 5469 2475 5520 lta
2525 5460 2760 5516 editores
2791 5460 3069 5528 Anglicani
3118 5476 3180 5514 ex
3214 5460 3468 5532 Gagumo,
3514 5464 3648 5519 Fro-

2050 5546 2233 5601 benio,
2267 5551 2372 5594 etc.
2404 5539 2486 5592 Al.
2520 5536 2593 5587 Ac
2633 5539 2696 5587 si.

2129 5617 2166 5646 ¹¹
2200 5615 2468 5668 Exercens.
2501 5605 2754 5660 Esset-ens
2779 5602 3036 5656 Latinius.

2130 5689 2170 5718 ”
2193 5682 2456 5740 lixinanit.
2487 5679 2576 5732 Sic
2593 5678 2711 5746 lego
2733 5690 2853 5729 Clllll
2882 5673 3138 5746 Gagnteo,
3164 5673 3411 5731 Barrensi
3437 5687 3490 5732 et
3516 5678 3646 5734 edit.

2057 5761 2224 5830 prima
2260 5753 2533 5830 Frobenii.
2581 5745 2902 5830 ‘Lectionetn
2929 5745 3246 5830 continuant
3294 5749 3648 5830 pra-cedentia

2065 5815 2267 5902 dejicit,
2297 5824 2539 5896 deponit,
2571 5821 2672 5891 [ert
2693 5862 2707 5887 ,
2735 5830 2786 5873 et
2816 5817 3092 5887 sequentia
3117 5815 3373 5872 descendit
3398 5861 3412 5885 ,
3465 5822 3646 5896 audit,
