4256 6250
681 268 778 331 951

2116 266 2488 329 NOVATIANI

3876 272 3986 335 93!

677 390 816 461 quod
836 396 909 446 est
935 404 1093 460 super
1125 405 1274 445 omne
1304 404 1522 454 nomen,
1555 389 1696 459 quod
1743 390 1929 458 utique
1976 404 2081 445 non
2126 390 2269 445 aliud
2297 388 2350 449 Α
2382 389 2581 452 Deum;
2613 390 2923 446 eII‘renatius
2954 398 3010 447 et
3054 389 3274 448 effusius
3304 392 3358 446 iu
3387 391 3601 447 Christo
3630 392 3973 451 divinitatem

678 485 1023 555 intelligimus
1067 499 1187 539 esse
1234 500 1391 555 quam
1443 499 1638 539 nomen
1687 484 1799 538 Dei.
1855 483 1987 537 Nam
2017 499 2137 537 cum
2177 483 2272 538 Dei

685 579 755 633 sit
806 578 973 633 solius
1024 592 1144 632 esse
1189 592 1351 648 super
1400 578 1613 642 omnia,
1668 591 2005 644 consequens
2059 583 2172 638 est,
2220 584 2276 630 ut

678 686 872 725 nomen
907 669 1033 725 illttd
1089 670 1156 724 sit
1190 672 1204 701 ¹
1235 686 1397 738 super
1450 686 1642 733 omne.
1676 668 1816 738 quod
1845 678 1925 724 est
1957 668 2096 738 ejus.
2129 668 2149 698 ³
2182 668 2273 736 qui

673 777 839 832 Super
863 764 1042 817 omnia
1071 771 1184 829 est,
1233 764 1347 819 Dei.
1392 764 1487 819 Est
1533 779 1661 834 ergo
1712 779 1907 818 nomen
1960 762 2086 816 illud
2132 761 2273 832 quod

676 870 838 923 super
862 870 1022 909 omne
1055 870 1249 908 nomen
1283 865 1366 910 est
1400 874 1412 907 :
1448 857 1588 926 quod
1622 870 1817 910 nomen
1845 866 1925 909 est
1950 855 2066 925 ejus
2093 855 2276 923 utique

675 958 1097 1018 consequenter,
1145 948 1235 1018 qui
1280 964 1402 1002 cum
1456 949 1506 1001 in
1563 948 1735 1004 forma
1787 948 1878 1003 Dei
1913 947 2135 1011 fuisset,
2169 964 2274 1003 non

676 1041 921 1110 rapinam
956 1039 1249 1094 arbitratus
1296 1047 1378 1093 est
1407 1042 1667 1110 aequalem
1699 1055 1756 1095 se
1810 1041 1920 1094 Deo
1975 1054 2114 1094 esse.
2168 1038 2275 1094 Ne-

680 1146 782 1202 que
833 1133 978 1187 enim
1027 1132 1072 1183 si
1123 1146 1226 1185 non
1269 1144 1351 1186 est
1400 1134 1536 1187 Deus
1579 1142 1725 1187 esset
1784 1132 2066 1199 Christus,
2112 1146 2275 1187 omne

678 1241 737 1282 se
789 1226 840 1280 in
889 1229 1103 1281 nomine
1150 1226 1265 1298 ejus
1324 1242 1462 1295 genu
1526 1228 1807 1291 IICCIeret,
1862 1225 2165 1281 cmle~tium
2223 1234 2278 1279 et

679 1322 1014 1374 terrestrium
1066 1331 1118 1375 et
1164 1322 1529 1378 inf'ernorum;
1563 1334 1661 1374 nec
1714 1319 1943 1373 visibilia
1993 1332 2085 1372 aut
2137 1318 2277 1374 invi-

678 1411 890 1476 sibilia,
952 1422 1042 1466 aut
1110 1429 1289 1467 rerum
1345 1413 1586 1466 omnium
1639 1412 1818 1466 omnis
1872 1420 2119 1467 creatura
2182 1411 2278 1464 lto-

678 1504 812 1557 mini
865 1514 1009 1559 esset
1060 1506 1303 1574 subjecta
1353 1506 1466 1560 sive
1515 1507 1820 1572 substrata,
1876 1520 1994 1575 qua:
2044 1520 2102 1561 se
2150 1515 2278 1559 ante

677 1595 949 1651 hominem
1000 1614 1121 1653 esse
1174 1598 1528 1653 meminisset.
1565 1599 1639 1652 Ex
1686 1614 1791 1669 quo
1837 1597 1963 1651 dum
2008 1599 2061 1652 in
2110 1600 2280 1666 [arma

680 1688 771 1742 Dei
804 1705 925 1745 e~se
952 1692 1198 1745 Christus
1226 1692 1441 1754 dicitur,
1474 1702 1528 1746 et
1551 1691 1677 1744 dum
1728 1691 1777 1744 in
1825 1692 2159 1747 nativitatem
2192 1706 2278 1745 sc-

2378 482 2662 545 confiteri,
2694 483 2760 538 ad
2802 486 2901 539 hoc
2951 484 3073 539 iilos
3117 485 3398 539 manifesta
3447 485 3644 540 Christi
3695 487 3981 545 divinitate

2378 585 2642 642 cogente,
2695 584 2751 628 ut
2795 592 2953 645 quem
2989 577 3179 631 Filium
3212 577 3455 645 legerent
3486 578 3609 646 quia
3658 578 3825 633 Deum
3858 583 3978 635 ani-

2379 666 2811 729 madvertercnt,
2845 667 3058 723 Patrem
3101 676 3369 736 putare-nt.
3422 668 3529 722 Alii
3554 685 3773 741 quoque
3806 674 3983 728 barre-

2380 759 2468 811 tici
2520 774 2689 829 usque
2731 760 2867 814 adeo
2914 758 3111 814 Christi
3162 760 3497 817 manifestam
3530 763 3825 833 anrplexnti
3858 773 3986 821 sunt

2378 853 2705 909 divinitatem
2733 897 2747 920 ,
2782 864 2837 908 ttt
2864 855 3099 909 dixerint
3131 856 3277 909 illum
3321 855 3488 911 fuisse
3517 857 3635 911 sine
3664 874 3829 913 carro
3849 901 3865 925 ,
3918 869 3977 915 et

2381 954 2549 1000 totum
2587 947 2659 1000 illi
2696 959 2999 1018 susceptum
3028 947 3359 1002 detraxerint
3398 949 3695 1016 hominem,
3728 966 3796 1005 ne
3817 951 3983 1008 deco-

2378 1050 2605 1107 querent
2636 1041 2687 1095 in
2718 1042 2809 1095 illo
2835 1042 2999 1096 divini
3033 1042 3265 1096 nominis
3310 1052 3630 1112 potestatem
3651 1086 3665 1108 ,
3700 1045 3743 1098 si
3788 1045 3985 1101 Imma-

2378 1148 2502 1186 nam
2558 1132 2630 1190 illi
2663 1134 2995 1197 sociassent,
3029 1144 3086 1189 ut
3124 1134 3545 1197 arbitrabantur,
3596 1137 3928 1191 nativitatem
3966 1157 3981 1192 :

2379 1225 2518 1295 quod
2544 1236 2719 1281 tamen
2748 1243 2845 1281 nos
2872 1242 2977 1281 non
3008 1227 3333 1295 probamus;
3368 1227 3463 1282 sed
3492 1239 3864 1297 argumentum
3900 1229 3987 1285 af-

2381 1316 2605 1373 ferimus
2636 1335 2803 1389 usque
2833 1320 2968 1374 adeo
2994 1319 3269 1374 Christum
3298 1336 3420 1375 esse
3443 1320 3609 1376 Deum
3630 1362 3645 1386 ,
3678 1334 3727 1376 ut
3762 1324 3986 1393 quidam

2382 1408 2567 1476 illum,
2624 1413 2902 1466 subtracto
2966 1412 3219 1479 homine,
3300 1415 3673 1469 tantummodo
3746 1423 3985 1485 putarint

2381 1500 2583 1567 Deum;
2650 1503 2865 1571 quidam
2921 1514 3099 1558 autem
3158 1506 3328 1575 ipsum
3380 1506 3715 1563 crediderint
3766 1508 3984 1565 Patrem

2383 1592 2551 1647 Deum
2584 1610 2596 1645 :
2629 1608 2748 1648 cunt
2782 1594 2917 1649 ratio
2942 1604 2996 1649 et
3044 1605 3526 1663 temperamentum
3574 1602 3983 1670 Scripturarnm

2381 1685 2706 1752 cmlestiutn,
2755 1686 3031 1741 Christum
3064 1690 3353 1743 ostendant
3384 1691 3550 1745 Deum
3574 1735 3588 1759 ,
3624 1692 3719 1747 sed
3751 1709 3853 1763 qua
3888 1694 3980 1748 Fi—

676 1783 909 1837 cundum
936 1798 1156 1837 carnem
1188 1798 1244 1837 se
1271 1785 1579 1838 exinanisse
1606 1794 1961 1849 monstratur,
1987 1798 2041 1839 et
2073 1786 2200 1839 dum
2227 1782 2277 1839 id
2309 1783 2354 1844 Β
2385 1776 2511 1829 lium
2541 1778 2632 1832 Dei
2658 1823 2671 1843 ,
2707 1788 2760 1833 et
2789 1790 3073 1848 assumpto
3098 1796 3127 1834 a
3162 1780 3271 1836 Deo
3322 1783 3483 1837 etiam
3526 1783 3665 1838 Filio
3708 1786 3978 1851 hominis,

677 1878 952 1944 accepisse
984 1893 1180 1932 nomen
1214 1893 1241 1931 a
1272 1877 1431 1933 Patre
1460 1878 1606 1947 quod
1657 1880 1721 1931 sit
1770 1895 1934 1947 super
1984 1896 2144 1934 omne
2176 1897 2274 1935 no-

678 1988 799 2024 tnen
830 1970 1168 2037 cxiirimitur,
1188 1984 1237 2025 ct
1268 1972 1395 2025 dum
1430 1972 1479 2025 itt
1509 1973 1527 2003 ³
1558 1973 1772 2027 nomine
1800 1974 1918 2042 ejus
1946 1989 2105 2028 onme
2135 1989 2276 2044 genu

677 2064 1011 2131 cmlestiunt,
1050 2074 1386 2119 terrenornm
1434 2075 1487 2121 et
1528 2064 1860 2120 infer-norum
1891 2081 1949 2120 se
1978 2066 2195 2121 flectere
2224 2075 2278 2121 et

676 2171 899 2210 curvare
943 2166 1293 2221 monstratur,
1341 2167 1395 2212 et
1446 2160 1546 2212 hoc
1598 2159 1772 2228 ipsum
1829 2160 1879 2213 in
1926 2160 2150 2226 gloriam
2184 2160 2276 2215 Dei

682 2250 877 2318 Patris,
908 2251 927 2281 ⁵
951 2268 1267 2307 succurrere
1285 2255 1548 2309 asseritur
1579 2272 1591 2307 :
1626 2264 2021 2321 consequenter
2068 2270 2171 2307 non
2210 2270 2276 2309 ex

679 2345 771 2400 illo
822 2354 1028 2400 tantum
1080 2346 1242 2401 homo
1288 2356 1409 2411 est,
1459 2349 1584 2417 quia
1615 2347 1873 2403 obcdiens
1920 2348 2058 2402 Patri
2104 2348 2277 2402 fat-tus

680 2450 762 2493 cst
790 2456 958 2510 usque
985 2441 1047 2493 ad
1080 2453 1307 2495 mortem
1329 2483 1341 2502 ,
1375 2454 1602 2495 mortem
1635 2451 1816 2496 autem
1840 2442 2049 2505 crucis;
2086 2442 2180 2495 sed
2211 2458 2277 2497 ex

680 2532 761 2585 his
795 2534 955 2587 etiam
989 2516 1551 2603 rebus‘snperinribus
1591 2534 1923 2589 divinitatem
1952 2534 2152 2589 Christi
2185 2550 2275 2587 δον

680 2629 957 2692 nantibus,
1008 2627 1265 2684 Dominus
1308 2626 1557 2683 Christus
1596 2626 1755 2683 Jesus
1800 2638 1856 2682 et
1905 2628 2083 2695 Deus,
2130 2626 2274 2697 quod

682 2720 919 2776 lnoretici
946 2720 1164 2786 nolunt,
1196 2735 1315 2774 esse
1343 2731 1694 2775 monstratur.

1093 2853 1322 2910 CAPUT
1360 2853 1551 2920 XXIII,
1586 2856 1655 2908 af.
1693 2853 1880 2909 XVIII.

683 2968 832 3035 Quod
860 2968 987 3020 adeo
1020 2968 1343 3037 manifestum
1399 2980 1491 3034 est,
1526 2978 1579 3022 ut
1631 2970 1843 3041 quidam
1897 2966 2118 3023 heretici
2163 2982 2276 3021 eum

750 3060 915 3114 Deum
946 3060 1155 3118 Putrem
1188 3063 1439 3132 putarint,
1459 3064 1548 3117 alii
1585 3064 1745 3118 Deum
1775 3075 1970 3118 tantum
1992 3064 2100 3117 sine
2127 3079 2279 3116 carne

750 3154 925 3223 fuisse.

747 3285 861 3341 Hoc
890 3288 940 3341 in
973 3288 1091 3343 loco
1131 3288 1318 3345 Iirebit
1348 3289 1477 3343 mihi
1508 3300 1823 3360 argumenta
1853 3291 2018 3346 etiam
2044 3305 2107 3345 ex
2141 3291 2274 3344 alio-

679 3394 800 3435 rum
826 3380 1201 3437 Itaoreticorutn
1224 3394 1373 3451 parte
1385 3384 1725 3453 conquirere.
1749 3384 1986 3438 Firmum
2006 3395 2085 3438 est
2103 3400 2274 3454 genus

676 3472 1038 3541 probationis,
1061 3473 1201 3542 quod
1228 3475 1389 3527 etiam
1413 3476 1479 3529 ab
1500 3475 1810 3531 adversario
1828 3482 2072 3541 sumitur,
2108 3487 2163 3531 ut
2191 3492 2275 3532 ve-

677 3564 809 3619 ritas
838 3558 999 3620 etiam
1026 3566 1094 3619 ab
1123 3566 1253 3635 ipsis
1294 3567 1524 3621 inimicis
1553 3570 1794 3623 veritatis
1820 3569 2093 3637 probetur.
2139 3568 2274 3623 Nam

678 3674 847 3730 usque
874 3660 1009 3714 adeo
1042 3663 1182 3715 hunc
1210 3661 1554 3717 manifestum
1602 3675 1686 3717 est
1712 3663 1766 3717 in
1788 3662 2080 3730 Scripturis
2103 3664 2124 3693 ⁸
2153 3677 2275 3718 esse

678 3752 845 3806 Demn
863 3752 1018 3818 tradi,
1045 3764 1101 3805 ut
1124 3753 1362 3823 plerique
1382 3754 1776 3820 lnereticorutn,
1793 3756 2087 3810 divinitatis
2108 3756 2275 3825 ipsius

678 3848 1047 3917 magnitudine
1073 3857 1127 3903 et
1157 3848 1383 3903 veritate
1422 3850 1678 3904 connnoti
1702 3892 1717 3914 ,
1756 3851 1893 3903 ultra
1926 3850 2143 3905 modum
2171 3866 2275 3905 ex-

680 3941 961 3996 tendentes
990 3942 1224 3997 honores
1256 3943 1394 4012 ejus,
1424 3945 1539 3997 ausi
1584 3944 1692 3998 sint
1718 3944 1737 3973 ⁸
1766 3961 1871 3997 non
1902 3942 2094 3998 Filium
2120 3983 2135 4009 ,
2178 3942 2276 3998 sed

679 4035 857 4103 ipsum
895 4036 1061 4091 Deum
1095 4036 1306 4091 Patrem
1338 4053 1586 4106 promere
1615 4038 1699 4092 vel
1734 4048 1939 4107 putare.
1970 4037 2144 4104 Quod,
2175 4038 2277 4092 etsi

678 4140 869 4181 contra
913 4128 1309 4197 Scripturarum
1340 4133 1618 4185 veritatem
1663 4140 1786 4195 est,
1848 4140 2025 4183 tamen
2076 4128 2275 4184 divini-

682 4220 807 4274 tatis
829 4221 1029 4275 Christi
1076 4233 1450 4292 argtnnentutn
1498 4223 1701 4293 grande
1742 4233 1902 4292 atque
1948 4222 2275 4293 prmeipuunt

678 4326 791 4379 est;
826 4316 914 4383 qui
950 4332 1116 4385 usque
1144 4317 1279 4370 adeo
1306 4317 1325 4346 ⁷
1358 4317 1516 4382 Deus,
1547 4317 1640 4371 sed
1666 4334 1766 4385 qna
1801 4317 1968 4375 Filius
1998 4318 2087 4371 Dei
2124 4328 2279 4372 natus

678 4424 741 4463 ex
777 4409 906 4475 Deo,
936 4419 995 4463 ut
1029 4410 1271 4480 plerique
1299 4409 1444 4463 illum
1478 4410 1577 4479 (ut
1608 4410 1885 4479 diximus)
1912 4410 2157 4466 heretici
2207 4411 2278 4464 ita

680 4500 846 4554 Deum
875 4505 1219 4571 acceperint,
1256 4512 1309 4558 ttt
1334 4546 1347 4565 ,
1380 4520 1485 4557 non
1514 4502 1738 4567 Filium,
1775 4505 1866 4559 sed
1899 4504 2113 4559 Patrem
2149 4518 2277 4573 pro-

2307 3174 2353 3238 C

2381 1871 2709 1927 credendum
2760 1884 2813 1929 et
2856 1875 3148 1929 hominem.
3193 1876 3455 1943 Quoniam
3506 1880 3549 1931 si
3598 1880 3661 1931 ad
3705 1881 3979 1936 hominem

2381 1967 2629 2021 veniebat
2656 1976 2712 2022 ut
2758 1968 3019 2022 mediator
3050 1968 3141 2023 Dei
3166 1982 3219 2024 et
3254 1968 3533 2025 hominum
3562 1986 3683 2026 esse
3714 1972 3967 2039 deberet,

2380 2070 2617 2128 Oporttnt
2645 2061 2789 2114 illum
2815 2077 2935 2116 cum
2967 2078 3032 2117 eo
3060 2076 3212 2131 esse,
3239 2073 3293 2117 et
3320 2063 3556 2120 Verbum
3580 2081 3795 2120 carnem
3830 2067 3971 2133 ﬁeri,

2382 2161 2439 2206 ut
2460 2152 2514 2207 in
2536 2164 2705 2207 semet
2732 2154 2848 2222 ipso
2870 2154 3214 2208 concordiam
3256 2157 3607 2210 confibularet
3631 2165 3979 2213 terrenarum

2382 2246 2581 2315 pariter
2608 2256 2764 2317 atque
2794 2248 3129 2313 caelestium,
3162 2249 3289 2303 dum
3318 2252 3593 2319 utriusque
3632 2251 3801 2320 partis
3831 2251 3887 2303 in
3918 2265 3983 2305 se

2380 2350 2707 2394 eonnectens
2738 2342 2989 2410 pignora,
3023 2353 3075 2397 et
3106 2342 3271 2396 Deum
3320 2342 3554 2409 homini,
3601 2353 3656 2397 et
3697 2342 3978 2397 hominem

2382 2430 2493 2485 Deo
2522 2432 2832 2501 eopularet;
2866 2444 2923 2487 ut
2950 2434 3143 2489 merito
3175 2433 3344 2489 Filius
3388 2434 3483 2489 Dei
3514 2450 3605 2502 per
3652 2436 3978 2501 assumptio-

2381 2540 2501 2579 nem
2548 2526 2724 2580 carnis
2755 2525 2922 2581 Filius
2976 2526 3212 2581 hominis
3239 2566 3253 2589 ,
3304 2537 3359 2581 et
3404 2527 3573 2582 Filius
3621 2528 3850 2583 hominis
3880 2543 3977 2597 per

2381 2620 2746 2687 receptionem
2798 2620 2892 2674 Dei
2928 2619 3087 2674 Verbi
3118 2619 3287 2674 Filius
3318 2621 3409 2674 Dei
3442 2620 3585 2675 effici
3639 2628 3829 2691 possit.
3864 2620 3980 2677 Hoc

2379 2710 2703 2766 altissimum
2736 2723 2894 2781 atque
2940 2712 3277 2767 reconditum
3308 2727 3703 2769 sacramentum
3735 2714 3802 2769 ad
3829 2715 3979 2769 salu-

2379 2810 2484 2856 tem
2516 2805 2732 2873 generis
2761 2805 2977 2858 humani
3005 2815 3129 2859 ante
3163 2806 3360 2859 saecula
3390 2806 3724 2862 destinatum
3747 2848 3764 2872 ,
3793 2809 3843 2863 in
3878 2808 3984 2860 Do-

2380 2895 2526 2947 mino
2555 2893 2681 2949 Jesu
2710 2896 2925 2950 Christo
2956 2897 3066 2951 Deo
3096 2905 3153 2952 et
3184 2898 3401 2951 homine
3434 2898 3707 2953 invenitur
3738 2898 3978 2967 impleri,

2379 2999 2487 3053 quo
2516 2987 2751 3039 conditio
2776 2988 2991 3057 generis
3024 2988 3241 3044 humani
3270 2989 3339 3044 ad
3376 2988 3608 3045 fructum
3634 3002 3861 3047 aeternae
3891 3005 3985 3045 sa-

2381 3074 2507 3131 lutis
2549 3087 2730 3148 posset
2748 3077 2963 3133 adduci.

2627 3281 2651 3306 ,
2810 3232 3038 3291 CAPUT
3076 3233 3268 3302 xxw,
3294 3234 3368 3293 αι.
3402 3234 3546 3291 χιχ.

2378 3350 2509 3406 Illos
2555 3362 2723 3407 autem
2767 3365 3035 3427 prapterea
3074 3371 3289 3419 errasse,
3342 3357 3476 3425 quod
3504 3356 3633 3412 nihil
3672 3357 3990 3412 arbitraren-

2450 3456 2532 3500 tur
2558 3448 2794 3501 interesse
2816 3449 2945 3501 inter
2981 3448 3176 3501 Filium
3224 3447 3320 3504 Dei
3362 3460 3409 3505 et
3456 3451 3622 3516 [ilium
3656 3450 3896 3519 hominis,
3919 3451 3988 3505 ob

2450 3540 2773 3613 Scripturain
2796 3544 2926 3598 male
2951 3543 3277 3598 intellectam.

2450 3750 2558 3807 Sed
2603 3752 2803 3807 erroris
2853 3750 3007 3807 istius
3055 3752 3433 3809 haateticorum
3476 3752 3637 3821 inde,
3668 3762 3729 3809 ut
3755 3752 3975 3821 opinor,

2380 3854 2503 3901 nata
2554 3848 2776 3901 materia
2804 3856 2919 3914 est,
2973 3847 3097 3916 quia
3142 3848 3281 3902 inter
3314 3847 3507 3902 Filium
3561 3848 3654 3902 Dei
3692 3856 3749 3902 et
3776 3847 3976 3902 Filium

2380 3937 2612 3991 hominis
2640 3939 2772 3993 nihil
2813 3938 3143 3994 arbitrantur
3177 3940 3435 3995 interesse
3458 3958 3472 4003 ;
3499 3955 3564 3994 ne
3585 3938 3719 3994 facta
3747 3939 3984 3993 distinc-

2382 4032 2525 4086 tione
2550 4072 2564 4095 ,
2597 4042 2650 4087 et
2680 4033 2850 4085 llomo
2875 4044 2928 4088 et
2983 4033 3123 4086 Deus
3170 4032 3329 4088 Jesus
3358 4034 3601 4087 Christus
3630 4031 3784 4086 facile
3811 4047 3982 4085 com-

2381 4125 2663 4196 pt'obetur.
2696 4124 2958 4180 Entndetn
2985 4126 3126 4179 enim
3156 4138 3316 4193 atque
3346 4126 3541 4193 ipsum,
3571 4125 3620 4179 id
3662 4135 3741 4179 est
3795 4124 3983 4177 homi-

2382 4234 2503 4274 nem
2530 4218 2695 4272 Iiliutn
2726 4220 2984 4286 hominis,
3018 4220 3179 4273 etiam
3208 4219 3401 4273 Fitinm
3432 4220 3520 4274 Dei
3553 4220 3735 4273 volunt
3768 4218 3983 4284 videri;

2384 4320 2438 4364 ut
2470 4309 2629 4364 homo
2656 4321 2709 4365 et
2746 4326 2903 4378 caro,
2955 4321 3008 4366 et
3056 4311 3255 4379 fragilis
3303 4312 3390 4366 illa
3436 4312 3735 4366 substantia
3784 4311 3991 4367 eadem

2382 4416 2540 4476 atque
2570 4406 2679 4473 ipsa
2707 4406 2869 4460 Filius
2900 4406 2991 4461 Dei
3017 4422 3136 4461 csSe
3166 4406 3395 4460 dicatur.
3429 4406 3503 4460 Ex
3536 4423 3668 4477 quo,
3701 4406 3827 4459 dum
3863 4404 3992 4459 dis-

2384 4500 2571 4554 tinctio
2619 4500 2712 4553 filii
2761 4500 2992 4555 heminis
3040 4509 3095 4555 et
3148 4500 3268 4555 Filii
3321 4501 3411 4556 Dei
3457 4502 3600 4553 nulla
3649 4501 3989 4564 secernitur,

678 4595 1028 4649 nuntiandum
1064 4597 1321 4665 putarint.
1355 4595 1639 4651 Estitnent
1670 4611 1798 4668 ergo
1820 4615 1883 4649 an
1913 4598 1996 4652 hic
2022 4599 2088 4652 sit
2114 4598 2270 4667 Deus,
2300 4573 2353 4634 D
2381 4597 2473 4651 sed
2504 4596 2615 4665 ipse
2646 4595 2783 4648 filius
2815 4594 3049 4648 hominis
3084 4594 3173 4648 Dei
3215 4594 3381 4648 Filius
3424 4596 3761 4657 vindicatur;
3818 4592 3993 4647 homo

677 4686 829 4755 cujus
868 4693 1160 4743 auctoritas
1211 4700 1417 4745 tantum
1470 4691 1636 4745 movit
1679 4692 1971 4758 quosdam,
2021 4701 2077 4746 ut
2129 4703 2279 4761 puta-

678 4789 798 4833 rent
847 4778 995 4835 illum
1029 4792 1084 4837 ut
1113 4782 1348 4837 diximus
1378 4784 1647 4854 superius,
1676 4785 1698 4815 ⁸
1719 4784 1829 4854 jam
1860 4786 2030 4854 ipsum
2065 4786 2277 4841 Patrem

2386 4690 2756 4745 tantummodo
2785 4688 3039 4743 Christus
3067 4688 3206 4743 idem
3236 4699 3395 4757 atque
3422 4688 3585 4743 Filius
3625 4689 3717 4742 Dei
3770 4702 3995 4741 assera-

2385 4795 2490 4841 tnr.
2542 4784 2646 4838 Per
2692 4781 2835 4853 quod
2889 4781 3129 4836 nituntur
3188 4782 3531 4838 excludere:
3589 4779 3810 4836 Verbum
3867 4794 3994 4834 caro

1874 4921 2247 4980 GALLANDII
2276 4920 2837 4982 COMMENTARIUS.

674 5038 952 5107 e.rperifur.
985 5039 1256 5096 Pamelins
1292 5040 1471 5095 minus
1500 5047 1646 5094 recte
1676 5038 1974 5095 exinanivit.
2005 5038 2265 5095 Jacuson.

750 5112 763 5142 ¹
795 5110 961 5183 Super
1004 5129 1169 5166 autne.
1225 5113 1294 5166 Ita
1336 5111 1496 5165 etItdit
1531 5111 1798 5166 P.nnelins
1831 5132 1842 5166 :
1870 5122 2031 5178 atque
2084 5113 2271 5166 isthatc

671 5181 830 5238 lectio
861 5181 1101 5253 mngrnit
1138 5184 1458 5251 prvcedenti
1489 5200 1640 5254 super
1665 5200 1813 5237 omne
1840 5200 1904 5237 ex
1955 5193 2103 5237 textu
2137 5184 2270 5237 Put-

672 5254 817 5329 linat
834 5254 1063 5329 Philipp.
1091 5272 1146 5315 ιι,
1171 5256 1227 5329 9)
1258 5269 1307 5310 et
1334 5255 1682 5325 subseqneuti
1723 5272 1878 5324 super
1901 5272 2050 5310 omne
2096 5254 2270 5310 Nova-

674 5328 819 5380 Iiani.
858 5329 992 5381 Editi
1020 5326 1293 5398 Anglicani
1317 5345 1465 5396 super
1491 5328 1681 5381 omnia.

744 5399 883 5471 2Qui
924 5416 1078 5471 super
1110 5418 1279 5453 omnm
1325 5411 1431 5464 est,
1494 5398 1610 5452 Dei.
1647 5398 1927 5471 Iixistimat
1972 5397 2269 5453 Jattksonus

670 5469 740 5521 ita
771 5469 1053 5537 legendum
1076 5488 1229 5526 esse:
1257 5472 1356 5537 Qui
1385 5488 1535 5543 super
1558 5471 1729 5525 omnia
1766 5483 1860 5526 est.
1892 5469 2027 5524 Deus
2046 5481 2119 5525 est
2149 5485 2269 5541 ergo

668 5555 846 5595 nomen
893 5543 1053 5607 illud,
1084 5557 1191 5599 etc.

739 5612 1124 5674 ’Nativitatem.
1148 5613 1537 5675 Welchmanus
1564 5615 1749 5670 mallet
1784 5613 2063 5670 nativitate.
2088 5610 2271 5681 Neque

659 5684 839 5755 abnuit
863 5682 1193 5745 Jat-ksmins.
1217 5684 1335 5745 Mox
1360 5699 1588 5755 uterque
1618 5702 1726 5741 sese
1756 5688 1963 5744 exinau.
1988 5729 2001 5752 ,
2031 5699 2152 5738 cum
2176 5699 2268 5739 ve-

658 5753 858 5813 teribus
887 5756 1050 5814 editis.
1084 5764 1171 5818 At
1194 5769 1248 5807 re
1270 5753 1528 5831 pugnent
1556 5758 1709 5815 editt.
1743 5756 1945 5818 Pamel.
1976 5771 2111 5829 quas
2136 5755 2269 5812 item

2370 5038 2734 5100 expressimus
2762 5079 2775 5101 ,
2807 5035 3365 5107 resrribenteskpanlo
3407 5044 3530 5090 ante
3582 5036 3664 5091 Ea:
3692 5052 3796 5107 quo
3842 5036 3986 5102 dum,

2372 5111 2460 5166 ubi
2490 5111 2642 5163 aditu
2682 5109 2886 5178 Anglic.
2924 5110 3117 5164 habent
3160 5105 3241 5161 Em
3267 5127 3364 5176 quo
3394 5119 3437 5161 et
3471 5109 3615 5164 dum.

2444 5182 2465 5213 ⁸
2496 5182 2823 5237 διιεειιννριίεΔ
2857 5179 2953 5233 Sui
2984 5197 3189 5233 currere
3215 5180 3476 5235 Latinius.

2447 5256 2465 5283 ⁵
2504 5252 2647 5307 Esse.
2686 5251 2896 5305 Mallem
2924 5264 2968 5302 et
2992 5292 3008 5317 ,
3039 5268 3162 5307 cum
3189 5252 3434 5306 Gi-lenio.

2446 5324 2612 5378 6Non
2646 5322 2860 5377 Filium.
2897 5322 3051 5393 Legit
3097 5321 3504 5388 Welclunanus,
3562 5340 3681 5377 eum
3733 5339 3844 5377 non
3896 5319 3993 5377 Fi-

2376 5398 2520 5451 lium.
3252 5428 3263 5445 ι

2446 5471 2464 5499 ⁷
2486 5468 2639 5521 Deus.
2675 5466 2984 5535 Legendttm
3041 5474 3191 5536 putat
3237 5464 3381 5521 idem
3414 5464 3685 5520 Welchm.
3719 5464 3863 5521 Deus
3892 5474 3991 5519 est.

2376 5538 2651 5597 Consentit
2687 5536 3005 5593 J:tCk~’0ltllS.

2448 5614 2469 5643 ⁸
2496 5610 2639 5665 Jatn.
2678 5610 2791 5665 Non
2820 5611 3025 5667 dubitat
3053 5609 3384 5669 Jarksonus,
3413 5607 3541 5679 quin
3588 5606 3887 5679 legendum
3914 5606 3994 5679 sit

2375 5684 2549 5739 etiam.
2580 5684 2681 5751 Qui
2713 5688 2969 5751 prullerea
3000 5683 3266 5751 integrum
3298 5678 3475 5735 locum
3510 5678 3758 5736 quatum
3788 5678 3990 5736 existi—

2376 5770 2568 5821 mans,
2626 5753 2701 5809 sic
2782 5754 3102 5809 rescriberet
3148 5770 3161 5805 :
3208 5751 3365 5823 Cujus
3418 5753 3705 5807 auctoritas
3781 5764 3994 5808 tantum
