4260 6266
315 359 425 416 955

1545 359 1634 416 DE
1677 357 2049 422 TRINITATE
2089 362 2314 420 LIBER.

3520 367 3628 429 954

316 456 510 522 factum
559 452 632 506 est
683 455 730 503 et
787 448 1032 504 habitavit
1072 450 1124 504 in
1177 452 1320 506 nobis
1357 451 1558 525 (Joan.
1605 471 1642 519 ι,
1682 456 1768 526 lt)
1800 474 1813 522 ;
1853 456 1914 509 Et
1944 461 1991 522 A
2021 473 2124 510 non
2160 457 2297 521 fuit;
2330 466 2384 510 ut
2413 458 2781 528 principalitas
2837 461 3073 517 nominis
3122 457 3298 517 istius
3327 462 3496 524 Filius
3527 463 3624 518 Dei

316 545 562 598 vocabitis
595 559 774 595 nomen
803 544 915 612 ejus
945 541 1281 611 Emmanuel,
1315 548 1452 616 quod
1491 557 1562 600 est
1615 548 1920 617 interpreta-

320 648 429 690 tum
464 637 738 690 Nobiscum
774 633 912 690 Deus
943 636 1167 708 (.llattlt.
1206 655 1242 704 I,
1272 638 1402 710 25).
1439 641 1750 709 Proponnnt
1781 644 1922 696 enim

320 743 481 802 alque
514 733 601 784 Illa
638 730 1011 800 pra-tendunt,
1065 748 1182 800 qua:
1231 732 1281 786 iu
1317 734 1602 804 Evangelia
1646 735 1804 788 Luca:
1835 751 1922 788 re-

319 825 426 879 lata
459 835 616 892 sunt,
649 839 713 876 ex
746 823 941 893 quibus
970 838 1218 876 asserere
1270 838 1536 878 Conantur
1563 866 1578 891 ,
1626 841 1732 879 non
1777 825 1923 894 quod

321 928 437 982 est,
492 915 586 970 sed
642 925 847 970 tantum
900 914 1027 968 illud
1073 916 1214 985 quod
1271 917 1454 969 volunt
1500 932 1663 972 esse:
1697 918 1925 988 Spiritus

319 1009 546 1066 Sanctus
576 1011 736 1062 veniet
763 1010 814 1061 in
868 1019 943 1072 te,
1002 1020 1046 1061 et
1098 1010 1256 1063 virtus
1307 1011 1556 1063 Allissinti
1607 1010 1925 1080 obumbrabit

321 1103 442 1167 tibi;
461 1113 732 1172 prapterea
759 1111 803 1154 et
828 1100 963 1170 quod
994 1117 1055 1153 ea:
1080 1111 1126 1154 te
1156 1115 1388 1155 nascetur
1418 1113 1669 1167 sanctam,
1714 1104 1922 1158 vocabi-

321 1207 400 1251 tur
435 1195 606 1250 Filius
644 1195 734 1249 Dei
769 1195 919 1266 (Luc.
956 1212 992 1258 ι,
1038 1194 1154 1267 55).
1188 1195 1241 1251 Si
1270 1213 1433 1267 ergo,
1485 1199 1768 1266 inquiunt,
1801 1201 1918 1254 An-

319 1295 469 1365 gelus
501 1294 591 1347 Dei
623 1293 751 1352 dicit
797 1294 862 1346 ad
901 1293 1156 1356 Mariam,
1187 1299 1322 1365 quod
1349 1313 1410 1350 ex
1438 1307 1484 1349 te
1513 1309 1751 1352 nascetur
1777 1315 1924 1352 sanc-

321 1396 472 1450 tum,
521 1402 583 1440 ex
615 1385 775 1440 Maria
832 1395 916 1440 est
967 1389 1264 1442 substantia
1308 1391 1488 1444 carnis
1532 1400 1585 1444 et
1636 1394 1916 1462 corporis;

319 1477 460 1534 hanc
488 1489 666 1532 autem
713 1479 1108 1546 substantiam,
1157 1481 1206 1534 id
1249 1491 1331 1536 est
1359 1495 1605 1537 sanetum
1638 1483 1738 1538 hoc
1778 1486 1923 1556 quod

319 1586 385 1626 ex
438 1571 523 1624 illa
577 1571 822 1639 genitum
878 1581 998 1637 est,
1052 1571 1244 1628 Filium
1302 1575 1390 1629 Dei
1444 1591 1566 1630 esse
1594 1581 1919 1646 proposuit:

320 1663 502 1728 homo,
539 1665 824 1732 inquiunt,
871 1666 1022 1733 ipse,
1077 1676 1131 1721 et
1162 1669 1247 1720 illa
1279 1685 1404 1724 caro
1459 1673 1738 1740 corporis,
1794 1673 1922 1728 illud

319 1755 460 1825 qttod
491 1769 734 1809 sanctum
768 1765 843 1809 est
887 1756 1122 1825 dictum,
1177 1760 1348 1830 ipsum
1402 1772 1481 1816 cst
1513 1762 1676 1815 Filius
1712 1765 1822 1818 Dei.
1855 1764 1924 1820 Ut

2031 549 2082 604 in
2111 550 2312 620 Spiritu
2357 552 2425 605 sit
2477 553 2721 612 [)()ιιιίηἰ,
2775 555 2863 624 qui
2911 554 3191 610 descendit
3242 568 3294 612 et
3339 561 3516 624 venit;
3571 569 3629 614 ut

2029 645 2245 712 srquela
2281 644 2512 698 nominis
2542 645 2561 675 ¹
2590 647 2640 698 in
2677 644 2810 699 Filio
2842 647 2931 700 Dei
2967 658 3018 704 et
3048 647 3282 703 hominis
3311 650 3408 711 sit.
3437 661 3489 706 et
3513 669 3625 705 mc-

2029 737 2130 790 rito
2159 749 2554 806 consequenter
2585 737 2671 794 hic
2700 739 2865 796 Fihus
2899 742 2987 796 Dei
3022 743 3191 798 fat-tus
3218 746 3289 800 sit
3313 788 3328 811 ,
3366 745 3491 800 dmn
3522 763 3627 802 non

2031 829 2397 900 principaliter
2422 829 2587 883 FlltIIS
2616 833 2707 888 Dei
2736 843 2835 888 est.
2868 839 3044 904 Atque
3075 837 3196 890 ideo
3218 840 3626 910 dispositionem

2030 919 2184 975 istam
2218 921 2454 991 Angelus
2481 922 2666 978 videns
2689 968 2703 993 ,
2734 936 2788 980 et
2813 927 3058 982 ordinem
3115 935 3270 987 istum
3302 935 3626 989 sacramenti

2031 1014 2352 1083 expediens,
2407 1034 2511 1071 non
2565 1019 2644 1074 sic
2692 1031 2880 1074 cuocta
2934 1022 3268 1078 confundens
3318 1035 3375 1080 ut
3423 1027 3624 1082 nullum

2029 1108 2312 1176 vestigium
2345 1107 2707 1166 distinctionis
2737 1114 3053 1180 collocarit,
3099 1118 3500 1174 distinetimiem
3531 1136 3626 1191 po-

2029 1198 2135 1252 suit
2163 1239 2178 1264 ,
2205 1199 2466 1255 dicendo:
2502 1201 2782 1276 Propterea
2814 1216 2859 1259 et
2888 1208 3024 1276 quod
3055 1222 3291 1265 nascetur
3321 1229 3384 1266 ex
3407 1225 3452 1267 te
3475 1231 3626 1270 sanc-

2027 1300 2170 1354 tum,
2229 1296 2490 1348 vocabitur
2543 1296 2711 1352 Filius
2766 1298 2916 1352 Dei:
2964 1317 3030 1356 ne
3085 1303 3128 1356 si
3184 1304 3622 1360 distributionem

2028 1383 2184 1438 istam
2212 1402 2332 1442 cum
2364 1387 2700 1444 libramentis
2730 1392 2840 1445 suis
2871 1409 2976 1446 non
3001 1392 3365 1467 dispenszisset
3386 1439 3400 1464 ,
3432 1397 3526 1452 sed
3572 1399 3625 1454 in

2027 1480 2254 1533 Confusa
2309 1486 2626 1550 pet-minam
2695 1485 3030 1556 reliquisset,
3104 1506 3228 1544 vere
3281 1492 3622 1547 occasionem

2029 1571 2296 1627 ha-reticis
2327 1575 2638 1630 contulisset
2660 1620 2673 1640 ,
2707 1589 2764 1632 ut
2795 1577 3026 1632 hominis
3061 1579 3286 1646 Filium,
3332 1599 3436 1654 qua
3464 1584 3624 1639 homo

2025 1675 2138 1731 est,
2173 1666 2420 1726 eutndcm
2454 1677 2506 1721 ct
2535 1668 2554 1697 ³
2582 1668 2674 1722 Dei
2710 1669 3012 1724 ethomiuis
3042 1671 3236 1727 Filium
3279 1680 3626 1744 pronuntiare

2027 1757 2306 1814 deberent.
2361 1759 2509 1813 Nunc
2559 1773 2734 1816 autem
2784 1764 3141 1832 particulatim
3188 1783 3464 1836 exponens
3515 1779 3622 1824 tam

321 1858 374 1903 et
405 1864 525 1900 cum
557 1849 679 1902 dicit
712 1847 982 1918 Scriptura
1015 1865 1249 1905 sanciunt
1272 1895 1285 1917 ,
1315 1852 1588 1908 Chl-istum
1621 1857 1786 1912 ῆιίηηι
1821 1857 1916 1910 tm-
1952 1856 1998 1916 Β
2029 1852 2203 1919 magni
2235 1852 2555 1906 sacramenti
2581 1853 2823 1907 ordinetur
2854 1866 3012 1924 atque
3035 1859 3318 1925 rationem,
3347 1859 3624 1916 evidenter

320 1941 482 1994 minis
504 1941 774 1994 hominem
810 1943 1208 2014 intelligamus;
1240 1956 1430 2000 etcmn
1461 1945 1652 2000 Filium
1681 1945 1776 2001 Dei
1795 1966 1917 2020 pro-

323 2037 494 2104 ponit,
530 2037 668 2088 ’non
694 2034 990 2097 hominem,
1011 2037 1103 2090 sed
1125 2037 1291 2091 Deum
1313 2043 1915 2110 percnperedebeamus.

320 2123 428 2180 Sed
448 2127 588 2180 enim
617 2127 890 2197 Scriptura
911 2127 1113 2188 divina,
1138 2129 1514 2184 lncreticormu
1543 2143 1592 2185 et
1627 2131 1840 2186 l't-atnles
1867 2142 1921 2187 et

321 2218 455 2272 furta
493 2220 647 2273 facile
675 2223 950 2274 convincit
982 2231 1035 2275 et
1079 2221 1303 2293 detegit.
1353 2224 1408 2279 Si
1457 2227 1598 2278 enim
1651 2228 1728 2280 sic
1775 2239 1920 2282 esset

320 2313 690 2366 tantummodo
712 2356 726 2377 ,
763 2313 992 2380 Spiritus
1027 2317 1190 2368 veniet
1220 2317 1271 2368 in
1305 2327 1380 2380 te,
1410 2328 1456 2370 et
1487 2321 1641 2371 virtus
1669 2319 1920 2372 Altissimi

320 2406 636 2458 obumbrabit
659 2407 776 2469 tibi,
811 2418 1080 2474 propterea
1100 2405 1238 2477 quod
1259 2423 1495 2464 nascetur
1517 2428 1580 2464 ea:
1600 2421 1646 2464 te
1664 2425 1915 2477 sanctum,

321 2499 578 2552 vocabitur
607 2497 651 2550 F
656 2499 772 2551 ilius
803 2498 929 2562 Dei;
957 2500 1184 2555 fortasse
1215 2502 1320 2554 alio
1350 2511 1496 2555 esset
1534 2503 1687 2556 nobis
1719 2519 1918 2572 genere

320 2591 579 2646 adversus
609 2593 727 2647 illos
755 2594 1125 2650 reluctandum
1145 2637 1158 2660 ,
1191 2605 1244 2649 et
1272 2596 1377 2649 alia
1408 2597 1560 2651 nobis
1605 2609 1789 2651 essent
1825 2614 1917 2651 ar-

321 2696 566 2756 gumenta
596 2689 881 2756 qua-renda
910 2699 964 2742 et
1007 2705 1155 2744 arma
1205 2690 1501 2751 sumenda,
1559 2690 1752 2760 quibus
1795 2692 1914 2746 illo-

321 2792 438 2832 rum
471 2789 521 2831 ct
555 2779 775 2832 insidias
817 2789 872 2834 et
917 2782 1213 2850 praestigias
1242 2783 1580 2836 vincon-mus
1611 2801 1623 2836 :
1658 2799 1779 2838 cum
1822 2799 1920 2838 au-

326 2877 432 2922 tem
459 2869 573 2939 ipsa
596 2871 874 2940 Scriptura
898 2874 1104 2927 etelestt
1129 2874 1408 2927 abundans
1437 2875 1770 2942 plenitudine
1797 2892 1920 2932 sese

321 2960 695 3017 haereticorum
716 2967 933 3018 iswrmn
952 2966 1234 3020 ealumniis
1249 2977 1440 3030 exuat;
1467 2967 1620 3024 facile
1641 2969 1758 3036 ipso
1775 2970 1917 3038 quod

321 3058 578 3127 scriptum
609 3071 690 3113 est
737 3060 974 3122 nitimur.
1009 3071 1056 3115 et
1089 3078 1304 3115 errores
1333 3063 1464 3116 istos
1496 3063 1615 3118 sine
1658 3065 1762 3119 ulla
1818 3065 1918 3120 du-

318 3149 577 3205 bitatione
629 3167 964 3220 superamus.
1018 3152 1134 3207 Non
1181 3155 1324 3209 enim
1373 3156 1546 3220 dixit,
1599 3156 1792 3226 tttjam
1823 3173 1918 3213 ex-

2021 1946 2280 2010 cxpressit
2304 1985 2319 2011 ,
2356 1957 2408 1997 nt
2439 1947 2671 2015 diceret,
2705 1957 2750 2000 et
2777 1948 2911 2017 quod
2940 1965 3002 2002 ea:
3030 1960 3075 2003 te
3101 1963 3336 2004 nascetur
3359 1963 3612 2019 sanctum,

2020 2036 2275 2089 vocabitur
2308 2036 2476 2090 Filius
2528 2037 2662 2102 Dei;
2721 2041 2952 2105 probans
3002 2044 3253 2110 quoniam
3315 2043 3480 2098 Filius
3529 2045 3623 2100 Dei

2021 2126 2299 2182 descendit
2333 2148 2345 2183 :
2380 2131 2462 2197 qui
2497 2129 2621 2183 dtnn
2660 2131 2848 2186 Filium
2902 2132 3134 2188 hominis
3181 2136 3232 2189 in
3264 2151 3322 2189 se
3347 2139 3618 2204 suscepit,

2022 2231 2415 2288 consequenter
2443 2223 2588 2276 illiilli
2622 2222 2814 2277 Filium
2853 2225 2942 2278 Dei
2973 2223 3135 2291 fecit;
3165 2231 3417 2295 quoniam
3474 2229 3624 2284 illum

2021 2311 2043 2342 "
2069 2312 2236 2366 Filius
2275 2315 2375 2368 sibi
2409 2315 2496 2368 Dei
2521 2315 2742 2370 Sociawt
2772 2329 2818 2368 et
2849 2316 3048 2386 juuxit.
3084 2317 3151 2373 Ut
3176 2319 3300 2373 dum
3333 2320 3498 2376 Filius
3527 2323 3624 2376 ho-

2022 2405 2182 2458 minis
2227 2405 2467 2460 adlneret
2495 2408 2547 2460 in
2577 2407 2598 2437 ⁸
2623 2409 2953 2461 nativitatem
2984 2408 3120 2464 Filio
3155 2411 3280 2476 Dei;
3335 2415 3447 2482 ipsa
3496 2431 3622 2483 per-

2022 2497 2283 2552 mixtione
2315 2498 2612 2554 leneratum
2661 2511 2715 2555 et
2764 2513 3063 2557 mutuatum
3093 2513 3334 2570 teneret,
3372 2507 3513 2573 quod
3557 2524 3624 2564 ex

2022 2602 2210 2643 natura
2243 2594 2454 2662 propria
2487 2594 2761 2662 possidere
2790 2612 2894 2648 non
2929 2607 3129 2665 posset.
3163 2600 3240 2651 Ac
3268 2600 3344 2651 sic
3374 2598 3508 2654 facta
3539 2611 3624 2656 est

2026 2681 2216 2752 Angeli
2249 2701 2377 2738 voce
2403 2727 2417 2750 ,
2443 2688 2584 2758 quod
2616 2689 2803 2742 nolunt
2827 2688 3064 2743 ha-relici
3089 2732 3102 2750 ,
3135 2691 3275 2745 inter
3304 2691 3494 2746 Filium
3530 2695 3620 2750 Dei

2024 2776 2394 2847 hominisque,
2427 2797 2546 2833 cum
2581 2796 2674 2833 sua
2708 2792 2884 2834 tamen
2916 2781 3212 2836 sociatione
3237 2825 3252 2849 ,
3301 2784 3617 2849 distinctio;

2024 2871 2265 2942 urgendo
2307 2872 2426 2925 illos
2459 2874 2530 2926 uti
2560 2871 2834 2927 Christum
2863 2915 2876 2937 ,
2913 2874 2932 2904 ⁶
2959 2873 3190 2927 hominis
3243 2874 3471 2942 Filium,
3525 2876 3624 2931 ho-

2023 2966 2222 3021 minem
2259 2968 2558 3034 intelligant
2590 2983 2801 3038 qu0que
2835 2967 2924 3020 Dei
2969 2968 3046 3021 Fil
3075 2984 3159 3022 ttm
3183 3009 3198 3027 .
3250 2980 3302 3023 et
3349 2969 3618 3026 hominem

2023 3057 2120 3112 Dei
2157 3058 2346 3112 Filium
2369 3101 2382 3123 ,
2415 3059 2464 3112 id
2494 3069 2572 3113 est
2607 3059 2697 3113 Dei
2739 3059 2968 3114 Verbum
3001 3059 3177 3134 (sicut
3206 3061 3466 3130 scriptum
3496 3061 3621 3134 est)

2023 3151 2190 3204 Deum
2237 3152 2506 3221 accipiant
2550 3171 2562 3206 :
2604 3159 2763 3222 atque
2808 3151 2928 3206 ideo
2967 3152 3240 3219 Christum
3285 3151 3469 3208 Jcsmn
3515 3153 3622 3210 Do-

321 3245 651 3313 preSsimus,
697 3258 967 3315 propterea
995 3247 1131 3315 quod
1166 3265 1229 3302 ea:
1277 3259 1322 3303 te
1361 3262 1598 3305 nascetur
1644 3263 1908 3319 sanctum;

2018 3245 2223 3298 minam
2246 3286 2262 3311 ,
2294 3245 2312 3274 ⁷
2337 3261 2400 3297 ex
2445 3257 2672 3315 utroque
2722 3260 3024 3300 connexum
3060 3246 3161 3317 (ut
3208 3246 3276 3298 ita
3323 3244 3620 3316 dixerint),

319 3334 414 3390 sed
464 3335 658 3404 adjecit
710 3337 1145 3405 conjunctioitem
1178 3357 1189 3392 :
1223 3342 1300 3394 ait
1336 3344 1512 3407 enim,
1569 3355 1838 3412 propterea
1871 3353 1917 3398 et

319 3430 454 3499 quod
485 3447 548 3484 ea:
590 3441 638 3484 te
683 3442 916 3486 nascetur
960 3444 1230 3497 sanctum;
1282 3444 1339 3492 ut
1390 3436 1516 3492 illud
1568 3439 1912 3504 ostenderet,

320 3540 426 3580 non
469 3525 832 3594 principaliter
865 3527 967 3580 hoc
987 3541 1230 3583 sanctum
1261 3530 1401 3599 quod
1429 3547 1492 3584 ex
1525 3531 1612 3585 illa
1647 3533 1912 3600 nascitur,

318 3615 372 3672 id
399 3627 482 3672 est
512 3619 666 3674 istam
698 3619 874 3674 carnis
920 3622 1269 3691 corporisque
1315 3623 1670 3678 substantiam
1716 3625 1910 3681 Filium

319 3710 415 3767 Dei
451 3727 611 3779 esse,
677 3713 769 3768 sed
825 3726 1220 3784 consequenter
1257 3727 1311 3774 ot
1358 3719 1409 3772 in
1457 3720 1695 3774 secundo
1743 3723 1907 3777 loco:

319 3804 687 3874 principaliter
724 3813 898 3861 autem
930 3805 1122 3861 Filium
1158 3808 1247 3861 Dei
1289 3824 1409 3863 esse
1439 3808 1672 3866 Verbum
1706 3812 1796 3866 Dei
1830 3812 1912 3866 in-

319 3905 598 3950 carnatnm
625 3911 716 3964 per
747 3898 891 3951 illum
921 3897 1199 3969 Spiritum,
1229 3899 1295 3954 de
1316 3916 1422 3970 quo
1445 3901 1681 3971 Angelus
1705 3904 1906 3958 refert:

320 3987 552 4057 Spiritus
579 3989 736 4042 veniet
758 3991 808 4042 in
837 3999 900 4054 te,
934 4001 978 4044 et
1009 3993 1168 4046 virtus
1193 3993 1440 4046 Attia-imi
1462 3997 1776 4050 obumbrabit
1799 3997 1909 4050 tibi.

319 4080 419 4142 llic
464 4092 544 4138 est
589 4085 732 4138 enim
784 4085 1052 4154 legitimus
1098 4087 1188 4140 Dei
1243 4086 1521 4154 Filiusqui
1552 4105 1618 4142 ex
1655 4090 1770 4158 ipso
1803 4090 1912 4145 Deo

319 4185 430 4241 est,
463 4177 550 4246 qui
583 4177 708 4232 dum
740 4193 970 4232 sanctum
1018 4178 1159 4234 istud
1204 4183 1461 4247 assumit,
1506 4189 1560 4234 ct
1587 4181 1684 4233 sibi
1713 4181 1909 4240 Filium

319 4265 550 4322 hominis
576 4275 849 4336 anuecut,
880 4283 931 4327 et
966 4271 1111 4326 illum
1158 4273 1224 4326 ad
1265 4290 1324 4328 se
1363 4276 1498 4342 rapit
1545 4284 1911 4344 atquotrans-

320 4359 462 4414 ducit
487 4403 500 4426 ,
529 4362 862 4418 conneximnc
892 4373 1068 4416 suaet
1112 4367 1468 4434 permixtione
1515 4367 1719 4422 sociata
1767 4385 1901 4437 prus-

321 4462 454 4521 stat,
485 4463 538 4510 et
563 4454 758 4512 Filium
781 4457 927 4510 illiilli
961 4457 1057 4513 Dei
1084 4458 1232 4526 facit,
1264 4461 1404 4531 quod
1449 4461 1539 4518 ille
1589 4461 1906 4518 naturaliter

2021 3355 2088 3394 ex
2121 3349 2344 3409 utroque
2375 3348 2683 3393 contextum
2729 3347 2888 3407 atque
2938 3349 3284 3404 eonerennn,
3341 3349 3393 3392 et
3439 3339 3489 3393 in
3535 3355 3617 3394 ea-

2020 3435 2140 3487 dem
2190 3438 2468 3505 utriusqnc
2530 3432 2846 3487 substantia:
2895 3432 3186 3486 concordia
3229 3433 3398 3486 mutui
3429 3432 3494 3487 ad
3537 3433 3620 3488 in-

2021 3529 2192 3582 vicem
2229 3527 2449 3582 findi-ris
2476 3526 2897 3582 contibulatione
2927 3527 3187 3581 sociatum
3215 3568 3229 3592 ,
3267 3527 3540 3582 hominem
3564 3536 3619 3583 et

2019 3619 2186 3673 Deum
2208 3662 2222 3688 ,
2253 3621 2545 3691 Scriptura:
2575 3622 2675 3674 hoc
2707 3620 2879 3688 ἱρδυιη
2925 3618 3160 3674 dicentis
3207 3620 3434 3676 veritate
3455 3661 3471 3688 ,
3521 3634 3618 3676 co-

2018 3724 2300 3784 gnoscam
2468 3781 2698 3839 CAPUT
2741 3781 2905 3849 xxv,
2942 3784 3014 3837 αι.
3048 3783 3168 3838 xx.

2019 3877 2200 3948 Neque
2224 3877 2343 3929 inde
2362 3877 2522 3946 sequi,
2552 3877 2669 3946 quia
2697 3874 2928 3928 Christus
2958 3890 3207 3940 mortuus,
3255 3877 3408 3930 etiam
3457 3878 3620 3932 Deum

2089 3981 2339 4024 mortuam
2370 3970 2533 4037 accipi
2563 3984 2581 4020 :
2614 3984 2712 4020 non
2753 3969 2884 4020 enim
2933 3969 3283 4022 tantummodo
3306 3969 3498 4038 Deum,
3533 3973 3622 4027 sed

2087 4072 2132 4116 et
2161 4063 2412 4115 hominem
2459 4059 2717 4113 Cttristum
2754 4059 3023 4129 Scriptura
3074 4061 3331 4128 proponit.

2089 4177 2251 4246 Ergo,
2288 4176 2554 4247 inquiunt,
2587 4176 2629 4227 si
2657 4171 2906 4228 Christus
2950 4190 3054 4228 non
3085 4173 3248 4230 homo
3279 4185 3362 4230 est
3385 4185 3617 4243 tantum,

2015 4271 2109 4326 sed
2142 4279 2195 4325 et
2224 4271 2385 4335 Deus,
2433 4267 2708 4323 Christum
2753 4279 2930 4322 autem
2964 4267 3129 4322 refert
3173 4267 3444 4339 Scriptura
3480 4285 3621 4324 mor-

2017 4374 2164 4418 tuutn
2216 4380 2313 4434 pro
2360 4362 2514 4416 nobis
2559 4372 2613 4418 et
2669 4362 3113 4427 reSsuscitatum;
3156 4359 3266 4429 jam
3315 4362 3470 4416 docet
3521 4378 3619 4417 nos

2014 4458 2292 4530 Scriptura
2319 4455 2545 4513 credere
2577 4457 2743 4512 Deum
2774 4465 3042 4512 mortuum
3077 4473 3089 4509 :
3121 4465 3214 4510 aut
3257 4457 3300 4511 si
3345 4458 3483 4513 Deus
3513 4472 3618 4512 non

1469 4598 1837 4655 GALLANDII
1863 4597 2423 4656 COMMENTARIUS.

321 4728 473 4783 movit
503 4731 745 4797 quosdam
777 4728 1071 4795 effrenatius
1103 4739 1148 4784 et
1177 4729 1387 4798 elfasius
1427 4739 1479 4785 in
1525 4732 1728 4788 Christo
1761 4735 1897 4788 divi-
1929 4737 1981 4796 D
2009 4736 2124 4796 sibi,
2155 4746 2259 4787 etc.
2279 4733 2574 4790 JACCKSDN.

322 4801 530 4851 nitatem
583 4803 838 4861 confiteri,
877 4812 929 4876 ut
973 4814 1226 4870 putarent.
1262 4816 1389 4870 elc.;
1425 4806 1524 4860 nisi
1574 4809 1690 4876 quis
1739 4809 1902 4876 con/i-

323 4880 479 4922 tcntes
501 4887 597 4939 pro
619 4875 848 4935 confiteri
876 4874 1052 4938 legere
1074 4888 1309 4929 censeat.

399 4944 412 4971 ¹
443 4941 560 4993 Non
590 4943 872 5008 hominem,
899 4948 986 4996 sed
1019 4944 1201 4998 Deum.
1253 4948 1322 5000 Ita
1375 4947 1639 5020 Patuelius
1689 4951 1905 5020 aliique.

321 5011 703 5066 ‘Vt’ltfllllliilltls
723 5028 894 5069 tamen
910 5033 1138 5084 eumque
1157 5029 1370 5073 ~ecutns
1386 5019 1698 5080 Jatrksntttts,
1718 5011 1908 5078 ordino

320 5085 536 5139 inverso
581 5088 895 5146 ediderunt,
953 5105 1060 5162 non
1106 5089 1263 5142 Deum
1293 5091 1381 5143 sed
1421 5092 1672 5146 hominem
1709 5110 1906 5162 :argu-

320 5159 483 5232 menti
516 5159 761 5211 nitnirttnt
790 5160 1220 5232 ratione,__iuqmt
1247 5168 1530 5232 posterior,
1565 5165 1699 5220 hanc
1733 5159 1905 5222 trans-

319 5231 635 5298 ]tOStliunt'III
671 5231 989 5295 postulante.

390 5302 409 5331 ’
443 5299 506 5355 In
543 5301 676 5355 Filio
703 5301 792 5354 Dei
836 5312 881 5358 et
934 5303 1172 5360 hominis.
1207 5305 1566 5361 Pamelianatn
1617 5308 1904 5364 editionem

317 5378 707 5447 expressimus,
736 5377 1158 5442 |i|‘:l".t'eti(-‘.tt|i|tl|S
1179 5389 1582 5447 Congruentem.
1603 5379 1707 5433 llas
1729 5392 1905 5436 autent

318 5458 476 5498 Voces
522 5446 611 5497 Dei
658 5458 702 5519 et
742 5450 923 5519 omisit
964 5446 1348 5503 Welclunanus
1402 5466 1416 5505 ε
1471 5453 1630 5519 eique
1677 5467 1902 5518 prunmn

317 5525 618 5570 accesmrat
655 5517 989 5574 Jat-ksouns:
1034 5521 1126 5576 sed
1159 5534 1338 5586 postea
1372 5517 1566 5574 mutata
1614 5517 1902 5587 sententia,

317 5589 726 5642 Γοειϊὶιηξηιιυιη
757 5591 1118 5656 existimabat,
1149 5591 1313 5644 Filius
1350 5593 1441 5645 Dei
1475 5593 1523 5644 in
1552 5595 1752 5645 homine
1779 5595 1860 5646 sit.

393 5658 533 5711 3Dei
576 5670 619 5710 et
667 5660 888 5714 hominis
923 5662 1134 5718 Filium.
1187 5663 1314 5717 Heio
1367 5663 1572 5717 I’ariter
1603 5664 1898 5719 Panic-lium

314 5731 613 5829 seritur.-
642 5731 843 5829 Barr
869 5733 1261 5829 ivstae-51"."?
1273 5735 1597 5829 riterite;

437 5799 607 5855 Filius
638 5803 730 5855 sibi
783 5803 898 5858 Dei.
953 5807 1101 5861 Ordo
1137 5809 1421 5861 verborum
1475 5805 1680 5861 facilior
1725 5806 1902 5864 eritsi

315 5871 625 5946 legerimus,
659 5875 805 5929 illum
830 5877 926 5933 sibi
960 5877 1125 5936 Filius
1153 5877 1272 5948 Dei,
1318 5877 1582 5936 vel’iuum
1612 5876 1780 5936 Filius
1809 5877 1903 5936 Dei

2085 4806 2108 4836 ⁸
2143 4805 2211 4878 In
2257 4810 2588 4878 nativitatem.
2636 4804 2702 4858 ln
2746 4806 3013 4860 nativitate
3061 4806 3283 4878 omnino
3330 4805 3616 4878 legentium

2012 4888 2158 4948 putat
2187 4877 2489 4932 .lacltsunus
2519 4896 2531 4930 :
2566 4893 2739 4947 neque
2767 4879 2928 4934 aliter
2954 4877 3278 4947 conjiciehat
3301 4877 3616 4936 Welchma-

2012 4966 2134 5004 nus.

2084 5021 2106 5052 ⁸
2138 5019 2204 5074 Et
2232 5023 2485 5076 hominem
2540 5019 2630 5073 Dei
2697 5018 2888 5073 Filium
2918 5052 2989 5062 —
3018 5021 3176 5074 Deum
3224 5021 3495 5084 accipiant.
3529 5021 3618 5077 Sic

2013 5092 2300 5147 Pamclius.
2326 5091 2502 5145 Etii'io
2522 5091 2854 5145 Frobeniana
2880 5111 2892 5146 :
2917 5093 2979 5145 Et
3000 5093 3253 5145 hominem
3275 5092 3366 5146 Dei
3399 5091 3612 5160 Filium,

2009 5164 2063 5215 id
2107 5175 2178 5218 est
2237 5163 2468 5226 Verbum,
2528 5164 2654 5216 sicut
2697 5164 2943 5230 scriptum
2981 5176 3072 5222 est.
3125 5163 3290 5218 Deum
3338 5165 3613 5229 accipiant.

2013 5234 2183 5301 Quam
2235 5234 2449 5301 quidem
2498 5235 2784 5287 lectmnem
2819 5249 3032 5289 secutus
3074 5246 3156 5288 est
3201 5234 3610 5290 Welt-lnnanus.

2013 5305 2252 5378 [patratus
2300 5307 2448 5378 locus
2475 5307 2683 5378 videtur
2717 5303 3448 5378 _J_acli5ono,_legendumque
3486 5323 3498 5360 :
3548 5305 3614 5378 [Ct

2011 5373 2111 5428 Dei
2145 5374 2360 5449 Filium,
2394 5375 2448 5428 id
2477 5385 2546 5428 est
2583 5373 2676 5449 Dei
2717 5373 3171 5449 Verbum—Deum
3222 5373 3500 5449 accipiant.
3552 5377 3610 5431 In

2009 5448 2594 5570 ει·ιηιιςέἒδιτηιεηιὶεηι]
2635 5447 3002 5520 Vessellngius
3041 5446 3307 5504 Probabil.
3336 5446 3471 5521 'Cap.
3516 5449 3610 5518 56,

2009 5534 2130 5570 nae.
2173 5529 2226 5570 .r
2286 5558 2296 5568 .

2046 5535 2130 5572 32.
2173 5529 2296 5572 .322.

2046 5535 2130 5572 «υ.
2173 5518 2296 5570 722.
2894 5518 2904 5520 ’
3419 5518 3431 5521 ⁷

2009 5534 2108 5621 In?
2247 5599 2456 5658 utroque
2513 5600 2822 5652 contextum.
2872 5590 2979 5645 llas
3020 5605 3184 5646 voces
3222 5607 3354 5661 quas
3395 5606 3505 5662 pra:
3549 5606 3610 5646 se

2007 5661 2188 5719 ferunt
2232 5676 2422 5716 Omnes
2452 5662 2603 5724 editi.
2645 5664 2826 5718 omisit
2870 5662 3202 5731 Jacksonus;
3245 5661 3442 5734 quippe
3487 5679 3608 5733 qum

2009 5735 2266 5796 nimirum-
2315 5747 2448 5786 orta:
2498 5734 2780 5790 videantur
2831 5751 2893 5790 ex
2943 5735 3230 5806 negligenti
3283 5736 3606 5806 repetitione

2009 5809 2246 5878 priorum
2273 5819 2335 5858 ea:
2375 5814 2585 5878 utroque
2603 5823 2904 5861 connexum.
2943 5805 3153 5877 Easque
3185 5806 3385 5878 pariter
3414 5805 3606 5864 delen~

2012 5875 2108 5937 das
2135 5877 2370 5948 iusserat
2395 5875 2802 5935 Welchmanus.
