4256 6250
667 312 772 371 955

2113 309 2491 372 NOVATIANI

3865 313 3973 369 956

667 431 913 496 moritur,
950 427 1198 487 Christus
1238 437 1416 486 autem
1446 439 1690 486 mortuus
1721 432 1984 499 refertur;
2019 450 2124 490 non
2161 434 2264 489 erit
2288 437 2342 499 Α
2367 442 2586 488 cruenta
2619 433 2821 488 srevitia
2851 431 3112 488 adversus
3139 430 3410 496 homines,
3451 444 3611 502 quam
3641 438 3697 486 ut
3727 438 3973 486 tantum-

665 525 914 581 Christus
942 525 1108 588 Deus,
1137 526 1390 595 quoniam
1421 525 1560 580 Deus
1583 542 1690 582 non
1717 535 1893 596 potest
1921 527 2090 596 accipi
2121 543 2266 582 mor-

667 621 882 677 tuus.Si
905 619 1544 690 umquamiutelligerint,
1575 631 1665 674 aut
1696 620 2091 676 intellexissent
2119 621 2262 690 quod

665 717 884 786 legunt,
919 729 1209 784 numquam
1237 722 1343 767 tam
1388 714 1694 783 periculose
1724 715 1942 768 omnino
1975 715 2263 784 loquereris

664 813 769 860 tttr.
791 805 897 860 Sed
914 808 1116 862 erroris
1143 823 1358 877 semper
1386 817 1470 862 est
1496 807 1720 877 abrupta
1747 806 2052 870 dementia;
2079 816 2130 861 et
2155 821 2263 861 nou

663 908 746 953 est
775 914 972 953 novum
1023 900 1071 953 si
1119 892 1287 969 usque
1318 899 1382 952 ad
1419 899 1718 968 periculosa
1763 897 2119 966 descendunt,
2172 897 2264 968 qui

668 993 826 1048 fidem
857 993 1151 1063 legitimam
1181 994 1532 1062 reliquerunt.
1567 993 1622 1048 Si
1655 995 1798 1048 enim
1835 993 2108 1061 Scriptura
2141 1007 2265 1062 pro-

663 1100 888 1158 poneret
916 1087 1191 1142 Christum
1225 1086 1596 1141 tantummodo
1621 1087 1810 1151 Deum,
1841 1096 1894 1142 et
1921 1086 2062 1141 nulla
2093 1088 2143 1140 in
2172 1086 2264 1140 illo

661 1180 966 1252 fragilitatis
1018 1181 1270 1234 humanae
1301 1180 1524 1234 sociatio
1556 1190 1699 1234 esset
1747 1183 2031 1248 permixta,
2068 1178 2263 1232 merito

659 1276 876 1330 illorum
923 1273 1042 1328 heic
1087 1273 1291 1343 aliquid
1340 1273 1598 1327 valuisset
1628 1288 1809 1327 sermo
1852 1283 2152 1327 contortus.
2205 1272 2261 1327 Si

657 1367 904 1424 Christus
939 1368 1100 1434 Deus,
1135 1365 1383 1422 Christus
1409 1378 1588 1422 autem
1623 1377 1890 1433 mortuus,
1941 1383 2069 1437 ergo
2113 1382 2262 1421 mor-

660 1470 783 1515 tuus
813 1469 894 1515 est
929 1460 1086 1515 Deus.
1135 1459 1240 1515 Sed
1270 1475 1392 1514 cum
1426 1476 1530 1514 non
1563 1459 1937 1514 tantummodo
1986 1459 2158 1520 illum,
2208 1466 2266 1512 ut

657 1553 992 1608 ostendimus
1034 1553 1145 1622 jam
1177 1552 1508 1622 frequenter,
1548 1553 1736 1618 Deum,
1779 1551 1875 1606 sed
1906 1560 1960 1606 et
1990 1551 2262 1606 hominem

653 1647 1626 1717 Scripturaconstituat;consequens
1653 1656 1756 1711 est,
1796 1645 1937 1714 quod
1985 1647 1998 1676 ¹
2050 1645 2263 1699 immor-

655 1742 758 1796 tale
793 1749 896 1807 est,
938 1741 1304 1810 incorruptum
1341 1740 1603 1794 mansisse
1642 1749 1909 1792 teneatur.
1950 1737 2083 1806 Quis
2114 1739 2258 1792 enim

2370 525 2532 579 modo
2553 540 2748 594 corpus
2777 525 3019 589 occidat;
3047 535 3247 596 quanto
3271 526 3442 596 magis
3467 528 3651 594 utique
3680 525 3732 579 in
3753 525 3975 582 Christo

2371 635 2476 673 non
2529 619 2770 684 valebit,
2824 634 2984 690 quam
3032 628 3090 673 ut
3141 621 3282 675 idem
3312 618 3333 649 ³
3361 617 3735 674 tantummodo
3775 633 3976 689 corpus

2367 711 2579 766 occidat
2611 730 2623 765 :
2655 720 2711 766 ut
2737 711 2864 766 dum
2895 728 2990 783 per
3005 713 3120 768 INBC
3139 713 3409 784 colligitur
3432 727 3536 769 non
3567 711 3669 767 nisi
3693 711 3971 769 hominem

2365 803 2419 858 in
2468 803 2686 858 Christo
2741 803 3100 896 interfectum,
3162 816 3419 876 appareat
3467 804 3534 858 ad
3587 805 3970 862 mortalitatem

2365 899 2683 954 Sermonem
2730 898 2751 928 ⁵
2802 899 2855 953 in
2907 899 3026 954 loco
3083 915 3190 954 non
3245 914 3366 954 esse
3419 898 3729 954 deductum.
3759 899 3894 956 Nam
3924 902 3971 958 si

2367 993 2659 1059 Abraham,
2688 1003 2742 1047 et
2773 992 2936 1059 Isaac,
2987 1004 3042 1048 et
3085 994 3253 1048 Jacoh
3278 1008 3414 1064 quos
3444 994 3690 1050 homines
3731 1006 3970 1050 tantum-

2367 1086 2530 1140 modo
2561 1094 2772 1141 Constat
2803 1086 2986 1149 fuisse,
3018 1085 3360 1140 manifestum
3388 1097 3471 1142 est
3523 1088 3702 1142 vivere
3733 1085 3973 1158 (omnes

2367 1183 2534 1244 enim,
2581 1181 2772 1250 inquit,
2802 1179 2874 1233 illi
2905 1180 3095 1234 vivunt
3123 1181 3231 1234 Deo
3257 1177 3407 1251 (Luc.
3444 1196 3534 1244 xx,
3561 1179 3670 1248 '58),
3701 1196 3799 1234 uec
3817 1196 3974 1238 mors

2367 1275 2419 1328 in
2450 1274 2554 1328 illis
2588 1273 2820 1328 animam
2857 1273 3088 1342 perimit,
3122 1289 3241 1342 qua:
3269 1288 3493 1343 corpora
3533 1273 3648 1344 ipsa
3678 1273 3969 1339 dissolvit;

2361 1367 2450 1438 jus
2473 1369 2618 1423 enim
2647 1381 2805 1420 suum
2834 1380 3092 1420 ext~rcere
3121 1365 3291 1435 potuit
3322 1367 3374 1420 in
3396 1381 3648 1436 corpora,
3679 1367 3731 1421 in
3758 1367 3972 1424 animas

2367 1477 2623 1518 exercere
2667 1476 2772 1516 non
2804 1459 2976 1514 valuit
3006 1477 3018 1513 :
3051 1458 3194 1514 aliud
3230 1461 3372 1514 enim
3403 1461 3456 1514 in
3487 1459 3593 1515 illis
3621 1463 3870 1528 mortale,
3913 1469 3972 1518 et

2365 1553 2488 1608 ideo
2518 1567 2827 1618 mortuum;
2861 1551 3006 1607 aliud
3034 1552 3089 1607 in
3121 1552 3228 1608 illis
3258 1553 3587 1620 immortale,
3639 1565 3696 1610 et
3734 1554 3856 1610 ideo
3883 1557 3968 1612 in-

2368 1647 2622 1716 telligitur
2675 1664 2779 1701 non
2828 1648 3155 1702 extinctum!
3203 1647 3273 1702 ob
3318 1663 3477 1719 quam
3523 1663 3740 1704 causam
3783 1652 3972 1707 vivere

2371 1740 2478 1795 Deo
2509 1740 2860 1810 pronuntiati,
2892 1749 2948 1794 et
2975 1739 3104 1795 dicti
3132 1740 3291 1812 sunt)
3319 1757 3334 1807 ;
3387 1743 3557 1796 multo
3589 1743 3758 1812 magis
3786 1744 3972 1815 utique

656 1850 762 1890 non
792 1835 1076 1905 intelligat,
1123 1833 1263 1903 quod
1295 1831 1641 1901 impossibilis
1671 1831 1737 1884 sit
1767 1830 2039 1894 divinitas,
2085 1831 2257 1900 passi-
2289 1832 2336 1892 B
2365 1849 2513 1888 mors
2541 1833 2596 1889 in
2627 1834 2839 1888 Christo
2867 1833 3152 1888 adversum
3185 1835 3354 1889 solam
3399 1834 3681 1891 materiam
3725 1838 3970 1908 corporis

656 1926 778 1980 bilis
807 1942 935 1981 vero
966 1929 1035 1980 sit
1067 1925 1295 1981 humana
1325 1924 1620 1995 fragilitas?
1649 1925 1781 1978 (Iuni
1805 1939 1934 1992 ergo
1963 1934 2067 1978 tam
2099 1939 2166 1978 ex
2189 1938 2254 1979 eo

653 2018 795 2088 quod
830 2019 968 2072 Deus
996 2028 1098 2083 est,
1132 2033 1291 2086 quam
1322 2015 1482 2070 etiam
1530 2032 1594 2070 ex
1629 2015 1722 2069 illo
1752 2015 1894 2085 quod
1943 2015 2106 2069 homo
2147 2025 2252 2076 est,

653 2111 903 2165 Christus
931 2111 1262 2181 intelligatur
1288 2125 1411 2165 esse
1458 2109 1759 2178 permixtus
1809 2119 1864 2163 et
1912 2125 2032 2164 esse
2079 2111 2254 2164 socia-

654 2213 738 2258 tus
771 2221 783 2256 :
826 2203 1040 2257 Verbum
1067 2204 1210 2259 enim
1239 2219 1358 2257 curo
1383 2207 1576 2273 factum
1599 2212 1690 2268 est,
1724 2212 1770 2256 et
1792 2202 2036 2256 habitavit
2067 2201 2120 2255 in
2160 2219 2255 2255 no-

654 2296 728 2350 bis
760 2295 940 2367 (Joan.
979 2295 1016 2361 I,
1051 2296 1151 2365 M)
1173 2337 1188 2360 ,
1219 2295 1339 2365 quis
1371 2309 1477 2348 non
1503 2295 1620 2349 sine
1651 2293 1759 2348 ullo
1791 2296 2047 2361 magistro
2094 2303 2254 2363 atque

655 2389 951 2459 interprete
977 2404 1043 2442 ex
1065 2402 1185 2442 sese
1210 2389 1364 2442 facile
1386 2397 1695 2458 cognoscat,
1728 2403 1832 2441 non
1862 2386 1990 2442 illud
2015 2388 2066 2441 in
2093 2387 2252 2443 Chri-

657 2490 740 2536 sto
783 2492 1052 2536 mortuuin
1082 2495 1203 2535 esse
1250 2480 1390 2548 quod
1437 2480 1575 2534 Deus
1620 2490 1723 2546 est,
1779 2481 1871 2534 sed
1918 2479 2042 2534 illud
2074 2480 2126 2534 in
2160 2479 2254 2535 illo

653 2582 926 2629 mortuum
950 2587 1070 2628 esse
1097 2572 1236 2643 quod
1263 2572 1426 2627 homo
1449 2573 1566 2627 est?
1592 2572 1728 2639 Quid
1755 2573 1896 2627 enim
1926 2575 1970 2628 si
1999 2573 2252 2627 divinitas

655 2664 708 2718 in
739 2663 956 2718 Christo
984 2680 1088 2718 non
1122 2664 1370 2726 moritur,
1404 2663 1499 2718 sed
1532 2663 1714 2719 carnis
1753 2664 1919 2718 solius
1949 2664 2249 2720 substantia

651 2755 1014 2824 extinguitur;
1067 2753 1282 2824 quando
1329 2764 1382 2809 et
1429 2755 1480 2808 in
1525 2756 1736 2808 caeteris
1779 2755 2107 2821 hominibus,
2159 2755 2249 2825 qui

651 2863 756 2902 non
792 2857 917 2902 sunt
943 2862 1071 2902 caro
1099 2847 1492 2911 tantummodo,
1526 2847 1617 2902 sed
1647 2862 1774 2902 caro
1808 2859 1860 2903 et
1889 2849 2091 2915 anima,
2123 2864 2249 2904 caro

646 2941 860 3010 quidem
901 2941 1015 2995 sola
1077 2943 1350 2996 incursum
1395 2941 1645 2996 interitus
1689 2942 1983 3012 mortisque
2029 2943 2244 3012 patitur,

645 3044 796 3090 extra
831 3035 976 3104 leges
1006 3045 1186 3089 autem
1230 3035 1478 3089 interitus
1525 3045 1578 3091 et
1629 3037 1817 3090 mortis
1849 3035 2024 3090 anima
2070 3037 2248 3090 incor-

646 3137 802 3196 rupta
833 3128 1124 3181 cernatur?
1157 3127 1269 3181 Hoc
1296 3128 1440 3180 enim
1475 3137 1530 3181 et
1578 3127 1692 3196 ipse
1725 3128 1980 3182 Dominus
2024 3127 2245 3183 hortans

2361 1929 2534 1997 potuit
2577 1929 2780 1995 valere,
2835 1927 3098 1983 adversus
3158 1927 3498 1984 divinitatem
3547 1932 3817 1987 sermonis
3860 1947 3969 1989 non

2361 2023 2531 2091 potuit
2593 2038 2654 2078 se
2715 2037 2972 2078 exercere
3031 2024 3072 2076 ⁵.
3138 2021 3426 2094 Frangitur
3505 2025 3647 2080 enim
3729 2036 3970 2096 potestas

2359 2117 2576 2184 mortis,
2613 2117 2698 2172 tibi
2739 2116 3018 2172 intercedit
3060 2119 3353 2173 auctoritas
3383 2119 3812 2176 immortalitatis.

2787 2227 3018 2286 CAPUT
3046 2228 3241 2298 XXVI,
3284 2231 3356 2286 al.
3387 2230 3526 2286 XXI.

2358 2343 2623 2400 Adversus
2663 2353 2832 2399 autem
2885 2344 3207 2401 Sabellianos
3238 2345 3523 2415 Scripturis
3562 2347 3745 2418 probat
3795 2349 3965 2404 alium

2727 2454 2834 2492 esse
2861 2435 3080 2504 Filium,
3106 2438 3267 2492 alium
3300 2437 3527 2493 Patrem.

2433 2549 2538 2605 Sed
2575 2567 2638 2606 ex
2665 2549 2764 2605 hac
2790 2551 3073 2606 occasione
3093 2551 3216 2622 quia
3239 2551 3487 2608 Christus
3518 2568 3624 2608 non
3647 2552 3808 2610 homo
3837 2563 3958 2609 tan-

2357 2654 2490 2711 tum,
2520 2647 2614 2700 sed
2645 2654 2702 2700 et
2751 2646 2916 2710 Deus,
2948 2646 3256 2702 Divinarum
3287 2646 3610 2704 Litterarum
3642 2650 3811 2705 sacris
3852 2665 3956 2704 au-

2353 2739 2690 2794 ctoritatibus
2749 2739 3110 2808 approbatur,
3165 2739 3259 2794 alii
3309 2739 3550 2796 haeretici
3605 2750 3956 2809 erumpentes

2354 2842 2554 2886 statum
2596 2833 2648 2886 in
2680 2831 2896 2888 Christo
2923 2833 3201 2904 religionis
3226 2841 3517 2890 concutere
3549 2833 3952 2899 machinantur,

2354 2926 2456 2981 hoc
2503 2928 2618 2996 ipso
2646 2927 2860 2984 Patrem
2897 2929 3064 2984 Deum
3101 2929 3342 2983 volentes
3363 2928 3650 2984 ostendere
3677 2927 3953 2984 Christum

2350 3036 2492 3087 esse,
2522 3021 2649 3075 dum
2678 3037 2786 3076 non
2823 3021 2985 3076 homo
3032 3030 3237 3078 tantum
3277 3023 3556 3084 asseritur,
3601 3022 3698 3076 sed
3730 3035 3781 3078 et
3814 3023 3954 3076 Deus

2353 3117 2636 3185 promitur.
2690 3115 2780 3171 Sic
2831 3115 2997 3182 enim,
3050 3115 3297 3186 inquiunt
3327 3133 3340 3168 :
3369 3115 3414 3169 si
3461 3130 3605 3170 unus
3649 3132 3770 3172 esse
3812 3115 3955 3172 Deus

647 3235 748 3275 nos
780 3220 845 3275 ad
876 3221 1191 3291 martyrium
1220 3231 1273 3274 et
1297 3219 1364 3273 ad
1392 3229 1760 3289 contemptum
1793 3221 1967 3275 omnis
1997 3221 2245 3276 humana:

2352 3207 2635 3276 promitur,
2665 3207 2911 3262 Christus
2953 3217 3135 3264 autem
3174 3208 3351 3272 Deus;
3397 3222 3550 3275 ergo,
3606 3207 3870 3278 iuquittnt,
3905 3209 3954 3264 si

645 3316 924 3385 potestatis
963 3316 1140 3369 aiebat
1180 3333 1194 3372 :
1241 3315 1323 3370 Ne
1352 3317 1620 3370 timueritis
1651 3333 1735 3370 eos
1771 3319 1858 3385 qui
1883 3334 2069 3387 corpus
2114 3323 2246 3372 occl-

643 3412 790 3476 dunt,
841 3414 1067 3465 animam
1096 3422 1264 3466 autent
1295 3411 1525 3466 occidere
1555 3429 1655 3464 non
1685 3423 1897 3479 possunt
1943 3411 2156 3482 (Matth.
2188 3429 2240 3478 x,

639 3506 763 3575 28).
799 3506 952 3573 Quod
981 3507 1024 3561 si
1056 3507 1234 3561 anima
1288 3506 1610 3561 immortalis
1657 3507 1830 3562 occidi
1877 3520 1968 3562 aut
2013 3509 2241 3565 interfici

640 3615 748 3653 non
779 3607 958 3668 potest
981 3599 1030 3652 in
1056 3599 1244 3668 quovis
1275 3599 1403 3662 alio,
1436 3598 1562 3652 licet
1602 3600 1622 3630 '
1649 3613 1845 3668 corpus
1876 3610 1926 3655 et
1975 3616 2102 3654 caro
2129 3601 2240 3656 sola

638 3690 810 3760 possit
839 3690 1090 3755 interfici,
1142 3699 1343 3760 quanto
1374 3691 1542 3761 magis
1569 3700 1752 3760 utiquc
1785 3692 2016 3747 Verbum
2071 3693 2162 3748 Dei
2188 3704 2242 3748 et

638 3782 781 3838 Deus
831 3781 884 3836 in
933 3781 1150 3838 Christo
1199 3783 1431 3836 interfici
1475 3781 1701 3836 omnino
1749 3798 1854 3838 non
1890 3785 2081 3852 potuit,
2116 3799 2237 3838 cum

637 3889 766 3930 caro
795 3875 908 3928 sola
941 3883 995 3930 et
1021 3890 1219 3946 corpus
1242 3877 1479 3930 occisum
1510 3874 1619 3929 sit?
1653 3873 1709 3930 Si
1739 3876 1884 3929 enim
1916 3877 2051 3930 hanc
2079 3877 2238 3932 habet

639 3968 1054 4037 generositatem
1079 3967 1496 4021 immortalitatis
1515 3968 1692 4020 anima
1709 3967 1759 4020 in
1784 3968 1974 4038 quovis
1996 3967 2236 4037 homine,

635 4069 693 4114 ut
727 4075 832 4114 non
859 4060 1028 4130 possit
1061 4059 1314 4125 interfici,
1350 4060 1522 4113 multo
1559 4058 1730 4128 magis
1761 4058 1899 4113 hanc
1943 4059 2103 4114 habet
2146 4075 2238 4128 po-

636 4160 885 4206 testatem
915 4150 1251 4221 generositas
1283 4150 1443 4204 Verbi
1478 4150 1590 4217 Dei,
1627 4159 1680 4203 ut
1711 4166 1814 4203 nou
1842 4151 2006 4218 possit
2035 4149 2230 4205 occidi.

632 4243 768 4300 Nam
811 4243 854 4298 si
889 4252 1128 4314 potestas
1159 4243 1434 4297 hominum
1467 4241 1533 4295 ad
1566 4241 1988 4297 interﬁciendam
2023 4257 2234 4297 sacram

631 4338 724 4394 Dei
757 4347 1100 4408 potestatem,
1133 4348 1187 4392 et
1227 4337 1274 4391 si
1314 4336 1604 4392 crudelitas
1643 4336 1876 4391 humana
1909 4337 1974 4391 ad
2025 4338 2234 4392 interli-

629 4430 874 4487 ciendam
897 4430 1130 4484 animam
1157 4428 1370 4492 deficit;
1401 4429 1570 4482 multo
1598 4429 1767 4498 magis
1789 4430 1855 4483 ad
1881 4429 1973 4483 Dei
2002 4429 2232 4484 Verbum

629 4522 1061 4580 interficiendum
1083 4521 1317 4578 deficere
1335 4521 1570 4576 debebit.
1596 4520 1729 4576 Nam
1749 4537 1870 4576 cum
1895 4523 2007 4591 ipsa
2025 4524 2226 4589 anima,

2350 3297 2510 3351 Pater
2539 3307 2593 3352 et
2621 3297 2870 3354 Christus
2895 3311 2978 3355 est
3005 3315 3142 3354 unus
3172 3301 3328 3362 Deus,
3381 3296 3631 3355 Christus
3677 3299 3834 3355 Pater
3861 3300 3956 3354 di-

2349 3403 2520 3450 cetur.
2543 3394 2598 3450 lu
2627 3411 2733 3465 quo
2758 3411 2941 3450 errare
2962 3395 3260 3467 probantur
3287 3391 3561 3450 Christum
3587 3411 3690 3451 non
3717 3409 3954 3450 noscen-

2347 3495 2450 3551 tes,
2501 3487 2594 3541 sed
2627 3501 2816 3541 sonum
2861 3487 3097 3542 nominis
3128 3488 3490 3559 approbantes
3518 3507 3531 3542 :
3561 3487 3749 3542 nolunt
3792 3489 3949 3544 enim

2347 3580 2492 3633 illum
2545 3580 2835 3634 secundam
2881 3596 3005 3637 esse
3045 3596 3333 3652 personam
3386 3589 3503 3653 post
3549 3580 3784 3644 Patrem,
3841 3583 3952 3639 sed

2345 3673 2519 3742 ipsum
2547 3672 2783 3728 Patrem.
2811 3673 3017 3740 Quibus
3041 3675 3163 3746 quia
3192 3674 3348 3730 facile
3372 3673 3747 3744 restiondetur,
3772 3690 3948 3745 pauca

2341 3765 2608 3821 dicentur.
2641 3766 2772 3834 Quis
2797 3768 2941 3823 enim
2969 3785 3076 3823 non
3105 3769 3398 3824 secundam
3427 3767 3546 3823 Filii
3579 3780 3700 3839 post
3729 3769 3948 3825 Patrem

2341 3868 2746 3929 agnoscatesse
2789 3875 3094 3928 personam,
3124 3878 3248 3916 cum
3290 3863 3433 3933 legat
3462 3860 3665 3917 dictum
3709 3878 3740 3916 a
3787 3862 3948 3918 Patre

2341 3961 2732 4021 Consequenter
2760 3951 2825 4006 ad
2857 3950 3049 4008 Filium
3080 3971 3094 4007 :
3121 3952 3398 4008 Faciamus
3429 3956 3687 4010 hominem
3711 3957 3784 4008 ad
3805 3957 3945 4010 ima-

2340 4047 2507 4116 ginem
2525 4056 2570 4102 et
2598 4048 2982 4103 similitudinem
3003 4063 3229 4104 nostram
3257 4050 3411 4122 (Gen.
3438 4067 3478 4116 t,
3499 4052 3587 4115 26,
3612 4051 3722 4117 :7);
3740 4061 3793 4106 et
3816 4061 3948 4122 post

2341 4139 2456 4196 haec
2497 4142 2745 4209 relatum,
2768 4154 2818 4197 et
2839 4144 2956 4214 fecit
2982 4141 3120 4198 Deus
3147 4147 3424 4210 hominem,
3449 4145 3522 4198 ad
3546 4146 3814 4215 imaginem
3842 4144 3949 4201 Dei

2339 4235 2455 4304 fecit
2487 4237 2670 4290 illum?
2710 4236 2818 4292 Aut
2850 4253 2970 4292 cum
2999 4239 3136 4293 inter
3162 4254 3353 4294 manus
3383 4250 3565 4296 teneat
3594 4258 3610 4293 :
3642 4239 3784 4294 Pluit
3817 4239 3941 4295 Do-

2338 4335 2507 4386 minus
2527 4347 2678 4403 super
2705 4332 2985 4387 Sodomam
3008 4343 3054 4387 et
3082 4331 3424 4389 Gomorrham
3449 4337 3616 4407 ignem
3647 4346 3694 4389 et
3717 4337 3946 4405 sulphur

2335 4442 2366 4479 a
2403 4424 2623 4480 Domino
2652 4427 2714 4482 de
2749 4428 2918 4482 caelo?
2941 4426 3094 4501 (Gen.
3120 4446 3238 4496 xu,
3265 4429 3388 4501 ει.)
3407 4434 3511 4488 Aut
3534 4447 3655 4486 cum
3687 4433 3754 4486 ad
3783 4431 3948 4488 Chri-

2335 4530 2476 4575 stum
2513 4521 2533 4552 ⁶
2563 4537 2576 4572 :
2609 4519 2778 4574 Filius
2817 4537 2954 4576 meus
3004 4539 3055 4577 es
3094 4533 3181 4590 tu,
3234 4539 3325 4594 ego
3362 4524 3515 4578 hodie
3550 4525 3704 4596 genui
3731 4536 3819 4589 te;
3847 4542 3950 4596 po-

626 4633 747 4688 quse
794 4632 888 4686 per
940 4616 1033 4670 Dei
1081 4616 1314 4670 Verbum
1357 4615 1494 4670 facta
1523 4625 1629 4678 est,
1674 4615 1742 4668 ab
1772 4616 2078 4672 hominibus
2120 4634 2226 4673 non
2253 4617 2306 4679 D
2332 4614 2510 4668 stulaa
2536 4629 2634 4675 me,
2664 4623 2708 4667 et
2735 4615 2867 4668 dabo
2887 4615 2976 4668 tibi
3002 4625 3174 4685 gentes
3192 4616 3536 4671 haereditatem
3565 4628 3727 4684 tuam,
3752 4630 3945 4687 etpos-

625 4708 921 4776 occiditur;
962 4707 1132 4763 multo
1161 4709 1332 4778 magis
1377 4709 1562 4776 utique
1612 4706 1842 4762 Verbum
1898 4707 1990 4763 Dei
2038 4709 2228 4778 perimi

626 4817 735 4858 non
765 4816 923 4874 posse
949 4801 1220 4858 credetur.
1271 4799 1341 4856 Et
1369 4801 1414 4854 si
1443 4799 1561 4870 plus
1587 4813 1696 4855 non
1738 4809 1915 4872 potest
1946 4801 2225 4857 hominum

2334 4711 2610 4766 sessionem
2636 4718 2772 4762 tuam
2806 4711 3044 4764 terminos
3074 4709 3266 4764 terra?
3291 4708 3465 4780 (Psal.
3500 4725 3558 4773 tt,
3605 4711 3659 4774 7,
3715 4712 3805 4780 8.)
3834 4714 3945 4768 Aut

2331 4817 2452 4859 cum
2483 4803 2644 4859 etiam
2669 4803 2759 4858 ille
2780 4801 3119 4859 desideratus
3149 4803 3328 4859 scriba
3356 4804 3432 4858 ait
3463 4821 3476 4856 :
3508 4801 3658 4858 Dixit
3678 4803 3941 4862 Dominus

1801 4954 2176 5014 GALLANDH
2216 4942 2770 5016 COMMENTARIUS.

698 5133 712 5164 ¹
744 5131 914 5200 Quod.
948 5129 1089 5188 Nihil
1135 5145 1233 5185 nos
1285 5129 1431 5200 cogit
1461 5139 1520 5183 ut
1551 5142 1672 5182 cum
1702 5126 1999 5183 editoribus
2032 5127 2219 5199 Angli—

618 5205 770 5275 canis
813 5206 1049 5275 legamus
1085 5202 1318 5272 utquod.

692 5278 712 5307 ²
737 5270 894 5330 ιὶτεῐ.
927 5275 1074 5330 Hanc
1119 5270 1306 5330 vocem
1339 5279 1645 5340 corruptam
1696 5272 1966 5326 existimat
2004 5270 2222 5326 Welch-

621 5363 832 5412 mauus,
865 5348 1097 5416 legitque
1125 5362 1279 5416 quum
1324 5344 1535 5398 scilicet.
1587 5341 1870 5416 Consentit
1894 5342 2217 5416 Jacksonus,

619 5421 864 5490 quamvis
909 5415 977 5473 de
1016 5415 1143 5472 loci
1183 5417 1522 5490 restitutione
1573 5415 1950 5490 suibiliiliitet:__
1983 5415 2220 5490 Uterque

619 5485 798 5546 tamen
824 5489 1026 5560 absque
1055 5489 1260 5543 sontica
1291 5503 1504 5560 causa,_
1528 5497 1582 5540 ut
1625 5486 1852 5560 videtur.
1886 5485 2060 5560 Minus
2092 5487 2218 5560 item

618 5563 749 5615 mihi
803 5556 1060 5630 probatur
1099 5559 1340 5624 ejusdem
1392 5557 1648 5630 Jacksoni
1674 5559 1962 5622 sententia,
1998 5556 2224 5630 legentis

614 5633 775 5701 paulo
804 5627 950 5700 post,
979 5632 1281 5686 immortalis
1303 5647 1497 5689 animo.
1526 5629 1644 5686 Vox
1662 5630 1803 5701 enim
1825 5627 2226 5701 immortalitatis

612 5698 678 5757 ad
707 5698 1094 5772 generositatem
1121 5713 1372 5772 spectare
1402 5717 1560 5756 uenio
1589 5715 1694 5757 non
1721 5700 1867 5754 videt
1900 5721 1912 5756 :
1945 5698 2230 5772 omnisque

611 5769 1270 5844 evanescitambiguitas,
1327 5774 1385 5836 9i
1418 5786 1521 5844 qua
1571 5785 1751 5829 tamen
1783 5781 1884 5844 est,
1926 5772 2016 5829 ubi
2052 5769 2227 5844 Nova:

606 5840 732 5897 tiani
774 5841 941 5898 oratio
970 5849 1082 5903 hac
1109 5847 1194 5892 aut
1233 5840 1677 5925 simili'ratione
1714 5841 2089 5912 conformetur
2124 5862 2138 5901 ζ
2174 5840 2233 5896 Si

2325 5127 2458 5181 enim
2499 5126 2673 5178 anima
2697 5125 2747 5178 in
2773 5123 2948 5194 quovis
2976 5122 3178 5176 homine
3200 5122 3333 5175 hanc
3355 5124 3501 5178 habet
3527 5125 3937 5188 immortalitatis

2324 5198 2732 5269 generositatem,
2760 5207 2812 5248 ut
2835 5211 2936 5249 non
2963 5194 3394 5269 possitjnter/ici,
3426 5204 3531 5250 etc.

2398 5268 2608 5322 ‘Idem.
2663 5267 2858 5320 Eadem
2909 5265 3080 5320 edidit
3109 5264 3518 5334 Welchmanus,
3564 5280 3788 5327 secutus
3818 5273 3931 5330 Ga-

2322 5356 2557 5412 gutnutu.
2578 5338 2618 5393 Ο
2641 5339 2774 5412 i-teri
2799 5353 2920 5412 cum
2949 5337 3197 5412 Pamelio
3213 5339 3371 5412 idem.

2398 5413 2418 5444 ι.
2450 5411 2514 5465 ιη
2545 5411 2674 5464 loco.
2735 5409 2978 5464 Latinius
3021 5409 3132 5461 vult
3187 5409 3290 5478 legi
3329 5410 3381 5463 in
3428 5411 3518 5464 illo
3553 5427 3563 5462 :
3599 5422 3725 5480 apte
3773 5419 3926 5471 satis.

2323 5484 2460 5552 Quid
2494 5483 2540 5537 si
2570 5482 2846 5551 scripserit
2874 5483 2987 5550 ipse
3017 5489 3204 5535 auctor
3231 5479 3386 5535 inlico
3417 5497 3513 5552 pro
3543 5479 3724 5538 illiio?
3763 5487 3930 5544 Jac:-

2323 5572 2418 5612 SON
2428 5596 2440 5609 .

2396 5629 2417 5658 ⁵
2449 5623 2716 5680 Exercere.
2765 5625 2898 5678 Cum
2929 5623 3334 5695 Latinio__forte
3363 5623 3650 5695 legendum
3681 5644 3921 5684 exerere:

2325 5695 2719 5770 quamquidem
2742 5696 3106 5766 coniecturam
3131 5693 3517 5752 Welchmanus
3535 5698 3789 5764 admittit.
3817 5716 3925 5758 non

2329 5769 2456 5827 item
2489 5769 2832 5830 Jacksouus.,

2404 5840 2424 5870 ⁶
2455 5841 2533 5896 Ad
2578 5839 2852 5898 Christum.
2924 5839 2979 5896 Si
3022 5837 3346 5895 Jacksonum
3407 5840 3631 5909 audias,
3677 5842 3929 5903 addenda
