4260 6266
341 303 439 359 Dii

1598 284 1685 341 DE
1724 279 2102 340 TRINI'I‘ATE
2146 282 2366 340 LIBER.

3546 282 3653 339 949.

342 414 478 485 (Isa.
509 425 622 477 vni,
649 411 707 482 5)
729 448 745 473 ,
787 414 834 462 et
873 405 1061 461 accessi
1108 404 1175 459 ad
1212 403 1653 476 ‘prOpltetisram,
1701 400 1942 464 dicebat,
1973 441 1985 459 Α

2089 419 2145 465 2r.
2175 412 2220 456 et
2241 418 2332 474 ego
2356 404 2517 458 dilexi
2546 415 2668 456 vos:
2696 409 2891 456 manete
2914 402 2967 456 in
2985 416 3094 456 mea
3123 402 3388 455 charitate.
3421 399 3481 455 Si
3509 416 3655 453 man-

342 519 388 562 et
410 506 640 576 concepit
667 512 713 557 et
745 501 940 572 peperit
968 500 1154 568 ﬁlium.
1214 498 1281 552 Et
1327 513 1448 550 cum
1497 493 1736 551 nondum
1768 493 1944 545 sinum

346 599 524 655 Patris
569 596 816 651 Christus
847 592 1218 662 exposuisset,
1265 588 1534 644 referebat
1577 584 1689 640 :Et
1739 586 1758 616 ³
1796 600 1945 637 voea-

348 691 486 746 bitur
511 705 693 744 nomen
734 687 843 758 ejus
884 685 1056 756 magni
1084 683 1285 737 consilii
1310 681 1534 750 Angelus
1566 677 1728 750 (Ibid.
1758 693 1831 741 Ix,
1867 675 1947 744 6).

347 790 417 845 ΕΙ.
445 804 563 844 cum
594 785 830 840 nondum
862 784 1051 838 fuisset
1079 798 1266 852 passus
1289 823 1302 846 ,
1336 781 1484 850 quasi
1514 779 1619 833 ovis
1645 818 1657 843 ,
1707 791 1950 848 pronun—

349 883 515 937 tiabat
537 921 554 948 ,
584 880 652 934 ad
697 878 1074 949 jugulationem
1122 874 1375 929 adductus
1425 883 1498 927 est
1527 871 1689 942 (Ibid.
1723 886 1849 932 LIII,
1870 869 1952 939 7).

349 976 414 1032 Et
436 991 555 1032 cum
585 972 761 1028 adhuc
778 987 910 1026 crux
940 983 1202 1040 nusquam
1245 976 1428 1031 esset,
1465 965 1642 1020 aiebat
1675 982 1687 1017 :
1725 961 1850 1016 Tota
1876 961 1958 1014 die

349 1070 572 1141 expandi
601 1084 785 1122 manus
813 1082 950 1122 meas
975 1065 1044 1118 ad
1074 1063 1324 1135 populum
1354 1079 1456 1116 non
1479 1061 1763 1116 credentem
1791 1057 1952 1128 (Ibid.

351 1162 588 1234 va,2).
624 1161 692 1216 Et
720 1176 840 1216 eum
883 1157 1118 1213 nondum
1164 1155 1422 1226 iujuriose
1468 1163 1682 1223 potatus
1726 1151 1958 1214 fuisset;

349 1259 406 1313 in
452 1257 568 1322 siti,
597 1255 708 1319 ait,
764 1269 874 1307 mea
905 1259 1204 1318 potaverunt
1248 1265 1328 1303 me
1369 1257 1512 1302 aceto
1540 1246 1717 1313 (Psal.
1761 1259 1918 1300 vant
1946 1283 1961 1306 ,

349 1351 471 1421 22).
502 1349 569 1404 Et
611 1363 730 1403 cum
775 1347 1040 1418 spoliatus
1081 1346 1257 1399 adhuc
1305 1359 1410 1398 non
1453 1339 1643 1396 fuisset
1672 1338 1962 1407 ,,dicebat:

350 1443 528 1511 Super
566 1451 750 1495 vestem
788 1455 952 1492 meam
983 1439 1227 1492 miserunt
1270 1445 1458 1490 sortem
1483 1452 1501 1488 :
1543 1445 1588 1488 et
1615 1433 1968 1486 dinumerare-

349 1547 470 1593 runt
491 1552 609 1591 ossa
634 1550 786 1589 mea:
809 1533 1097 1603 effoderunt
1126 1545 1307 1584 manus
1333 1545 1470 1584 meas
1489 1569 1504 1593 ,
1543 1536 1589 1582 et
1611 1526 1761 1595 pedes
1791 1523 1968 1596 (Psal.

353 1647 483 1699 κει,
515 1630 602 1686 19.
649 1630 740 1684 18.
781 1629 844 1682 l7
871 1629 910 1698 ).
940 1625 1236 1681 Providens
1279 1624 1423 1680 enim
1474 1621 1750 1689 Scriptura
1794 1617 1971 1672 divina

355 1740 453 1797 pro
497 1723 652 1778 factis
681 1722 811 1777 dicit
837 1737 954 1791 qua:
983 1720 1160 1775 futura
1187 1718 1288 1773 scit
1315 1759 1329 1781 ,
1358 1725 1414 1773 et
1438 1731 1533 1785 pro
1564 1712 1818 1784 perfectis
1841 1711 1974 1765 dicit

2052 499 2173 551 data
2195 514 2303 550 mea
2324 497 2639 551 servat-eritis
2661 538 2675 562 ,
2705 496 2968 549 manebitis
2995 496 3045 548 in
3069 512 3175 548 mea
3203 495 3452 548 charitate
3479 509 3496 557 ;
3526 493 3657 546 sicut

2054 609 2144 662 ego
2176 591 2348 644 I’otris
2407 591 2648 644 numdatn
2678 590 2872 645 servavi
2900 631 2914 654 ,
2946 598 2992 643 et
3022 605 3200 642 maneo
3247 589 3298 641 in
3350 589 3459 657 ejus
3485 587 3656 640 chari-

2029 669 2158 738 itate
2186 683 2368 756 (Joan.
2395 701 2479 748 xv,
2508 683 2560 748 9,
2592 680 2700 753 ιο).
2749 681 2936 736 Adhuc
2965 681 3191 751 ingerit,
3249 689 3298 734 et
3325 680 3455 735 dicit
3491 696 3504 733 :
3535 676 3666 731 Dixi

2058 787 2228 830 autem
2254 794 2339 830 vos
2371 777 2582 836 amicos,
2614 777 2735 846 quia
2757 777 2927 829 omnia
2953 793 3064 845 qua:
3084 774 3255 828 audiri
3285 792 3314 827 (ι
3347 773 3502 826 Patre
3529 789 3660 839 meo,

2063 879 2183 921 nota
2217 869 2354 922 vobis
2383 869 2480 934 feci
2504 865 2664 938 (Ibid.
2692 885 2738 920 v.
2770 864 3351 939 15).Aggregatetiam
3387 866 3488 919 hoc
3513 883 3530 919 :
3556 864 3662 920 Sed

2063 963 2171 1016 Itazc
2211 963 2381 1015 omnia
2421 965 2609 1032 facient
2660 961 2797 1015 vobis
2829 973 3036 1032 propter
3078 979 3257 1014 nomen
3306 978 3506 1023 meum,
3547 961 3666 1029 quia

2065 1056 2304 1126 ignorant
2333 1073 2448 1109 eum
2496 1057 2582 1125 qui
2634 1072 2713 1108 me
2757 1056 2890 1108 misit
2915 1054 3078 1128 (Ibid.
3111 1071 3157 1107 υ.
3206 1052 3320 1124 2|).
3369 1053 3494 1107 Haec
3536 1069 3666 1122 ergo

2068 1164 2358 1219 numquam
2396 1158 2513 1218 post
2543 1148 2629 1202 illa
2663 1149 2940 1203 evidenter
2968 1149 3116 1202 illum
3151 1163 3254 1202 non
3289 1147 3500 1201 Patrem
3530 1187 3542 1209 ,
3579 1142 3676 1199 sed

2072 1241 2268 1296 Filium
2298 1257 2417 1296 esse
2447 1242 2696 1295 testantia
2722 1285 2735 1306 ,
2768 1241 3027 1296 Dominus
3066 1240 3389 1295 subdidisset
3421 1256 3434 1305 ;
3491 1239 3533 1292 si
3587 1247 3680 1291 aut

2073 1336 2287 1391 Patrem
2316 1353 2375 1392 se
2402 1353 2523 1392 esse
2546 1337 2879 1391 meminisset
2905 1377 2919 1400 ,
2953 1347 3044 1390 aut
3075 1336 3287 1390 Patrem
3320 1350 3377 1388 se
3407 1333 3567 1387 vellet
3596 1333 3679 1385 iu-

2076 1429 2283 1499 telligi:
2322 1430 2424 1483 nisi
2456 1431 2709 1499 quoniam
2743 1437 2801 1483 ut
2845 1427 2974 1482 illud
3024 1429 3397 1497 exprimeret,
3453 1424 3677 1494 perinde

2079 1539 2518 1593 unumquemque
2561 1523 2669 1593 jam
2709 1521 2908 1575 habere
2937 1521 3135 1576 debere
3172 1562 3184 1585 ,
3233 1520 3360 1573 dum
3395 1518 3681 1587 imaginem

2081 1619 2174 1675 Dei
2203 1619 2376 1673 Patris
2408 1634 2504 1688 per
2526 1617 2718 1672 Filium
2744 1617 2887 1673 videt
2912 1659 2926 1684 ,
2950 1626 3110 1686 atque
3134 1615 3176 1669 si
3203 1615 3396 1670 viderit
3429 1613 3680 1667 Patrem:

2083 1713 2515 1783 quandoquidem
2549 1711 2920 1780 unusquisque
2951 1709 3180 1764 credens
3211 1712 3264 1762 in
3295 1706 3488 1762 Filium
3527 1719 3690 1759 excr-.

356 1833 480 1888 quae
513 1815 685 1870 futura
716 1813 896 1880 habet,
929 1829 1050 1884 quae
1078 1813 1195 1867 sine
1222 1810 1556 1866 dubitatione
1582 1815 1805 1860 ventura
1822 1812 1966 1858 sunt.
2005 1780 2050 1839 Β
2081 1816 2268 1860 ceatur
2298 1805 2351 1859 in
2381 1805 2626 1874 imaginis
2658 1803 3113 1872 contemplatione
3137 1843 3152 1867 ,
3181 1814 3235 1854 ut
3258 1797 3591 1853 assuefactus
3617 1793 3687 1849 ad

359 1909 433 1965 Et
461 1908 585 1964 ideo
635 1908 892 1962 Dominus
927 1908 982 1962 in
1020 1905 1270 1976 prtesenti
1321 1904 1441 1958 loco
1489 1901 1740 1957 dicebat:
1776 1897 1974 1952 Δηιοάο

363 2002 525 2056 nostis
554 2001 732 2065 illum,
773 2010 818 2055 et
841 2000 1057 2053 uidistis.
1093 1998 1311 2053 Dicebat
1340 1997 1486 2052 enim
1513 1996 1686 2049 visum
1715 1993 1779 2047 iri
1810 1993 1878 2045 ab
1909 2006 1976 2047 eo

364 2094 580 2150 Patrem
606 2134 620 2156 ,
653 2091 894 2163 quisquis
923 2090 1118 2146 Filium
1141 2101 1358 2144 secutus
1396 2086 1621 2151 fuisset;
1671 2100 1780 2139 non
1823 2081 1976 2152 quasi

364 2187 534 2245 Filius
563 2185 678 2257 ipse
732 2195 879 2241 esset
931 2184 1090 2239 Pater
1119 2184 1302 2242 visus.
1351 2180 1447 2236 sed
1500 2178 1643 2250 quod
1695 2175 1976 2246 praemium

365 2289 753 2336 consecuturus
790 2287 972 2342 esset,
1002 2276 1246 2347 quisquis
1274 2274 1426 2329 illum
1457 2273 1609 2343 sequi
1655 2279 1711 2326 et
1738 2269 1977 2338 discipu-

369 2377 455 2432 lus
482 2374 598 2445 ejus
624 2389 747 2429 esse
768 2372 1048 2437 voluisset,
1079 2369 1332 2425 utvidere
1355 2369 1572 2424 Patrem
1599 2373 1782 2436 posset
1806 2381 1819 2416 :
1855 2376 1979 2416 nam

371 2478 430 2526 et
456 2469 632 2539 imago
679 2476 764 2522 est
792 2467 884 2521 Dei
925 2464 1099 2520 Patris
1129 2482 1142 2516 :
1172 2473 1231 2518 ut
1269 2461 1353 2516 bis
1399 2462 1560 2516 etiam
1601 2456 1732 2512 illud
1759 2452 1984 2510 accedat

372 2563 625 2634 quoniam
655 2562 782 2614 sicut
827 2558 983 2613 Pater
1011 2567 1252 2626 operatur
1286 2597 1300 2624 ,
1331 2557 1404 2608 ita
1428 2561 1671 2624 operatur
1711 2560 1758 2604 et
1787 2548 1833 2602 F
1837 2551 1980 2614 ilius,

377 2658 554 2733 (toan.
591 2674 644 2724 v,
679 2653 792 2727 17).
825 2653 892 2708 Et
921 2654 1157 2710 imitator
1183 2662 1266 2707 est
1297 2650 1468 2705 Filius
1493 2647 1733 2701 onmiutn
1761 2656 1982 2714 operum

374 2761 760 2822 paternorum;
795 2756 854 2802 ut
904 2746 1126 2816 perinde
1152 2743 1349 2799 habeat
1397 2741 1761 2811 unusquisque
1791 2777 1809 2804 ,
1834 2735 1984 2806 quasi

375 2843 488 2916 jam
518 2841 712 2896 viderit
735 2839 953 2896 Patrem
975 2881 990 2904 ,
1037 2838 1162 2893 dum
1187 2851 1315 2892 eum.
1341 2835 1489 2890 videt
1533 2833 1622 2904 qui
1666 2829 1988 2885 invisibilem

381 2941 597 2998 Patrem
623 2939 676 2994 in
706 2937 956 2992 onmibus
984 2935 1242 3006 operibus
1262 2946 1478 3002 semper
1521 2929 1780 2984 imitatur.
1813 2924 1993 2978 Crete-

383 3050 504 3091 rum
542 3034 587 3089 si
610 3033 723 3104 ipse
750 3033 906 3087 Pater
950 3041 1036 3086 est
1069 3029 1314 3085 Christus
1344 3067 1359 3094 ,
1392 3021 1662 3096 quomodo
1702 3019 1990 3076 confestim

383 3128 570 3200 adjicit
589 3137 644 3182 et
670 3127 820 3191 dicit,
857 3124 958 3190 Qui
995 3123 1154 3179 credit
1184 3124 1238 3175 in
1267 3138 1368 3188 nte,
1394 3135 1550 3188 opera
1580 3132 1695 3187 quia
1733 3131 1826 3186 ego
1858 3113 1992 3183 facio

386 3233 432 3278 et
448 3223 557 3293 ipse
580 3221 769 3292 faciet:
797 3228 844 3274 et
866 3220 1066 3288 majora
1095 3218 1173 3272 his
1191 3218 1342 3288 faciet
1364 3256 1378 3280 ,
1405 3215 1523 3282 quia
1554 3228 1646 3282 ego
1686 3211 1754 3264 ad
1783 3208 1994 3261 Patrem

385 3314 516 3370 vado
543 3315 569 3369 ?
595 3312 776 3386 (toan.
812 3326 941 3377 xn',
978 3310 1094 3372 12.)
1120 3309 1189 3363 Ει
1232 3309 1407 3363 adhuc
1435 3305 1704 3361 subnectit
1734 3321 1747 3356 :
1783 3301 1844 3356 Si
1873 3300 1995 3353 diti-

387 3411 508 3481 gitis
535 3425 632 3476 me,
666 3416 920 3478 prtecepta
946 3421 1058 3460 mea
1082 3413 1275 3459 seruate
1305 3419 1322 3457 :
1351 3414 1398 3457 et
1423 3388 1516 3474 ego
1542 3399 1730 3471 rogabo
1757 3395 1994 3463 Patrem,

388 3512 436 3556 et
469 3502 629 3557 alium
654 3503 961 3555 advocatum
990 3498 1131 3552 dabit
1157 3497 1295 3551 vobis
1327 3495 1490 3567 (Ibid.
1535 3493 1690 3547 v.15.
1724 3489 1840 3560 16).
1873 3489 1995 3542 Post

389 3612 509 3668 qua:
547 3596 708 3652 etiam
738 3593 865 3650 illud
889 3591 1194 3648 subnectit:
1227 3590 1422 3662 Siquis
1451 3605 1528 3642 me
1567 3585 1736 3654 diligit
1762 3598 1993 3668 ,sermo-

394 3666 508 3745 nem
535 3705 700 3742 meum
727 3687 976 3742 custodiet
1003 3702 1022 3741 :
1045 3695 1092 3740 et
1137 3683 1294 3738 Pater
1322 3700 1461 3738 meus
1503 3680 1681 3750 diliget
1719 3666 1866 3731 illum
1891 3717 1907 3742 ,
1954 3683 2002 3728 et

394 3781 464 3836 ad
492 3798 606 3835 eum
639 3781 921 3846 veniemus,
953 3789 998 3834 et-
1028 3779 1345 3832 mansionem
1375 3775 1515 3842 apud
1551 3772 1704 3826 illum
1755 3770 2002 3841 faciemus

397 3872 564 3945 (Ibid.
611 3889 660 3927 υ.
691 3871 805 3944 ‘25).
841 3872 948 3928 Nec
999 3888 1108 3926 non
1160 3872 1324 3926 etiam
1369 3869 1390 3899 ³
1418 3865 1651 3922 subdidit
1707 3863 1835 3918 illud
1867 3875 2003 3930 quo-

397 3987 540 4043 que;
567 3971 858 4026 Adsecutus
883 3982 1052 4026 autem
1093 3971 1181 4024 ille
1220 3969 1445 4040 Spiritus
1489 3977 1693 4021 sanctus
1719 3980 1864 4034 quem
1886 3963 2005 4014 mis-

396 4084 545 4122 surus
584 4080 655 4122 est
681 4066 858 4129 Pater,
888 4067 976 4120 ille
1003 4083 1088 4119 vos
1111 4065 1304 4119 docebit
1324 4073 1372 4117 et
1400 4058 1810 4116 commemorabit
1833 4056 2005 4109 omnia

399 4177 724 4233 quiscumque
771 4161 948 4215 dixero
983 4158 1148 4233 (Ibid.
1205 4174 1254 4214 υ.
1304 4155 1422 4230 26).
1472 4154 1492 4186 ⁸
1524 4151 2007 4209 Prtemittitadhuc

399 4257 562 4315 istum
590 4257 790 4322 locum,
821 4271 930 4324 quo
961 4253 1209 4311 ostendat
1235 4269 1294 4308 se
1319 4266 1441 4306 esse
1469 4249 1659 4304 Filium
1681 4290 1694 4312 ,
1721 4255 1777 4301 et
1806 4243 2001 4300 merito

403 4353 641 4409 subdidit
667 4393 683 4418 ,
715 4360 771 4405 et
791 4349 922 4405 dicit
952 4368 965 4404 :
1001 4351 1060 4404 Si
1089 4366 1167 4403 me
1188 4346 1465 4419 diligeretis
1487 4389 1501 4410 ,
1531 4341 1819 4414 gauderetis
1842 4381 1855 4403 ,
1888 4337 2008 4409 quia

401 4460 459 4499 eo
484 4446 552 4499 ad
576 4442 788 4498 Patrem
815 4458 834 4497 :
859 4444 981 4513 quia
1026 4441 1182 4496 Pater
1209 4442 1377 4512 major
1425 4440 1446 4470 ⁵
1494 4454 1572 4492 me
1616 4445 1690 4490 est
1746 4431 1907 4502 (Ibid.
1957 4446 2005 4483 υ.

403 4536 518 4610 28).
552 4537 694 4606 Quid
736 4547 915 4592 autem
945 4553 1066 4592 eum
1092 4537 1251 4591 etiam
1285 4536 1374 4589 illa
1409 4529 1716 4593 subnectit;
1757 4525 1867 4596 Ego
1894 4539 2008 4579 sum

403 4632 520 4688 vitis
542 4648 657 4685 uera
687 4673 703 4698 ,
729 4641 775 4684 et
807 4629 961 4685 Pater
988 4649 1126 4685 meus
1152 4631 1380 4703 agricola
1415 4643 1432 4683 :
1484 4642 1649 4682 omme
1692 4631 2010 4678 sarmentum

407 4723 461 4777 in
490 4739 568 4776 me
615 4739 714 4776 non
737 4722 958 4790 offerens
986 4728 1210 4796 fructum
1249 4722 1382 4778 tollit
1423 4721 1553 4775 illud
1579 4762 1594 4787 ,
1626 4729 1670 4774 et
1698 4733 1846 4772 omne
1866 4720 2010 4786 fruc-

410 4817 618 4886 tiferutn
647 4828 854 4887 purgat,
908 4829 961 4872 ut
994 4821 1218 4890 fructum
1246 4816 1548 4887 ampliorem
1592 4811 1769 4884 ferat?
1800 4810 1819 4882 (
1849 4807 2006 4863 Joan.

409 4926 504 4982 XV,
542 4911 594 4978 1,
617 4909 698 4982 2.)
716 4910 888 4969 Instat
916 4913 1092 4968 adhuc
1111 4920 1166 4968 et
1190 4910 1398 4980 adjicit:
1427 4909 1575 4966 Sicut
1591 4905 1772 4960 dilexit
1798 4919 1876 4957 me
1906 4900 2015 4954 Pa-

2080 1900 2414 1955 divinitatem
2472 1899 2757 1954 videndam
2792 1899 2843 1952 in
2877 1897 3142 1967 imagine,
3201 1894 3463 1965 prolicere
3515 1889 3685 1960 pt'tssit

2079 2005 2133 2050 et
2155 2008 2404 2049 crescere
2436 2008 2608 2064 usque
2626 1994 2691 2048 ad
2726 1993 2818 2047 Dei
2851 1991 3027 2047 Patris
3068 1987 3454 2058 omnipotentis
3480 1982 3691 2055 perfec-

2082 2099 2190 2144 tam
2232 2088 2776 2156 contemplationem.
2837 2085 2905 2140 Et
2951 2083 3202 2154 quoniam
3259 2081 3349 2150 qui
3381 2077 3482 2133 hoc
3508 2077 3690 2131 animo

2082 2199 2145 2237 ac
2175 2192 2352 2237 mente
2371 2182 2711 2244 combiberit,
2744 2189 2799 2235 et
2830 2181 2897 2235 de
2921 2178 3172 2232 omnibus
3193 2176 3272 2230 sic
3302 2173 3539 2228 futurum
3567 2185 3690 2226 esse

2083 2274 2412 2339 crediderit,
2445 2274 2653 2327 Patrem
2679 2287 2838 2342 quem
2878 2272 3092 2325 visurus
3117 2270 3206 2332 sit,
3233 2269 3384 2337 quasi
3409 2267 3520 2336 jam
3549 2278 3688 2333 quo-

2085 2366 2374 2422 dammodo
2403 2365 2615 2432 Viderit,
2648 2373 2701 2420 et
2729 2364 2814 2418 hic
2834 2363 2944 2433 jam
2973 2363 3049 2417 sic
3079 2361 3290 2423 habeat,
3326 2357 3479 2428 quasi
3507 2366 3688 2410 teneat

2087 2459 2228 2528 quod
2260 2460 2564 2512 habiturum
2589 2473 2648 2512 se
2681 2472 2776 2526 pro
2800 2465 2948 2510 certo
2989 2455 3140 2508 sciat.
3177 2453 3466 2517 leerum,
3496 2449 3539 2504 si
3570 2448 3684 2517 ipse

2088 2552 2250 2607 Pater
2278 2551 2466 2606 fuisset
2497 2593 2512 2617 ,
2545 2549 2673 2620 quid
2706 2549 2855 2618 quasi
2909 2547 3144 2600 futurum
3189 2545 3466 2615 pralntium
3503 2554 3690 2609 repro-

2091 2647 2341 2702 mittebat
2390 2645 2529 2716 quod
2581 2644 2689 2713 jam
2760 2642 3084 2713 pra'stiterat
3133 2649 3186 2694 et
3241 2639 3503 2693 dederat?
3555 2637 3691 2692 Nam

2091 2733 2342 2813 quoniam
2377 2740 2506 2794 dicit
2536 2756 2548 2793 :
2596 2737 2744 2791 Beati
2773 2735 2962 2789 nntndo
3001 2735 3150 2788 corde
3179 2776 3192 2798 ,
3227 2735 3346 2801 quia
3400 2733 3500 2802 ipsi
3527 2731 3692 2785 Deum

2092 2836 2328 2891 videbunt
2361 2834 2575 2906 (Matth.
2601 2847 2636 2884 ν
2661 2873 2674 2895 ,
2722 2829 2800 2901 8);
2836 2826 3075 2898 polliceri
3107 2823 3525 2896 deprehenditur
3565 2837 3695 2876 con-

2096 2928 2499 2999 templationem
2550 2934 2605 2979 et
2633 2929 2910 2990 aspectum
2942 2919 3115 2973 Patris
3141 2933 3156 2983 ;
3185 2931 3310 2986 ergo
3341 2914 3574 2968 nondum
3603 2913 3696 2968 de-

2097 3020 2282 3075 derat:
2308 3033 2406 3072 cur
2451 3015 2592 3071 enim
2624 3012 3054 3082 repromitteret,
3085 3009 3128 3062 si
3150 3009 3259 3078 jam
3287 3005 3567 3062 dedisset?
3591 3005 3696 3060 De-

2098 3114 2250 3169 derat
2278 3112 2420 3165 enim
2469 3109 2512 3164 si
2545 3109 2704 3163 Pater
2726 3115 2868 3161 esset
2895 3121 2910 3170 ;
2942 3102 3223 3157 videbatur
3249 3100 3391 3154 enim
3414 3142 3428 3165 ,
3463 3106 3518 3153 et
3560 3113 3694 3152 eon-

2102 3206 2422 3277 tingebatur.
2445 3201 2671 3270 Quando
2699 3210 2878 3255 autem
2893 3197 3017 3253 dum
3044 3196 3369 3265 contingitur
3391 3194 3504 3264 ipse
3517 3191 3701 3247 Chris-

2104 3310 2190 3354 tus
2219 3308 2271 3354 et
2306 3297 2537 3360 videtur,
2569 3294 2894 3364 repromittit
2937 3300 3113 3345 tamen
3142 3299 3195 3345 et
3223 3289 3350 3343 dicit
3379 3329 3394 3352 ,
3448 3287 3701 3355 quOniam

2103 3393 2192 3462 qui
2218 3391 2416 3446 mundo
2449 3389 2608 3444 fuerit
2629 3386 2813 3448 corde,
2847 3386 3011 3440 Deum
3035 3383 3272 3448 videbit;
3308 3382 3410 3436 hoc
3432 3382 3547 3452 ipso
3579 3397 3704 3451 pro-

2104 3485 2196 3539 bat
2219 3485 2430 3538 Patrem
2461 3499 2520 3538 se
2552 3495 2655 3534 non
2684 3495 2804 3534 esse
2823 3520 2836 3545 ,
2873 3478 2964 3547 qui
2994 3488 3119 3530 tunc
3145 3490 3382 3545 priesens
3407 3489 3526 3528 cum
3554 3472 3706 3528 vide-

2105 3586 2253 3631 retur
2279 3573 2716 3645 repromitlebat,
2747 3570 2888 3640 quod
2912 3570 3124 3623 Patrem
3157 3569 3368 3623 visurus
3385 3574 3531 3621 esset
3553 3568 3699 3635 quis-

2104 3673 2225 3742 quis
2282 3671 2484 3724 tnundo
2537 3667 2700 3723 corde
2754 3663 2961 3718 fuisset.
2999 3663 3128 3717 Erat
3167 3679 3295 3733 ergo
3328 3661 3710 3731 repromittens

2107 3767 2222 3821 hinc
2249 3808 2260 3826 .
2294 3782 2399 3818 non
2433 3766 2592 3817 Pater
2621 3803 2634 3826 ,
2669 3761 2764 3814 sed
2816 3757 3017 3811 Filius:
3052 3759 3173 3826 quia
3207 3755 3298 3826 qui
3338 3754 3507 3810 Filius
3550 3762 3666 3809 erat
3692 3794 3708 3820 ,

2107 3859 2247 3931 quod
2281 3857 2446 3911 videri
2478 3853 2709 3908 habebat
2741 3849 3179 3920 repromittebat;
3227 3847 3380 3916 cujus
3421 3848 3712 3917 repromis-

2109 3953 2189 4006 sio
2239 3961 2568 4019 supervacua
2604 3944 2790 3998 fuisset
2819 3984 2831 4006 ,
2860 3941 2959 3994 nisi
2991 3939 3153 3994 Filius
3187 3939 3393 3992 fuisset.
3425 3939 3532 3992 Cur
3561 3939 3704 3994 enim

2110 4042 2520 4114 repromittebat
2565 4035 2779 4092 mumiis
2810 4032 2973 4089 corde
3003 4041 3059 4086 ut
3088 4031 3336 4086 viderent
3387 4033 3596 4086 Patrem
3619 4073 3632 4095 ,
3665 4033 3712 4086 si

2106 4141 2214 4211 jam
2241 4147 2366 4192 tunc
2393 4134 2483 4203 qui
2510 4140 2805 4203 praesentes
2835 4138 3010 4189 erant,
3029 4125 3240 4178 Patrem
3273 4123 3544 4178 Christum
3567 4122 3712 4177 vide-

2113 4238 2240 4291 bant
2263 4238 2286 4286 ’ξ
2336 4231 2440 4288 Sed
2465 4229 2587 4299 quia
2622 4226 2789 4280 Filius
2837 4229 2947 4277 erat
2981 4263 2992 4285 ,
3043 4235 3147 4273 non
3180 4219 3378 4281 Pater;
3432 4217 3626 4272 merito
3656 4226 3711 4272 et

2114 4331 2278 4388 Filius
2304 4372 2316 4394 ,
2351 4325 2473 4396 quia
2512 4321 2692 4390 Imago
2729 4318 2819 4372 Dei
2856 4358 2867 4382 ,
2904 4326 3030 4370 tunc
3078 4313 3359 4368 videbatur
3386 4329 3401 4380 ;
3425 4323 3476 4366 et
3504 4311 3664 4367 Pater
3695 4356 3714 4380 ,

2115 4427 2237 4496 quia
2269 4417 2578 4481 invisibilis,
2613 4411 2823 4468 mundis
2852 4408 3014 4464 corde
3047 4449 3060 4470 ,
3096 4415 3156 4461 ut
3182 4407 3451 4460 videretur
3477 4447 3489 4470 ,
3526 4420 3712 4473 repro-

2119 4517 2347 4573 mittitnr
2368 4519 2422 4567 et
2443 4517 2672 4563 notatur.
2707 4504 2832 4558 llaec
2852 4502 3009 4572 igitur
3036 4499 3164 4555 Satis
3193 4499 3260 4552 sit
3285 4540 3299 4565 ,
3333 4497 3494 4552 etiam
3518 4496 3715 4551 adver-

2035 4582 2089 4642 D
2116 4627 2205 4666 sus
2225 4611 2382 4664 ismm
2405 4602 2714 4658 hmreticum
2741 4595 2972 4651 dictasse
2993 4636 3006 4659 ,
3041 4607 3207 4663 pauca
3233 4591 3300 4645 de
3329 4589 3526 4643 multis.
3559 4589 3716 4644 Cam-

2119 4720 2218 4777 pus
2235 4701 2402 4766 enim,
2436 4707 2488 4751 et
2510 4692 2724 4766 quidem
2756 4690 2894 4743 latus
2925 4702 2988 4741 ac
3010 4686 3156 4738 fusus
3185 4682 3476 4754 aperietur,
3507 4680 3718 4751 plenius

2119 4773 2430 4853 haereticum
2458 4791 2619 4844 istum
2669 4785 2716 4840 si
2746 4784 2948 4852 agitare
2991 4776 3316 4832 voluerimus
3342 4793 3356 4840 ;
3387 4773 3721 4846 quandoqui-

2117 4898 2240 4953 dem
2291 4893 2312 4923 °
2367 4890 2573 4946 duobus
2603 4864 2720 4938 istis
2747 4879 2879 4935 locis
2905 4919 2919 4944 ,
2972 4872 3290 4946 quibusdam
3317 4869 3526 4926 effossis
3555 4870 3714 4924 hnni-

1561 5043 1933 5106 GALLANDII
1970 5027 2535 5096 COMMENTARIUS.

491 5199 507 5231 ί
546 5199 952 5270 Prophetissam.
1004 5195 1092 5252 Sic
1141 5193 1532 5270 veteresediti,
1564 5201 1622 5245 ut
1662 5189 1825 5270 habet
1854 5185 2010 5270 Vulg.

421 5288 582 5340 quam
613 5261 896 5328 lectionem
928 5279 1160 5340 seculus_
1190 5265 1712 5340 estrWel'clnnanus.
1749 5261 2015 5340 PameIius

416 5330 752 5417 Prop/telum.
795 5341 1095 5417 Jacksouus
1125 5338 1441 5410 Prop/zelen,
1465 5336 1603 5407 apud
1643 5349 1798 5405 quem
1826 5330 2018 5386 Junius

417 5416 537 5471 vult
566 5418 669 5484 legi
699 5416 1005 5483 Prophetin.

492 5492 515 5520 ³
553 5471 846 5543 vocabitur.
888 5489 1012 5540 lla‘c
1038 5495 1117 5540 est
1153 5483 1448 5537 editionum
1498 5474 1780 5533 Novatiani
1831 5471 2016 5526 lectio.

419 5561 549 5620 Sed.
574 5561 766 5629 inquit,
799 5559 1125 5618 Jaeksouns.
1155 5571 1317 5629 quum
1345 5556 1482 5629 ratio
1509 5545 1806 5628 argumenti
1830 5553 2020 5625 aucto-

423 5615 502 5703 ris
534 5615 767 5699 post'ttlei
795 5615 896 5703 legi
926 5615 1324 5703 vocatui',-t|uitt_
1355 5625 1427 5679 ita
1459 5615 1882 5703 ipse'set'ipserit
1915 5629 2021 5668 non

424 5689 667 5759 dubium.
698 5689 992 5772 ldquevjam
1022 5689 1176 5772 antea
1205 5689 1946 5772 conjecerat‘Welchmanus.

503 5773 524 5804 ³
548 5759 808 5829 Snbdidii.
834 5759 963 5830 Heic
983 5783 1037 5829 et
1054 5770 1215 5843 paulo
1233 5759 1374 5841 post,
1400 5765 1572 5822 subdit
1589 5759 1874 5834 legendum
1894 5773 2026 5813 eou-

2119 5177 2291 5234 tendit
2319 5173 2639 5230 Jacksouus.
2673 5175 2733 5220 ut
2775 5160 2947 5216 oratio
2995 5155 3262 5234 prioribus
3311 5161 3363 5206 et
3404 5153 3722 5222 posteriori-

2119 5228 2536 5308 Diis—coluere“,
2567 5240 2765 5308 adjicit.
2798 5234 2954 5308 dicit,
2978 5228 3246 5288 subnectit,
3279 5235 3384 5308 etc,
3407 5295 3419 5308 .
3465 5305 3473 5308 _
3574 5295 3640 5308 ω
3677 5297 3690 5308 ε
3717 5275 3721 5281 .

2195 5295 2216 5350 δέ
2242 5295 2536 5371 ἱὶτῇέήέὶξιίὶί
2570 5295 2657 5366 8ἰέ
2681 5307 2807 5364 editi
2834 5323 2845 5356 :
2875 5304 3051 5358 minus
3077 5307 3307 5362 recte,ut
3336 5295 3722 5352 videtur.Wel-

2122 5370 2386 5448 clunanus
2414 5384 2690 5450 rescripsit
2721 5378 2905 5445 promit
2937 5391 2962 5450 :_
2987 5383 3146 5450 atque
3179 5372 3246 5423 ita
3278 5370 3508 5450 fortasse
3550 5371 3725 5450 scrip~

2124 5440 2600 5519 sit-"Novatianns.‘
2640 5440 2826 5520 Neque
2882 5447 3022 5499 enim
3082 5444 3262 5519 placet
3298 5442 3438 5520 quod
3490 5440 3724 5509 conjecit

2125 5514 2426 5591 iilvtiksmllls
2455 5527 2639 5596 promit
2666 5514 2986 5596 et,:pr4)pter
3015 5514 3464 5594 seqtn-ns‘adttuc.

2140 5582 2183 5616 -'"
2198 5582 2349 5658 ᾗῇ..
2371 5582 2544 5656 ’θέρει
2565 5596 2704 5668 apud
2724 5582 3031 5648 Panic-lium
3065 5582 3364 5659 pronomen
3389 5582 3551 5652 istud,
3577 5583 3722 5653 quod

2130 5679 2383 5736 exhibent
2408 5673 2517 5727 alii.

2206 5727 2469 5803 ivi—Duobus
2507 5742 2618 5800 istis
2657 5738 2781 5796 locis
2815 5777 2852 5792 ..
2903 5731 3100 5802 effossis
3139 5727 3431 5786 luminibus.
3464 5727 3730 5786 Videlicet
