4256 6250
593 218 700 272 915

2057 220 2435 282 NOVATIANI
2480 260 2487 267 -

3793 233 3906 292 94L

592 335 749 388 uibus
774 332 992 388 orbatus
1018 308 1050 400 ,I
1069 341 1210 389 totus
1233 332 1303 388 sit
1327 334 1379 389 in
1410 334 1669 391 doctrina:
1697 351 1808 393 sum
1831 339 2072 395 czecitate
2093 355 2180 394 su-
2215 343 2268 400 A
2294 344 2422 396 ritus
2445 344 2690 409 veritatis,
2720 344 2810 398 ille
2831 359 2916 396 vos
2938 344 3120 414 diriget
3141 345 3192 399 in
3212 362 3411 400 onmem
3432 347 3692 403 veritatem
3716 347 3902 418 (Joan.

595 436 832 498 peratus.

1163 541 1386 598 CAPUT
1426 543 1618 599 XXIX.

597 661 848 730 Deinceps
881 659 1004 730 ﬁdei
1047 659 1400 712 auctoritatem
1439 660 1713 716 admonere
1748 680 1839 717 nos
1866 666 2009 719 docet
2037 708 2049 728 ,
2083 677 2194 735 post

673 755 880 809 Patrem
919 765 964 809 et
1001 754 1195 808 Filium
1218 795 1232 819 ,
1263 755 1464 812 credere
1507 757 1656 810 etiam
1695 775 1744 813 IN
1773 759 2030 815 Srtntruu
2071 777 2195 817 SAN-

665 863 805 904 cruu
833 866 844 902 :
869 849 1016 920 cujus
1043 847 1359 918 Operationes
1383 863 1445 902 ea:
1471 847 1754 919 Scripturis
1785 863 2026 906 recenset.

665 985 772 1042 Sed
803 986 945 1042 enim
975 985 1108 1039 ordo
1134 985 1360 1040 rationis
1385 996 1439 1040 et
1470 985 1618 1040 Fidei
1651 989 1941 1042 auctoritas
1971 987 2193 1058 digestis

593 1082 815 1136 vocibus
856 1090 911 1137 et
937 1081 1156 1136 Litteris
1199 1080 1440 1146 Domini,
1475 1080 1726 1136 admonet
1773 1097 1901 1144 nos,
1934 1092 2054 1152 post.
2080 1083 2194 1139 Inrc

593 1175 816 1230 credere
841 1175 1000 1230 etiam
1027 1175 1079 1228 in
1101 1173 1358 1244 Spiritum
1384 1185 1647 1242 sanctum,
1674 1176 1801 1229 olim
1827 1176 2080 1231 Ecclesiae
2110 1193 2194 1232 ret

594 1267 954 1339 promissum,
981 1267 1073 1320 sed
1115 1267 1328 1321 statutis
1366 1275 1665 1337 temporum
1709 1271 2194 1339 opportunitatibus

591 1361 880 1417 redditum.
918 1360 1008 1415 Est
1039 1361 1181 1415 enim
1213 1376 1305 1429 per
1329 1359 1533 1415 .loelem
1566 1362 1877 1430 prepltetam
1904 1365 2194 1432 repromis-

589 1471 704 1518 sus,
737 1455 832 1509 sed
865 1470 959 1522 per
974 1453 1244 1508 Chrismtu
1284 1453 1542 1509 redditus.
1568 1453 1635 1507 In
1663 1456 1964 1518 novissimis,
2000 1457 2190 1525 inquit,

589 1550 766 1604 diebus
795 1546 1057 1615 effundam
1085 1547 1147 1600 de
1175 1545 1376 1614 Spiritu
1399 1563 1508 1599 meo
1529 1563 1682 1616 super
1702 1563 1869 1601 servos
1897 1558 1943 1600 et
1973 1547 2192 1602 ancillas

586 1659 723 1696 meas
753 1640 911 1708 (Joel.
949 1656 1005 1703 ιι,
1038 1640 1151 1710 ‘28).
1187 1639 1446 1692 Dominus
1493 1648 1669 1694 autem
1698 1658 1710 1693 :
1740 1641 1966 1709 Accipite
2015 1641 2190 1710 Spiri-

2300 451 2406 501 xvt,
2429 437 2538 504 15).
2561 437 2622 490 Et
2651 437 2901 506 quoniam
2923 438 3246 493 Dominusin
3279 441 3447 496 ctelos
3473 451 3617 496 esset
3635 443 3904 509 abiturus,

2302 526 2618 582 Paraclitum
2662 529 2938 599 discipulis
2972 532 3280 586 necessario
3307 531 3488 599 dabat,
3525 550 3593 590 ne
3619 534 3736 590 illos
3767 551 3909 606 quo-

2296 618 2586 675 dannnodo
2610 621 2857 692 pupillos,
2880 623 3021 693 quod
3048 624 3264 680 minime
3283 624 3529 695 decebat,
3553 628 3907 700 relinqueret,

2297 721 2351 766 et
2380 713 2494 767 sine
2524 714 2788 770 advocato
2817 728 2871 771 et
2901 717 3135 787 quodam
3165 727 3340 774 tutore
3367 720 3667 778 desereret.
3699 722 3795 777 llic
3821 734 3910 779 est

2298 805 2437 860 enim
2471 809 2560 877 qui
2600 810 2834 878 ipsorum
2877 811 3086 867 animos
3136 823 3451 884 menteSque
3502 802 3765 882 ﬁrmavit,
3809 819 3905 888 qui

2298 897 2615 973 Evangelica
2644 901 2989 957 Sacramenta
3033 903 3312 971 distinxit,
3345 907 3435 977 qui
3466 908 3517 962 in
3550 909 3677 978 ipsis
3701 911 3906 965 illumi-

2298 999 2454 1043 nator
2497 1006 2676 1046 rerum
2723 993 3026 1050 Divinarum
3059 997 3187 1064 fuit,
3214 999 3303 1069 qui
3333 1000 3634 1056 conﬁrmati
3675 1019 3771 1072 pro
3799 1021 3907 1058 no-

2297 1084 2441 1137 mine
2482 1084 2692 1140 Domini
2735 1104 2834 1143 nec
2875 1106 3125 1146 carceres
3173 1109 3270 1148 nec
3321 1095 3528 1149 vincula
3579 1098 3904 1165 timuerunt;

2299 1179 2426 1247 quin
2459 1178 2626 1234 immo
2665 1181 2806 1251 ipsas
2833 1185 3014 1239 smculi
3045 1196 3335 1255 potestates
3365 1201 3420 1244 et
3443 1198 3701 1245 tormenta
3729 1192 3910 1248 calca-

2297 1279 2517 1336 verunt,
2552 1276 2742 1328 armati
2769 1274 2882 1344 jatn
2922 1277 3128 1332 scilicet
3157 1295 3251 1348 per
3284 1280 3458 1350 ipsum
3483 1292 3644 1352 atque
3674 1285 3905 1352 ﬁrmati,

2297 1363 2556 1420 habentes
2585 1367 2636 1420 in
2663 1383 2721 1422 se
2751 1369 2911 1435 dona,
2941 1387 3060 1441 qua:
3090 1372 3173 1427 hic
3218 1373 3358 1429 idem
3393 1375 3622 1445 Spiritus
3651 1378 3909 1436 Ecclesia:

2296 1458 2492 1512 Christi
2519 1475 2729 1528 Sponsae
2758 1464 2907 1531 quasi
2936 1465 3180 1535 qu'edam
3205 1480 3518 1524 ornamenta
3549 1470 3825 1526 diSIribuit
3853 1483 3909 1530 et

2295 1552 2488 1621 dirigit.
2521 1552 2617 1608 Hic
2635 1565 2715 1609 est
2738 1559 2879 1611 enim
2911 1559 3000 1628 qui
3027 1559 3323 1629 Prophetas
3345 1561 3398 1616 in
3426 1562 3666 1619 Ecclesia
3694 1569 3908 1622 consti-

2297 1645 2415 1712 tuit,
2446 1645 2724 1717 Magistros
2753 1650 2961 1716 erudit,
2995 1651 3204 1722 linguas
3233 1654 3441 1725 dirigit.
3475 1658 3706 1712 virtutes
3731 1669 3786 1714 et
3816 1676 3908 1714 sa-

585 1747 694 1790 tum
725 1744 994 1798 sanctum;
1024 1749 1241 1798 quarunt
1269 1733 1565 1785 remiseritis
1596 1743 1821 1801 peccata,
1847 1745 1992 1787 erunt
2017 1735 2194 1787 remis-
2224 1741 2270 1799 Β
2299 1738 2492 1794 nitates
2523 1739 2666 1806 facit,
2701 1757 2864 1812 opera
2909 1745 3172 1800 mirabilia
3202 1749 3374 1818 gerit,
3403 1750 3766 1807 discretiones
3793 1755 3906 1824 spi-

583 1847 673 1894 8.1;
701 1840 746 1882 et
776 1843 991 1897 quarunt
1023 1826 1361 1887 retinneritis,
1407 1833 1552 1877 erunt
1598 1835 1790 1877 retenta
1832 1826 1966 1895 (Act.
2002 1843 2058 1890 ιι,
2102 1827 2188 1880 17.

587 1920 745 1974 Joan.
779 1935 868 1982 xx,
893 1916 1118 1988 22,923).
1148 1918 1299 1971 llum:
1325 1927 1503 1970 autem
1524 1917 1780 1985 Spiritum
1811 1931 2056 1973 sanctum
2091 1920 2195 1972 Du-

583 2013 762 2069 miuus
788 2013 1036 2067 Christus
1064 2010 1224 2064 modo
1261 2009 1440 2081 (Joan.
1473 2025 1584 2072 xw,
1622 2009 1708 2074 16,
1741 2009 1828 2080 17)
1870 2010 2192 2064 Paraclitum

581 2105 836 2174 appellat,
863 2102 1023 2156 modo
1051 2099 1306 2171 Spiritum
1331 2102 1554 2154 veritatis
1580 2115 1701 2156 esse
1733 2102 2072 2172 pronuntiat;
2099 2105 2189 2172 qui

582 2211 690 2250 non
714 2206 797 2250 est
824 2195 874 2248 iu
904 2193 1196 2260 Evangelio
1226 2209 1416 2257 novus,
1448 2193 1542 2248 sed
1565 2209 1820 2249 necuove
1845 2195 2002 2250 datus
2027 2214 2039 2249 :
2068 2213 2188 2251 nam

581 2290 668 2344 hic
688 2291 801 2359 ipse
832 2297 887 2344 et
915 2290 965 2343 in
989 2287 1272 2357 Prophetis
1297 2287 1550 2358 populum
1575 2290 1862 2352 accusavit,
1884 2300 1939 2344 et
1963 2290 2014 2344 in
2044 2290 2192 2360 Apo-

578 2381 733 2435 stolis
747 2380 1152 2434 advocationem
1167 2378 1426 2434 Gentibus
1447 2380 1855 2448 pra:stitit.Nam
1879 2381 1950 2435 illi
1970 2392 2190 2437 utaccu-

581 2483 832 2528 sareutur
861 2474 1224 2538 merebantur,
1259 2473 1381 2541 quia
1409 2483 1848 2543 contempserant
1871 2475 2069 2544 Legem
2096 2494 2107 2529 :
2135 2486 2190 2530 et

579 2565 670 2636 qui
700 2581 764 2620 ex
794 2564 1056 2620 Gentibus
1085 2565 1331 2630 credunt,
1364 2575 1418 2618 ut
1447 2565 1747 2634 patrocinio
1773 2567 2002 2636 Spiritus
2030 2568 2154 2639 adju
2173 2600 2188 2610 -

585 2669 783 2712 ventur
829 2668 1126 2724 merentur,
1181 2659 1302 2728 quia
1351 2657 1418 2713 ad
1471 2658 1854 2729 Evangelicatu
1899 2664 2189 2732 pervenire

579 2753 815 2822 gestiunt
842 2751 1034 2820 legem.
1065 2750 1366 2807 [)ili'erentia
1399 2767 1528 2806 sane
1556 2753 1608 2806 in
1635 2754 1729 2807 illo
1756 2770 1953 2824 genera
1983 2755 2187 2810 officio-

578 2861 696 2899 rum
721 2862 734 2898 :
755 2844 1001 2913 quoniam
1025 2845 1076 2898 in
1094 2844 1423 2912 temporibus
1441 2843 1694 2899 dilferens
1716 2846 1850 2900 ratio
1866 2861 2148 2903 causarum
2169 2866 2183 2902 :

581 2953 684 2992 nec
711 2953 778 2991 ex
807 2936 907 2990 hoc
937 2947 1111 2990 tamen
1142 2935 1258 3006 ipse
1305 2937 1318 2966 ¹
1371 2935 1638 3000 diversus,
1668 2938 1760 3007 qui
1786 2938 1902 2994 haec
1927 2939 2003 2994 sic
2027 2941 2184 3010 gerit;

577 3045 680 3084 nec
704 3029 841 3082 alter
869 3039 973 3094 εει,
1006 3028 1132 3082 (1ιιιιι
1164 3027 1241 3082 sic
1280 3028 1385 3098 agit
1414 3047 1425 3081 :
1453 3029 1551 3083 sed
1583 3045 1722 3104 unus
1747 3043 1906 3100 atque
1933 3034 2046 3101 ipse
2077 3046 2180 3100 est,

2295 1832 2491 1886 rituum
2543 1834 2792 1905 porrigit,
2833 1839 3249 1906 guliernittioucs
3292 1844 3620 1907 contribuit,
3668 1847 3893 1901 consilia

2295 1926 2547 1995 suggerit,
2573 1943 2799 1998 quaeque
2827 1929 2925 1982 alia
2955 1940 3081 1985 sunt
3102 1931 3482 1988 charismatum
3511 1937 3650 1991 dona
3684 1954 3908 2007 compo-

2294 2019 2370 2072 nit
2399 2029 2453 2073 et
2476 2019 2706 2090 digerit;
2739 2032 2792 2076 et
2818 2023 2939 2078 ideo
2973 2025 3270 2080 Ecclesiam
3308 2027 3517 2083 Domini
3548 2031 3802 2102 undique,
3849 2043 3909 2089 et

2293 2113 2345 2166 in
2377 2112 2628 2168 omnibus
2662 2113 2955 2183 perfectam
2984 2126 3038 2172 et
3064 2132 3489 2175 consummatam
3517 2123 3655 2177 facit.
3687 2123 3782 2179 Hic
3814 2135 3907 2180 est

2293 2205 2384 2274 qui
2415 2207 2467 2259 in
2497 2207 2714 2261 modum
2744 2209 3032 2275 columbae,
3066 2221 3411 2283 posteaquam
3444 2215 3697 2271 Dominus
3723 2218 3906 2286 bapti-

2293 2307 2445 2350 zatus
2472 2305 2574 2363 est,
2609 2313 2772 2367 super
2799 2314 2920 2353 eum
2952 2302 3099 2356 venit
3123 2311 3177 2356 et
3200 2305 3395 2359 mansit
3422 2305 3633 2376 (Matth.
3663 2325 3744 2374 ιιι,
3780 2309 3902 2379 16),

2294 2385 2538 2442 habitans
2572 2390 2624 2442 in
2655 2389 2773 2444 solo
2792 2389 3007 2446 Christo
3030 2393 3220 2463 plenus
3241 2407 3294 2450 et
3324 2407 3487 2465 totus,
3519 2414 3617 2455 nec
3643 2401 3697 2455 in
3726 2403 3903 2473 aliqua

2292 2494 2545 2534 mensura
2575 2491 2670 2536 aut
2717 2485 2967 2552 portione
3019 2487 3332 2552 mutilatos,
3367 2489 3460 2543 sed
3489 2505 3613 2544 cum
3665 2499 3772 2547 tota
3805 2511 3899 2549 sua

2293 2573 2648 2630 redundantia
2695 2576 2716 2606 ⁸
2763 2579 3035 2634 cumulate
3077 2581 3392 2638 distributus
3421 2594 3475 2640 et
3501 2586 3733 2653 missus;
3763 2597 3905 2644 utex

2290 2665 2382 2718 illo
2410 2665 2793 2724 delibationem
2837 2672 3126 2741 quamdam
3157 2675 3448 2741 gratiarum
3481 2679 3665 2733 creteri
3705 2695 3899 2735 conse-

2289 2758 2378 2828 qui
2426 2760 2663 2828 pOssint;
2709 2763 2872 2818 totius
2911 2765 3084 2820 saneti
3130 2767 3364 2837 Spit-itus
3403 2769 3455 2824 in
3490 2770 3708 2827 Chrisw
3758 2775 3903 2832 foutc

2289 2862 2634 2920 remanente,
2669 2863 2727 2908 ut
2751 2870 2816 2910 ex
2857 2857 2948 2911 illo
2989 2858 3254 2914 donorum
3291 2872 3448 2933 atque
3481 2879 3708 2933 operum
3739 2883 3892 2923 vena:

2287 2942 2634 3013 ducerentur,
2669 2949 2870 3019 Spiritu
2908 2962 3096 3008 sancto
3127 2954 3179 3009 in
3225 2953 3441 3011 Christo
3482 2958 3774 3017 afﬂuenter
3799 2963 3899 3018 ha.

2287 3038 2512 3096 hitante.
2547 3041 2663 3099 Hoc
2690 3047 2891 3101 etenim
2929 3047 3040 3118 jam
3094 3050 3425 3120 prophetans
3473 3052 3640 3111 Isaias
3684 3059 3901 3114 aiebat:

578 3121 824 3176 dividens
846 3118 1020 3174 ofﬁcia
1045 3135 1138 3175 sua
1166 3137 1262 3192 per
1292 3133 1554 3191 tempora,
1583 3132 1635 3178 et
1665 3139 1841 3178 rerum
1871 3128 2180 3183 (reensioues
2209 3133 2253 3193 (1
2289 3132 2355 3187 Et
2402 3134 2423 3164 ⁵
2474 3138 2770 3208 requiescet,
2830 3141 3022 3212 inquit,
3054 3161 3208 3213 super
3236 3162 3351 3200 eum
3383 3146 3609 3216 Spiritus
3633 3154 3902 3222 sapientia:

578 3223 740 3284 atque
763 3223 1052 3268 momenta.
1077 3215 1314 3284 Denique
1335 3216 1620 3286 Apostolus
1643 3216 1839 3272 Paulus
1866 3235 1877 3270 :
1907 3217 2178 3283 Habentes,

579 3307 771 3377 inquit,
802 3307 1030 3361 eumdem
1063 3307 1348 3379 Spiritum,
1381 3307 1508 3368 sicut
1551 3310 1796 3378 scriptum
1835 3320 1915 3365 est
1943 3311 2184 3366 :Credidi

581 3411 790 3470 propter
818 3401 954 3470 quod
984 3401 1183 3454 locutus
1205 3417 1351 3464 sum;
1382 3412 1426 3454 et
1456 3418 1545 3455 nos
1574 3404 1846 3466 credimus,
1874 3405 1985 3458 ideo
2013 3408 2180 3477 loqui-

581 3511 696 3548 mur
725 3492 792 3565 (ΙΙ
824 3494 939 3548 Cor.
976 3509 1054 3558 IV,
1087 3491 1198 3565 15).
1236 3494 1384 3549 Unus
1408 3512 1536 3564 ergo
1563 3508 1617 3550 et
1648 3497 1785 3552 idem
1815 3499 2064 3568 Spiritus,
2093 3503 2182 3572 qui

580 3587 638 3641 in
670 3585 947 3655 Prophetis
964 3596 1018 3641 et
1039 3586 1339 3655 Apostolis;
1364 3587 1462 3641 ni~i
1485 3590 1732 3658 quoniam
1758 3591 1828 3644 ibi
1853 3593 1918 3646 ad
1943 3610 2182 3649 incruen-

582 3688 716 3744 tum,
753 3679 869 3732 heic
907 3695 1141 3750 semper.
1173 3679 1440 3736 Carterum
1487 3682 1590 3748 ibi,
1635 3698 1740 3738 non
1788 3695 1843 3739 ut
1887 3702 2100 3758 semper
2130 3689 2180 3743 in

578 3770 685 3826 illis
715 3773 914 3826 inesset
942 3791 953 3826 :
983 3773 1100 3828 heic
1120 3816 1134 3838 ,
1167 3783 1222 3827 ut
1249 3774 1300 3827 iu
1333 3775 1439 3829 illis
1477 3790 1692 3847 semper
1724 3793 1967 3836 maneret
1993 3801 2006 3837 :
2031 3795 2086 3837 et
2112 3784 2183 3839 ibi

582 3863 924 3920 mediocriter
950 3865 1264 3921 distributus
1288 3909 1301 3928 ,
1332 3866 1454 3922 heic
1496 3877 1637 3924 totus
1667 3869 1868 3927 ell‘usus
1892 3890 1906 3938 ;
1932 3874 2000 3929 ibi
2030 3893 2186 3945 parce

583 3956 763 4024 datus,
793 3957 910 4012 heic
931 3959 1077 4028 large
1101 3961 1500 4026 commodatus;
1530 3977 1630 4017 nec
1653 3972 1830 4018 tamen
1859 3975 1982 4022 ante
2009 3983 2189 4024 resur-

585 4054 887 4110 remiouem
916 4053 1124 4108 Domini
1153 4055 1449 4121 exhibitas,
1479 4057 1572 4111 sed
1623 4060 1642 4088 ³
1690 4071 1809 4129 post
1841 4065 2189 4118 resurrectio-

585 4163 710 4202 nem
738 4147 932 4202 Christi
977 4149 1332 4204 contributus.
1387 4150 1596 4221 Rogabo
1629 4155 1768 4207 enim
1798 4196 1812 4220 ,
1841 4157 2046 4223 aiebat,
2082 4159 2188 4213 Pn-

591 4249 716 4294 trem
750 4258 767 4294 .·
788 4252 831 4295 et
859 4241 1015 4295 alium
1056 4244 1357 4298 advocatum
1387 4244 1524 4297 dabit
1552 4247 1688 4300 vobis
1714 4289 1726 4309 ,
1760 4259 1814 4300 ut
1847 4252 2095 4306 vobiscum
2127 4257 2192 4309 sit

589 4332 645 4386 in
666 4344 932 4399 aeternum,
959 4334 1212 4402 Spiritum
1239 4335 1462 4390 veritatis
1491 4337 1668 4407 (Joan.
1701 4355 1808 4404 xw,
1835 4342 1922 4407 16,
1953 4343 2066 4408 17).
2094 4346 2188 4400 Et:

593 4422 722 4479 Cum
749 4426 935 4478 venerit
959 4424 1236 4480 advocatus
1267 4427 1372 4494 ille,
1405 4445 1552 4498 quem
1581 4446 1673 4498 ego
1697 4432 1943 4486 missurus
1970 4452 2082 4489 sum
2109 4454 2195 4492 vo—

2288 3240 2334 3282 et
2357 3231 2663 3299 intellectus,
2689 3233 2918 3303 Spiritus
2941 3238 3144 3292 consilii
3171 3249 3218 3293 et
3239 3240 3455 3306 virtutis,
3485 3241 3715 3313 Spiritus
3743 3248 3906 3302 scien-

2289 3324 2372 3376 tia:
2402 3335 2447 3378 et
2479 3327 2704 3394 pietatis,
2751 3338 2796 3382 et
2841 3331 3067 3400 implebit
3111 3349 3226 3386 eum
3278 3335 3506 3406 Spiritus
3547 3339 3742 3393 timoris
3794 3339 3902 3397 Dei

2290 3415 2438 3486 (Isa.
2472 3433 2544 3480 ιιι,
2577 3419 2632 3482 2,
2658 3421 2738 3490 5).
2771 3421 2883 3476 [loc
2915 3423 3053 3478 idem
3081 3436 3240 3495 atque
3271 3428 3443 3497 ipsum
3474 3431 3652 3485 etalio
3680 3432 3730 3485 in
3769 3433 3895 3488 loco

2288 3523 2354 3562 ex
2387 3524 2611 3577 persona
2642 3513 2808 3579 ipsius
2837 3514 3043 3570 Domini
3072 3535 3084 3570 :
3115 3518 3342 3589 Spiritus
3375 3519 3576 3575 Domini
3629 3541 3783 3593 super
3814 3542 3898 3580 me

2289 3614 2496 3672 prapter
2517 3605 2654 3674 quod
2683 3608 2828 3661 unxit
2871 3625 2982 3675 me,
3013 3613 3363 3683 euangelizare
3413 3618 3717 3685 pauperibus
3762 3620 3905 3674 misit

2289 3711 2367 3748 me
2395 3695 2544 3768 (lsa.
2577 3714 2690 3764 ικι,
2721 3701 2793 3769 1).
2827 3701 3088 3758 Similiter
3113 3705 3276 3761 David
3304 3725 3317 3760 :
3345 3706 3630 3776 Pr0pterea
3655 3714 3804 3766 unxit
3831 3725 3903 3779 te,

2292 3787 2449 3854 Deus,
2485 3788 2625 3844 Deus
2652 3800 2770 3847 tuus
2800 3795 2912 3849 oleo
2956 3795 3152 3852 ltetitiw
3185 3816 3216 3851 a
3245 3802 3567 3856 consortibus
3597 3805 3697 3858 tuis
3729 3803 3911 3878 (Psal.

2292 3898 2436 3949 xuv,
2468 3883 2546 3955 8).
2587 3886 2658 3941 De
2693 3887 2794 3942 hoc
2831 3893 3105 3959 apostolus
3136 3893 3332 3949 Paulus
3363 3914 3376 3948 :
3409 3897 3512 3963 Qui
3539 3899 3672 3952 enim
3720 3899 3899 3967 Spiri-

2290 3984 2398 4029 tum
2427 3976 2617 4031 Christi
2645 3997 2744 4034 non
2773 3981 2941 4048 habet,
2972 3984 3053 4036 hic
3082 4001 3184 4038 non
3215 3996 3285 4040 est
3323 3992 3434 4058 ejus
3467 3989 3644 4060 (Rom.
3677 4007 3788 4055 vni,
3817 3990 3905 4063 9).

2293 4068 2362 4122 Et
2391 4086 2402 4121 :
2435 4068 2533 4124 Ubi
2562 4070 2789 4141 Spiritus
2819 4074 3061 4142 Domini,
3096 4078 3164 4132 ibi
3189 4079 3394 4134 libertas
3427 4080 3494 4150 (ll
3520 4079 3640 4138 Cor.
3672 4099 3750 4150 ιιι,
3783 4086 3908 4156 17).

2296 4162 2393 4216 llic
2421 4174 2504 4219 est
2531 4165 2619 4234 qui
2646 4178 2901 4234 cperatur
2931 4185 2996 4224 ex
3025 4171 3178 4239 aquis
3205 4172 3495 4228 secundam
3526 4176 3859 4232 nativitatem
3884 4220 3902 4245 ,

2295 4270 2480 4310 semen
2511 4257 2778 4326 qtmddam
2807 4259 2974 4314 divini
3003 4263 3240 4332 generis,
3273 4274 3324 4318 et
3352 4277 3711 4323 consecratur
3735 4271 3909 4326 caele-

2297 4346 2394 4399 stis
2418 4348 2730 4413 nativitatis,
2753 4351 2945 4421 pignus
2965 4356 3247 4422 promissae
3268 4356 3599 4414 luereditatis
3619 4359 3840 4433 (Ephes.
3864 4379 3905 4429 t,

2301 4436 2413 4508 14),
2433 4442 2654 4510 etquasi
2685 4443 3106 4515 chirographum
3131 4449 3399 4518 quoddam
3429 4461 3649 4507 wterna:
3677 4455 3906 4519 salutis;

590 4516 667 4571 bis
693 4533 725 4569 a
755 4515 914 4570 Patre
941 4534 1049 4572 meo
1074 4559 1088 4580 ,
1123 4517 1376 4588 Spiritum
1402 4523 1624 4575 veritatis
1650 4563 1663 4587 ,
1696 4525 1782 4592 qui
1811 4524 1873 4578 de
1901 4524 2059 4580 Patre
2084 4546 2194 4584 meo
2219 4533 2272 4592 D
2297 4531 2386 4598 qui
2422 4547 2520 4586 nos
2539 4531 2805 4588 Deifaciat
2831 4539 3088 4607 templum
3113 4515 3160 4611 (l
3185 4538 3305 4595 Cor.
3324 4557 3398 4605 vr,
3433 4543 3548 4613 19),
3580 4553 3636 4599 et
3657 4562 3756 4601 nos
3787 4547 3910 4617 ejus

593 4608 820 4678 procedit
851 4608 1032 4678 (Joan.
1066 4627 1153 4674 xv,
1187 4610 1299 4680 26).
1336 4613 1398 4666 Et
1424 4632 1437 4668 :
1465 4614 1523 4668 Si
1551 4632 1650 4668 non
1676 4617 1846 4670 abiero
1877 4635 2000 4688 ego,
2033 4624 2193 4677 advo-

591 4710 736 4755 catus
768 4703 851 4756 ille
871 4720 971 4757 non
995 4706 1155 4759 veniet
1175 4708 1242 4758 ad
1264 4724 1349 4761 vos
1373 4724 1390 4760 :
1416 4709 1459 4760 si
1485 4720 1652 4762 autem
1683 4727 1775 4781 ego
1801 4713 1989 4779 abiero,
2022 4721 2195 4772 remit-

594 4804 701 4850 tam
731 4794 876 4849 illum
901 4798 968 4850 ad
998 4814 1083 4854 vos
1114 4799 1290 4869 (Joan.
1327 4816 1436 4866 xvr,
1475 4802 1548 4870 ἷ).
1585 4801 1644 4855 Et
1673 4820 1684 4854 :
1711 4803 1836 4857 Cum
1863 4809 2051 4861 venerit
2076 4810 2198 4880 Spi-

2297 4621 2496 4677 efﬁciat
2525 4624 2739 4680 donmm
2763 4644 2777 4691 ;
2808 4630 2898 4698 qui
2921 4629 3224 4700 interpellat
3254 4633 3464 4691 divinas
3491 4653 3651 4693 aures
3684 4657 3782 4710 pro
3807 4658 3910 4696 no-

2299 4717 2383 4771 bis
2408 4718 2692 4787 gemitibus
2722 4721 3125 4793 ineloquacibus
3155 4725 3332 4795 (Rom.
3363 4745 3476 4796 vin,
3503 4729 3598 4798 26)
3618 4773 3632 4796 ,
3663 4733 3904 4790 advoca-

2302 4809 2462 4866 tionis
2490 4812 2718 4884 implens
2743 4816 2940 4885 ofﬁcia,
2979 4827 3032 4874 et
3060 4818 3395 4878 defensionis
3425 4824 3692 4883 exhibens
3713 4845 3914 4887 mune-

1761 4960 2136 5022 GALLANDII
2163 4969 2719 5032 COMMENTARIUS.

597 5078 756 5133 Joan.
787 5093 840 5140 χ,
873 5074 962 5140 $0,
993 5081 1046 5127 et
1072 5087 1178 5137 xw,
1211 5072 1265 5148 9,
1293 5071 1356 5124 de
1383 5071 1594 5148 quibus,
1624 5073 2014 5148 inquitauetor,
2037 5082 2188 5148 quasi

599 5149 668 5204 de
699 5150 906 5203 duobus
933 5146 1118 5219 oculis
1145 5143 1359 5219 gavisus
1396 5152 1479 5197 cst
1526 5145 1807 5219 luereticus
1840 5163 1852 5199 :
1880 5159 1934 5200 at
1955 5143 2183 5219 quorum

598 5237 742 5276 unus
781 5220 828 5274 ei
879 5219 980 5271 hnc
1002 5215 1178 5277 capite
1207 5214 1433 5270 effossus
1461 5227 1559 5277 est,
1594 5217 1730 5272 alter
1760 5214 2000 5283 proxime
2028 5234 2181 5278 ante-

596 5294 843 5347 cedente.
879 5289 1146 5344 Weucuu.
1183 5317 1251 5362 7-
1277 5290 1406 5352 Quae
1435 5288 1650 5356 quidem
1706 5292 1968 5362 sententia
2020 5311 2183 5362 qutun

597 5367 744 5421 serio
768 5363 1076 5432 attendenti
1097 5359 1231 5413 Satis
1257 5367 1438 5432 aperta
1483 5369 1754 5432 noscatur,
1790 5361 1929 5416 haud
1958 5359 2186 5432 proinde

598 5435 965 5504 recipiendum
1001 5431 1204 5484 videtur
1223 5430 1362 5504 quod
1395 5431 1590 5497 placuit
1613 5430 1901 5495 Jarksouo;
1929 5430 2184 5493 sialuenli

596 5502 850 5560 nimirqu
908 5518 1086 5558 veram
1139 5517 1260 5578 esse
1328 5502 1606 5578 lectionem
1655 5504 1831 5570 e/fusis
1890 5509 2182 5578 luminibus,

597 5592 754 5644 quam
797 5575 1013 5644 exhibet
1044 5588 1142 5630 ms.
1174 5570 1432 5644 Wowet'i.

667 5646 793 5705 Car.
832 5642 1118 5700 ΧΧΙΧ.-
1144 5649 1159 5678 ί
1204 5642 1468 5706 Diversus.
1517 5644 1803 5721 Dividitur,
1842 5648 2111 5721 Gagnmns
2136 5661 2190 5706 et

587 5713 923 5784 Fmbenius,
965 5731 1095 5783 quos
1144 5721 1368 5775 secutus
1420 5725 1510 5783 cst
1553 5713 1955 5781 Welclnnanus'.
2011 5725 2192 5783 Fluxit

2290 5083 2520 5164 diuersus
2546 5103 2738 5164 ex__rns.
2766 5090 2975 5162 Anglic.
3007 5103 3059 5148 et
3082 5112 3186 5151 non
3217 5103 3555 5158 mutandum.
3587 5105 3847 5164 JACKSON.

2361 5158 2384 5242 ξ
2398 5156 2557 5240 ,Ρρδμ
2613 5160 2776 5242 uane
2803 5156 2988 5218 vocem
3034 5171 3260 5242 requirit
3281 5173 3386 5229 loci
3409 5156 3567 5242 rats,
3591 5156 3912 5238 ὲῖἱὲξῖἷιυιι

2295 5227 2536 5306 Latinius
2569 5247 2664 5306 pro
2695 5233 2848 5306 editt.
2881 5254 2989 5306 per.
3034 5237 3111 5293 In.

2361 5298 2381 5328 ³
2423 5299 2690 5380 Cumulnte
2714 5298 3040 5380 distributus
3089 5324 3136 5365 et
3184 5314 3390 5369 missus.
3423 5317 3496 5372 Ita
3529 5319 3809 5377 Pamelius
3834 5340 3907 5380 ex

2291 5386 2393 5447 ius.
2424 5372 2557 5447 God.
2592 5375 2799 5442 Anglic.
2831 5396 2952 5447 qme
2979 5384 3208 5447 genuina
3249 5386 3407 5442 lectio
3444 5372 3903 5447 vitulum—(ium;

2291 5443 2696 5530 ίίέίθ.ί¹ξ¹¹’¹ί⁸³“⁵ο
2728 5443 3002 5520 διιείιίυιιέ
3022 5464 3075 5508 et
3101 5455 3378 5523 Gelenius,
3406 5443 3908 5530 duossecutvuhsnest

2294 5512 2703 5572 Welclunauus.

2363 5585 2383 5616 ‘
2423 5587 2790 5679 I'i‘e'quiescetzu
2840 5594 3120 5679 implebit.)
3153 5598 3293 5679 Editi
3342 5604 3678 5679 requiescit...
3716 5608 3903 5679 imple-

2293 5657 2381 5750 vit.
2436 5659 2537 5714 Ubi
2589 5662 2843 5745 tuendum
2890 5657 3204 5750 suspicatus
3241 5657 3900 5750 l’ameltus:Atquevriia

2294 5735 2498 5786 textum
2529 5734 2886 5794 restituerunt
2914 5739 3150 5798 editores
3177 5743 3479 5819 Anglicani.
