4260 6266
371 377 480 433 945

1671 374 1758 430 DE
1785 372 2158 431 TRINITATE
2199 371 2424 427 LIBER.

3575 371 3680 430 946

370 510 465 561 ra;
489 493 820 550 inliabitator
844 492 1162 564 corporibus
1176 494 1377 548 nostris
1401 491 1970 559 datus,etsanctitatis
1997 497 2045 555 Α
2074 490 2323 553 destruit,
2355 505 2638 558 perversos
2669 490 2908 560 corrigit,
2936 488 3182 545 inﬁdeles
3221 490 3424 562 arguit,
3457 490 3680 545 simula-

374 587 601 644 eii'ector
624 605 636 640 :
661 589 746 656 qui
781 585 831 640 id
863 600 1029 654 agens
1061 586 1111 638 in
1141 586 1295 640 nobis
1324 586 1389 639 ad
1418 587 1796 647 aeternitatem,
1828 594 1881 639 et
1908 583 1974 638 ad

376 680 831 737 resurrectionem
863 679 1281 734 immortalitatis
1307 695 1532 749 corpora
1565 688 1744 733 nostra
1775 677 1974 748 produ-

376 787 485 840 cat,
517 775 644 830 dum
680 774 768 828 illa
802 774 853 828 in
881 789 942 828 se
965 775 1250 830 assuefacit
1273 790 1394 829 cum
1421 775 1626 829 cmlesti
1654 775 1849 830 virtute
1881 774 1976 828 iiii-

377 869 548 935 sceri,
578 879 631 922 et
673 883 795 922 cum
832 866 1062 937 Spiritus
1092 869 1263 924 sancti
1308 869 1486 923 divina
1544 869 1843 923 :eternitate
1885 883 1974 922 so-

377 963 529 1017 ciari.
562 961 896 1016 Erudiuntur
925 962 1065 1015 enim
1095 962 1146 1015 in
1177 963 1266 1016 illo
1286 1004 1299 1024 ,
1328 972 1382 1016 et
1412 977 1508 1032 per
1553 962 1724 1031 ipsum
1751 976 1977 1032 corpora

378 1069 560 1114 nostra
588 1058 655 1112 ad
685 1057 1143 1112 immortalitatem
1181 1057 1442 1127 prolicere
1464 1099 1477 1120 ,
1508 1057 1633 1111 dum
1662 1058 1728 1111 ad
1760 1057 1976 1112 decreta

381 1151 546 1221 ipsius
575 1149 789 1204 discunt
811 1166 869 1204 se
896 1151 1239 1205 moderanter
1261 1160 1582 1220 temperare.
1607 1151 1703 1205 Hic
1727 1161 1806 1206 est
1833 1152 1976 1204 enim

380 1245 468 1314 qui
496 1253 672 1296 contra
701 1259 903 1298 carnem
955 1244 1243 1310 desiderat,
1271 1245 1394 1314 quia
1440 1261 1560 1297 caro
1587 1256 1764 1298 contra
1810 1245 1979 1315 ipsum

380 1347 630 1408 repugnat
659 1336 800 1408 (Cal.
828 1353 881 1401 v,
913 1336 1024 1406 l7).
1057 1338 1152 1391 Hic
1179 1350 1262 1392 est
1291 1339 1377 1408 qui
1406 1339 1755 1408 inexplebiles
1775 1338 1979 1409 cupidi-

384 1438 518 1482 tates
543 1438 776 1493 coercet,
807 1429 1186 1484 immoderatas
1215 1430 1459 1485 libidines
1502 1430 1697 1501 frangit
1721 1472 1736 1494 ,
1767 1431 1980 1485 illicitos

381 1521 602 1577 ardores
628 1523 910 1592 extinguit,
943 1521 1231 1592 ﬂagrantes
1260 1523 1489 1591 impetus
1517 1524 1713 1587 vincit,
1744 1524 1977 1578 ebrieta-

384 1623 463 1668 tes
504 1614 669 1683 rejicit
690 1655 704 1679 ,
733 1613 989 1667 avaritias
1020 1614 1262 1684 repellit,
1297 1615 1598 1669 luxuriosas
1623 1616 1978 1671 comessatio-

384 1722 480 1762 nes
525 1712 539 1738 ¹
587 1707 752 1776 fugat,
797 1706 1086 1763 cbaritates
1105 1710 1288 1774 nectit,
1312 1709 1620 1764 allectiones
1641 1711 1978 1779 constringit,

384 1810 562 1855 sectas
590 1801 836 1870 repellit,
867 1803 1106 1872 regulam
1139 1802 1379 1856 veritatis
1410 1803 1621 1872 expedit
1647 1845 1660 1867 ,
1697 1803 1981 1856 ilil‘t‘t‘thtis

2082 593 2227 636 tores
2253 581 2508 645 ostendit,
2545 583 2818 653 improbos
2845 599 3056 654 quoque
3086 583 3344 652 corrigit,
3377 582 3675 638 Ecclesium

2080 676 2446 745 incorruptam
2491 687 2543 730 et
2586 676 2927 741 inviolatam,
2966 686 3238 746 perpetua:
3278 676 3598 748 virginitatis
3628 686 3684 730 et

2081 769 2320 824 veritatis
2350 768 2633 824 sanctitate
2660 770 2916 825 custodit.

2670 881 2896 938 CAPUT
2937 881 3106 936 XXX.

2084 1018 2310 1088 Denique
2359 1028 2604 1090 quantum
2652 1019 2777 1072 dicti
2821 1019 3045 1073 haeretici
3085 1023 3271 1074 erroris
3311 1021 3389 1074 sui
3432 1021 3679 1092 originem

2154 1111 2270 1164 inde
2290 1112 2574 1180 rapueriut,
2600 1112 2734 1181 quod
2761 1111 3216 1166 animadverterent
3243 1114 3487 1181 scriptum
3511 1131 3529 1166 :
3550 1129 3685 1168 unus

2160 1204 2299 1259 Deus
2325 1221 2337 1256 :
2363 1205 2452 1257 etsi
2481 1203 2737 1258 Christum
2770 1204 2929 1258 Deum
2961 1219 3004 1257 et
3030 1206 3234 1258 Patrem
3255 1205 3416 1259 Deum
3435 1206 3686 1272 dicamus,

2155 1308 2255 1344 non
2285 1293 2446 1362 magis
2473 1302 2639 1345 tamen
2665 1293 2792 1345 duos
2823 1290 2961 1345 Deos
2993 1292 3321 1362 Scripturum
3363 1310 3650 1364 proponere
3671 1335 3684 1358 ,

2155 1399 2305 1452 quam
2334 1383 2460 1438 duos
2491 1383 2735 1437 Domitios
2763 1395 2850 1436 aut
2877 1385 3005 1438 duos
3022 1384 3320 1455 Magistros.

2155 1542 2223 1596 Et
2252 1543 2271 1573 ³
2297 1543 2410 1595 hare
2450 1542 2664 1610 quidem
2702 1541 2769 1596 de
2815 1543 2969 1596 Patre
2990 1543 3126 1597 etde
3150 1543 3288 1598 Filio
3313 1552 3362 1597 et
3392 1544 3458 1598 dc
3487 1544 3686 1615 Spiritu

2084 1645 2272 1687 sancto
2301 1633 2536 1688 breviter
2562 1635 2666 1688 sint
2695 1635 2850 1688 nobis
2879 1635 3041 1699 dicta,
3075 1644 3127 1689 ct
3151 1636 3377 1690 strictim
3413 1637 3602 1706 posita,
3633 1648 3689 1691 et

2085 1741 2190 1779 non
2221 1725 2372 1795 longa
2402 1724 2765 1793 disputatione
2798 1737 3061 1796 porrecta.
3105 1727 3288 1781 Latius
3319 1729 3461 1782 enim
3495 1738 3684 1797 potuc-

2086 1828 2211 1872 runt
2239 1819 2464 1889 porrigi,
2506 1830 2557 1873 et
2609 1821 2628 1849 ⁸
2675 1822 3025 1888 propensiore
3052 1820 3414 1891 disputatian
3439 1822 3680 1892 produci;

384 1893 638 1954 revincit.
673 1895 943 1964 improbos
976 1895 1118 1949 foras
1147 1897 1370 1964 expuit,
1404 1897 1690 1966 Evangelia
1719 1897 1974 1952 custodit.

2092 1909 2515 1979 quandoquidem
2559 1911 2625 1964 ad
2670 1912 3068 1970 testimonium.
3109 1914 3250 1982 quod
3298 1917 3366 1968 ita
3399 1930 3455 1969 se
3499 1917 3691 1970 haheat.

385 1985 463 2040 De
518 1988 619 2040 hoc
644 1989 664 2018 ’
694 1988 831 2042 idem
856 1988 1148 2056 Apostolus
1177 2008 1188 2043 :
1225 1988 1343 2043 Non
1376 1991 1506 2043 enim
1532 1992 1762 2060 spiritum
1805 1993 1980 2045 mundi

383 2079 688 2148 accepimus,
717 2081 804 2134 sed
833 2079 1084 2147 Spiritum
1110 2083 1197 2153 qui
1225 2079 1298 2136 ea?
1327 2100 1382 2136 eo
1409 2093 1480 2137 est
1511 2084 1527 2152 (
1554 2084 1566 2136 Ι
1601 2083 1719 2138 Cor.
1766 2101 1820 2151 ll,
1854 2085 1978 2154 12).

382 2171 460 2225 De
489 2172 588 2225 hoc
615 2171 836 2235 exultat,
872 2181 926 2226 et
949 2172 1077 2227 dicit
1108 2192 1120 2226 :
1155 2173 1286 2227 Puto
1317 2185 1484 2228 autem
1513 2178 1633 2242 quia
1660 2187 1702 2228 et
1733 2193 1824 2246 ego
1857 2177 1980 2247 Spi-

382 2265 533 2317 ritum
571 2263 660 2318 Dei
691 2265 852 2318 habeo
884 2265 925 2336 (l
953 2264 1071 2318 Cor.
1106 2281 1199 2327 vn,
1234 2267 1344 2334 40).
1379 2267 1452 2320 De
1479 2268 1577 2320 hoc
1615 2267 1743 2322 dicit
1791 2284 1804 2320 :
1856 2267 1922 2320 Et
1958 2268 1977 2297 ³

387 2358 612 2426 Spiritus
647 2357 1026 2428 PrOphetarut—n
1066 2359 1324 2428 prophetis
1363 2359 1615 2429 subjectus
1659 2370 1730 2414 est
1772 2360 1814 2422 (Ι
1856 2359 1976 2413 Cor.

385 2468 498 2517 xw,
530 2451 646 2522 52).
677 2452 750 2507 De
779 2453 878 2506 hoc
908 2453 1070 2507 refert
1099 2472 1111 2506 :
1143 2453 1368 2521 Spiritus
1407 2463 1574 2506 autem
1606 2455 1868 2523 manifeste
1896 2454 1980 2506 di-

385 2545 485 2608 cit,
516 2544 633 2614 quia
670 2545 722 2598 in
754 2547 1035 2599 novissimis
1086 2544 1404 2616 temporibus-
1439 2546 1670 2600 recedent
1715 2548 1922 2616 quidam
1950 2563 1982 2600 a

385 2639 507 2708 ﬁde,
535 2638 847 2693 attendentes
876 2638 1136 2708 spiritibus
1184 2637 1534 2692 seductoribus
1559 2679 1573 2703 ,
1601 2638 1845 2693 doctrinis
1871 2639 1980 2693 da:-

385 2739 695 2804 ntoniorum,
725 2738 777 2790 in
805 2738 1062 2808 hypocrisi
1089 2736 1349 2790 mendacia
1376 2737 1705 2804 loquentium,
1738 2737 1985 2790 canteria-

388 2842 490 2884 tant
521 2829 810 2883 habentium
835 2829 1354 2882 conscientiamsuam
1372 2827 1412 2892 (ι
1440 2827 1574 2881 Tim.
1607 2843 1680 2891 tv,
1707 2829 1774 2897 l).
1803 2829 1854 2881 In
1880 2829 1982 2883 hoc

390 2925 592 2994 Spiritu
622 2924 822 2992 positus
853 2939 998 2977 nemo
1031 2939 1269 2993 umquam
1299 2923 1418 2974 dicit
1458 2921 1728 2974 anathema
1758 2919 1882 2974 Jesn
1926 2921 1983 2992 (Ι

391 3016 510 3070 Cor.
544 3032 635 3079 sit,
664 3018 717 3087 5)
745 3033 758 3069 :
784 3031 942 3070 nemo
991 3016 1204 3084 negavit
1237 3015 1504 3068 Christum
1531 3014 1620 3066 Dei
1654 3013 1865 3076 Filium,
1894 3024 1985 3068 attt

389 3111 680 3181 repudi-ivit
710 3121 1009 3164 creatorem
1046 3110 1208 3164 Deum
1236 3128 1247 3163 ε
1277 3126 1434 3163 neruo
1464 3120 1650 3164 contra
1680 3109 1985 3177 Set‘ipturas

389 3207 494 3262 ulla
526 3222 618 3261 sua
662 3204 823 3260 verba
864 3205 1130 3274 depromit
1161 3223 1172 3258 :
1200 3221 1356 3258 neruo
1384 3205 1485 3258 alia
1523 3215 1576 3258 et
1602 3205 1858 3274 Sacrilega
1885 3204 1984 3259 de-

2090 2000 2223 2056 ﬁdes
2255 2015 2376 2057 vera
2397 2045 2409 2064 ,
2441 2010 2610 2056 totum
2645 2015 2698 2058 et
2727 2005 2894 2059 Vetus
2941 2013 2993 2059 et
3042 2004 3248 2060 Novum
3280 2007 3685 2062 Testamentum

2089 2095 2258 2164 possit
2284 2094 2497 2149 adduci.
2530 2095 2637 2150 Sed
2663 2097 2783 2165 quia
2816 2097 3155 2152 obluctantes
3184 2098 3442 2152 adversus
3483 2101 3685 2154 verita-

2090 2200 2194 2245 tem
2223 2207 2435 2258 semper
2479 2192 2742 2258 lucretici,
2773 2195 2998 2247 sincerie
3039 2195 3338 2250 traditionis
3381 2206 3434 2249 et
3482 2195 3683 2250 Catho-

2091 2289 2208 2343 licae
2236 2288 2357 2343 fidei
2383 2291 2803 2345 controversiam
2849 2291 3026 2345 solent
3062 2291 3308 2354 trahere,
3343 2293 3685 2346 scandalizati

2092 2382 2145 2434 in
2171 2380 2441 2436 Christum
2470 2382 2610 2451 quod
2643 2383 2805 2437 etiam
2837 2384 2975 2438 Deus
3001 2393 3054 2437 et.
3087 2399 3181 2452 per
3211 2385 3512 2454 Scripturas
3539 2399 3691 2438 asse-

2087 2485 2257 2539 ratur,
2289 2485 2340 2530 et
2375 2493 2403 2530 a
2435 2477 2590 2530 nobis
2634 2477 2735 2532 hoc
2773 2492 2893 2532 csse
2933 2477 3216 2541 credatur;
3252 2481 3443 2532 merito
3474 2495 3501 2531 a
3531 2479 3689 2533 nobis

2087 2571 2170 2640 (ut
2197 2571 2372 2623 omnis
2395 2585 2422 2622 a
2448 2571 2552 2624 lide
2580 2579 2758 2623 nostra
2786 2570 2984 2626 auferri
3015 2573 3178 2639 possit
3206 2571 3453 2626 haeretica
3481 2572 3689 2626 calum-

2087 2661 2292 2732 nia)dc
2316 2678 2380 2714 eo
2407 2662 2544 2732 quod
2575 2672 2626 2715 et
2659 2663 2797 2717 Deus
2823 2663 2892 2714 sit
2920 2661 3165 2716 Christus
3191 2663 3267 2716 sic
3293 2671 3374 2717 est
3403 2663 3687 2733 disputan-

2088 2755 2236 2817 duut,
2270 2766 2325 2808 ut
2355 2771 2460 2809 non
2504 2756 2760 2824 impediat
2797 2755 3088 2823 Scriptura:
3120 2756 3427 2818 veritatem;
3463 2757 3556 2811 sed
3587 2771 3690 2810 nec

2089 2858 2328 2901 nostram
2370 2848 2568 2910 Iidem,
2622 2864 2724 2916 qua
2775 2862 2912 2901 unus
2968 2847 3109 2902 Deus
3157 2857 3211 2902 et
3253 2863 3348 2913 per
3385 2847 3690 2915 Scriptores

2090 2939 2404 3009 7promitur,
2439 2950 2490 2993 et
2519 2955 2546 2992 a
2593 2940 2745 2993 nobis
2774 2948 2986 2995 tenetur
3016 2949 3068 2993 ct
3110 2939 3366 2993 creditur.
3394 2938 3523 2993 Tam
3543 2939 3687 2992 enim

2088 3031 2164 3086 illi
2195 3033 2281 3099 qui
2309 3031 2490 3085 Jesum
2517 3031 2785 3085 Christum
2826 3033 2996 3101 ipsum
3031 3033 3193 3086 Deum
3227 3032 3436 3084 Patrem
3466 3031 3686 3094 dicunt,

2089 3140 2246 3193 quam
2277 3125 2434 3178 etiam
2467 3125 2535 3178 illi
2564 3126 2650 3193 qui
2683 3123 2954 3178 hominem
2983 3124 3128 3177 illiilli
3171 3122 3538 3177 tantummodo
3565 3138 3687 3177 esse

2089 3218 2396 3281 Voluerunt,
2424 3220 2623 3272 erroris
2648 3219 2729 3272 sui
2751 3227 2805 3272 et
2827 3217 3193 3286 pervcrsitatis
3219 3219 3453 3288 origines
3480 3227 3534 3272 et
3562 3233 3689 3272 cau-

390 3310 533 3356 creta
553 3301 831 3356 constituit
851 3317 864 3354 :
886 3313 1042 3354 nemo
1062 3299 1406 3368 diversajura
1432 3300 1740 3354 conscribit.
1768 3298 1822 3354 In
1848 3301 1987 3356 hunc
2015 3301 2058 3362 C
2093 3324 2180 3364 sas
2213 3310 2336 3363 inde
2377 3321 2673 3380 rapuerunt
2699 3331 2712 3366 :
2736 3313 2858 3380 quia
2889 3327 3010 3365 cum
3033 3311 3523 3364 animadverterent
3549 3310 3689 3364 scri-

390 3397 633 3466 quisquis
660 3394 1132 3466 blasphemaverit,
1163 3395 1508 3446 remissionem
1539 3411 1640 3447 non
1667 3393 1853 3459 habet,
1887 3412 1988 3449 non

392 3503 586 3549 tantum
607 3497 657 3550 in
683 3497 779 3550 isto
806 3496 1014 3560 siccato,
1033 3510 1203 3548 verum
1225 3496 1376 3548 etiam
1398 3511 1487 3547 nec
1506 3496 1558 3547 in
1581 3497 1750 3565 futuro
1774 3495 1984 3566 (Matth.

393 3607 486 3656 xu,
512 3588 628 3661 3‘2).
664 3591 757 3645 llic
785 3589 834 3644 in
864 3589 1134 3659 Apostolis
1161 3588 1374 3644 Christo
1406 3589 1766 3642 testimonium
1794 3588 1986 3653 reddit,

392 3685 444 3739 in
476 3685 794 3755 Martyrihus
813 3693 1150 3738 constantem
1175 3681 1330 3734 fidem
1357 3680 1630 3750 religionis
1651 3682 1908 3744 ostendit,
1937 3683 1986 3736 in

395 3775 702 3844 Virginibus
743 3776 1108 3830 admirabilem
1151 3773 1535 3827 continentiam
1589 3774 1811 3844 signatae
1851 3773 1987 3829 "ca-

394 3870 592 3923 stitatis
623 3870 873 3935 includit,
911 3871 960 3923 in
999 3868 1208 3923 czctcris
1249 3868 1553 3934 incorrupta
1586 3877 1637 3920 ct
1668 3868 1984 3919 incontami-

397 3973 517 4017 nata
561 3961 816 4018 doctrina:
865 3961 1153 4016 Dominica:
1208 3961 1325 4028 jura
1364 3957 1646 4021 custodit,
1702 3958 1984 4012 luereticos

2095 3414 2238 3471 ptum
2271 3417 2390 3458 esse
2415 3403 2557 3472 quod
2588 3421 2719 3457 unus
2744 3405 2808 3457 sit
2841 3403 3008 3467 Deus,
3039 3418 3143 3456 non
3181 3403 3337 3455 aliter
3369 3411 3691 3471 putaverunt

2092 3493 2248 3548 istam
2279 3504 2461 3550 tenere
2490 3511 2548 3550 se
2581 3511 2736 3565 posse
2763 3495 3114 3557 sententiam,
3150 3495 3251 3547 nisi
3280 3502 3373 3547 aut
3414 3493 3684 3547 hominem

2093 3597 2296 3643 tantum
2325 3590 2595 3644 Christum
2624 3633 2637 3655 ,
2675 3600 2763 3643 aut
2807 3599 2954 3644 certe
3001 3589 3166 3643 Deum
3201 3589 3412 3643 Patrem
3444 3596 3691 3658 putarent

2093 3696 2214 3735 esse
2239 3682 2591 3738 credendum.
2623 3682 2710 3738 Sic
2759 3684 2901 3738 enim
2937 3684 3234 3736 calumnias
3272 3698 3396 3735 suas
3436 3681 3690 3750 colligere

2092 3786 2506 3842 consueverunt,
2541 3787 2594 3829 ut
2615 3792 2854 3831 errorem
2885 3779 3158 3846 pmprium
3181 3775 3481 3845 approbare
3513 3774 3691 3828 uitan-

2091 3876 2195 3922 tur.
2221 3870 2282 3922 lit
2303 3870 2515 3939 quidem
2543 3869 2617 3922 illi
2639 3868 2926 3940 quiJesum
2953 3868 3222 3922 Christum
3248 3869 3456 3922 Patrem
3480 3867 3690 3931 dicunt,

2089 3962 2188 4016 ista
2233 3964 2573 4033 pnetendunt
2623 3979 2636 4014 :
2682 3963 2736 4018 Si
2766 3964 2787 3993 ⁸
2816 3977 2954 4016 unus
3016 3961 3187 4023 Deus;
3217 3960 3464 4014 Christus
3511 3971 3688 4015 autem

1568 4071 1943 4128 GALIANDII
1995 4075 2552 4135 COMMENTARIUS.

471 4174 484 4203 ¹
531 4170 720 4242 Fugat.
773 4171 862 4224 Sic
920 4179 1064 4224 recte
1123 4165 1430 4223 emendavit
1469 4165 1622 4220 editi.
1661 4166 1790 4236 fugit
1840 4165 1992 4220 Wel-

394 4247 676 4300 chnianus.
719 4242 972 4298 .lacnsou.

465 4319 484 4346 ²
529 4313 692 4368 ldum.
727 4315 800 4368 Ita
835 4312 1121 4367 Pamelius.
1155 4311 1237 4364 Al.
1273 4312 1411 4363 item.

469 4387 488 4417 ³
531 4387 756 4454 Spiritus
801 4385 994 4451 Proph.
1042 4384 1319 4436 Consentit
1358 4389 1546 4454 auctor
1577 4396 1717 4454 ﬂcum
1775 4379 1990 4454 vulgato

2097 4185 2218 4225 esse
2248 4173 2404 4240 Deos,
2430 4172 2522 4229 sed
2548 4188 2710 4227 unum
2739 4172 2970 4228 ostendit
2996 4188 3009 4236 ;
3039 4188 3140 4226 non
3168 4171 3383 4226 aliunde
3404 4170 3691 4240 qurerenda

2098 4243 2254 4312 hujus
2286 4247 2359 4299 rei
2383 4261 2562 4305 causa,
2590 4246 2690 4299 nisi
2715 4245 2854 4313 quod
2885 4246 2934 4297 iu
2955 4246 3241 4299 evertenda
3269 4242 3384 4297 Filii
3414 4242 3696 4297 divinitate

2096 4318 2271 4368 omnis
2296 4317 2666 4370 lueretieorum
2690 4329 2915 4370 conatus
2943 4317 3272 4370 versabatur.
3303 4315 3432 4368 Nam
3453 4315 3496 4367 si
3521 4315 3690 4368 semel

2096 4389 2417 4456 probassent
2447 4387 2634 4442 Filium
2671 4404 2774 4442 non
2807 4403 2926 4441 esse
2959 4403 3120 4440 unum
3149 4403 3268 4440 eum
3297 4387 3451 4440 Patre
3487 4386 3652 4438 Deum
3680 4403 3694 4448 ;

399 4451 588 4514 Latino
623 4459 918 4539 interprete
943 4496 957 4520 ,
989 4456 1331 4524 quantumvis
1377 4452 1535 4507 hodie
1564 4451 1752 4508 Graece
1783 4453 1992 4522 legatur
2017 4479 2071 4539 D
2096 4451 2283 4539 eadem
2311 4477 2471 4539 opera
2502 4462 3026 4539 Spiritumﬂsanctum
3050 4475 3076 4510 a
3112 4459 3542 4539 Divinarnaturie
3566 4471 3698 4511 con-

399 4553 667 4596 πνευματα.
711 4528 916 4582 Phili!”

472 4603 490 4632 ³
512 4593 790 4654 Εηδιὶιιιιὶδ.
846 4599 918 4653 lta
960 4608 1103 4652 recte
1147 4596 1662 4652 correxitclmritatis
1691 4595 1821 4650 edit.
1849 4593 1994 4650 Wel-

400 4673 676 4728 clunauus.
723 4671 970 4725 Jscxsoa.

478 4742 605 4797 Car.
630 4741 794 4796 XXX.
815 4772 886 4781 --
904 4742 923 4772 ⁵
941 4741 1000 4794 Et
1017 4743 1125 4795 haec
1142 4742 1476 4810 quidem,ete.
1495 4737 1748 4804 Queritur
1763 4739 1883 4793 heic
1899 4738 1999 4810 Pa-

403 4817 597 4871 melins
613 4814 869 4884 Spiritum
891 4824 1132 4866 sanctum
1152 4809 1178 4863 a
1209 4812 1501 4866 Novatiauo
1517 4813 1679 4864 Deum
1697 4826 1800 4884 non
1819 4809 2000 4878 appel-

405 4888 523 4943 lari,
554 4883 837 4939 m-eullaut
865 4887 982 4948 ejus
1013 4886 1336 4938 mentionem
1364 4884 1500 4946 fieri,
1519 4898 1682 4952 quum
1706 4883 1914 4935 Patrem
1947 4890 1998 4933 et

404 4959 594 5013 Filium
616 4973 774 5010 unum
794 4973 911 5010 esse
929 4958 1092 5009 licunt
1108 4956 1275 5009 hocce
1300 4957 1348 5007 in
1367 4955 1538 5022 capite
1561 4965 1748 5006 auctor
1775 4955 2000 5006 detuon—

403 5039 558 5084 Sll'fll.
594 5032 846 5082 Sanctum
875 5028 1089 5095 quidem
1120 5027 1376 5088 Spiritum
1421 5026 1733 5078 nominatim
1779 5043 1882 5077 non
1906 5040 1999 5094 ap—

404 5102 571 5170 ιιε-ΙΙειι
599 5101 760 5154 Deum
788 5100 1149 5154 Novatianus:
1175 5099 1268 5151 sed
1292 5098 1359 5152 de
1381 5097 1520 5170 illius
1540 5096 1709 5148 divina
1722 5099 2002 5170 mter-nitate

404 5166 454 5228 in
505 5189 622 5238 cap.
663 5170 1000 5237 pt':t'.'CcdeItle
1029 5186 1133 5223 non
1185 5170 1304 5222 silet
1331 5212 1344 5234 ,
1374 5180 1426 5221 et
1461 5166 1624 5221 l)‘eum
1669 5184 1790 5222 esse
1820 5166 2002 5220 multis

404 5242 736 5314 argumentis
785 5243 993 5310 probat.
1045 5240 1180 5306 Quid
1222 5241 1362 5314 enim
1397 5240 1462 5314 ei_
1490 5239 1817 5314 propositum
1871 5247 1952 5314 est
1979 5279 1992 5297 .

404 5310 566 5385 quitur
600 5315 777 5368 divina
814 5313 958 5366 illius
987 5314 1238 5385 attributa
1273 5310 1508 5366 defendit
1535 5327 1548 5362 :
1577 5311 1676 5362 nisi
1706 5321 1756 5362 ul
1791 5311 1996 5376 probet,

403 5384 544 5454 quod
575 5401 636 5440 se
669 5386 1011 5455 probaturum
1039 5384 1382 5454 promiserat,
1405 5397 1597 5450 nempe
1621 5390 1871 5455 oportere
1896 5396 2004 5430 cre-

405 5452 524 5520 dere
549 5452 700 5510 etiam
725 5457 776 5508 in
809 5452 1059 5522 Spiritum
1086 5463 1336 5517 sanctum,
1361 5468 1422 5506 ac
1447 5452 1668 5521 prointle
1695 5469 1814 5504 eum
1841 5466 2000 5502 unum

406 5547 528 5586 e~se
557 5546 674 5580 cum
707 5530 860 5582 Palrc
892 5537 944 5580 ct
965 5526 1098 5580 Filio
1125 5527 1287 5579 Deum
1307 5527 1332 5575 Ἰ
1359 5524 1510 5580 Unde
1535 5524 1694 5576 etiam
1721 5535 2001 5591 pugiquaut

408 5617 470 5654 ea
501 5601 729 5652 alisiilvit
772 5615 889 5668 qum.
935 5599 1000 5650 de.
1031 5599 1229 5666 Spiritu
1260 5605 1448 5648 sancto
1479 5595 1658 5646 dicere
1709 5601 2001 5668 statuerat:

409 5673 488 5724 sic
523 5670 673 5723 initio
716 5661 872 5736 huius
913 5661 1102 5736 capitis
1146 5680 1252 5720 tres
1298 5682 1552 5732 personas
1601 5663 1874 5736 coniungit
1901 5679 1912 5713 :
1943 5661 2004 5715 Et

413 5742 520 5794 Iure
553 5745 751 5806 quidem
777 5734 838 5795 de
871 5734 1046 5802 Patre,
1080 5751 1122 5793 et
1154 5739 1216 5790 de
1251 5737 1404 5803 Filio,
1436 5751 1479 5789 et
1509 5736 1570 5788 de
1601 5734 1796 5806 Spiritu
1829 5744 2003 5806 sancto

414 5804 627 5866 breviter
653 5813 793 5867 nobis
821 5814 919 5867 sint
951 5813 1105 5866 dicta.
1137 5809 1286 5877 Quod
1316 5809 1361 5861 si
1395 5818 1570 5862 taeerc
1599 5807 1665 5860 de
1694 5804 1891 5877 Spiritu
1924 5804 2001 5857 vi-

416 5885 573 5939 detur
600 5885 922 5940 Novatianus
943 5926 956 5952 ,
986 5885 1112 5938 dum
1137 5876 1348 5936 Patrem
1399 5887 1453 5935 et
1495 5879 1685 5935 Filium
1718 5893 1822 5932 non
1865 5876 2002 5932 duos

2103 4532 2271 4584 sortio
2298 4531 2700 4587 diSsociasseiit.
2745 4531 2834 4585 Sic
2877 4534 3036 4585 etiam
3085 4531 3251 4584 setnel
3293 4531 3695 4590 demonstrato,

2103 4600 2316 4656 Patrem
2352 4615 2406 4658 et
2434 4604 2622 4658 Filium
2656 4620 2744 4672 per
2769 4603 3064 4656 substantiw
3089 4602 3491 4654 communionem
3509 4640 3520 4658 ,
3547 4607 3605 4651 ut
3624 4600 3702 4672 ait

2104 4672 2453 4740 Novatiauus,
2481 4691 2640 4729 unum
2657 4669 2788 4729 esse
2815 4675 2980 4728 Deum
3005 4690 3018 4736 ;
3050 4688 3152 4724 non
3174 4673 3282 4740 jam
3312 4678 3592 4740 superaret
3612 4669 3705 4724 du-

2105 4745 2307 4800 bitandi
2346 4748 2522 4812 locus,
2557 4749 2683 4815 quin
2728 4746 2960 4815 Spiritus
3001 4745 3166 4815 sancti
3210 4743 3698 4815 divitiitas_tieguq-

2104 4833 2261 4886 quant
2293 4829 2398 4872 tres
2419 4809 2554 4872 Deos
2577 4809 2840 4872 efﬁceret.
2885 4816 3092 4869 MARAN.
3125 4814 3301 4866 Divitt.
3333 4811 3402 4867 D.
3437 4811 3510 4866 Ν.
3541 4809 3600 4867 J.
3634 4809 3695 4866 C.

2107 4889 2202 4942 lib.
2230 4905 2301 4947 IV.
2333 4907 2450 4959 cap.
2490 4890 2572 4950 l9,
2605 4888 2632 4959 ᾗ
2662 4889 2744 4951 ΙΙΙ,
2782 4902 2898 4956 pag.
2931 4887 3056 4959 52L

2179 4961 2198 4990 ⁸
2238 4955 2646 5029 Ριόρέιιδιοιοε.ἐ
2677 4978 2734 5012 ro
2765 4955 2912 5013 certo
2967 4957 3141 5029 habet
3172 4955 3472 5009 Jacksonus
3509 4964 3698 5029 aucto-

2107 5049 2220 5086 rem
2251 5027 2532 5100 scripsisse
2558 5033 2908 5099 propansiore.
2941 5029 3044 5083 Sed
3079 5028 3278 5100 fallitur
3309 5031 3388 5079 vir
3409 5027 3654 5079 eruditus
3683 5066 3697 5090 ,

2109 5119 2266 5156 unam
2297 5097 2454 5171 hujus
2495 5097 3112 5171 vo’cis'signilicatiotiem
3159 5097 3574 5171 frequentiorem
3617 5108 3707 5149 at-

2108 5168 2683 5243 tendens.rl’ropensus
2709 5168 2849 5224 enim
2882 5171 3206 5243 quandoque
3235 5168 3464 5243 sumitur
3493 5181 3589 5236 pro
3616 5183 3706 5220 ea:-

2107 5257 2247 5299 lenso
2271 5262 2288 5298 :
2311 5263 2416 5315 quo
2446 5239 2606 5299 sensu
2630 5244 2746 5297 heic
2768 5239 2996 5297 sumitur
3017 5259 3046 5295 a
3068 5241 3384 5295 Novatiano.
3417 5239 3569 5293 Pers.
3598 5248 3702 5292 sat.

2109 5317 2150 5382 Ι,
2179 5334 2317 5371 vers.
2343 5317 2430 5371 57.

2699 5426 2824 5480 Cunf
2845 5430 2951 5487 tibi,
2976 5427 3112 5477 calve

2264 5494 2466 5555 Pinguis
2488 5492 2788 5556 aqualiculus
2811 5504 3052 5554 propenso
3074 5491 3370 5554 sesquipede
3398 5493 3580 5538 exstet.

2108 5581 2164 5635 ld
2196 5589 2276 5634 cst
2300 5599 2311 5632 :
2337 5581 2469 5633 Cum
2513 5579 2837 5632 abundantia
2868 5578 3109 5632 ciborum
3143 5577 3351 5646 pinguis
3380 5576 3477 5642 sis,
3502 5585 3556 5629 et
3582 5588 3710 5628 ven-

2111 5665 2243 5708 trem
2272 5652 2471 5704 habeas
2494 5652 2631 5704 ultra
2657 5667 2748 5705 sex
2778 5650 3273 5719 pedesextensum.

2182 5726 2200 5756 ⁷
2243 5723 2528 5776 Promitur.
2589 5721 2665 5774 Ita
2713 5718 2863 5775 ica..-
2891 5718 3297 5782 \\"elchmanus,
3327 5734 3486 5788 quem
3529 5718 3708 5786 sequi-

2112 5807 2200 5853 tur
2227 5808 2276 5849 ct
2308 5793 2636 5858 Jacksonus,
2669 5810 2768 5864 pro
2795 5795 2946 5864 editi.
2987 5792 3314 5864 promittitur.

2185 5871 2204 5899 ⁸
2234 5867 2291 5923 Si
2339 5884 2467 5921 imus
2515 5860 2684 5920 Deus.—
2719 5866 2806 5922 Sic
2838 5878 2896 5919 se
2919 5862 3078 5917 habet
3101 5863 3264 5919 editio
3289 5860 3536 5928 Patttclii,
3559 5875 3715 5931 quam
