4256 6250
611 295 714 350 967

607 509 772 567 Pater
806 509 875 564 sit
896 508 1166 572 Christus,
1196 511 1325 566 dum
1358 522 1412 566 et
1439 511 1581 565 Deus
1607 509 1771 564 Filius
1799 506 2075 575 Christus,
2103 509 2212 563 duo

615 605 698 659 Dii
724 612 908 658 contra
946 604 1252 672 Scripturas
1299 604 1588 658 introducti
1619 617 1742 657 esse
1773 602 2077 656 videamur.
2109 603 2211 669 Qui

609 708 786 753 autem
823 698 1093 752 hominem
1127 699 1496 753 tantummodo
1534 698 1806 754 Christum
1839 714 1959 753 esse
1983 708 2210 752 conten-

609 793 761 861 dunt,
804 809 868 848 ex
892 794 1202 848 diversosic
1225 795 1483 865 colligunt
1510 816 1521 847 :
1546 794 1598 850 Si
1627 795 1762 847 alter
1789 794 1943 847 Pater
1968 834 1982 856 ,
2033 794 2168 846 alter
2192 794 2208 823 ¹

609 897 693 942 est
723 887 887 942 Filius
913 905 924 940 :
955 888 1110 942 Pater
1140 898 1316 942 autem
1351 889 1508 950 Deus,
1543 897 1596 940 et
1626 886 1868 956 Christus
1903 887 2040 940 Deus
2065 903 2077 941 :
2105 901 2210 940 non

610 998 739 1052 ergo
769 998 905 1036 unus
943 981 1103 1048 Deus,
1154 982 1248 1036 sed
1291 981 1396 1034 duo
1435 981 1508 1035 dii
1540 981 1950 1034 introducantur
1991 981 2210 1050 pariter,

607 1073 770 1129 Pater
800 1083 854 1128 et
884 1072 1050 1127 Filius
1076 1093 1088 1136 ;
1115 1089 1175 1127 ac
1207 1075 1247 1128 si
1280 1089 1416 1127 unus
1441 1075 1599 1138 Deus,
1625 1082 2019 1142 consequenter
2053 1071 2213 1127 homo

609 1167 889 1233 Christus,
938 1179 993 1221 ut
1027 1169 1220 1222 merito
1271 1169 1428 1222 Pater
1458 1170 1525 1222 sit
1576 1169 1714 1221 Deus
1757 1183 1912 1221 unus.
1962 1167 2039 1221 Re
2085 1182 2211 1221 vera

609 1261 760 1330 quasi
794 1261 930 1313 inter
959 1259 1093 1314 duos
1124 1260 1358 1314 latrones
1391 1261 1724 1330 crucifigitur
1755 1260 2012 1315 Dominus
2033 1304 2045 1326 ,
2075 1277 2211 1331 quo-

609 1353 771 1407 modo
799 1353 932 1407 Iixus
975 1354 1258 1422 aliquando
1287 1364 1366 1407 est
1390 1372 1401 1405 :
1429 1363 1481 1408 et
1505 1355 1573 1408 ita
1613 1354 1810 1422 excipit
1835 1355 2212 1408 luereticorum

606 1449 832 1502 istorum
879 1463 948 1500 ex
1001 1457 1225 1517 utroque
1265 1447 1432 1502 latere
1478 1447 1739 1517 sacrilega
1786 1449 2048 1500 convicia.
2105 1447 2211 1503 Sed

608 1555 785 1610 neque
811 1538 1100 1609 Scriptum
1128 1550 1328 1595 sanctse
1349 1582 1363 1604 ,
1398 1555 1570 1610 neque
1619 1554 1716 1594 nos
1743 1554 1932 1593 causas
1962 1540 2063 1593 illis
2094 1556 2214 1609 per-

606 1632 824 1688 ditionis
853 1643 906 1688 et
931 1635 1188 1689 crcitatis
1229 1633 1537 1698 aderimus,
1572 1634 1614 1687 si
1643 1648 1746 1703 qua
1780 1635 1830 1687 in
1860 1633 2039 1688 medio
2069 1635 2216 1689 Divi-

606 1741 794 1780 narum
827 1726 1147 1780 Litterarum
1174 1725 1452 1782 evidenter
1476 1728 1649 1795 posita
1677 1735 1769 1779 aut
1800 1726 1980 1781 videre
2007 1728 2211 1793 nolunt,

2055 295 2429 353 NOVATIANI

611 415 794 470 Deus:
831 411 992 467 Pater
1028 421 1112 466 est
1158 412 1404 470 Christus
1427 457 1442 482 ,
1474 415 1597 486 quia
1639 429 1777 470 unus
1825 415 1998 480 Deus;
2031 415 2074 468 si
2109 429 2215 470 non
2244 417 2291 477 Α
2323 414 2605 468 Dominum
2661 423 2715 470 et
2779 415 2946 471 Deum
3010 428 3253 473 nostrum

3821 309 3930 366 9-58

3297 436 3312 476 :
3359 422 3645 490 quoniam,
3687 423 3744 478 in
3773 428 3928 498 priu-

2315 509 2450 577 cipio
2479 517 2586 562 erat
2620 508 2866 576 Verbum,
2895 519 2942 565 et
2980 509 3197 566 Verbum
3233 522 3344 568 erat
3370 516 3513 584 apud
3565 517 3586 547 '
3645 517 3812 572 Deum
3833 563 3847 586 ,
3881 531 3929 575 et

2319 600 2456 654 Deus
2483 611 2589 654 erat
2626 600 2863 656 Verbum.
2898 603 3014 658 Hoc
3052 616 3161 658 erat
3204 606 3256 659 in
3302 609 3554 678 principio
3595 611 3737 680 apud
3764 611 3932 669 Deum

2318 691 2497 761 (locus.
2531 708 2568 756 ι,
2604 693 2655 759 i,
2684 693 2765 763 2).
2814 693 2880 747 Et
2910 713 2922 748 :
2964 694 3181 750 Verbum
3215 715 3335 752 caro
3365 701 3558 770 factum
3582 713 3678 768 est,
3708 715 3752 758 et
3786 707 3936 761 habi-

2317 784 2437 837 tavit
2481 787 2530 838 in
2571 785 2714 840 nobis
2739 784 2758 858 (
2785 786 2919 840 Ibid.
2957 788 3023 843 14
3043 789 3083 859 ).
3117 790 3221 844 Et:
3252 790 3504 847 Dominus
3549 813 3690 850 meus
3715 808 3763 852 et
3793 799 3934 856 Deus

2317 893 2458 930 nteus
2490 876 2670 948 (Joan.
2694 894 2782 944 xx,
2811 879 2928 950 28).
2958 881 3062 934 Et:
3097 882 3328 949 Quorum
3361 885 3561 950 Patres,
3587 900 3635 942 et
3666 908 3727 944 ea:
3751 895 3934 962 quibus

2318 965 2553 1024 Christus
2587 973 2864 1025 secundum
2900 990 3107 1029 carnem
3127 1018 3140 1039 ,
3169 979 3256 1047 qui
3284 990 3358 1032 est
3388 996 3544 1044 super
3571 986 3741 1038 omnia
3793 987 3934 1043 Deus

2317 1061 2610 1118 benedictus
2636 1065 2688 1118 in
2713 1067 2903 1120 stccula
2930 1066 3108 1133 (Rom.
3133 1084 3207 1135 lx,
3241 1071 3321 1137 5).
3346 1072 3485 1140 Quid
3510 1089 3636 1145 ergo
3662 1077 3934 1136 dicemus?

2318 1156 2586 1228 Numquid
2633 1159 2770 1213 duos
2822 1161 2958 1216 Deos
3007 1161 3282 1232 Scriptura
3333 1170 3934 1238 proponit?Quommlo

2319 1269 2448 1323 ergo
2473 1254 2622 1320 dicit,
2651 1256 2771 1324 quia
2805 1256 2940 1310 Deus
2974 1273 3105 1312 unus
3145 1261 3259 1313 est?
3288 1261 3395 1315 Aut
3441 1265 3697 1334 nuntquid
3747 1283 3852 1322 non
3881 1281 3938 1326 et

2318 1347 2564 1402 Christus
2595 1349 2733 1404 Deus
2762 1350 2886 1404 est?
2914 1350 3194 1418 Quomodo
3221 1368 3370 1420 ergo,
3407 1354 3660 1412 Dominus
3698 1377 3838 1417 meus
3889 1373 3937 1416 et

2320 1440 2462 1494 Deus
2493 1459 2654 1506 naeus,
2683 1442 2898 1498 Christo
2921 1445 3121 1500 dictum
3145 1447 3267 1502 est?
3293 1447 3486 1504 Totum
3514 1453 3674 1522 igitur
3701 1454 3801 1510 hoc
3832 1459 3934 1514 nisi

2320 1549 2443 1588 cum
2483 1536 2695 1606 pr0pria
2729 1540 3072 1593 veneratione
3115 1548 3170 1594 et
3221 1542 3453 1612 legitima
3508 1545 3529 1574 ⁸
3574 1547 3938 1618 disputatione

2323 1637 2618 1694 teneamus,
2664 1630 2857 1683 merito
2875 1631 3186 1687 scandalum
3212 1633 3480 1692 luereticis
3503 1640 3798 1708 praebuisse
3821 1661 3939 1698 erc-

2321 1721 2547 1786 demur;
2578 1738 2682 1777 non
2727 1725 2906 1792 utique
2945 1740 3011 1779 ex
3053 1724 3420 1796 Sripturarum
3467 1733 3769 1789 caelestium
3810 1738 3937 1791 vitio

605 1826 700 1871 aut
727 1817 907 1872 videre
934 1833 1039 1872 non
1069 1827 1310 1887 possunt.
1343 1818 1450 1872 Nos
1477 1819 1619 1873 enim
1667 1826 1720 1872 et
1764 1819 1962 1873 scimus
1999 1830 2051 1874 et
2078 1820 2214 1890 legi-
2245 1821 2293 1881 B
2321 1830 2442 1884 qua:
2472 1831 2760 1885 numquam
2790 1816 3014 1882 fallunt,
3058 1819 3151 1873 sed
3183 1821 3398 1876 humani
3436 1825 3638 1880 erroris
3670 1844 3934 1897 prmum-

608 1929 726 1968 mus
753 1924 805 1968 et
834 1915 1105 1968 credimus
1133 1923 1187 1968 et
1215 1925 1458 1968 tenemus
1496 1930 1659 1967 unum
1702 1928 1824 1968 esse
1884 1914 2051 1968 Deum
2075 1956 2089 1978 ,
2121 1915 2213 1982 qui

601 2007 730 2062 fecit
758 2008 949 2062 caelum
983 2009 1182 2076 pariter
1209 2024 1272 2062 ac
1305 2018 1500 2062 terram
1524 2050 1538 2073 ,
1566 2009 1823 2078 quoniam
1852 2023 1954 2062 nec
1981 2009 2210 2062 alterum

605 2101 874 2166 novimus,
902 2111 992 2154 aut
1023 2116 1180 2156 nosse
1205 2100 1347 2174 (eum
1383 2102 1560 2155 nullus
1587 2101 1677 2173 sit)
1703 2101 1992 2171 aliquando
2023 2103 2214 2170 poteri-

602 2210 743 2250 mus.
776 2195 888 2266 Ego
915 2213 1066 2260 sum,
1100 2196 1313 2265 inquit,
1348 2194 1484 2250 Deus
1510 2213 1528 2250 :
1549 2207 1594 2250 et
1639 2214 1739 2249 non
1790 2207 1861 2250 est
1909 2207 2093 2266 prwter
2125 2213 2204 2251 me

595 2292 769 2360 justus
800 2299 844 2343 et
873 2291 1078 2344 salvans
1124 2289 1263 2362 (Isa.
1299 2306 1447 2356 ιιιιιι,
1481 2288 1592 2361 li).
1620 2290 1688 2344 Et
1716 2291 1821 2344 alio
1849 2291 1899 2344 in
1926 2288 2209 2360 locozEgo

602 2384 795 2452 primus
813 2384 833 2413 ²
862 2393 907 2436 ει
935 2385 1317 2444 novissimus,et
1344 2394 1528 2451 praeter
1554 2401 1632 2436 me
1659 2400 1758 2437 non
1791 2393 1865 2436 est
1897 2383 2052 2437 Deus.
2085 2384 2210 2449 Quis

601 2479 735 2532 sicut
761 2494 854 2548 ego
884 2477 1048 2549 (Ibid.
1074 2493 1217 2544 XLIV,
1241 2479 1294 2538 6,
1321 2477 1414 2549 7)?
1443 2478 1544 2532 Et:
1571 2480 1695 2545 Quis
1723 2496 1922 2533 mensus
1947 2489 2016 2534 est
2039 2480 2210 2550 palmo

597 2572 798 2639 calum,
827 2581 872 2625 et
894 2582 1078 2624 terram
1107 2569 1340 2640 pugillo?
1365 2573 1478 2636 quis
1503 2571 1766 2638 suspendit
1789 2582 1982 2625 montes
2001 2573 2053 2626 in
2082 2589 2212 2640 pono

597 2663 736 2725 dere,
765 2674 814 2718 et
842 2679 1047 2717 nemora
1075 2664 1128 2716 in
1148 2673 1335 2716 statera
1358 2663 1520 2734 (Ibid.
1551 2679 1639 2728 XL,
1663 2662 1787 2737 12)?
1819 2665 1882 2720 Et
1914 2665 2204 2721 Ezechias:

600 2756 670 2811 Ut
715 2759 876 2811 sciant
906 2773 1078 2810 omnes
1115 2759 1236 2826 quia
1267 2767 1321 2810 tu
1363 2774 1414 2810 es
1461 2757 1602 2812 Deus
1645 2758 1786 2812 solus
1817 2757 1953 2826 (Isa.
1988 2775 2204 2824 xxxvu,

593 2851 706 2919 20).
753 2851 872 2920 Ipse
915 2863 1171 2920 praaterea
1202 2851 1498 2906 Dominus:
1528 2852 1665 2918 Quid
1709 2870 1788 2906 me
1829 2855 2116 2925 interrogas
2143 2856 2208 2909 de

593 2945 767 2998 bono?
810 2963 940 2998 unus
987 2945 1121 2999 Deus
1152 2948 1312 2998 bonus
1343 2944 1569 3015 (Matth.
1603 2963 1717 3009 XIX,
1755 2949 1857 3018 17)
1911 2948 2205 3018 Apostolus

593 3052 808 3106 quoque
840 3036 1036 3090 Paulus
1065 3054 1077 3090 :
1109 3035 1208 3101 Qui
1235 3037 1393 3102 solus,
1426 3037 1634 3105 inquit,
1665 3039 1811 3092 habet
1839 3041 2203 3095 immortalita-

598 3142 716 3194 tem,
748 3143 794 3183 et
821 3129 980 3183 lucem
1013 3131 1205 3183 habitat
1234 3131 1628 3184 inaccessibilem
1653 3149 1670 3184 :
1691 3149 1837 3202 quem
1879 3135 1998 3186 vidit
2030 3135 2200 3188 Itami-

2321 1909 2523 1976 ptioue,
2566 1925 2670 1979 qua
2726 1911 2963 1965 lueretiei
2998 1926 3118 1966 esse
3170 1914 3456 1968 voluerunt
3488 1918 3527 1969 ⁷.
3555 1917 3621 1971 Et
3657 1919 3707 1972 in
3749 1923 3934 1987 primis

2319 2002 2448 2056 illud
2479 2004 2896 2073 retorquendum
2923 2005 2974 2059 in
3007 2005 3137 2060 istos
3159 2007 3248 2075 qui
3269 2007 3497 2063 duorum
3525 2012 3676 2066 nobis
3700 2012 3935 2069 Deorum

2316 2096 2738 2160 controversiam
2770 2095 2944 2151 facere
2977 2109 3328 2166 praesumunt.
3361 2100 3622 2169 Scriptum
3660 2116 3740 2158 est
3781 2107 3934 2174 quod

2320 2203 2516 2258 negare
2547 2203 2652 2242 non
2681 2198 2939 2258 possunt,
2963 2190 3214 2259 quoniam
3241 2208 3373 2245 unus
3389 2203 3458 2246 est
3478 2193 3718 2249 Dominus
3746 2194 3934 2266 (Deut.

2319 2297 2392 2342 vt,
2425 2283 2482 2345 4;
2516 2280 2704 2351 Ephes.
2735 2297 2807 2348 ιν,
2840 2282 2920 2352 5).
2960 2285 3030 2336 De
3062 2283 3278 2338 Christo
3317 2301 3445 2355 ergo
3483 2287 3609 2356 quid
3651 2290 3936 2344 sentiunt?

2319 2378 2604 2431 Dominum
2637 2392 2777 2440 esse,
2811 2388 2900 2430 aut
2937 2377 3086 2431 illum
3119 2379 3343 2434 omnino
3391 2395 3495 2433 non
3537 2397 3660 2435 esse
3709 2383 3768 2436 8?
3820 2382 3926 2438 Sed

2324 2472 2606 2524 Dominum
2639 2470 2784 2524 illum
2816 2471 3037 2524 omnino
3082 2487 3186 2526 non
3230 2472 3478 2527 dubitant
3509 2491 3520 2526 :
3553 2490 3684 2545 ergo
3730 2477 3772 2530 si
3805 2493 3930 2532 vera

2315 2574 2402 2618 est
2432 2563 2647 2617 illorum
2679 2565 3036 2628 ratiocinatio,
3066 2565 3175 2633 jam
3207 2565 3314 2620 duo
3358 2579 3482 2621 sunt
3521 2568 3746 2624 Domini.
3783 2573 3931 2636 Quo-

2318 2657 2481 2712 modo
2515 2659 2675 2727 igitur
2697 2657 2806 2726 jam
2839 2658 3131 2712 secundum
3158 2659 3463 2727 Scripturas
3486 2703 3500 2726 ,
3533 2677 3672 2716 unus
3701 2674 3786 2718 est
3820 2665 3925 2717 Do-

2312 2751 2489 2804 minus
2529 2751 2593 2801 “?
2644 2751 2708 2804 Et
2755 2749 3002 2821 Magister
3068 2768 3198 2804 unus
3257 2751 3485 2823 (Matth.
3549 2771 3702 2819 χχιιι,
3733 2757 3925 2828 8,10)

2309 2845 2555 2898 Christus
2583 2853 2665 2899 est
2690 2844 2863 2899 dictus
2883 2889 2896 2910 ,
2921 2857 2975 2898 at
3013 2855 3188 2900 tamen
3215 2846 3458 2916 legimus,
3490 2849 3632 2915 quod
3667 2849 3919 2920 Magister

2250 2947 2254 2950 '
2312 2939 2384 2990 sit
2414 2937 2575 2991 etiam
2608 2938 2883 3006 apostolus
2917 2937 3110 2991 Paulus
3142 2938 3205 3006 (ll
3243 2937 3371 2991 Tim.
3417 2955 3466 3004 t,
3501 2941 3614 3010 Η).
3651 2941 3764 2995 Νοιι
3798 2959 3926 3014 ergo

2304 3029 2413 3099 jam
2447 3046 2582 3084 unus
2630 3029 2916 3100 Magister:
2952 3030 3086 3084 duos
3122 3031 3262 3084 enim
3306 3030 3587 3101 Magistros
3627 3035 3925 3090 secundum

2308 3130 2407 3183 ista
2438 3125 2758 3193 colligimus.
2789 3123 3071 3191 Quomodo
3100 3123 3258 3191 igitur
3286 3123 3578 3178 secundum
3609 3128 3917 3196 Scripturas

595 3241 716 3276 num
747 3240 890 3277 nemo
913 3265 925 3283 .
961 3241 1050 3276 uec
1095 3224 1260 3276 videre
1292 3233 1452 3292 potest
1483 3223 1524 3294 (l
1556 3222 1695 3301 Tim.
1751 3241 1802 3279 Vt
1841 3223 1953 3295 16).
1989 3227 2054 3280 Et
2095 3229 2204 3281 alio
2237 3217 2281 3279 C
2319 3236 2449 3273 unus
2485 3219 2730 3289 Magister
2757 3218 2984 3273 Christus
3005 3220 3032 3272 Ρ
3063 3217 3209 3272 Unus
3237 3219 3286 3272 in
3318 3218 3608 3287 Scripturis
3648 3222 3807 3274 bonus
3847 3224 3928 3275 di-

592 3317 788 3370 inloco
814 3333 825 3368 :
856 3315 1110 3368 Mediator
1133 3327 1300 3368 autem
1351 3315 1503 3368 unius
1545 3332 1645 3368 non
1677 3325 1749 3370 est
1773 3334 1792 3380 ;
1844 3315 1984 3369 Deus
2033 3327 2201 3372 autem

590 3424 719 3460 unus
743 3415 814 3461 est
849 3407 868 3478 (
900 3406 1014 3460 Gal.
1049 3422 1128 3472 ιιι,
1175 3405 1290 3473 20).
1321 3405 1426 3460 Sed
1456 3407 1726 3476 quomodo
1751 3407 1850 3461 hoc
1876 3417 2121 3462 tenemus
2149 3419 2203 3465 et

593 3499 821 3566 legimus
843 3507 896 3550 et
919 3497 1241 3562 credimus,3
1264 3497 1342 3551 sic
1357 3499 1749 3566 Scripturarum
1770 3500 2066 3554 cmleSIium
2083 3503 2202 3556 nul-

595 3594 700 3647 iam
727 3600 928 3662 partem
953 3591 1229 3660 prmterire
1251 3591 1508 3646 debemus
1533 3609 1544 3642 :
1569 3595 1766 3662 quippe
1782 3609 1901 3648 cmn
1927 3598 2085 3648 etiam
2111 3597 2199 3651 illa

595 3702 715 3756 qua:
747 3685 796 3738 in
829 3685 1119 3753 Scripturis
1145 3692 1269 3738 sunt
1301 3685 1473 3752 posita
1501 3683 1700 3740 Christi
1735 3685 2031 3740 divinitatis
2065 3689 2195 3741 iusi-

595 3781 744 3850 gnia,
771 3779 917 3833 nullo
941 3777 1101 3833 modo
1122 3777 1379 3832 debemus
1407 3793 1676 3842 recusare,
1707 3794 1773 3834 ne
1801 3779 2196 3849 Scripturarum

594 3871 967 3926 anetoritatem
1019 3868 1436 3939 Corrumpendo,
1494 3871 1855 3939 integritatem
1891 3870 2010 3925 ﬁdei
2044 3886 2200 3927 sanc-

594 3974 662 4018 tae
715 3963 1022 4031 corrupisse
1080 3970 1376 4015 teneamur.
1437 3961 1504 4014 Et
1563 3961 1666 4014 hoc
1718 3978 1848 4032 ergo
1891 3962 2196 4031 credamus,

594 4058 616 4087 δ
646 4054 909 4127 siquidem
959 4055 1325 4111 ﬁdelissimum
1345 4097 1359 4122 ,
1389 4055 1480 4110 Dei
1508 4055 1698 4112 Filium
1718 4056 1902 4112 Iesum
1926 4057 2198 4115 Christum

2313 3323 2433 3368 etus
2463 3323 2544 3367 est
2577 3313 2713 3366 Deus
2771 3311 2986 3383 (Matth.
3020 3327 3106 3364 xu
3133 3353 3147 3374 ,
3181 3312 3282 3372 17;
3338 3309 3505 3364 Marc.
3557 3328 3608 3373 ι,
3649 3314 3742 3376 18ς
3785 3313 3920 3367 Luc.

2308 3422 2454 3465 xvm.
2489 3405 2614 3474 19);
2645 3404 2736 3458 sed
2781 3404 2820 3434 ¹⁰
2872 3403 3058 3457 iisdem
3103 3403 3156 3455 in
3206 3403 3498 3472 Scripturis
3544 3404 3710 3456 bonus
3752 3406 3922 3458 etiam

2307 3500 2550 3554 Christus
2594 3500 2796 3568 positus
2824 3509 2925 3553 est.
2960 3497 3074 3552 Non
3108 3499 3286 3568 igitur.
3349 3498 3390 3550 si
3423 3505 3558 3551 recte
3611 3496 3866 3564 colligunt
3899 3540 3918 3564 ,

2308 3610 2444 3648 unus
2476 3594 2681 3656 bonus,
2729 3593 2822 3646 sed
2863 3593 3023 3646 etiam
3071 3591 3176 3644 duo
3231 3591 3377 3644 boni.
3424 3589 3698 3657 Quomodo
3746 3590 3920 3659 igitur

2308 3687 2601 3740 secundum
2624 3685 3018 3754 Scripturarum
3054 3683 3234 3745 ﬁdem,
3291 3699 3428 3737 unus
3480 3683 3649 3735 bonus
3679 3696 3800 3735 esse
3829 3698 3926 3737 re-

2307 3779 2509 3834 fertur?
2535 3780 2604 3833 At
2648 3780 2690 3832 si
2741 3792 2846 3832 non
2878 3786 3064 3846 putant
3094 3777 3133 3806 υ
3156 3775 3333 3844 aliqua
3353 3776 3563 3830 ratione
3590 3775 3732 3829 uilici
3767 3790 3928 3844 posse

2304 3875 2353 3930 ei
2384 3874 2526 3944 quod
2553 3889 2686 3927 unus
2717 3872 2976 3926 Dominus
3006 3880 3106 3934 est,
3136 3885 3233 3939 per
3264 3870 3317 3924 id
3371 3869 3514 3938 quod
3545 3879 3630 3924 est
3664 3870 3926 3926 Dominus

2303 3968 2651 4031 etChristus;
2686 3981 2859 4036 neque
2893 3966 2943 4020 ei
3004 3963 3144 4034 quod
3198 3979 3334 4017 unus
3375 3972 3460 4016 est
3513 3962 3771 4032 Magister,
3820 3977 3926 4030 per

2304 4061 2432 4116 illud
2462 4061 2602 4130 quod
2633 4067 2715 4115 est
2738 4058 2988 4128 Magister
3017 4066 3070 4112 et
3103 4057 3422 4122 Paulus;aut
3459 4058 3500 4088 ¹¹
3532 4055 3754 4128 illiquod
3774 4071 3924 4110 unus

1757 4189 2132 4246 GALLANDII
2175 4193 2735 4251 COMMENTARIUS.

596 4331 852 4387 exscribit
878 4329 1199 4384 Jacksonus.
1232 4327 1453 4382 Veteres
1485 4328 1613 4382 editi
1641 4345 1654 4381 :
1682 4328 1745 4383 Si
1775 4345 1903 4382 unus
1932 4328 2188 4399 Christus,

599 4403 829 4457 Christus
855 4412 1022 4454 autem
1047 4444 1059 4466 ,
1089 4412 1191 4456 etc.
1216 4444 1228 4462 ,
1263 4410 1423 4470 atque
1461 4401 1616 4453 istam
1660 4401 1947 4455 lectionem
1977 4404 2197 4458 retinuit

600 4474 1004 4528 Welclunanus.

678 4547 692 4576 ¹
741 4546 831 4598 Est
882 4543 1066 4597 Filius.
1114 4542 1216 4596 Pro
1255 4552 1326 4596 est
1349 4541 1633 4612 legendum
1657 4544 1879 4597 omnino
1909 4553 2034 4614 puto
2057 4557 2122 4607 et,
2152 4555 2208 4600 ut

601 4619 740 4675 bene
769 4616 1021 4685 procedat
1045 4625 1437 4680 argumentum.
1470 4615 1631 4668 Paulo
1653 4625 1768 4682 post
1797 4631 1892 4684 pro
1916 4633 1974 4669 ac
2000 4617 2042 4670 si
2076 4618 2205 4671 mal-

607 4690 713 4744 lem
745 4699 795 4739 at
824 4690 867 4742 si
895 4707 905 4742 :
935 4687 1028 4741 sed
1062 4687 1192 4740 nihil
1226 4695 1393 4739 muto.
1437 4685 1689 4740 JACKSON.

676 4763 694 4789 ²
746 4757 810 4810 Ει
863 4758 1181 4812 nouissimus.
1212 4757 1485 4810 Ext'idisse
1517 4757 1723 4812 videtur
1741 4774 1852 4828 ego,
1882 4759 2196 4828 legendum.

603 4846 854 4903 quecum
873 4829 1164 4903 Jat-RSono,
1202 4838 1247 4881 et
1275 4845 1365 4900 ego
1391 4828 1690 4882 novissimus
1727 4846 1738 4881 :
1767 4841 1823 4883 ut
1846 4829 2044 4884 habent
2064 4832 2196 4887 Hel).

606 4901 768 4963 LXX,
801 4912 855 4956 et
889 4901 1037 4969 Vulg.

677 4976 696 5006 ⁸
729 4975 819 5029 Sic
851 4973 1260 5040 Scripturarum.
1279 4971 1350 5025 Ita
1378 4971 1873 5042 Pameliusaliique.
1895 4971 2205 5030 UnttsWel~

603 5048 865 5103 chmanus
896 5048 1035 5098 hunc
1066 5044 1239 5096 locum
1274 5046 1349 5096 sic
1384 5043 1508 5111 legit
1539 5059 1599 5096 ac
1627 5045 1943 5113 distinguit:
1971 5044 2030 5098 Si
2059 5047 2203 5098 Scri-

603 5131 871 5190 pturarum
897 5116 1178 5190 ccelestium
1198 5115 1394 5168 nullam
1423 5125 1612 5183 partem
1644 5117 1902 5185 prceterirc
1924 5116 2203 5172 debemus?

603 5186 779 5245 Minus
813 5201 977 5253 recte,
1012 5197 1067 5240 ut
1095 5186 1321 5241 videtur.

675 5261 694 5290 ‘
737 5259 1019 5330 Siquidem.
1071 5259 1217 5326 Legit
1271 5256 1514 5330 Latinius
1557 5258 1763 5312 scilicet.
1819 5259 1923 5314 Sed
1984 5260 2201 5314 frustra.

604 5332 737 5387 Nam
770 5329 873 5385 vox
902 5331 1148 5400 siquidem
1178 5330 1316 5385 idem
1357 5340 1436 5382 est
1470 5329 1769 5396 interdum,
1800 5331 1940 5400 quod
1971 5334 2204 5400 quando-

604 5405 809 5472 quidem
834 5419 852 5456 :
873 5420 979 5472 quo
1009 5417 1167 5455 Sensu
1199 5403 1399 5468 optime
1430 5403 1673 5464 congruit
1705 5403 1824 5457 huic
1855 5405 1987 5457 loco.
2014 5403 2205 5458 Cicero

605 5475 623 5527 Ι
653 5473 812 5528 Tusc.
845 5475 863 5528 1
895 5492 907 5527 :
937 5473 1353 5544 Antiquissimum
1377 5474 1586 5544 eductis
1614 5491 1774 5544 genus
1802 5485 1873 5527 est
1902 5486 2160 5538 poetarum
2187 5490 2205 5530 :

603 5545 851 5608 siquidem
885 5543 1135 5600 Homerus
1167 5545 1263 5613 fuit
1295 5555 1338 5598 et
1375 5543 1647 5606 Hesiodus,
1681 5555 1796 5597 ante
1833 5547 2044 5598 Rontum
2076 5564 2201 5599 con-

602 5614 780 5690 ditam.
815 5618 954 5671 Idem
991 5617 1078 5670 lib.
1118 5631 1191 5690 ix,
1227 5615 1391 5690 Epist.
1438 5617 1539 5670 12:
1573 5615 2205 5680 GratulorBuiisttOstris;

596 5688 861 5759 Siquidem,
898 5688 1438 5759 ut‘scribis._sulttbres
1468 5701 1668 5759 repente
1705 5689 1856 5759 fitctw
1884 5700 2020 5743 Sltﬂl.

668 5757 689 5827 Ρ
729 5753 881 5819 Apud
943 5755 1144 5827 Deum._
1187 5753 1257 5806 Ῑιέι
1303 5753 1855 5827 εοεαε-ἰμδίιιιιιέςιιιιι
1913 5761 2203 5826 Jaeksono.

589 5810 734 5879 Editi
773 5810 874 5896 pro
910 5810 1256 5893 apud-Deum
1282 5810 1703 5904 ιίεζρἓηὶίιιέᾱέξ
1743 5810 2210 5896 ἐιιίιιιιξγῑίἠιίὲίεέξ

2300 4333 2497 4388 tionem
2523 4332 2785 4402 expressit
2811 4331 3222 4388 Welchmanus.

2379 4404 2399 4432 ⁸
2441 4401 2817 4468 Disputatione.
2872 4401 3178 4472 Lugendum
3246 4409 3394 4469 putat
3445 4401 3748 4457 Jacksonus
3799 4406 3911 4459 dis-

2231 4495 2283 4553 Ι)
2311 4478 2578 4553 positione.
2724 4476 3130 4553 enim‘loquitur
3154 4478 3379 4553 ipsemet
3403 4473 3729 4553 Nitv'ati:iiitts
3756 4493 3921 4544 sapt}

2312 4545 2452 4601 riore
2475 4563 2593 4616 cap.
2631 4547 2713 4608 l5,
2746 4547 2844 4598 sub
2868 4545 3049 4604 linem.
3077 4547 3162 4598 ubi
3190 4547 3413 4610 legimus
3435 4546 3485 4598 in
3511 4549 3756 4599 cannli-m
3790 4564 3919 4602 sen-

2314 4620 2532 4672 tentiam
2563 4619 2899 4686 dispositione
2938 4617 3182 4687 legitima.
3225 4617 3390 4671 Paulo
3420 4629 3537 4688 post
3568 4617 3707 4670 idem
3741 4621 3917 4674 editur

2311 4691 2634 4761 Anglicanus
2669 4690 2942 4757 rescripsit
2987 4689 3219 4742 credetur
3264 4704 3359 4758 pro
3403 4689 3668 4744 credemur
3703 4707 3912 4761 ιιι-φυσε-

2309 4760 2547 4814 dentium
2581 4761 2894 4814 editionum.

2379 4835 2396 4863 ⁷
2435 4833 2568 4899 Qui.
2626 4833 2744 4885 Vel.
2819 4830 2976 4884 codd.
3045 4830 3229 4900 legunt
3282 4832 3433 4899 quia,
3487 4847 3622 4900 quos
3667 4835 3914 4902 sequitur

2311 4904 2716 4962 Welrhmanus.
2745 4903 2846 4958 Sed
2879 4920 2977 4966 qua
3005 4912 3087 4954 est
3118 4902 3275 4955 lectio
3306 4918 3407 4956 ms.
3438 4903 3718 4972 Anglicani
3745 4923 3772 4958 a
3807 4907 3911 4960 Pa-

2311 4978 2470 5030 ιιιυιὶο
2501 4977 2740 5028 re~tituta
2764 5018 2774 5033 .
2803 4983 2857 5046 et
2887 4975 3022 5046 bene
3046 4974 3292 5043 congruit
3325 4990 3446 5028 cum
3473 4980 3874 5046 pra‘sumptione
3895 5021 3909 5046 ,

2311 5060 2364 5102 ιιι
2395 5050 2492 5101 rite
2523 5047 2751 5100 advertit
2789 5045 3112 5100 Jacksonus.
3699 5045 3704 5046 “
3751 5058 3760 5067 ·

2380 5123 2399 5148 κ
2444 5117 2738 5170 Dominum.
2807 5119 3088 5170 Existimat
3153 5114 3537 5170 Welchmanus
3577 5117 3906 5187 legendum,

2309 5191 2592 5245 Dominum
2626 5206 2730 5244 esse
2759 5187 2902 5244 illum
2922 5199 3056 5262 ,_au_t
3089 5190 3294 5243 omnino
3322 5206 3423 5242 uuu
3454 5204 3594 5252 esse;
3625 5191 3765 5260 quod
3797 5194 3912 5262 qui-

2310 5263 2428 5316 dem
2464 5262 2715 5328 βιοιιιιιιιι·
2744 5262 2904 5313 etiam
2934 5257 3224 5313 Jarksiino.

2362 5338 2397 5368 '9
2441 5332 2732 5386 Dominus?
2799 5329 2863 5382 Et
2905 5329 3149 5399 Magister
3203 5347 3336 5385 unus
3365 5331 3593 5385 Christus
3619 5343 3693 5385 est
3717 5334 3902 5389 dictus.

2308 5405 2382 5460 lla
2413 5405 2591 5474 legunt
2615 5419 2684 5474 ac
2716 5402 3312 5474 distinguunteditores
3346 5403 3640 5472 Anglicani.
3678 5408 3764 5459 Al.
3803 5405 3908 5460 Do-

2309 5471 2537 5530 minuset
2577 5473 2820 5545 Magister
2843 5490 2973 5526 unus
2999 5471 3231 5545 Christus
3259 5471 3444 5529 dictus.

2380 5549 2421 5578 ¹⁰
2467 5544 2676 5599 Iisdem.
2723 5546 2808 5597 Sic
2835 5553 2980 5598 recte
3036 5544 3423 5601 Welchmauus
3447 5563 3568 5602 cum
3601 5547 3896 5605 Jarksono.

2309 5620 2371 5675 ΑΙ
2386 5663 2396 5673 .
2429 5618 2581 5673 idem.

2384 5694 2422 5723 ιι
2466 5691 2528 5742 At
2551 5691 2614 5742 si.
2661 5689 2735 5743 Ita
2761 5695 2969 5744 veteres
2991 5688 3150 5755 editi,
3181 5690 3374 5760 quibus
3398 5690 3663 5746 accedunt
3693 5691 3902 5749 Welch-

2311 5776 2499 5820 tnanus
2528 5769 2578 5815 et
2609 5760 2923 5816 Jacksonus.

2386 5836 2425 5863 ¹²
2468 5834 2562 5886 Aut
2605 5835 2701 5889 illi.
2742 5832 2864 5887 lltcc
2920 5840 3003 5889 est
3040 5831 3196 5887 lectio
3241 5832 3446 5888 Celenii
3477 5844 3529 5888 et
3573 5835 3798 5890 Pamelii
3829 5852 3896 5890 ex
