4260 6266
459 263 566 325 949

1708 258 1799 320 DE
1837 256 2212 323 TRINITA'I‘E
2249 260 2476 327 LIBER.

2180 120 2205 137 \

3657 278 3765 337 950

458 389 541 439 est
566 382 761 447 bonus,
791 391 890 450 per
915 376 1046 434 illud
1095 376 1237 449 quod
1280 378 1454 433 bonus
1510 377 1581 434 sit
1634 390 1971 449 nuncupatus
2010 384 2065 436 et
2090 383 2147 451 Α
2168 379 2425 452 originem
2451 383 2613 442 habet
2636 399 2740 458 qua
2766 386 3025 457 nascitur)
3060 389 3081 420 ⁸
3110 389 3315 446 vicinus
3366 391 3419 447 in
3447 391 3722 448 nativitate
3742 436 3756 461 ,

462 475 713 531 Christus
748 489 761 527 :
806 471 992 528 eadem
1033 471 1244 527 ratione
1269 470 1570 542 intelligant
1595 470 1739 527 oflici
1768 482 1872 526 non
1904 484 2064 543 posse

463 570 480 601 ¹
509 568 580 623 ab
614 566 707 623 illo
742 565 881 637 quod
909 581 1049 621 unus
1074 573 1158 621 est
1206 564 1379 633 Deus,
1411 566 1459 623 ei
1488 562 1626 637 q‘uod
1661 562 1799 620 Deus
1828 580 2062 633 pronun-

457 659 624 717 tiatus
648 664 733 716 est
756 670 810 715 et
838 658 1103 716 Christus.

1020 750 1251 808 CAPUT
1288 748 1484 807 XXXI.

458 846 565 906 Sed
593 842 692 903 Dei
725 846 919 902 Filium
934 843 1121 911 Deum,
1146 863 1208 902 ex
1239 846 1344 901 Deo
1374 845 1532 901 Patre
1555 846 1618 899 ab
1644 854 1833 901 aeterno
1859 853 2056 913 natum,

430 934 441 943 ’
523 945 610 1015 qui
638 958 837 1011 semper
862 942 916 996 in
948 939 1108 995 Patre
1137 940 1327 1012 fuerit,
1355 942 1932 1010 secundam'personam
1950 956 2055 995 esse

526 1051 558 1090 a
613 1031 804 1099 Patre,
854 1033 940 1101 qui
989 1031 1120 1087 nihil
1149 1040 1268 1103 ngat
1295 1033 1403 1086 sine
1435 1028 1609 1086 Patris
1638 1031 1886 1095 arbitrio;
1916 1047 2056 1086 eunt-

524 1129 640 1183 dem
678 1137 725 1182 et
763 1124 1067 1191 Dominum,
1100 1134 1147 1180 et
1177 1124 1426 1196 Angelum
1457 1125 1629 1197 magni
1647 1122 1741 1179 Dei
1755 1124 1978 1188 consilii;
2002 1124 2057 1179 in

525 1239 674 1292 quem
710 1220 879 1277 Patris
910 1220 1149 1275 divinitas
1181 1236 1271 1291 per
1300 1216 1596 1274 substantiis
1648 1217 2054 1273 communionem

524 1317 591 1371 sit
624 1316 827 1370 tradita.

523 1406 621 1466 Est
652 1424 779 1480 ergo
808 1407 948 1463 Deus
977 1407 1138 1464 Pater
1167 1407 1404 1462 omnium
1430 1406 1704 1462 institutor
1729 1415 1785 1463 et
1811 1414 2046 1473 creator,

452 1503 599 1560 solus
610 1502 871 1573 originem
890 1502 1158 1563 nesciens,
1178 1499 1475 1561 invisibilis.
1491 1501 1813 1561 immensus,
1831 1498 2054 1555 immor-

453 1594 891 1663 talis,:etcrnus,
911 1607 1047 1648 unus
1070 1593 1249 1657 Deus;
1282 1593 1434 1663 cujus
1468 1607 1641 1663 neque
1672 1590 2051 1664 magnitudini,

452 1704 632 1760 neque
660 1687 943 1759 majestati,
978 1700 1153 1757 neque
1180 1684 1669 1757 virtutiqnidqnam
1703 1700 1805 1740 non
1821 1683 2051 1741 dixerim

2168 474 2297 530 dum
2318 492 2382 532 ex
2413 491 2478 532 eo
2501 478 2657 534 Patre
2679 479 2767 550 qui
2791 481 3049 551 originem
3073 481 3221 537 solus
3247 497 3352 538 non
3378 481 3558 549 habet,
3587 482 3764 540 nasci-

2170 577 2273 624 tur.
2311 569 2405 625 iiic
2430 586 2557 640 ergo
2589 573 2802 641 quando
2830 573 2989 630 Pater
3019 575 3214 640 voluit,
3251 576 3514 645 processit
3542 591 3609 632 ex
3651 575 3762 631 Pa--

2167 671 2248 716 tre
2278 680 2291 715 :
2321 670 2374 716 et
2402 664 2487 733 qui
2521 665 2573 719 in
2608 662 2761 721 Patre
2793 666 2920 733 ftiit,
2956 667 3306 737 processitex
3336 668 3495 725 Patre
3530 687 3545 722 :
3591 678 3645 725 et
3666 669 3757 740 qui

2163 754 2217 811 in
2248 754 2409 811 Patre
2435 755 2557 822 fuit,
2595 757 2715 828 quia
2748 775 2815 814 ex
2845 758 3004 815 Patre
3032 760 3150 827 fuit,
3180 777 3302 816 cum
3335 761 3495 818 Patre
3522 772 3762 832 postmo-

2163 846 2290 902 dum
2316 848 2431 911 fuit,
2462 850 2581 919 quia
2604 865 2669 906 ex
2696 850 2853 907 Patre
2883 855 3147 923 processit
3175 872 3187 909 :
3219 856 3518 911 substantia
3544 856 3759 912 scilicet

2163 941 2251 996 illa
2280 941 2478 1008 divina,
2508 943 2662 1013 cujus
2691 959 2886 1000 nomen
2914 957 2994 1002 est
3019 944 3257 1004 Verbum
3278 992 3293 1018 ,
3328 963 3424 1021 per
3452 948 3595 1021 quod
3625 950 3761 1007 facta

2161 1043 2284 1087 sunt
2323 1035 2540 1102 omnia,
2591 1036 2785 1093 etsine
2834 1053 2941 1108 quo
2996 1036 3195 1095 factum
3235 1049 3318 1097 est
3367 1039 3521 1096 nihil.
3569 1041 3760 1098 Omnia

2164 1127 2306 1183 enim
2356 1138 2479 1199 post
2531 1130 2707 1200 ipsum
2765 1141 2925 1199 sunt,
2983 1133 3106 1204 quia
3152 1148 3248 1204 per
3303 1134 3476 1206 ipsum
3514 1146 3661 1190 sunt.
3693 1136 3764 1192 Et

2159 1222 2354 1278 merito
2409 1223 2524 1293 ipse
2579 1234 2663 1279 est
2713 1234 2837 1281 ante
2890 1227 3092 1293 omnia,
3124 1226 3145 1259 ⁷
3190 1227 3287 1284 sed
3343 1237 3465 1299 post
3508 1228 3759 1295 Patrem,

2159 1317 2374 1389 quando
2403 1334 2499 1388 per
2528 1318 2675 1374 illum
2705 1318 2841 1375 facta
2871 1333 2995 1376 sunt
3028 1322 3206 1377 omnia
3229 1363 3243 1387 ,
3273 1322 3363 1393 qui
3392 1322 3655 1393 processit
3683 1338 3753 1379 ex

2157 1424 2247 1473 eo,
2280 1425 2344 1465 ex
2373 1410 2526 1479 cujus
2557 1411 2835 1468 voluntate
2867 1412 3000 1469 iacta
3032 1423 3159 1468 sunt
3180 1415 3382 1468 omnia.
3409 1414 3552 1470 Deus
3575 1415 3758 1486 utique

2159 1502 2461 1574 procedens
2516 1519 2584 1559 ex
2631 1503 2777 1571 Deo,
2829 1506 3121 1561 secundum
3175 1520 3460 1576 personam
3519 1505 3761 1563 efiiciens

2157 1604 2280 1665 post
2309 1595 2520 1651 Patrem
2554 1611 2657 1666 qua
2689 1594 2892 1663 Filius;
2922 1596 3014 1651 sed
3039 1611 3145 1653 non
3173 1598 3407 1668 eripiens
3426 1597 3554 1653 illud
3581 1598 3761 1668 Patri,

2155 1687 2297 1759 quod
2327 1703 2464 1743 unus
2494 1698 2576 1744 est
2605 1688 2764 1744 Deus.
2796 1689 2854 1744 Si
2883 1689 3026 1744 enim
3071 1699 3228 1745 natus
3259 1704 3368 1745 non
3415 1688 3637 1757 fuisset;
3670 1690 3755 1746 in~

453 1780 727 1853 praeferri,
752 1780 845 1836 sed
869 1779 1282 1847 neccouiparari
1316 1786 1493 1848 potest
1518 1780 1559 1832 '.
1585 1777 1663 1834 Ex
1688 1791 1813 1847 quo,
1834 1776 2049 1849 quando
2078 1783 2127 1844 B
2154 1788 2310 1836 natus
2338 1791 2682 1851 comparatus
2712 1796 2833 1835 cum
2862 1795 2928 1836 eo
2958 1781 3049 1852 qui
3078 1782 3100 1814 ⁸
3129 1791 3271 1837 esset
3302 1782 3541 1844 innatus,
3565 1794 3757 1852 mqua-

458 1876 575 1946 ipse
604 1874 787 1940 vnluit,
813 1871 1001 1928 Sermo
1028 1872 1192 1927 Filius
1220 1882 1377 1927 natus
1410 1880 1494 1927 est
1523 1889 1541 1926 :
1571 1872 1661 1942 qui
1693 1887 1799 1927 non
1827 1872 1879 1926 in
1912 1886 2048 1927 sono

457 1967 700 2039 percussi
745 1966 918 2033 aeris,
956 1974 1047 2020 aut
1098 1973 1225 2020 tono
1253 1974 1456 2020 coacta:
1494 1965 1560 2019 de
1583 1964 1880 2020 visceribus
1900 1965 2048 2020 vocis

450 2060 743 2130 accipitur;
775 2058 870 2114 sed
917 2060 971 2114 in
1002 2059 1299 2114 substantia
1344 2059 1566 2127 prolat-e
1597 2073 1626 2112 a
1677 2058 1787 2113 Deo
1831 2058 2049 2113 virtutis

450 2152 763 2225 agnoscitur
797 2169 809 2206 :
841 2153 995 2223 cujus
1020 2167 1188 2209 sacrae
1224 2164 1276 2207 et
1303 2151 1501 2207 divinae
1532 2150 1823 2206 nativitatis
1852 2164 2048 2207 arcana

450 2265 551 2305 nec
589 2248 885 2319 Apostolus
915 2246 1130 2311 didicit,
1165 2262 1264 2302 nec
1295 2247 1594 2317 Proplietes
1622 2248 1916 2316 comperit,
1953 2260 2051 2303 nec

451 2343 690 2413 Angelus
719 2343 892 2408 scivit,
926 2358 1025 2397 nec
1051 2349 1297 2396 creatura
1322 2341 1603 2412 cognovit;
1636 2338 1769 2394 Filio
1790 2339 1891 2394 soli
1922 2346 2047 2394 nota

453 2449 577 2492 sunt
606 2435 695 2507 qui
732 2434 903 2491 Patris
943 2443 1148 2490 secreta
1189 2434 1458 2505 cognmit.
1505 2432 1602 2488 llic
1631 2447 1796 2503 ergo,
1828 2446 1948 2487 cum
1981 2431 2051 2487 sit

450 2529 662 2602 genitus
689 2544 719 2584 a
751 2527 911 2583 Patre
931 2570 946 2595 ,
975 2542 1190 2596 semper
1215 2534 1297 2581 est
1326 2527 1377 2580 in
1406 2525 1580 2580 Patre.
1615 2524 1843 2595 Semper
1868 2534 2048 2579 autem

451 2627 529 2681 sic
558 2625 714 2689 dico,
754 2631 811 2677 ut
844 2637 946 2676 non
975 2622 1216 2676 innatum
1243 2664 1257 2685 ,
1301 2620 1396 2678 sed
1431 2628 1614 2675 natum
1664 2619 1906 2690 probem.
1942 2618 2050 2675 Sed

452 2719 541 2790 qui
584 2728 711 2773 ante
742 2732 902 2772 omne
948 2726 1158 2785 tempus
1199 2723 1314 2779 est,
1357 2729 1574 2793 semper
1600 2714 1653 2768 in
1697 2711 1857 2769 Patre
1888 2711 2050 2769 fuisse

456 2811 714 2867 dicendus
743 2817 826 2866 est
854 2828 866 2864 :
903 2825 1003 2865 nec
1025 2808 1165 2863 enim
1197 2818 1408 2878 tempus
1449 2806 1525 2862 illi
1550 2806 1809 2878 assignari
1837 2814 2049 2879 potest,

458 2904 548 2976 qui
585 2912 708 2959 ante
738 2912 947 2970 tempus
972 2910 1075 2956 est.
1116 2900 1344 2970 Semper
1372 2900 1514 2955 enim
1544 2900 1595 2954 in
1626 2899 1821 2965 Patre;
1851 2914 1918 2954 ne
1950 2900 2052 2954 Pa-

457 3005 539 3051 ter
568 3012 670 3051 non
709 3010 924 3063 semper
952 2995 1023 3048 sit
1055 2994 1215 3049 Pater
1247 3009 1260 3046 :
1296 2994 1316 3024 ³
1371 2993 1498 3062 quin
1527 3001 1582 3048 et
1636 2993 1658 3025 ⁸
1710 2993 1867 3048 Pater
1898 2992 2046 3048 illum

455 3087 616 3143 etiam
648 3086 901 3159 (quadam
942 3084 1173 3158 ratione)
1209 3086 1497 3155 praecedit,
1542 3085 1683 3157 quod
1714 3101 1937 3142 necesse
1969 3094 2053 3142 est

2154 1876 2303 1931 tione
2335 1874 2385 1929 in
2431 1884 2661 1945 utroque
2704 1882 2953 1940 ostensa,
3000 1874 3139 1930 duos
3184 1874 3383 1932 faceret
3428 1876 3671 1942 innatos,
3705 1885 3759 1934 et

2152 1969 2275 2025 ideo
2295 1968 2429 2025 duos
2447 1969 2646 2024 faceret
2677 1968 2836 2025 Deos.
2861 1968 2918 2025 Si
2948 1984 3054 2024 non
3083 1970 3293 2041 genitus
3314 1979 3490 2035 esset;
3520 1969 3750 2026 collatus

2152 2078 2273 2118 cum
2304 2077 2370 2118 eo
2399 2061 2488 2132 qui
2517 2062 2732 2133 genitus
2776 2078 2885 2117 non
2916 2070 3089 2131 esset,
3140 2071 3195 2117 et
3239 2062 3475 2134 aequales
3516 2062 3748 2131 inventi,

2152 2154 2285 2210 duos
2317 2153 2454 2209 Deos
2504 2154 2697 2209 merito
2742 2152 3109 2209 reddidissent
3160 2169 3267 2209 non
3324 2154 3533 2226 geniti;
3588 2146 3751 2226 atque

2154 2248 2276 2305 ideo
2300 2245 2434 2302 duos
2460 2246 2707 2303 Christus
2736 2247 3062 2303 reddidisset
3106 2247 3270 2306 Deos.
3304 2247 3359 2304 Si
3401 2250 3522 2305 sine
3550 2228 3759 2320 origine

2153 2350 2297 2395 esset
2328 2348 2384 2394 ut
2417 2340 2595 2406 Pater,
2631 2340 2901 2407 inventus,
2935 2348 2989 2396 et
3020 2340 3137 2410 ipse
3164 2340 3483 2412 principium
3517 2341 3758 2397 omnium

2154 2441 2210 2488 ut
2254 2433 2447 2499 Pater,
2496 2430 2604 2487 duo
2656 2431 2861 2489 faciens
2908 2432 3206 2504 principia;
3256 2434 3393 2490 duos
3438 2435 3765 2491 ostendisset

2155 2526 2309 2585 nobis
2335 2536 2735 2597 consequenter
2778 2536 2830 2583 et
2884 2527 3045 2583 Deos.
3078 2527 3186 2586 Aut
3217 2529 3261 2583 si
3311 2537 3366 2585 et
3410 2529 3529 2600 ipse
3576 2529 3750 2585 Filius

2154 2634 2259 2675 non
2292 2630 2456 2686 esset,
2487 2618 2580 2674 sed
2611 2616 2775 2675 Pater
2798 2634 3065 2691 gent-rans
3091 2619 3159 2674 de
3183 2634 3243 2675 se
3266 2621 3497 2677 alterum
3527 2620 3757 2688 Filium;

2166 2712 2362 2767 merito
2389 2712 2620 2767 collatus
2649 2726 2771 2767 cum
2801 2712 2961 2767 Patre
2987 2723 3039 2767 et
3070 2721 3246 2767 tantus
3274 2711 3591 2778 denotatus,
3627 2713 3764 2769 duos

2154 2804 2342 2859 Patres
2387 2801 2657 2859 effecisset
2706 2822 2719 2859 :
2765 2813 2819 2859 et
2866 2802 2986 2858 ideo
3022 2802 3158 2858 duos
3197 2803 3553 2873 approbasset
3594 2805 3757 2860 etiam

2155 2899 2317 2954 Deos.
2345 2900 2366 2931 ³
2397 2898 2451 2953 Si
2482 2896 2764 2953 invisibilis
2803 2896 3027 2964 fuisset,
3056 2911 3178 2952 cum
3226 2896 3482 2952 invisibili
3525 2896 3759 2953 collatus

2156 3007 2253 3062 par
2279 3005 2568 3061 expressus
2589 3034 2603 3054 ,
2636 2990 2774 3046 duos
2802 2990 3101 3046 invisibiles
3144 2989 3510 3054 ostendisset;
3541 3001 3595 3047 et
3636 2990 3760 3046 ideo

2154 3085 2293 3140 duos
2330 3084 2737 3155 comprobasset
2766 3094 2818 3138 et
2862 3082 3025 3140 Deos.
3060 3084 3116 3139 Si
3150 3083 3755 3153 incomprehensibilis,

457 3178 903 3256 (quodammodo)
954 3180 1101 3250 prior
1154 3180 1223 3235 sit
1273 3195 1376 3250 qua
1436 3180 1596 3235 Pater
1646 3176 1737 3235 sit.
1783 3179 2123 3249 Quoniamc
2156 3182 2202 3237 si
2228 3191 2488 3237 etcmtera
2512 3192 2864 3249 qumcumque
2889 3186 3012 3233 sunt
3033 3177 3477 3243 Patris;merito,
3507 3176 3757 3245 dicimus,

457 3277 657 3352 (aliquo
688 3273 865 3348 pacto)
898 3274 1177 3329 antecedat
1217 3290 1440 3329 necesse
1480 3283 1565 3330 est
1616 3290 1737 3329 eum
1771 3274 1859 3345 qni
1893 3273 2056 3331 habet

457 3371 749 3436 originem,
782 3370 873 3423 ille
916 3369 1004 3438 qui
1050 3370 1311 3439 originem
1343 3369 1531 3425 nescit.
1573 3369 1743 3424 Simul
1799 3370 1821 3402 '
1866 3378 1924 3423 ut
1966 3369 2052 3426 hic

458 3461 632 3516 minor
661 3462 750 3525 sit,
780 3460 909 3515 dum
932 3458 984 3514 in
1020 3460 1112 3513 illo
1139 3474 1260 3515 esse
1287 3475 1346 3516 se
1372 3462 1491 3526 scit,
1521 3460 1727 3515 habens
1757 3461 2049 3530 originem,

459 3557 585 3629 quia
612 3557 878 3625 nascitur;
907 3565 961 3612 et
989 3570 1085 3627 per
1116 3556 1329 3612 Patrem
1358 3556 1756 3628 quodammodo
1786 3556 2053 3629 (quamvis

2158 3274 2387 3329 duorum
2442 3271 2674 3328 Deorum
2708 3286 2869 3342 quam
2916 3271 3005 3326 iSti
3054 3269 3403 3342 conﬁngunt,
3437 3279 3755 3328 controver-

2158 3367 2294 3423 siam
2332 3367 2664 3435 suscitasset.
2706 3364 2857 3420 Nunc
2886 3375 3065 3419 autem
3112 3363 3372 3435 quidquid
3404 3374 3519 3429 est,
3550 3379 3655 3419 non
3685 3381 3753 3421 ex

2157 3476 2218 3517 se
2244 3470 2359 3526 est,
2389 3461 2511 3531 quia
2541 3474 2643 3514 nec
2667 3458 2881 3513 innatus
2911 3465 3027 3523 est;
3058 3458 3151 3512 sed
3179 3473 3243 3513 ex
3287 3457 3445 3512 Patre
3470 3466 3585 3523 est,
3629 3458 3756 3527 quia

2158 3554 2374 3625 genitus
2402 3560 2485 3608 est
2517 3569 2530 3605 :
2562 3550 2678 3607 sive
2703 3549 2829 3606 dum
2858 3547 3095 3605 Verbum
3124 3558 3234 3615 est,
3270 3547 3384 3604 sive
3424 3547 3550 3604 dum
3573 3547 3762 3607 Virtus

1565 3672 1942 3728 GALLANDII
1979 3667 2545 3728 COMMENTARIUS.

463 3803 564 3843 ms.
594 3786 834 3842 Britann.
868 3802 1023 3857 quam
1069 3788 1310 3857 sequitur
1344 3786 1663 3842 Jarksonus.
1709 3787 1781 3843 At
1820 3787 2046 3844 erch-

464 3875 654 3914 manus
694 3875 759 3914 ex
798 3858 1059 3929 Gaguteo.
1094 3877 1251 3929 neque
1280 3858 1374 3913 illi.
1408 3860 1574 3914 Paulo
1607 3869 1724 3927 post
1749 3858 2048 3915 .larksonus

461 3930 643 3999 legere
673 3931 856 3986 mallet
893 3941 965 3986 est
993 3942 1375 4000 nuncupatum,
1423 3942 1479 3984 ut
1520 3930 1574 3985 in
1623 3930 1841 4002 reliquis
1887 3931 2050 3987 habet

460 4002 807 4057 Novatianus.

532 4077 549 4105 ¹
594 4074 666 4128 Ab
721 4074 811 4129 illa
850 4074 987 4143 quod
1042 4090 1171 4127 unus
1223 4084 1294 4128 est
1329 4072 1485 4128 Deus.
1532 4073 1622 4128 Sic
1656 4088 1844 4127 omnes
1883 4072 2013 4128 editi
2039 4113 2055 4135 ,

460 4156 658 4217 praeter
688 4162 849 4217 unum
879 4142 1414 4217 Weirhmanianum;
1451 4146 1537 4199 tibi
1586 4144 1811 4215 legitur,
1843 4147 1886 4198 ei
1920 4144 2057 4215 quod

462 4216 593 4272 unus
619 4226 689 4269 est
715 4216 883 4281 Deus,
920 4233 1010 4287 per
1040 4217 1132 4287 hoc
1163 4217 1300 4285 quod
1326 4216 1480 4270 Deus.

532 4288 659 4343 CAP.
694 4286 889 4344 XXXI.
922 4285 996 4348 '—-,
1022 4289 1042 4319 ²
1083 4285 1169 4342 Ea:
1195 4304 1310 4358 qua.
1338 4287 1541 4355 quando
1563 4288 1670 4351 ipse
1699 4287 1874 4358 voluit.
1906 4286 2060 4343 Hunc

462 4361 635 4414 locum
658 4360 863 4428 plenius
890 4359 1136 4414 edisserit
1164 4356 1219 4414 S.
1255 4358 1569 4430 llippoiytus
1599 4370 1778 4412 contra
1811 4356 2055 4430 Naetum,

2150 3803 2369 3851 manus,
2401 3787 2632 3843 resoluit
2658 3785 2956 3842 Jacksonus
2996 3786 3290 3842 Pameiium
3319 3796 3554 3845 secutus.
3610 3778 3617 3783 ’

2225 3860 2246 3891 ⁸
2298 3859 2522 3913 Vicinus.
2580 3858 2670 3914 Sic
2727 3857 2990 3913 Patueiius
3056 3874 3120 3912 ex
3149 3867 3400 3928 corrupta
3462 3876 3597 3917 voce
3630 3862 3754 3919 vici-

2160 3933 2240 3985 nis
2261 3973 2275 3993 ,
2306 3946 2466 4005 quam
2495 3928 2715 4005 exhibet
2741 3943 2845 4005 ms.
2878 3929 3086 4005 _Auglic.
3129 3928 3303 4005 Minus
3335 3930 3757 4005 placetconjec-

2164 4012 2280 4057 tura
2308 4001 2406 4053 viri
2437 3998 2756 4069 docti‘apud
2782 3997 3137 4065 Jacksonum,
3174 3997 3399 4069 legentis
3424 4002 3643 4060 divinus.

2235 4073 2255 4102 ⁷
2280 4072 2384 4127 Sed
2426 4080 2538 4140 post
2585 4067 2813 4124 Patrem.
2855 4069 2983 4141 Haec
3027 4080 3081 4123 et
3127 4067 3246 4141 quin
3267 4084 3389 4141 mox
3418 4082 3538 4140 post
3567 4089 3757 4133 vocem

2164 4144 2380 4215 efﬁciens
2408 4139 2740 4210 sequuntur,
2784 4151 2896 4210 post
2928 4139 3266 4215 Patrem'qua
3292 4139 3511 4215 filius,
3551 4144 3605 4198 in
3647 4161 3752 4203 ms.

2164 4210 2375 4287 A'ngiic.
2404 4222 2619 4287 exstare
2664 4222 2890 4268 teSIatur
2913 4211 3219 4287 Pameiius.
3252 4230 3270 4263 ι
3291 4210 3510 4282 Verum,
3546 4215 3753 4287 inquit,

2164 4286 2448 4360 maluimus
2476 4284 2529 4339 in
2557 4293 2821 4360 Conicle
2852 4284 3184 4360 relinquere.
3218 4293 3476 4360 ut_nemo
3516 4284 3637 4343 hinc
3671 4305 3762 4360 ero

2168 4358 2319 4413 raudi
2350 4371 2534 4411 ausam
2566 4366 2762 4410 sumat.
2787 4356 3121 4424 Quamquam
3144 4355 3355 4411 interim
3383 4368 3569 4412 eontra
3601 4355 3757 4414 Aria-

462 4446 512 4520 ς.
550 4432 637 4492 ll,
658 4424 1072 4520 undei'ortei'slt'a
1096 4424 1371 4520 mutuatus
1392 4424 1472 4485 est
1500 4424 2062 4520 imt'atianusﬂidesjs
2087 4459 2141 4520 Β
2168 4444 2268 4484 nos
2303 4427 2532 4483 sufliciat
2553 4426 2734 4520 .i‘lll'l‘dl:
2767 4427 2981 4520 Semper
2998 4428 3138 4520 filii?!
3176 4428 3227 4520 ir}
3260 4424 3453 4520 Patre:
3496 4446 3559 4520 ﬂ:
3598 4427 3760 4520 Pater

464 4511 591 4573 tuin.
629 4516 664 4555 tt
696 4511 890 4555 ttnstt'a-
921 4502 1173 4556 Bibliotli.
1210 4502 1310 4557 PP.
1344 4517 1463 4573 pag.
1494 4500 1623 4567 460,
1660 4504 1725 4569 Α,
1756 4512 1807 4557 et
1835 4517 1956 4572 qua:
1987 4500 2061 4556 ibi

468 4572 619 4628 fuere
645 4584 918 4627 annutata.

539 4644 559 4676 ³
601 4642 755 4708 Quin.
822 4644 894 4699 [ta
946 4646 1131 4714 legunt
1190 4655 1320 4699 vett.
1382 4643 1535 4699 editt.
1594 4659 1822 4715 eamque
1869 4643 2059 4698 lectio-

468 4730 588 4770 nem
621 4717 878 4785 expressit
923 4728 1148 4787 uterque
1181 4716 1355 4770 editor
1394 4717 1741 4786 Anglicanus.
1792 4715 2061 4771 Pameiius

468 4801 533 4841 ex
563 4801 661 4840 ius.
694 4788 812 4840 cod.
844 4787 1084 4842 Britann.
1118 4789 1395 4855 rescripsit
1419 4789 1559 4856 quia.

538 4857 558 4889 "
604 4860 878 4913 I’ater.....
936 4858 1201 4913 antecedat
1247 4876 1447 4914 necesse
1495 4868 1585 4913 est.
1643 4858 1772 4926 Qum
1802 4859 1954 4913 uncis
1981 4858 2063 4913 in.

468 4929 728 4985 clusimus
747 4971 762 4992 ,
797 4939 1023 4984 testatur
1051 4930 1319 4984 Pantelius
1345 4930 1578 4985 abfuisse
1603 4947 1630 4983 a
1660 4931 1780 4984 cod.
1813 4946 1912 4984 uis.
1946 4928 2060 4984 An-

465 5003 589 5071 glic.
622 5001 817 5069 illaque
841 5003 1068 5070 primum
1093 5002 1360 5055 addidiSse
1381 5001 1670 5071 Gagnmum
1690 5001 2065 5069 explicationis

466 5088 662 5140 causa,
710 5088 779 5126 ne
810 5074 1021 5127 Arianis
1053 5073 1325 5127 videretur
1378 5074 1553 5129 favere
1601 5084 1810 5128 auctor.
1864 5072 2061 5127 Eadem

466 5146 628 5199 etiam
690 5143 955 5198 habentur
1003 5147 1052 5197 in
1102 5144 1336 5198 editione
1384 5144 1674 5211 Frobenii,
1720 5143 1949 5199 fortasse
1998 5158 2064 5198 cx

465 5215 724 5286 Gngnmo.
757 5216 1096 5284 Quapropter
1132 5231 1193 5270 ea
1226 5232 1439 5286 quoque
1485 5217 1727 5286 retinuit
1751 5215 2064 5286 Welcluna-

468 5301 587 5342 nus.
621 5286 805 5356 Neque
829 5288 985 5341 aliter
1018 5285 1264 5341 Marauus
1286 5287 1458 5340 Divin.
1496 5287 1559 5340 D.
1590 5286 1661 5340 N.
1693 5285 1748 5339 «Ι.
1785 5285 1845 5341 C.
1869 5286 2062 5356 lib._tv,

467 5374 586 5431 cap.
624 5353 786 5431 19,5
818 5360 880 5420 Ξ,
916 5358 1202 5431 ιιειςηξὶι8.
1246 5363 1315 5431 At
1345 5358 1527 5431 B_uilus
1556 5356 1765 5431 Defens.
1810 5357 1904 5431 fill.
1942 5353 2063 5431 Nic.

468 5426 581 5485 sec.
616 5446 707 5494 tu,
741 5426 852 5500 §'7,
883 5426 1003 5500 pagi
1034 5430 1175 5495 222,
1199 5440 1248 5485 et
1277 5428 1575 5484 .laeksouus
1602 5429 1688 5483 illa
1714 5426 1893 5481 omnia
1924 5427 2065 5482 omi-

470 5514 594 5555 sere
603 5541 613 5552 .

548 5572 567 5601 ⁸
609 5571 898 5626 Simul.....
949 5573 1034 5642 qui
1084 5572 1327 5641 originem
1365 5572 1503 5624 solus
1533 5587 1634 5625 non
1699 5570 1876 5642 habet,
1902 5570 2070 5642 nasci-

477 5653 578 5695 tur.
614 5642 727 5695 Non
755 5639 1025 5712 potuimus
1050 5639 1436 5709 noztsnpplere
1462 5657 1525 5695 ex
1560 5657 1661 5695 ms.
1698 5641 1904 5709 Anglic.
1934 5639 2069 5696 hanc

477 5714 756 5782 periodum
788 5725 946 5770 antea
988 5714 1343 5768 desideratam
1380 5730 1392 5767 :
1438 5728 1556 5779 qute
1586 5721 1763 5767 tamen
1793 5722 1948 5764 caute
1992 5713 2070 5767 le-

478 5784 672 5855 genda.
709 5787 913 5841 PMIEL.
948 5818 1017 5826 --
1060 5785 1313 5841 Eamdcm
1353 5786 1631 5855 periodum
1666 5784 1848 5840 omisit
1881 5782 2065 5839 Welk-

2167 4519 2268 4556 non
2299 4517 2496 4570 semper
2520 4499 2583 4553 sit
2620 4496 2813 4563 Pater;
2838 4496 2901 4553 et
2921 4500 3059 4570 quod
3092 4497 3230 4553 haud
3259 4498 3440 4567 procul
3471 4516 3498 4553 a
3525 4499 3631 4557 ﬁne
3662 4503 3757 4559 lut-

2159 4573 2250 4643 jus
2277 4572 2466 4641 capitis
2501 4570 2661 4643 habet
2702 4588 2714 4623 :
2764 4570 3087 4639 Principium
3132 4570 3411 4643 natiuitatis
3450 4584 3570 4643 ante
3609 4590 3759 4631 omne

2166 4640 2362 4713 tempus
2388 4642 2599 4713 accepit.
2635 4642 2712 4696 Ex
2748 4658 2855 4713 quo
2880 4651 3092 4698 constat
3112 4640 3470 4713 ,quum‘dicit
3506 4662 3518 4697 :
3547 4641 3758 4700 Patrem

2166 4710 2469 4783 praecedere,
2492 4710 2711 4783 priorem
2738 4710 2844 4769 esse
2870 4723 2917 4768 et
2941 4712 3270 4783 antecedere;
3298 4710 3549 4783 idisolttm
3580 4731 3639 4771 se
3664 4718 3754 4771 iu-

2166 4781 2425 4858 telliget‘e,
2468 4781 2540 4858 uti
2577 4786 2847 4858 subjuugit
2867 4827 2881 4852 ,
2910 4801 3009 4858 qua
3041 4781 3199 4837 Pater
3214 4783 3309 4858 sit.
3340 4782 3541 4840 Eodem
3575 4787 3757 4858 itaque

2167 4854 2327 4914 modo
2380 4856 2718 4925 intelligenda
2767 4854 2885 4927 qua:
2937 4857 3128 4927 iterum
3196 4854 3358 4922 dicit,
3412 4873 3528 4910 cum
3595 4854 3758 4916 Patre

2167 4931 2487 5054 postn’t‘odum
2522 4928 2760 4997 [uit,.....
2784 4926 2892 4984 iscd
2920 4937 3034 4999 post
3067 4926 3339 4982 Patrem...
3386 4937 3497 4998 post
3541 4927 3753 4987 Patrem

2167 5018 2266 5054 ana
2346 5017 2483 5054 itus.
2524 5019 2542 5052 ι

2202 5018 2266 5055 ua
2301 5000 2483 5055 Filius.
2524 5019 2542 5052 ι

2166 5019 2266 5072 qua
2301 5019 2483 5055 1⁷111118.
2524 5019 2542 5052 ι

2238 5074 2260 5103 ⁸
2301 5068 2467 5127 Esset.
2526 5068 2686 5137 lieic,
2716 5079 2793 5142 et
2817 5071 2979 5142 paulo
3016 5077 3138 5140 post
3176 5067 3265 5142 ubi
3296 5066 3525 5142 legimus
3553 5075 3756 5142 genitus

2169 5160 2268 5197 non
2295 5151 2453 5205 esset,
2483 5141 2801 5201 coniiciebat
2822 5139 3212 5198 Weicbiuauus
3230 5139 3514 5210 legendqu
3538 5139 3629 5200 est.
3655 5146 3758 5202 At-

2167 5230 2271 5285 que
2303 5217 2370 5285 ita
2394 5212 2560 5285 edidit
2582 5211 2898 5268 .lacksonus.

2239 5288 2260 5318 ⁸
2302 5284 2362 5340 Si
2407 5284 2741 5355 invisibilis...
2800 5285 2920 5355 quia
2956 5300 3051 5355 nec
3108 5284 3333 5355 innatus
3354 5291 3449 5338 est.
3483 5284 3591 5341 Has
3620 5287 3757 5345 duas

2171 5355 2421 5426 periodos
2458 5364 2515 5409 et
2555 5352 2831 5426 dimidiam
2874 5370 2993 5425 qua:
3041 5354 3095 5426 lu
3126 5352 3556 5426 pra-cedentibus
3602 5360 3762 5417 editis

2169 5427 2636 5501 desiderabantur,
2664 5441 2732 5480 ex
2761 5425 2977 5501 laudato
3001 5425 3190 5480 codice
3213 5425 3506 5501 Ang_|_ica_no
3535 5432 3761 5501 supple-

2170 5500 2378 5562 viuuts,
2411 5495 2722 5551 ontitteutes
2765 5496 2894 5551 ilittd
2925 5512 3240 5552 excusorum
3262 5539 3277 5562 ,
3312 5494 3545 5553 Christus
3589 5494 3761 5556 autem

2170 5585 2270 5623 non
2298 5569 2503 5622 innatus
2528 5581 2633 5631 est,
2666 5577 2826 5635 atque
2855 5568 2944 5621 illa
2973 5584 3037 5623 ex
3078 5567 3265 5622 iisdem
3307 5572 3519 5623 excusis
3553 5572 3763 5628 adden-

2172 5651 2275 5702 tes,
2307 5639 2394 5693 sed
2420 5655 2483 5692 ea:
2507 5636 2668 5692 Patre
2693 5650 2795 5707 est,
2829 5643 2946 5701 quia
2972 5640 3171 5709 genitus
3200 5647 3290 5692 est.
3329 5637 3530 5695 ΡΑιιει..
3568 5672 3641 5683 --
3669 5643 3764 5699 Ni-

2173 5713 2367 5766 mirum
2436 5710 2701 5765 editiones
2749 5726 2869 5779 quze
2931 5710 3296 5765 Patnelianam
3353 5725 3769 5782 praecesserunt.

2175 5792 2295 5854 p0st
2319 5797 2478 5840 voces
2506 5792 2563 5837 ct
2590 5781 2707 5839 ideo
2735 5783 2863 5839 duos
2889 5783 3218 5854 approbasset
3244 5781 3395 5843 etiam
3422 5781 3576 5854 Deos,
3607 5786 3686 5844 sic
3712 5801 3776 5844 se
