4256 6250
503 230 598 286 951

1566 227 1941 285 NOVATIANI
1969 227 2058 284 DE
2100 226 2142 282 Τ
2147 226 2477 284 BINITATE
2510 227 2733 284 LIBER.

3671 286 3677 291 .
3700 227 3812 283 952

494 351 596 409 est,
630 342 741 397 sive
768 339 896 397 dum
924 340 1196 412 Sapientia
1235 350 1347 411 est,
1380 342 1494 399 sive
1524 341 1649 398 dum
1683 343 1801 399 Lux
1828 354 1945 414 est,
1976 346 2094 402 sive
2122 350 2175 412 Α
2200 354 2286 401 tus
2313 360 2377 402 ex
2419 344 2598 413 Patre,
2632 356 2691 402 ut
2718 354 2864 403 esset
2891 347 3170 404 Dominus.
3216 346 3415 405 Est'et
3470 346 3616 421 (ιω.
3649 364 3723 415 ix,
3745 349 3805 421 6)

496 432 626 489 dum
657 431 823 487 Filius
852 441 968 500 est,
1007 445 1060 488 et
1099 434 1356 505 quidquid
1402 434 1594 490 borum
1641 448 1721 491 est
1747 478 1763 504 ,
1812 436 1939 492 dum
1986 453 2094 493 non

496 526 717 581 aliunde
745 536 856 592 est,
889 542 1046 596 quam
1069 570 1083 593 ,
1118 528 1255 583 sicut
1283 528 1520 583 diximus
1563 530 1674 600 jam
1713 532 1961 598 superius
1983 577 1998 600 ,
2030 549 2096 588 ex

499 618 696 685 Patre;
732 619 876 674 Patri
902 634 1000 674 suo
1028 622 1290 691 originem
1320 636 1472 676 suam
1497 622 1734 691 debeas,
1765 623 2095 680 discordiam

498 712 792 769 divinitatis
823 714 890 769 de
927 731 1155 770 numero
1200 716 1429 771 duorum
1481 717 1715 773 Deorum
1764 716 1944 773 facere
1988 733 2096 774 non

497 806 705 876 pomit,
736 809 824 876 qui
852 822 917 862 ex
949 807 1041 862 illo
1071 809 1161 878 qui
1192 819 1277 864 est
1308 826 1444 865 unus
1478 810 1651 878 Deus,
1681 812 1944 882 originem
1973 827 2097 869 nas-

498 901 674 957 cendo
699 903 985 958 contraxit.
1021 903 1137 971 Quo
1160 918 1371 975 genere
1404 906 1533 961 dum
1562 916 1616 962 et
1656 909 1969 978 unigenitus
1990 920 2094 977 est,

498 1003 555 1050 et
584 993 971 1064 primogenitus
996 1011 1065 1050 ex
1094 996 1185 1050 illo
1212 1006 1295 1051 est
1341 998 1429 1067 qui
1453 999 1717 1069 originem
1752 1015 1858 1055 non
1890 1001 2051 1057 habet
2080 1044 2096 1068 ,

498 1088 789 1142 unus'est
831 1089 1069 1142 omnium
1124 1105 1303 1145 rerum
1348 1100 1402 1145 et
1455 1092 1779 1163 principium
1821 1102 1876 1149 et
1915 1104 2095 1164 caput.

499 1180 936 1237 ldcirco’unum
988 1183 1154 1239 Deum
1195 1185 1447 1251 asseruit,
1478 1201 1635 1256 quem
1681 1202 1788 1242 non
1837 1189 1938 1243 sub
1988 1188 2101 1243 ullo

496 1273 766 1344 principio
792 1283 882 1328 aut
909 1274 1094 1342 initio,
1127 1276 1220 1331 sed
1252 1277 1461 1333 initium
1495 1280 1672 1348 potius
1695 1291 1748 1335 et
1777 1282 2098 1351 principium

501 1383 684 1421 rerum
715 1370 951 1422 omnium
985 1371 1377 1439 comprobavit.
1416 1371 1435 1402 ³
1467 1371 1634 1427 Filius
1661 1382 1841 1430 autem
1873 1374 2006 1429 nihil
2034 1390 2100 1430 ex

504 1460 730 1515 arbitrio
758 1477 854 1516 suo
878 1464 1034 1533 gerit,
1065 1479 1164 1518 nec
1193 1480 1257 1519 ex
1289 1465 1518 1520 COIhiiiO
1548 1482 1647 1521 suo
1682 1466 1829 1535 facit,
1857 1483 1956 1524 uec
1984 1484 2013 1522 a
2042 1484 2102 1524 se

506 1556 685 1621 venit,
729 1554 823 1610 sed
866 1557 1108 1626 imperiis
1139 1562 1378 1628 paternis
1420 1562 1672 1616 omnibus
1717 1573 1764 1618 et
1825 1565 2104 1634 praeceptis

504 1647 688 1703 obedit
729 1662 831 1703 :ut
878 1653 1123 1720 quamvis
1165 1654 1359 1722 probet
1410 1654 1559 1709 illum
1612 1656 1862 1711 natiriias
1909 1656 2100 1713 Filium

2198 439 2467 509 Angelus,
2502 438 2598 495 sed
2640 438 2707 494 ad
2733 442 3160 496 annuntiandum
3210 456 3460 513 magnum
3496 442 3591 498 Dei
3630 443 3810 499 consi-

2199 528 2329 584 lium
2351 570 2366 597 ,
2412 545 2477 584 ex
2530 529 2692 585 Patre
2740 545 2839 586 suo
2869 531 3107 603 Angelus
3135 531 3456 587 destinatus.
3490 533 3510 563 "
3535 530 3706 603 Cujus
3730 534 3813 589 sic

2199 622 2448 677 divinitas
2490 622 2717 677 traditur
2749 665 2764 689 ,
2819 624 2841 655 ⁸
2914 633 2974 679 ιιι
3041 640 3147 678 non
3193 634 3285 679 aut
3339 623 3674 680 dissonantia
3716 634 3812 680 aut

2200 714 2558 784 inaequalitate
2587 715 2881 771 divinitatis
2919 715 3058 771 duos
3095 716 3233 772 Deos
3279 715 3579 772 reddidisse
3620 717 3807 774 videa-

2201 814 2305 860 tur.
2338 804 2606 875 Subjectis
2634 805 2779 860 enim
2818 807 2867 861 ei
2906 807 3061 878 quasi
3113 805 3252 862 Filio
3277 807 3528 862 omnibus
3571 806 3736 864 rebus
3777 825 3810 864 a

2200 895 2378 977 Patre,
2410 896 2534 950 dum
2567 895 2611 968 (Ι
2642 892 2762 952 Cor.
2796 912 2892 963 xv,
2923 897 3019 968 28)
3044 898 3159 968 ipse
3186 912 3307 953 cum
3329 896 3414 952 bis
3437 913 3557 969 quae
3585 898 3663 954 illi
3682 899 3813 955 sub-

2196 987 2336 1058 jecta
2367 997 2521 1054 sunt,
2555 988 2700 1043 Patri
2749 1004 2848 1045 suo
2891 990 3206 1061 subjicitur,
3240 990 3418 1047 Patris
3459 991 3675 1062 quidem
3722 992 3810 1048 sui

2203 1080 2371 1137 Filius
2414 1082 2701 1151 probatur;
2751 1092 3069 1139 cancrorum
3120 1094 3301 1139 autem
3345 1094 3399 1140 et
3450 1084 3702 1141 Dominus
3750 1094 3811 1141 et

2206 1175 2348 1230 Deus
2378 1190 2499 1231 esse
2535 1178 2819 1247 reperitur.
2852 1178 2933 1233 Ex
2960 1193 3065 1249 quo
3093 1177 3219 1234 dum
3252 1178 3377 1235 huic
3416 1180 3507 1251 qui
3546 1192 3628 1236 est
3662 1181 3809 1237 Deus

2203 1272 2383 1326 omnia
2414 1272 2683 1327 substrata
2733 1273 3043 1340 traduntur,
3089 1282 3143 1330 et
3187 1284 3383 1330 cuncta
3427 1275 3530 1330 sibi
3563 1276 3809 1345 subjecta

2204 1362 2370 1419 Filius
2397 1376 2617 1434 accepta
2652 1364 2814 1420 refert
2838 1365 3020 1432 Patri;
3053 1376 3217 1421 totam
3244 1367 3548 1423 divinitatis
3576 1368 3814 1424 auctori-

2208 1465 2370 1514 tatem
2422 1475 2608 1514 rursus
2644 1462 2665 1493 θ
2694 1460 2839 1515 Patri
2871 1461 3134 1527 remittit;
3172 1476 3310 1516 unus
3339 1462 3479 1516 Deus
3503 1462 3813 1518 ostenditur

2207 1567 2369 1608 verus
2395 1561 2449 1607 et
2473 1560 2708 1608 internus
2740 1552 2933 1619 Pater;
2963 1570 2991 1608 a
3024 1569 3131 1624 quo
3166 1556 3283 1610 solo
3313 1555 3434 1610 b;ee
3461 1554 3541 1611 vis
3562 1556 3816 1611 divinita-

2206 1645 2273 1701 tis
2301 1647 2499 1702 emissa
2526 1688 2540 1710 ,
2569 1648 2732 1702 etiam
2765 1648 2816 1701 iu
2862 1645 3056 1701 Filium
3090 1647 3282 1702 tradita
3329 1656 3383 1702 et
3423 1647 3660 1711 directa,
3698 1663 3821 1704 rur-

506 1738 693 1812 (Hebr.
741 1757 803 1807 ν,
858 1741 915 1815 8)
941 1759 955 1809 ;
1007 1754 1181 1798 tamen
1232 1747 1497 1818 morigera
1543 1749 1846 1803 obcdjcnlia
1899 1760 2105 1806 asserat
2132 1761 2181 1821 Β
2206 1754 2325 1794 sum
2357 1754 2454 1809 per
2483 1739 2797 1794 substantia:
2828 1741 3266 1795 communionem
3296 1740 3363 1795 ad
3396 1740 3613 1796 Patrem
3642 1742 3821 1796 revol-

504 1832 655 1888 illum
690 1843 926 1903 paterna:
959 1837 1286 1903 voluntatis,
1322 1855 1385 1893 ex
1432 1855 1540 1908 quo
1585 1850 1688 1905 est,
1740 1842 2046 1897 ministrum
2082 1862 2095 1899 :

504 1925 580 1981 ita
611 1926 740 1980 dum
766 1942 822 1981 se
847 1927 986 1981 Patri
1020 1928 1071 1981 in
1108 1930 1360 1983 omnibus
1396 1930 1862 2001 obtemperantem
1894 1935 2103 2003 reddit,

506 2022 754 2090 quamvis
780 2022 848 2074 sit
879 2032 930 2075 et
960 2021 1136 2087 Deus;
1169 2039 1335 2078 unum
1383 2033 1561 2079 tamen
1598 2026 1765 2081 Deum
1795 2027 2009 2084 Patrem
2039 2029 2108 2085 de

505 2112 810 2167 obedientia
838 2128 933 2167 sua
974 2114 1208 2169 ostendit
1233 2157 1247 2179 ,
1291 2132 1358 2170 ex
1399 2134 1506 2189 quo
1536 2129 1592 2174 et
1628 2121 1889 2191 originem
1923 2124 2105 2178 traxit.

517 2205 581 2261 Et
614 2204 733 2260 ideo
776 2205 911 2260 duos
941 2205 962 2236 ⁸
1014 2206 1155 2262 Deos
1208 2208 1385 2264 facere
1433 2218 1538 2264 non
1591 2211 1803 2280 potuit,
1854 2214 1978 2283 quia
2013 2230 2111 2270 nec

510 2298 645 2352 duas
675 2298 909 2368 origines
936 2298 1095 2362 fecit,
1128 2302 1216 2371 qui
1257 2318 1326 2356 ex
1356 2318 1422 2357 eo
1454 2305 1540 2371 qui
1574 2306 1837 2374 originem
1880 2322 1983 2360 non
2017 2306 2114 2361 ha-

512 2389 601 2445 bet
622 2432 635 2455 ,
669 2390 987 2459 principium
1016 2392 1316 2446 nativitatis
1345 2404 1473 2449 ante
1503 2410 1663 2450 omne
1706 2405 1917 2466 tempus
1957 2413 2113 2453 acce-

516 2483 616 2553 pit.
647 2483 667 2513 δ
697 2482 826 2537 Nam
854 2499 975 2538 cum
998 2484 1129 2537 idsit
1151 2486 2113 2559 principiumca-terisqnodinnatum

521 2592 598 2634 est
620 2578 784 2650 (quod
818 2579 1115 2635 Deussolus
1130 2580 1288 2635 Pater
1308 2592 1390 2636 cst
1410 2581 1500 2653 qui
1527 2591 1678 2637 extra
1701 2585 1966 2654 originem
1997 2596 2111 2651 est;

518 2687 587 2728 ex
613 2689 719 2743 quo
743 2674 827 2727 hic
858 2684 941 2728 est
968 2674 1057 2746 qui
1092 2686 1247 2729 natus
1274 2673 1404 2747 est),
1443 2676 1570 2731 dum
1599 2679 1687 2748 qui
1718 2694 1785 2733 ex
1815 2679 1907 2733 illo
1935 2680 2111 2735 nasci-

522 2775 629 2830 tur,
661 2767 855 2820 merito
885 2782 949 2820 ex
997 2783 1063 2821 eo
1115 2768 1258 2823 venit
1307 2770 1394 2838 qui
1449 2769 1713 2838 originem
1769 2788 1874 2826 non
1929 2772 2114 2841 habet,

520 2859 843 2930 principium
871 2860 1103 2930 probans
1128 2862 1257 2916 illud
1277 2877 1398 2917 esse
1424 2879 1488 2918 ex
1505 2880 1611 2935 quo
1630 2865 1743 2935 ipse
1766 2879 1878 2923 est:
1902 2868 2116 2922 etiamsi

520 2951 665 3007 Deus
694 2962 776 3007 est
804 2953 892 3023 qui
924 2963 1081 3007 natus
1111 2962 1213 3019 est,
1246 2970 1408 3009 unum
1435 2966 1611 3012 tatnen
1647 2958 1811 3012 Deum
1843 2960 2116 3029 ostendit,

522 3061 682 3117 quem
713 3047 798 3099 hic
821 3047 909 3116 qui
941 3056 1096 3100 natus
1120 3057 1234 3113 est,
1268 3064 1388 3105 esse
1414 3051 1531 3106 sine
1561 3051 1768 3123 origine
1794 3056 2117 3125 comproba-

2211 1836 2370 1888 vilur.
2414 1834 2555 1889 Deus
2595 1833 2811 1905 quidem
2839 1832 3144 1889 ostenditur
3187 1831 3387 1900 Filius,
3419 1833 3509 1889 cui
3555 1834 3816 1890 divinitas

2210 1926 2405 1983 tradita
2435 1938 2489 1982 et
2518 1939 2763 1999 porrecta
2786 1927 3149 1997 couSpicitur;
3175 1936 3230 1982 et
3254 1934 3438 1981 tamen
3462 1926 3820 1981 nihilominus

2212 2036 2350 2077 unus
2382 2021 2520 2076 Deus
2550 2021 2707 2075 Pater
2751 2020 3031 2091 probatur,
3062 2018 3189 2074 dum
3230 2018 3493 2091 gradatim
3524 2020 3807 2088 reciproco

2218 2126 2400 2171 meatu
2431 2117 2525 2170 illa
2576 2115 2836 2185 majesms
2882 2126 3044 2183 atque
3073 2114 3336 2169 divinitas
3375 2114 3439 2168 ad
3470 2113 3679 2168 Patrem
3725 2114 3823 2185 qui

2214 2210 2439 2265 dederat
2467 2225 2586 2265 eam
2606 2251 2621 2276 ,
2649 2225 2860 2263 rursum
2893 2209 2961 2263 ab
2993 2208 3089 2262 illo
3120 2208 3237 2277 ipso
3272 2206 3407 2262 Filio
3436 2207 3594 2260 missa
3625 2221 3820 2261 rever-

2218 2303 2346 2358 titur
2382 2311 2437 2358 et
2474 2314 2856 2374 rctorquetur;
2892 2312 2947 2355 nt
2981 2303 3176 2356 merito
3210 2302 3350 2356 Deus
3391 2300 3552 2355 Pater
3577 2299 3829 2354 omnium

2221 2397 2361 2453 Dens
2392 2398 2489 2461 sit,
2538 2398 2580 2429 ¹⁰
2609 2407 2664 2453 et
2715 2397 3037 2467 principium
3067 2396 3236 2466 ipsius
3285 2410 3501 2467 quoque
3531 2395 3658 2450 Filii
3706 2395 3828 2457 sui,

2219 2507 2381 2562 quem
2431 2491 2715 2546 Dominum
2769 2490 2999 2559 genuit:
3053 2488 3223 2544 Filius
3270 2498 3451 2542 autem
3506 2497 3829 2542 eteterorum

2218 2585 2453 2639 omnium
2492 2585 2631 2640 Dens
2661 2584 2760 2651 sit,
2791 2584 3043 2655 quoniam
3077 2582 3327 2636 otiitiihns
3369 2573 3519 2637 illum
3558 2582 3701 2637 Dens
3732 2580 3831 2635 Pa-

2222 2691 2303 2735 ter
2330 2680 2620 2750 przepusuit
2645 2694 2805 2749 quem
2833 2678 3018 2749 genuit
3045 2676 3088 2747 (l
3118 2675 3256 2731 Tim.
3290 2691 3324 2730 ιι
3345 2717 3358 2739 ,
3392 2674 3483 2744 5);
3519 2675 3589 2730 ita
3627 2673 3834 2728 Media-

2221 2781 2300 2828 tor
2348 2771 2444 2827 Dei
2489 2782 2536 2826 et
2560 2772 2831 2826 hominum
2867 2769 3104 2824 Christus
3149 2769 3302 2823 Jesus
3349 2768 3527 2822 omnis
3552 2775 3820 2823 creatura:

2223 2869 2521 2938 subjectum
2580 2867 2681 2922 sibi
2735 2867 2940 2922 habens
2979 2881 3007 2918 a
3057 2865 3216 2919 Patre
3245 2862 3463 2933 proprio
3493 2871 3833 2930 potestatem

2222 2976 2325 3032 qua
2357 2961 2494 3015 Dens
2528 2968 2645 3025 est;
2687 2974 2809 3013 eum
2845 2966 2954 3013 tota
2996 2966 3242 3011 creatura
3274 2953 3485 3009 subdita
3534 2953 3673 3013 sibi.
3704 2967 3836 3007 con-

2222 3070 2345 3111 cors
2376 3055 2517 3110 Patri
2547 3069 2645 3108 suo
2670 3053 2778 3108 Deo
2803 3053 3073 3117 inventus,
3098 3059 3339 3112 unum,et
3358 3050 3533 3103 solum
3560 3058 3615 3103 et
3641 3062 3832 3102 verum

520 3138 620 3191 vit.
668 3138 762 3191 list
805 3153 934 3208 ergo
979 3139 1154 3204 Dens,
1198 3141 1292 3195 sed
1344 3141 1396 3196 in
1426 3143 1529 3198 hoc
1575 3144 1749 3214 ipsmu
1783 3145 2027 3216 genitus,
2064 3156 2122 3203 ut
2147 3162 2191 3225 ρ
2228 3148 2395 3204 Deum
2424 3147 2639 3202 Patrem
2670 3161 2825 3200 suum
2849 3187 2865 3211 ,
2907 3145 2946 3176 “
2993 3151 3244 3199 manente
3272 3144 3324 3196 in
3355 3142 3446 3195 illo
3475 3140 3622 3211 quod
3663 3139 3831 3195 etiam

524 3239 668 3285 esset
698 3228 857 3285 Deus.
895 3230 987 3286 Est
1016 3241 1069 3287 et
1097 3232 1374 3301 Dominus,
1403 3234 1494 3289 sed
1530 3236 1581 3289 in
1617 3238 1718 3292 hoc
1748 3238 1918 3306 ipsum
1951 3239 1972 3269 ⁸
2011 3256 2106 3295 na-

2210 3243 2421 3297 auditus
2458 3251 2534 3298 est
2563 3240 2751 3315 (Hebr.
2783 3283 2798 3307 ,
2828 3257 2883 3308 v,
2916 3240 2992 3311 7),
3025 3238 3263 3296 breviter
3293 3236 3634 3309 approbavit.

1690 3370 2063 3429 GALLANDII
2115 3374 2677 3433 COMMENTARIUS.

525 3504 795 3563 habebant
823 3525 836 3560 ε
862 3506 1092 3564 Christus
1119 3519 1286 3565 autem
1316 3528 1417 3564 non
1444 3512 1651 3566 innatus
1674 3522 1775 3578 est;
1804 3512 1893 3566 sed
1919 3529 1982 3567 ea:
2014 3512 2119 3566 Pa-

524 3586 599 3629 tre
623 3587 725 3639 est,
755 3583 873 3635 auia
901 3582 1097 3650 genitus
1142 3593 1231 3635 est.
1281 3582 1546 3637 Cmternzu
1576 3594 1753 3637 vetera
1795 3585 2118 3651 exemplaria

526 3654 788 3713 expressit
812 3651 1228 3708 \‘Velchinauus:
1258 3655 1619 3708 Pana-liaunm
1643 3671 1770 3708 vero
1796 3655 2117 3710 Jacksonus.

602 3722 617 3796 ξ
664 3721 826 3796 ἔληθε·
856 3724 1161 3789 ίλοὲσίιιιδιιιι
1192 3744 1347 3779 unum
1374 3736 1521 3796 putat
1553 3726 1951 3781 Welehruanus.

596 3793 617 3822 ²
652 3791 872 3846 Idcirco.
931 3795 1063 3866 (lum
1115 3796 1347 3865 Gagnreo
1375 3791 1690 3866 supplemns
1716 3796 1939 3854 :Idcirco
1964 3816 2121 3852 unum

529 3860 697 3938 Deum
727 3866 937 3919 assa-uit
965 3860 1519 3938 (ut-mpeVSCriptnra)
1558 3882 1608 3922 et
1637 3885 1699 3924 ex
1736 3887 1836 3922 tus.
1863 3870 1982 3925 rod.
2016 3873 2124 3924 An-

530 3934 654 4009 glic.
680 3938 883 4009 initium
910 3934 1074 4004 potius
1102 3934 1146 3991 et
1179 3934 1506 4009 principium.
1540 3942 1744 3995 PAMEL.

606 4006 627 4036 ³
671 4006 857 4082 Filius.
914 4006 1185 4079 Legimus
1218 4012 1407 4065 iterum
1463 4027 1583 4064 eum
1622 4015 1903 4082 Gagna'oz
1958 4010 2123 4065 Filius

533 4087 702 4132 autem
731 4080 857 4153 nihil
889 4097 951 4133 ea:
980 4082 1188 4153 arbitrio
1218 4100 1308 4135 suo
1333 4084 1494 4153 gerit,
1533 4100 1627 4153 pro
1665 4080 1730 4136 eo
1765 4084 1906 4153 quod
1938 4084 2124 4138 substi-
2150 4092 2203 4152 ι)
2230 4084 2372 4151 quod
2401 4094 2516 4149 est,
2553 4084 2749 4138 habere
2794 4100 2871 4143 se,

536 4158 706 4225 luerat
728 4150 986 4225 Gelenius
1012 4171 1022 4204 :
1051 4151 1196 4205 Idem
1226 4165 1297 4206 est
1325 4150 1544 4225 denique.
1564 4156 1697 4223 (ptnd
1724 4150 1869 4210 nihil.
1905 4156 1978 4210 In.

607 4222 629 4251 δ
671 4221 821 4274 Deos.
869 4223 1016 4276 llane
1062 4240 1247 4277 Vocem
1278 4225 1346 4278 ab
1385 4221 1542 4280 editis
1572 4221 1824 4279 oiuis~am
1851 4269 1864 4286 ,
1895 4226 2129 4280 restituit

534 4291 743 4365 primus
769 4293 1172 4359 Weichmanus,
1201 4313 1430 4365 eutnquc
1458 4305 1672 4351 set-ntus
1699 4297 2018 4351 .lack50uus.

604 4364 625 4395 ⁵
667 4363 878 4419 Nam...
921 4367 1042 4419 dum
1090 4368 1177 4433 qui
1217 4384 1279 4421 ea:
1320 4363 1410 4422 illo
1442 4370 1688 4423 nascitur.
1742 4369 1866 4424 Ηςιξε
1928 4370 2126 4429 iterum

535 4437 848 4506 supplentus
875 4454 938 4490 ex
973 4453 1073 4491 ms.
1107 4439 1225 4491 cod.
1261 4438 1467 4510 Anglic.
1511 4440 1815 4510 parenthesi
1851 4442 2129 4509 iuterjecta

1784 4512 1986 4566 PAIEL.

534 4610 538 4615 ο
609 4579 648 4654 ⁸,
680 4578 871 4654 Natus.
930 4580 1087 4654 Deest
1141 4580 1254 4635 hmc
1299 4597 1399 4637 vox
1427 4582 1567 4648 apud
1598 4582 1893 4637 Pameliutn
1915 4625 1928 4646 ,
1961 4599 2023 4638 ex
2053 4591 2132 4654 ty-

537 4651 775 4721 pothetze
808 4652 1033 4705 fortasse
1064 4653 1266 4705 inruria
1304 4672 1315 4707 :
1348 4671 1465 4709 eam
1499 4658 1640 4707 enim
1672 4656 1925 4708 exhibent
1949 4655 2020 4708 al.

608 4723 628 4753 ⁷
670 4719 875 4788 Cuius”
911 4761 949 4775 ..
1002 4723 1349 4794 iurequulitate
1402 4726 1701 4779 divinitatis.
1741 4726 1862 4778 lla-e
1896 4725 2131 4779 restituit

540 4808 607 4847 ex
639 4809 739 4845 tus.
788 4794 1081 4861 Anglii-ano
1128 4796 1415 4851 Panielius.
1461 4796 1725 4863 Gagua'ns
1749 4807 1803 4849 et
1836 4795 2133 4850 Frobenins

542 4865 796 4938 edidere,
842 4876 895 4917 ut
942 4882 1040 4918 non
1093 4868 1410 4938 dissonantia
1437 4868 1765 4921 divinitatis:
1807 4880 1967 4938 atque
1996 4869 2134 4922 hanc

540 4935 827 4989 lectionem
858 4938 1079 4991 retinuit
1106 4937 1516 4994 \Vclchtuanus.

605 5009 627 5081 9
671 5007 738 5081 Ut
800 5024 899 5060 non
948 5019 1033 5061 qut
1062 5011 1418 5081 dissonantia,
1464 5020 1554 5064 aut
1610 5012 1980 5081 iantwiitatc.
2032 5008 2132 5064 Fa-

536 5079 694 5133 tebor
726 5079 954 5151 ingenue
996 5081 1047 5134 in
1098 5080 1181 5132 his
1217 5082 1398 5135 verbis
1452 5079 1732 5151 legendum
1787 5082 1915 5136 mihi
1962 5082 2133 5145 videri

538 5151 847 5220 wqtmlitute.
893 5150 1187 5222 Utrumque
1212 5153 1353 5206 enim
1386 5150 1714 5222 pari’studio
1754 5163 1995 5209 removet
2035 5170 2133 5206 an-

536 5233 657 5275 Ctor
686 5239 712 5273 a
746 5224 1081 5277 sanctissima
1110 5221 1397 5285 Tti::itate,
1421 5235 1473 5279 et
1505 5230 1555 5279 in
1590 5238 1775 5279 natura
1811 5234 1863 5280 et
1891 5224 2136 5279 substan-

535 5293 608 5367 tia
640 5292 1075 5367 discrepantiam,
1109 5304 1163 5347 et
1193 5298 1242 5349 in
1279 5297 1500 5365 originis
1528 5298 1717 5352 ordire
1750 5297 2130 5367 :equalitatem.

536 5364 716 5427 Quare
746 5365 1057 5421 substantia:
1084 5364 1518 5423 communiencm
1553 5370 1689 5423 inter
1729 5364 1938 5424 Patrem
1973 5375 2027 5421 et
2052 5367 2137 5422 Fi-

528 5433 661 5489 lium
698 5436 951 5501 admittit,
987 5453 1214 5507 eamque
1262 5440 1312 5493 in
1360 5440 1461 5497 hoc
1493 5444 1722 5511 positam
1771 5450 1941 5511 putat,
1990 5440 2134 5509 quod

2226 3524 2336 3568 tota
2361 3514 2655 3568 divinitatis
2682 3512 2972 3569 auctoritas
3004 3511 3144 3567 Filio
3173 3511 3366 3566 tradita
3385 3553 3400 3577 ,
3424 3508 3603 3564 eadem
3635 3508 3689 3563 in
3720 3508 3830 3562 Pa-

2226 3594 2307 3641 tre
2335 3602 2455 3639 esse
2487 3602 2590 3639 nou
2616 3587 2847 3641 desinat.
2883 3583 2988 3639 Sed
3019 3584 3143 3638 illud
3173 3598 3391 3652 semper
3421 3580 3719 3636 arctissime
3751 3592 3835 3635 te-

2227 3670 2311 3711 net
2347 3657 2541 3711 Filium
2589 3666 2645 3711 ut
2689 3674 2716 3708 a
2764 3658 2921 3711 l‘atre
2964 3655 3204 3726 genitum
3291 3671 3407 3726 non
3457 3668 3574 3707 cs»-e
3620 3653 3839 3726 origine

2226 3730 2487 3799 mquttlem
2543 3728 2702 3783 Patri.
2753 3727 2929 3796 Quare
2974 3724 3101 3780 illud
3151 3725 3300 3780 Pauli
3353 3725 3708 3799 Pltiiipp._tt,

2230 3794 2351 3853 Non
2380 3801 2618 3866 rapinam
2648 3794 2927 3851 arbitratus
2960 3808 3032 3852 est
3062 3814 3168 3852 esse
3208 3815 3261 3851 se
3286 3794 3541 3866 (aqualem
3582 3794 3727 3861 Deo,
3760 3797 3845 3851 sic

2228 3873 2614 3936 interpretatur
2645 3890 2658 3924 :
2694 3890 2712 3921 ‹
2751 3870 3006 3938 Quamvis
3044 3884 3103 3922 se
3125 3884 3190 3924 ex
3215 3870 3324 3923 Deo
3350 3870 3505 3921 Patre
3525 3867 3693 3921 Deum
3721 3881 3845 3921 esse

2232 3944 2589 4006 meminisset,
2612 3958 2900 4011 numquam
2933 3956 2993 3996 se
3011 3941 3118 3995 Deo
3149 3941 3287 3993 Patri
3314 3949 3401 3992 aut
3416 3940 3843 4011 routpamritant

2230 4014 2487 4075 contulit,
2522 4028 2729 4068 meumr
2758 4029 2817 4067 se
2857 4028 2977 4066 esse
3001 4028 3065 4066 ev
3104 4028 3203 4063 suo
3236 4012 3427 4072 Patre,
3458 4022 3509 4061 et
3542 4012 3640 4063 huc
3664 4010 3840 4077 ipsum

2906 4085 3027 4153 quia
3085 4083 3241 4137 Pater
3265 4081 3523 4153 dedifSel.
3564 4099 3583 4132 ι
3615 4079 3838 4135 Manu.

2232 4154 2407 4211 Divin.
2439 4156 2507 4209 D.
2538 4154 2611 4210 Ν.
2643 4154 2698 4208 ,1.
2732 4154 2790 4208 (Σ.
2820 4152 3020 4220 Ιίιιζιν,
3050 4168 3169 4223 Cap.
3204 4153 3297 4220 19,
3335 4152 3459 4224 §2,
3494 4167 3615 4223 pag.
3649 4153 3779 4208 5l9.

2302 4254 2323 4284 ⁹
2371 4251 2522 4305 Patri
2583 4251 2829 4314 remittit;
2896 4267 3044 4303 unus.
3113 4248 3203 4305 Sic
3264 4247 3557 4303 Pamelius.
3618 4245 3846 4301 Veteres

2234 4322 2363 4447 edidti
2410 4338 2546 4392 quos
2593 4332 2809 4377 secutus
2858 4333 2941 4376 cst
2987 4319 3394 4379 Welchmauns.
3446 4319 3527 4372 illi
3574 4319 3846 4373 remittit:

2234 4411 2302 4447 un
2346 4411 2372 4447 ε
2399 4412 2548 4447 unus.

2233 4411 2372 4449 unae
2399 4412 2548 4448 unus.

2311 4489 2354 4520 ¹⁰
2396 4488 2461 4543 Et
2525 4489 2835 4556 principium
2887 4487 3048 4558 ipsius
3091 4500 3299 4558 quoque
3319 4482 3447 4558 Filii
3468 4482 3574 4558 sui.
3617 4480 3745 4536 Hzec
3771 4496 3841 4558 εξ

2235 4576 2336 4615 ms.
2374 4554 2580 4631 Anglic.
2633 4554 2917 4631 supplevit
2945 4554 3234 4631 Pameliné.
3287 4555 3404 4610 Mox
3456 4554 3621 4631 Deum
3663 4554 3845 4631 genuit

2236 4622 2520 4702 legenduiu
2545 4622 2815 4702 existimat
2836 4629 3246 4702 Welchtnanns.
3278 4627 3652 4702 consentiente
3670 4622 3839 4679 lack-

2235 4699 2393 4758 sono.
2428 4704 2594 4757 Paulo
2622 4715 2740 4773 post
2766 4701 3015 4754 Dominus
3040 4701 3105 4753 sit
3134 4700 3258 4768 legit
3287 4699 3553 4752 Latinius.

2307 4798 2347 4827 “
2392 4795 2633 4848 Manmte
2671 4797 2724 4849 in
2789 4794 2901 4848 illo.
2968 4794 3142 4847 Locus
3191 4792 3347 4845 valde
3384 4791 3651 4843 obscurus
3688 4788 3844 4842 visus

2235 4877 2317 4922 est
2347 4867 2612 4928 Pameiio,
2643 4879 2694 4921 et
2721 4875 2980 4935 quantum
3010 4873 3262 4933 apparet,
3310 4864 3529 4935 mutilus
3572 4869 3665 4913 aut
3707 4874 3843 4935 cor-

2236 4950 2445 5006 ruptus.
2472 4930 2750 4999 G-Ianzeus'
2769 4937 2980 5005 legebat
3010 4930 3293 4988 innuentem
3312 4934 3376 5006 in
3405 4935 3619 5006 sequod
3648 4930 3848 5006 audivit

2239 5002 2441 5064 ab’illo.
2478 5002 2900 5076 Weh-hutautis,
2934 5009 3092 5060 unius
3120 5005 3374 5059 Iitternhe
3415 5004 3723 5076 adiectione
3764 5002 3849 5057 le-

2235 5083 2411 5151 gendo
2438 5093 2719 5134 manentem
2760 5096 2859 5150 pro
2887 5073 3154 5156 inuncata,
3201 5086 3357 5156 recte
3391 5073 3683 5156 procedere
3722 5086 3852 5127 sen-

2241 5144 2489 5213 ientiam,
2523 5144 2907 5220 numeret-nque
2935 5150 3178 5220 alludere
3205 5148 3270 5201 ad
3305 5144 3435 5220 [ζεῦ.
3455 5161 3525 5220 _v.
3557 5146 3609 5211 7,
3641 5146 3693 5198 in
3724 5159 3849 5198 rer-

2239 5226 2322 5278 bis
2358 5224 2562 5299 auditus
2605 5233 2676 5277 est
2700 5266 2713 5279 .
2737 5215 3090 5299 existimavit.
3128 5219 3288 5299 _Ap_ud
3329 5215 3684 5299 JﬂCakSOItUDI
3718 5230 3852 5299 vero

2238 5297 2319 5349 vir
2349 5295 2540 5349 doctus
2584 5293 2986 5348 rescribendum
3020 5286 3281 5359 conjecit,
3314 5304 3524 5343 manens
3553 5298 3599 5342 et
3628 5289 3679 5340 in
3713 5286 3812 5340 illo
3831 5330 3849 5351 ,

2236 5369 2319 5420 cui
2346 5368 2492 5419 etiam
2525 5365 2754 5418 subditus
2783 5373 2898 5418 est:
2930 5381 3049 5433 quae
3076 5374 3253 5417 tamen
3284 5361 3446 5416 lectio
3481 5360 3548 5415 ab
3575 5359 3855 5430 exempla-

2238 5439 2316 5494 ris
2344 5440 2609 5509 scriptura
2641 5437 2866 5491 nimium
2891 5435 3146 5492 recedere
3173 5433 3410 5489 videtur.
