  <div class='ocr_page' id='page_1' title='image "/cluster/home/n/w/nwhite01/storage/ocr_20150623/3/hvd.32044054086798/526.png"; bbox 0 0 4260 6266; ppageno 0'>
   <div class='ocr_carea' id='block_1_1' title="bbox 376 241 540 342">
    <p class='ocr_par' dir='ltr' id='par_1_1' title="bbox 376 241 540 342">
     <span class='ocr_line' id='line_1_1' title="bbox 376 241 540 342; baseline 0.006 -1"><span class='ocrx_word' id='word_1_1' title='bbox 376 241 540 342; x_wconf 41' lang='grc'><strong>953.</strong></span> 
     </span>
    </p>
   </div>
   <div class='ocr_carea' id='block_1_2' title="bbox 396 489 1713 517">
    <p class='ocr_par' dir='ltr' id='par_1_2' title="bbox 396 489 1713 517">
     <span class='ocr_line' id='line_1_2' title="bbox 396 489 1713 517; baseline 0 -14"><span class='ocrx_word' id='word_1_2' title='bbox 396 489 1713 517; x_wconf 65' lang='lat'><strong>,_.__.._.___...__...__________</strong></span> 
     </span>
    </p>
   </div>
   <div class='ocr_carea' id='block_1_3' title="bbox 1523 270 2559 335">
    <p class='ocr_par' dir='ltr' id='par_1_3' title="bbox 1523 270 2559 335">
     <span class='ocr_line' id='line_1_3' title="bbox 1523 270 2559 335; baseline -0.002 -2"><span class='ocrx_word' id='word_1_3' title='bbox 1523 278 1611 334; x_wconf 78' lang='lat' dir='ltr'><strong>DE</strong></span> <span class='ocrx_word' id='word_1_4' title='bbox 1648 276 1827 335; x_wconf 83' lang='lat' dir='ltr'><strong>CIBIS</strong></span> <span class='ocrx_word' id='word_1_5' title='bbox 1863 270 2167 334; x_wconf 81' lang='lat' dir='ltr'><strong>JUDAICIS</strong></span> <span class='ocrx_word' id='word_1_6' title='bbox 2204 275 2559 333; x_wconf 68' lang='lat' dir='ltr'><strong>EPISTOIA.</strong></span> 
     </span>
    </p>
   </div>
   <div class='ocr_carea' id='block_1_4' title="bbox 3575 279 3686 336">
    <p class='ocr_par' dir='ltr' id='par_1_4' title="bbox 3575 279 3686 336">
     <span class='ocr_line' id='line_1_4' title="bbox 3575 279 3686 336; baseline 0.009 -1"><span class='ocrx_word' id='word_1_7' title='bbox 3575 279 3686 336; x_wconf 60' lang='lat'><strong>954</strong></span> 
     </span>
    </p>
   </div>
   <div class='ocr_carea' id='block_1_5' title="bbox 1079 626 2937 782">
    <p class='ocr_par' dir='ltr' id='par_1_5' title="bbox 1079 626 2937 782">
     <span class='ocr_line' id='line_1_5' title="bbox 1079 626 2937 782; baseline 0.001 -4"><span class='ocrx_word' id='word_1_8' title='bbox 1079 635 1351 778; x_wconf 89' lang='lat' dir='ltr'><strong>DE</strong></span> <span class='ocrx_word' id='word_1_9' title='bbox 1414 631 1941 782; x_wconf 83' lang='lat' dir='ltr'><strong>CIBIS</strong></span> <span class='ocrx_word' id='word_1_10' title='bbox 2009 626 2937 779; x_wconf 84' lang='lat' dir='ltr'><strong>JUDAICIS</strong></span> 
     </span>
    </p>
   </div>
   <div class='ocr_carea' id='block_1_6' title="bbox 1734 926 2328 1035">
    <p class='ocr_par' dir='ltr' id='par_1_6' title="bbox 1734 926 2328 1035">
     <span class='ocr_line' id='line_1_6' title="bbox 1734 926 2328 1035; baseline -0.01 -1"><span class='ocrx_word' id='word_1_11' title='bbox 1734 926 2328 1035; x_wconf 70' lang='lat' dir='ltr'><strong>EPISTULA.</strong></span> 
     </span>
    </p>
   </div>
   <div class='ocr_carea' id='block_1_7' title="bbox 1738 1192 2101 1235">
    <p class='ocr_par' dir='ltr' id='par_1_7' title="bbox 1738 1192 2101 1235">
     <span class='ocr_line' id='line_1_7' title="bbox 1738 1192 2101 1235; baseline 0 0"><span class='ocrx_word' id='word_1_12' title='bbox 1738 1192 2101 1235; x_wconf 74' lang='grc' dir='ltr'><strong>-οο</strong></span> 
     </span>
    </p>
   </div>
   <div class='ocr_carea' id='block_1_8' title="bbox 891 1325 1448 1385">
    <p class='ocr_par' dir='ltr' id='par_1_8' title="bbox 891 1325 1448 1385">
     <span class='ocr_line' id='line_1_8' title="bbox 891 1325 1448 1385; baseline -0.005 -1"><span class='ocrx_word' id='word_1_13' title='bbox 891 1327 1121 1385; x_wconf 81' lang='lat' dir='ltr'><strong>CAPUT</strong></span> <span class='ocrx_word' id='word_1_14' title='bbox 1162 1325 1448 1384; x_wconf 70' lang='lat' dir='ltr'><strong>PRIMUM.</strong></span> 
     </span>
    </p>
   </div>
   <div class='ocr_carea' id='block_1_9' title="bbox 373 1462 1972 1538">
    <p class='ocr_par' dir='ltr' id='par_1_9' title="bbox 373 1462 1972 1538">
     <span class='ocr_line' id='line_1_9' title="bbox 373 1462 1972 1538; baseline -0.007 -14"><span class='ocrx_word' id='word_1_15' title='bbox 373 1467 695 1524; x_wconf 77' lang='lat' dir='ltr'><strong>Novatiantts</strong></span> <span class='ocrx_word' id='word_1_16' title='bbox 755 1464 1018 1538; x_wconf 76' lang='lat' dir='ltr'><strong>presbyter</strong></span> <span class='ocrx_word' id='word_1_17' title='bbox 1057 1462 1326 1518; x_wconf 81' lang='lat' dir='ltr'><strong>Romanus</strong></span> <span class='ocrx_word' id='word_1_18' title='bbox 1370 1463 1423 1517; x_wconf 86' lang='lat' dir='ltr'><strong>in</strong></span> <span class='ocrx_word' id='word_1_19' title='bbox 1468 1479 1664 1517; x_wconf 79' lang='lat' dir='ltr'><strong>secessu</strong></span> <span class='ocrx_word' id='word_1_20' title='bbox 1692 1477 1821 1525; x_wconf 86' lang='lat' dir='ltr'><strong>suo,</strong></span> <span class='ocrx_word' id='word_1_21' title='bbox 1853 1471 1972 1515; x_wconf 84' lang='lat' dir='ltr'><strong>tem-</strong></span> 
     </span>
    </p>
   </div>
   <div class='ocr_carea' id='block_1_10' title="bbox 443 1555 1972 1633">
    <p class='ocr_par' dir='ltr' id='par_1_10' title="bbox 443 1555 1972 1633">
     <span class='ocr_line' id='line_1_10' title="bbox 443 1555 1972 1633; baseline -0.005 -19"><span class='ocrx_word' id='word_1_22' title='bbox 443 1578 569 1633; x_wconf 85' lang='lat' dir='ltr'><strong>pore</strong></span> <span class='ocrx_word' id='word_1_23' title='bbox 595 1559 965 1630; x_wconf 78' lang='lat' dir='ltr'><strong>persecutionis</strong></span> <span class='ocrx_word' id='word_1_24' title='bbox 1011 1555 1287 1622; x_wconf 74' lang='lat' dir='ltr'><strong>Deciaua&#39;,</strong></span> <span class='ocrx_word' id='word_1_25' title='bbox 1335 1556 1493 1610; x_wconf 85' lang='lat' dir='ltr'><strong>variis</strong></span> <span class='ocrx_word' id='word_1_26' title='bbox 1521 1559 1742 1628; x_wconf 73' lang='lat' dir='ltr'><strong>fratrum</strong></span> <span class='ocrx_word' id='word_1_27' title='bbox 1787 1555 1972 1609; x_wconf 84' lang='lat' dir='ltr'><strong>litteris</strong></span> 
     </span>
    </p>
   </div>
   <div class='ocr_carea' id='block_1_11' title="bbox 445 1645 1975 1723">
    <p class='ocr_par' dir='ltr' id='par_1_11' title="bbox 445 1645 1975 1723">
     <span class='ocr_line' id='line_1_11' title="bbox 445 1645 1975 1723; baseline -0.004 -18"><span class='ocrx_word' id='word_1_28' title='bbox 445 1662 784 1723; x_wconf 74' lang='lat' dir='ltr'><strong>provocatus,</strong></span> <span class='ocrx_word' id='word_1_29' title='bbox 833 1650 1074 1704; x_wconf 83' lang='lat' dir='ltr'><strong>adversus</strong></span> <span class='ocrx_word' id='word_1_30' title='bbox 1119 1648 1336 1703; x_wconf 81' lang='lat' dir='ltr'><strong>Judteos</strong></span> <span class='ocrx_word' id='word_1_31' title='bbox 1376 1648 1797 1721; x_wconf 53' lang='lat' dir='ltr'><strong>post,superiores</strong></span> <span class='ocrx_word' id='word_1_32' title='bbox 1844 1645 1975 1699; x_wconf 89' lang='lat' dir='ltr'><strong>duas</strong></span> 
     </span>
    </p>
   </div>
   <div class='ocr_carea' id='block_1_12' title="bbox 449 1739 1974 1816">
    <p class='ocr_par' dir='ltr' id='par_1_12' title="bbox 449 1739 1974 1816">
     <span class='ocr_line' id='line_1_12' title="bbox 449 1739 1974 1816; baseline -0.004 -17"><span class='ocrx_word' id='word_1_33' title='bbox 449 1743 717 1816; x_wconf 72' lang='lat' dir='ltr'><strong>Epistolas</strong></span> <span class='ocrx_word' id='word_1_34' title='bbox 756 1743 817 1796; x_wconf 90' lang='lat' dir='ltr'><strong>de</strong></span> <span class='ocrx_word' id='word_1_35' title='bbox 871 1742 1269 1797; x_wconf 81' lang='lat' dir='ltr'><strong>Circumeisione</strong></span> <span class='ocrx_word' id='word_1_36' title='bbox 1322 1750 1369 1796; x_wconf 87' lang='lat' dir='ltr'><strong>et</strong></span> <span class='ocrx_word' id='word_1_37' title='bbox 1421 1741 1484 1795; x_wconf 90' lang='lat' dir='ltr'><strong>de</strong></span> <span class='ocrx_word' id='word_1_38' title='bbox 1534 1739 1782 1806; x_wconf 89' lang='lat' dir='ltr'><strong>Sabbato,</strong></span> <span class='ocrx_word' id='word_1_39' title='bbox 1823 1741 1974 1794; x_wconf 89' lang='lat' dir='ltr'><strong>etiam</strong></span> 
     </span>
    </p>
   </div>
   <div class='ocr_carea' id='block_1_13' title="bbox 445 1834 1320 1892">
    <p class='ocr_par' dir='ltr' id='par_1_13' title="bbox 445 1834 1320 1892">
     <span class='ocr_line' id='line_1_13' title="bbox 445 1834 1320 1892; baseline -0.001 -1"><span class='ocrx_word' id='word_1_40' title='bbox 445 1839 582 1892; x_wconf 76' lang='lat' dir='ltr'><strong>lianc</strong></span> <span class='ocrx_word' id='word_1_41' title='bbox 620 1839 681 1891; x_wconf 85' lang='lat' dir='ltr'><strong>de</strong></span> <span class='ocrx_word' id='word_1_42' title='bbox 717 1834 854 1891; x_wconf 83' lang='lat' dir='ltr'><strong>Cibis</strong></span> <span class='ocrx_word' id='word_1_43' title='bbox 874 1835 1110 1890; x_wconf 83' lang='lat' dir='ltr'><strong>Judaicis</strong></span> <span class='ocrx_word' id='word_1_44' title='bbox 1140 1835 1320 1890; x_wconf 83' lang='lat' dir='ltr'><strong>edidit.</strong></span> 
     </span>
    </p>
   </div>
   <div class='ocr_carea' id='block_1_14' title="bbox 446 1971 1972 2041">
    <p class='ocr_par' dir='ltr' id='par_1_14' title="bbox 446 1971 1972 2041">
     <span class='ocr_line' id='line_1_14' title="bbox 446 1971 1972 2041; baseline -0.003 -13"><span class='ocrx_word' id='word_1_45' title='bbox 446 1973 515 2028; x_wconf 86' lang='lat' dir='ltr'><strong>Et</strong></span> <span class='ocrx_word' id='word_1_46' title='bbox 540 1972 587 2027; x_wconf 78' lang='lat' dir='ltr'><strong>si</strong></span> <span class='ocrx_word' id='word_1_47' title='bbox 618 1972 767 2039; x_wconf 89' lang='lat' dir='ltr'><strong>mibi,</strong></span> <span class='ocrx_word' id='word_1_48' title='bbox 796 1972 987 2027; x_wconf 81' lang='lat' dir='ltr'><strong>fratres</strong></span> <span class='ocrx_word' id='word_1_49' title='bbox 1009 1972 1358 2035; x_wconf 83' lang='lat' dir='ltr'><strong>sanctissimi,</strong></span> <span class='ocrx_word' id='word_1_50' title='bbox 1386 1972 1828 2041; x_wconf 83' lang='lat' dir='ltr'><strong>exoptatissimus</strong></span> <span class='ocrx_word' id='word_1_51' title='bbox 1855 1971 1972 2025; x_wconf 90' lang='lat' dir='ltr'><strong>dies</strong></span> 
     </span>
    </p>
   </div>
   <div class='ocr_carea' id='block_1_15' title="bbox 367 2063 1973 2136">
    <p class='ocr_par' dir='ltr' id='par_1_15' title="bbox 367 2063 1973 2136">
     <span class='ocr_line' id='line_1_15' title="bbox 367 2063 1973 2136; baseline -0.002 -15"><span class='ocrx_word' id='word_1_52' title='bbox 367 2065 466 2121; x_wconf 87' lang='lat' dir='ltr'><strong>ille</strong></span> <span class='ocrx_word' id='word_1_53' title='bbox 524 2075 579 2121; x_wconf 90' lang='lat' dir='ltr'><strong>et</strong></span> <span class='ocrx_word' id='word_1_54' title='bbox 628 2065 770 2119; x_wconf 87' lang='lat' dir='ltr'><strong>inter</strong></span> <span class='ocrx_word' id='word_1_55' title='bbox 819 2066 1119 2136; x_wconf 64' lang='lat' dir='ltr'><strong>praecipuos</strong></span> <span class='ocrx_word' id='word_1_56' title='bbox 1166 2065 1459 2132; x_wconf 71' lang='lat' dir='ltr'><strong>beatosque</strong></span> <span class='ocrx_word' id='word_1_57' title='bbox 1524 2063 1837 2117; x_wconf 77' lang='lat' dir='ltr'><strong>referendus</strong></span> <span class='ocrx_word' id='word_1_58' title='bbox 1890 2071 1973 2117; x_wconf 90' lang='lat' dir='ltr'><strong>est</strong></span> 
     </span>
    </p>
   </div>
   <div class='ocr_carea' id='block_1_16' title="bbox 367 2156 1969 2230">
    <p class='ocr_par' dir='ltr' id='par_1_16' title="bbox 367 2156 1969 2230">
     <span class='ocr_line' id='line_1_16' title="bbox 367 2156 1969 2230; baseline -0.001 -18"><span class='ocrx_word' id='word_1_59' title='bbox 367 2174 477 2230; x_wconf 89' lang='lat' dir='ltr'><strong>quo</strong></span> <span class='ocrx_word' id='word_1_60' title='bbox 530 2159 738 2213; x_wconf 81' lang='lat' dir='ltr'><strong>litteras</strong></span> <span class='ocrx_word' id='word_1_61' title='bbox 770 2167 979 2213; x_wconf 80' lang='lat' dir='ltr'><strong>vestras</strong></span> <span class='ocrx_word' id='word_1_62' title='bbox 1010 2168 1064 2213; x_wconf 91' lang='lat' dir='ltr'><strong>et</strong></span> <span class='ocrx_word' id='word_1_63' title='bbox 1108 2157 1305 2225; x_wconf 78' lang='lat' dir='ltr'><strong>scripta</strong></span> <span class='ocrx_word' id='word_1_64' title='bbox 1336 2157 1598 2225; x_wconf 85' lang='lat' dir='ltr'><strong>suscipio;</strong></span> <span class='ocrx_word' id='word_1_65' title='bbox 1627 2156 1791 2228; x_wconf 87' lang='lat' dir='ltr'><strong>(quid</strong></span> <span class='ocrx_word' id='word_1_66' title='bbox 1825 2156 1969 2210; x_wconf 87' lang='lat' dir='ltr'><strong>enim</strong></span> 
     </span>
    </p>
   </div>
   <div class='ocr_carea' id='block_1_17' title="bbox 369 2248 1972 2321">
    <p class='ocr_par' dir='ltr' id='par_1_17' title="bbox 369 2248 1972 2321">
     <span class='ocr_line' id='line_1_17' title="bbox 369 2248 1972 2321; baseline -0.001 -15"><span class='ocrx_word' id='word_1_67' title='bbox 369 2265 458 2306; x_wconf 89' lang='lat' dir='ltr'><strong>me</strong></span> <span class='ocrx_word' id='word_1_68' title='bbox 475 2250 622 2305; x_wconf 86' lang='lat' dir='ltr'><strong>aliud</strong></span> <span class='ocrx_word' id='word_1_69' title='bbox 655 2265 798 2306; x_wconf 87' lang='lat' dir='ltr'><strong>ntmc</strong></span> <span class='ocrx_word' id='word_1_70' title='bbox 814 2250 978 2305; x_wconf 81' lang='lat' dir='ltr'><strong>faciat</strong></span> <span class='ocrx_word' id='word_1_71' title='bbox 1003 2252 1018 2281; x_wconf 84' lang='grc'>¹</span> <span class='ocrx_word' id='word_1_72' title='bbox 1049 2248 1408 2321; x_wconf 86' lang='lat' dir='ltr'><strong>liberiorem?)</strong></span> <span class='ocrx_word' id='word_1_73' title='bbox 1443 2260 1621 2304; x_wconf 91' lang='lat' dir='ltr'><strong>tamen</strong></span> <span class='ocrx_word' id='word_1_74' title='bbox 1655 2265 1761 2304; x_wconf 89' lang='lat' dir='ltr'><strong>non</strong></span> <span class='ocrx_word' id='word_1_75' title='bbox 1794 2250 1972 2305; x_wconf 88' lang='lat' dir='ltr'><strong>minus</strong></span> 
     </span>
    </p>
   </div>
   <div class='ocr_carea' id='block_1_18' title="bbox 366 2343 1972 2414">
    <p class='ocr_par' dir='ltr' id='par_1_18' title="bbox 366 2343 1972 2414">
     <span class='ocr_line' id='line_1_18' title="bbox 366 2343 1972 2414; baseline 0.001 -16"><span class='ocrx_word' id='word_1_76' title='bbox 366 2344 646 2413; x_wconf 80' lang='lat' dir='ltr'><strong>egregium</strong></span> <span class='ocrx_word' id='word_1_77' title='bbox 676 2343 820 2399; x_wconf 85' lang='lat' dir='ltr'><strong>diem</strong></span> <span class='ocrx_word' id='word_1_78' title='bbox 864 2354 921 2398; x_wconf 87' lang='lat' dir='ltr'><strong>et</strong></span> <span class='ocrx_word' id='word_1_79' title='bbox 966 2345 1104 2398; x_wconf 90' lang='lat' dir='ltr'><strong>inter</strong></span> <span class='ocrx_word' id='word_1_80' title='bbox 1132 2345 1363 2399; x_wconf 78' lang='lat' dir='ltr'><strong>eximios</strong></span> <span class='ocrx_word' id='word_1_81' title='bbox 1393 2344 1632 2399; x_wconf 89' lang='lat' dir='ltr'><strong>arbitror</strong></span> <span class='ocrx_word' id='word_1_82' title='bbox 1656 2354 1972 2414; x_wconf 89' lang='lat' dir='ltr'><strong>computan-</strong></span> 
     </span>
    </p>
   </div>
   <div class='ocr_carea' id='block_1_19' title="bbox 370 2433 1971 2505">
    <p class='ocr_par' dir='ltr' id='par_1_19' title="bbox 370 2433 1971 2505">
     <span class='ocr_line' id='line_1_19' title="bbox 370 2433 1971 2505; baseline 0.002 -16"><span class='ocrx_word' id='word_1_83' title='bbox 370 2433 539 2498; x_wconf 87' lang='lat' dir='ltr'><strong>dum,</strong></span> <span class='ocrx_word' id='word_1_84' title='bbox 564 2436 583 2465; x_wconf 85' lang='lat'>&#39;</span> <span class='ocrx_word' id='word_1_85' title='bbox 617 2450 723 2505; x_wconf 84' lang='lat' dir='ltr'><strong>quo</strong></span> <span class='ocrx_word' id='word_1_86' title='bbox 768 2434 973 2491; x_wconf 83' lang='lat' dir='ltr'><strong>similes</strong></span> <span class='ocrx_word' id='word_1_87' title='bbox 1023 2434 1177 2490; x_wconf 84' lang='lat' dir='ltr'><strong>vobis</strong></span> <span class='ocrx_word' id='word_1_88' title='bbox 1208 2436 1400 2492; x_wconf 74' lang='lat' dir='ltr'><strong>allectu</strong></span> <span class='ocrx_word' id='word_1_89' title='bbox 1452 2436 1650 2491; x_wconf 67' lang='lat' dir='ltr'><strong>debitre</strong></span> <span class='ocrx_word' id='word_1_90' title='bbox 1693 2436 1971 2492; x_wconf 81' lang='lat' dir='ltr'><strong>ebaritatis</strong></span> 
     </span>
    </p>
   </div>
   <div class='ocr_carea' id='block_1_20' title="bbox 372 2517 1969 2599">
    <p class='ocr_par' dir='ltr' id='par_1_20' title="bbox 372 2517 1969 2599">
     <span class='ocr_line' id='line_1_20' title="bbox 372 2517 1969 2599; baseline 0.004 -18"><span class='ocrx_word' id='word_1_91' title='bbox 372 2528 677 2593; x_wconf 78' lang='lat' dir='ltr'><strong>remittens,</strong></span> <span class='ocrx_word' id='word_1_92' title='bbox 697 2535 752 2583; x_wconf 92' lang='lat' dir='ltr'><strong>et</strong></span> <span class='ocrx_word' id='word_1_93' title='bbox 775 2543 873 2598; x_wconf 83' lang='lat' dir='ltr'><strong>ego</strong></span> <span class='ocrx_word' id='word_1_94' title='bbox 895 2529 961 2583; x_wconf 89' lang='lat' dir='ltr'><strong>ad</strong></span> <span class='ocrx_word' id='word_1_95' title='bbox 993 2543 1090 2583; x_wconf 81' lang='lat' dir='ltr'><strong>vos</strong></span> <span class='ocrx_word' id='word_1_96' title='bbox 1114 2530 1355 2599; x_wconf 89' lang='lat' dir='ltr'><strong>compari</strong></span> <span class='ocrx_word' id='word_1_97' title='bbox 1379 2542 1504 2585; x_wconf 82' lang='lat' dir='ltr'><strong>voto</strong></span> <span class='ocrx_word' id='word_1_98' title='bbox 1534 2517 1744 2586; x_wconf 84' lang='lat' dir='ltr'><strong>litteras</strong></span> <span class='ocrx_word' id='word_1_99' title='bbox 1766 2532 1969 2587; x_wconf 87' lang='lat' dir='ltr'><strong>scribo.</strong></span> 
     </span>
    </p>
   </div>
   <div class='ocr_carea' id='block_1_21' title="bbox 372 2617 1968 2688">
    <p class='ocr_par' dir='ltr' id='par_1_21' title="bbox 372 2617 1968 2688">
     <span class='ocr_line' id='line_1_21' title="bbox 372 2617 1968 2688; baseline 0.001 -14"><span class='ocrx_word' id='word_1_100' title='bbox 372 2617 513 2674; x_wconf 84' lang='lat' dir='ltr'><strong><em>Nihil</em></strong></span> <span class='ocrx_word' id='word_1_101' title='bbox 533 2622 676 2675; x_wconf 81' lang='lat' dir='ltr'><strong>enim</strong></span> <span class='ocrx_word' id='word_1_102' title='bbox 705 2636 811 2684; x_wconf 88' lang='lat' dir='ltr'><strong>me,</strong></span> <span class='ocrx_word' id='word_1_103' title='bbox 839 2619 1034 2676; x_wconf 78' lang='lat' dir='ltr'><strong>fratres</strong></span> <span class='ocrx_word' id='word_1_104' title='bbox 1061 2622 1412 2688; x_wconf 79' lang='lat' dir='ltr'><strong>Sanctissimi,</strong></span> <span class='ocrx_word' id='word_1_105' title='bbox 1436 2624 1596 2677; x_wconf 87' lang='lat' dir='ltr'><strong>tantis</strong></span> <span class='ocrx_word' id='word_1_106' title='bbox 1616 2625 1968 2679; x_wconf 88' lang='lat' dir='ltr'><strong>constrictum</strong></span> 
     </span>
    </p>
   </div>
   <div class='ocr_carea' id='block_1_22' title="bbox 370 2713 2046 2800">
    <p class='ocr_par' dir='ltr' id='par_1_22' title="bbox 370 2713 2046 2800">
     <span class='ocr_line' id='line_1_22' title="bbox 370 2713 2046 2800; baseline 0.002 -33"><span class='ocrx_word' id='word_1_107' title='bbox 370 2714 600 2768; x_wconf 75' lang='lat' dir='ltr'><strong>vinculis</strong></span> <span class='ocrx_word' id='word_1_108' title='bbox 619 2723 789 2777; x_wconf 88' lang='lat' dir='ltr'><strong>tenet,</strong></span> <span class='ocrx_word' id='word_1_109' title='bbox 811 2713 942 2767; x_wconf 84' lang='lat' dir='ltr'><strong><em>nihil</em></strong></span> <span class='ocrx_word' id='word_1_110' title='bbox 978 2715 1142 2769; x_wconf 87' lang='lat' dir='ltr'><strong>tantis</strong></span> <span class='ocrx_word' id='word_1_111' title='bbox 1167 2730 1417 2769; x_wconf 88' lang='lat' dir='ltr'><strong>curarum</strong></span> <span class='ocrx_word' id='word_1_112' title='bbox 1448 2730 1511 2770; x_wconf 89' lang='lat' dir='ltr'><strong>ac</strong></span> <span class='ocrx_word' id='word_1_113' title='bbox 1542 2716 1964 2771; x_wconf 84' lang='lat' dir='ltr'><strong>sollicitudinum</strong></span> <span class='ocrx_word' id='word_1_114' title='bbox 1999 2740 2046 2800; x_wconf 77' lang='grc' dir='ltr'><strong>Β</strong></span> 
     </span>
    </p>
   </div>
   <div class='ocr_carea' id='block_1_23' title="bbox 372 2804 1971 2877">
    <p class='ocr_par' dir='ltr' id='par_1_23' title="bbox 372 2804 1971 2877">
     <span class='ocr_line' id='line_1_23' title="bbox 372 2804 1971 2877; baseline 0.001 -16"><span class='ocrx_word' id='word_1_115' title='bbox 372 2804 609 2861; x_wconf 81' lang='lat' dir='ltr'><strong>stimulis</strong></span> <span class='ocrx_word' id='word_1_116' title='bbox 637 2807 843 2861; x_wconf 64' lang='lat' dir='ltr'><strong>exciuit</strong></span> <span class='ocrx_word' id='word_1_117' title='bbox 868 2816 921 2861; x_wconf 90' lang='lat' dir='ltr'><strong>et</strong></span> <span class='ocrx_word' id='word_1_118' title='bbox 954 2809 1213 2875; x_wconf 75' lang='lat' dir='ltr'><strong>exagitat,</strong></span> <span class='ocrx_word' id='word_1_119' title='bbox 1246 2823 1406 2877; x_wconf 87' lang='lat' dir='ltr'><strong>quam</strong></span> <span class='ocrx_word' id='word_1_120' title='bbox 1433 2807 1782 2875; x_wconf 82' lang='lat' dir='ltr'><strong>nejacturam</strong></span> <span class='ocrx_word' id='word_1_121' title='bbox 1816 2808 1971 2862; x_wconf 86' lang='lat' dir='ltr'><strong>vobis</strong></span> 
     </span>
    </p>
   </div>
   <div class='ocr_carea' id='block_1_24' title="bbox 373 2904 1968 2975">
    <p class='ocr_par' dir='ltr' id='par_1_24' title="bbox 373 2904 1968 2975">
     <span class='ocr_line' id='line_1_24' title="bbox 373 2904 1968 2975; baseline 0.001 -18"><span class='ocrx_word' id='word_1_122' title='bbox 373 2904 660 2974; x_wconf 83' lang='lat' dir='ltr'><strong>quamdam</strong></span> <span class='ocrx_word' id='word_1_123' title='bbox 693 2919 787 2974; x_wconf 86' lang='lat' dir='ltr'><strong>per</strong></span> <span class='ocrx_word' id='word_1_124' title='bbox 815 2905 1115 2960; x_wconf 75' lang='lat' dir='ltr'><strong>absentiam</strong></span> <span class='ocrx_word' id='word_1_125' title='bbox 1149 2920 1323 2959; x_wconf 83' lang='lat' dir='ltr'><strong>meam</strong></span> <span class='ocrx_word' id='word_1_126' title='bbox 1358 2906 1554 2975; x_wconf 80' lang='lat' dir='ltr'><strong>putetis</strong></span> <span class='ocrx_word' id='word_1_127' title='bbox 1584 2906 1783 2959; x_wconf 87' lang='lat' dir='ltr'><strong>illatam</strong></span> <span class='ocrx_word' id='word_1_128' title='bbox 1813 2946 1827 2969; x_wconf 92' lang='lat'><strong>,</strong></span> <span class='ocrx_word' id='word_1_129' title='bbox 1882 2905 1968 2959; x_wconf 91' lang='lat' dir='ltr'><strong>cui</strong></span> 
     </span>
    </p>
   </div>
   <div class='ocr_carea' id='block_1_25' title="bbox 375 2995 1970 3062">
    <p class='ocr_par' dir='ltr' id='par_1_25' title="bbox 375 2995 1970 3062">
     <span class='ocr_line' id='line_1_25' title="bbox 375 2995 1970 3062; baseline 0.001 -12"><span class='ocrx_word' id='word_1_130' title='bbox 375 2995 677 3051; x_wconf 83' lang='lat' dir='ltr'><strong>remedium</strong></span> <span class='ocrx_word' id='word_1_131' title='bbox 715 2997 965 3051; x_wconf 84' lang='lat' dir='ltr'><strong>c0unitor</strong></span> <span class='ocrx_word' id='word_1_132' title='bbox 1007 2996 1170 3062; x_wconf 88' lang='lat' dir='ltr'><strong>dare,</strong></span> <span class='ocrx_word' id='word_1_133' title='bbox 1226 2998 1353 3051; x_wconf 90' lang='lat' dir='ltr'><strong>dum</strong></span> <span class='ocrx_word' id='word_1_134' title='bbox 1408 2997 1629 3053; x_wconf 87' lang='lat' dir='ltr'><strong>elaboro</strong></span> <span class='ocrx_word' id='word_1_135' title='bbox 1687 2999 1837 3053; x_wconf 71' lang='lat' dir='ltr'><strong>vobis</strong></span> <span class='ocrx_word' id='word_1_136' title='bbox 1882 3013 1970 3052; x_wconf 92' lang='lat' dir='ltr'><strong>me</strong></span> 
     </span>
    </p>
   </div>
   <div class='ocr_carea' id='block_1_26' title="bbox 376 3088 1969 3158">
    <p class='ocr_par' dir='ltr' id='par_1_26' title="bbox 376 3088 1969 3158">
     <span class='ocr_line' id='line_1_26' title="bbox 376 3088 1969 3158; baseline 0.001 -16"><span class='ocrx_word' id='word_1_137' title='bbox 376 3098 699 3158; x_wconf 57' lang='lat' dir='ltr'><strong>praesentem</strong></span> <span class='ocrx_word' id='word_1_138' title='bbox 758 3088 1128 3158; x_wconf 85' lang='lat' dir='ltr'><strong>lrequentibus</strong></span> <span class='ocrx_word' id='word_1_139' title='bbox 1177 3088 1372 3144; x_wconf 88' lang='lat' dir='ltr'><strong>litteris</strong></span> <span class='ocrx_word' id='word_1_140' title='bbox 1425 3090 1710 3144; x_wconf 80' lang='lat' dir='ltr'><strong>exhibere.</strong></span> <span class='ocrx_word' id='word_1_141' title='bbox 1770 3089 1969 3158; x_wconf 83' lang='lat' dir='ltr'><strong>Quam-</strong></span> 
     </span>
    </p>
   </div>
   <div class='ocr_carea' id='block_1_27' title="bbox 372 3183 1964 3254">
    <p class='ocr_par' dir='ltr' id='par_1_27' title="bbox 372 3183 1964 3254">
     <span class='ocr_line' id='line_1_27' title="bbox 372 3183 1964 3254; baseline 0.001 -17"><span class='ocrx_word' id='word_1_142' title='bbox 372 3196 531 3253; x_wconf 85' lang='lat' dir='ltr'><strong>quam</strong></span> <span class='ocrx_word' id='word_1_143' title='bbox 565 3197 693 3252; x_wconf 82' lang='lat' dir='ltr'><strong>crgo</strong></span> <span class='ocrx_word' id='word_1_144' title='bbox 719 3193 775 3238; x_wconf 90' lang='lat' dir='ltr'><strong>et</strong></span> <span class='ocrx_word' id='word_1_145' title='bbox 799 3183 1036 3238; x_wconf 86' lang='lat' dir='ltr'><strong>ollicium</strong></span> <span class='ocrx_word' id='word_1_146' title='bbox 1069 3183 1307 3238; x_wconf 89' lang='lat' dir='ltr'><strong>debitum</strong></span> <span class='ocrx_word' id='word_1_147' title='bbox 1332 3225 1347 3250; x_wconf 91' lang='lat'><strong>,</strong></span> <span class='ocrx_word' id='word_1_148' title='bbox 1398 3194 1453 3238; x_wconf 91' lang='lat' dir='ltr'><strong>et</strong></span> <span class='ocrx_word' id='word_1_149' title='bbox 1507 3200 1631 3237; x_wconf 86' lang='lat' dir='ltr'><strong>cura</strong></span> <span class='ocrx_word' id='word_1_150' title='bbox 1679 3194 1928 3254; x_wconf 61' lang='lat' dir='ltr'><strong>suscepta</strong></span> <span class='ocrx_word' id='word_1_151' title='bbox 1949 3226 1964 3249; x_wconf 91' lang='lat'><strong>,</strong></span> 
     </span>
    </p>
   </div>
   <div class='ocr_carea' id='block_1_28' title="bbox 375 3275 1967 3347">
    <p class='ocr_par' dir='ltr' id='par_1_28' title="bbox 375 3275 1967 3347">
     <span class='ocr_line' id='line_1_28' title="bbox 375 3275 1967 3347; baseline -0.002 -16"><span class='ocrx_word' id='word_1_152' title='bbox 375 3283 430 3332; x_wconf 90' lang='lat' dir='ltr'><strong>et</strong></span> <span class='ocrx_word' id='word_1_153' title='bbox 460 3276 573 3345; x_wconf 86' lang='lat' dir='ltr'><strong>ipsa</strong></span> <span class='ocrx_word' id='word_1_154' title='bbox 604 3275 887 3330; x_wconf 85' lang='lat' dir='ltr'><strong>ministerii</strong></span> <span class='ocrx_word' id='word_1_155' title='bbox 914 3278 1162 3346; x_wconf 86' lang='lat' dir='ltr'><strong>imposita</strong></span> <span class='ocrx_word' id='word_1_156' title='bbox 1191 3290 1425 3347; x_wconf 81' lang='lat' dir='ltr'><strong>persona</strong></span> <span class='ocrx_word' id='word_1_157' title='bbox 1459 3275 1596 3331; x_wconf 87' lang='lat' dir='ltr'><strong>hanc</strong></span> <span class='ocrx_word' id='word_1_158' title='bbox 1634 3291 1666 3330; x_wconf 84' lang='lat' dir='ltr'><strong>a</strong></span> <span class='ocrx_word' id='word_1_159' title='bbox 1708 3292 1794 3330; x_wconf 84' lang='lat' dir='ltr'><strong>me</strong></span> <span class='ocrx_word' id='word_1_160' title='bbox 1825 3277 1967 3330; x_wconf 86' lang='lat' dir='ltr'><strong>litte-</strong></span> 
     </span>
    </p>
   </div>
   <div class='ocr_carea' id='block_1_29' title="bbox 368 3367 1963 3438">
    <p class='ocr_par' dir='ltr' id='par_1_29' title="bbox 368 3367 1963 3438">
     <span class='ocr_line' id='line_1_29' title="bbox 368 3367 1963 3438; baseline 0 -16"><span class='ocrx_word' id='word_1_161' title='bbox 368 3381 550 3423; x_wconf 84' lang='lat' dir='ltr'><strong>rarum</strong></span> <span class='ocrx_word' id='word_1_162' title='bbox 575 3367 981 3423; x_wconf 89' lang='lat' dir='ltr'><strong>scribendarum</strong></span> <span class='ocrx_word' id='word_1_163' title='bbox 1014 3379 1309 3438; x_wconf 81' lang='lat' dir='ltr'><strong>exposcam</strong></span> <span class='ocrx_word' id='word_1_164' title='bbox 1339 3371 1716 3424; x_wconf 82' lang='lat' dir='ltr'><strong>necessitatem</strong></span> <span class='ocrx_word' id='word_1_165' title='bbox 1741 3411 1756 3436; x_wconf 87' lang='lat'><strong>,</strong></span> <span class='ocrx_word' id='word_1_166' title='bbox 1786 3379 1963 3423; x_wconf 87' lang='lat' dir='ltr'><strong>tamen</strong></span> 
     </span>
    </p>
   </div>
   <div class='ocr_carea' id='block_1_30' title="bbox 374 3461 1964 3532">
    <p class='ocr_par' dir='ltr' id='par_1_30' title="bbox 374 3461 1964 3532">
     <span class='ocr_line' id='line_1_30' title="bbox 374 3461 1964 3532; baseline 0.001 -19"><span class='ocrx_word' id='word_1_167' title='bbox 374 3474 473 3516; x_wconf 69' lang='lat' dir='ltr'><strong>vas</strong></span> <span class='ocrx_word' id='word_1_168' title='bbox 496 3461 640 3515; x_wconf 91' lang='lat' dir='ltr'><strong>illam</strong></span> <span class='ocrx_word' id='word_1_169' title='bbox 665 3461 783 3531; x_wconf 90' lang='lat' dir='ltr'><strong>plus</strong></span> <span class='ocrx_word' id='word_1_170' title='bbox 811 3462 1170 3532; x_wconf 77' lang='lat' dir='ltr'><strong>exaggeratis,</strong></span> <span class='ocrx_word' id='word_1_171' title='bbox 1217 3462 1342 3515; x_wconf 91' lang='lat' dir='ltr'><strong>dum</strong></span> <span class='ocrx_word' id='word_1_172' title='bbox 1392 3477 1477 3517; x_wconf 92' lang='lat' dir='ltr'><strong>me</strong></span> <span class='ocrx_word' id='word_1_173' title='bbox 1507 3462 1572 3515; x_wconf 91' lang='lat' dir='ltr'><strong>ad</strong></span> <span class='ocrx_word' id='word_1_174' title='bbox 1619 3462 1964 3517; x_wconf 89' lang='lat' dir='ltr'><strong>scribendum</strong></span> 
     </span>
    </p>
   </div>
   <div class='ocr_carea' id='block_1_31' title="bbox 367 3551 1965 3625">
    <p class='ocr_par' dir='ltr' id='par_1_31' title="bbox 367 3551 1965 3625">
     <span class='ocr_line' id='line_1_31' title="bbox 367 3551 1965 3625; baseline 0 -16"><span class='ocrx_word' id='word_1_175' title='bbox 367 3551 832 3624; x_wconf 80' lang='lat' dir='ltr'><strong>lrequentioribus</strong></span> <span class='ocrx_word' id='word_1_176' title='bbox 882 3554 1079 3610; x_wconf 88' lang='lat' dir='ltr'><strong>litteris</strong></span> <span class='ocrx_word' id='word_1_177' title='bbox 1126 3557 1464 3625; x_wconf 81' lang='lat' dir='ltr'><strong>provocatis,</strong></span> <span class='ocrx_word' id='word_1_178' title='bbox 1496 3563 1551 3609; x_wconf 90' lang='lat' dir='ltr'><strong>et</strong></span> <span class='ocrx_word' id='word_1_179' title='bbox 1599 3571 1825 3625; x_wconf 88' lang='lat' dir='ltr'><strong>pronum</strong></span> <span class='ocrx_word' id='word_1_180' title='bbox 1878 3570 1965 3609; x_wconf 91' lang='lat' dir='ltr'><strong>me</strong></span> 
     </span>
    </p>
   </div>
   <div class='ocr_carea' id='block_1_32' title="bbox 368 3646 1960 3719">
    <p class='ocr_par' dir='ltr' id='par_1_32' title="bbox 368 3646 1960 3719">
     <span class='ocr_line' id='line_1_32' title="bbox 368 3646 1960 3719; baseline -0.001 -16"><span class='ocrx_word' id='word_1_181' title='bbox 368 3646 494 3703; x_wconf 89' lang='lat' dir='ltr'><strong>licet</strong></span> <span class='ocrx_word' id='word_1_182' title='bbox 537 3648 602 3703; x_wconf 82' lang='lat' dir='ltr'><strong>ad</strong></span> <span class='ocrx_word' id='word_1_183' title='bbox 649 3649 746 3703; x_wconf 89' lang='lat' dir='ltr'><strong>ista</strong></span> <span class='ocrx_word' id='word_1_184' title='bbox 793 3647 1076 3705; x_wconf 83' lang='lat' dir='ltr'><strong>charitatis</strong></span> <span class='ocrx_word' id='word_1_185' title='bbox 1108 3648 1369 3703; x_wconf 87' lang='lat' dir='ltr'><strong>solemnia</strong></span> <span class='ocrx_word' id='word_1_186' title='bbox 1430 3649 1599 3719; x_wconf 83' lang='lat' dir='ltr'><strong>magis</strong></span> <span class='ocrx_word' id='word_1_187' title='bbox 1650 3649 1960 3717; x_wconf 77' lang='lat' dir='ltr'><strong>impellitis,</strong></span> 
     </span>
    </p>
   </div>
   <div class='ocr_carea' id='block_1_33' title="bbox 369 3743 1966 3812">
    <p class='ocr_par' dir='ltr' id='par_1_33' title="bbox 369 3743 1966 3812">
     <span class='ocr_line' id='line_1_33' title="bbox 369 3743 1966 3812; baseline -0.004 -11"><span class='ocrx_word' id='word_1_188' title='bbox 369 3745 501 3801; x_wconf 88' lang='lat' dir='ltr'><strong>dum</strong></span> <span class='ocrx_word' id='word_1_189' title='bbox 532 3745 650 3798; x_wconf 88' lang='lat' dir='ltr'><strong>sine</strong></span> <span class='ocrx_word' id='word_1_190' title='bbox 679 3745 982 3799; x_wconf 85' lang='lat' dir='ltr'><strong>cessatione</strong></span> <span class='ocrx_word' id='word_1_191' title='bbox 1004 3746 1055 3797; x_wconf 89' lang='lat' dir='ltr'><strong>in</strong></span> <span class='ocrx_word' id='word_1_192' title='bbox 1083 3743 1382 3812; x_wconf 80' lang='lat' dir='ltr'><strong>Evangelio</strong></span> <span class='ocrx_word' id='word_1_193' title='bbox 1410 3757 1506 3797; x_wconf 85' lang='lat' dir='ltr'><strong>vos</strong></span> <span class='ocrx_word' id='word_1_194' title='bbox 1540 3754 1782 3812; x_wconf 81' lang='lat' dir='ltr'><strong>perstare</strong></span> <span class='ocrx_word' id='word_1_195' title='bbox 1812 3758 1966 3796; x_wconf 90' lang='lat' dir='ltr'><strong>mon-</strong></span> 
     </span>
    </p>
   </div>
   <div class='ocr_carea' id='block_1_34' title="bbox 346 3835 1962 3906">
    <p class='ocr_par' dir='ltr' id='par_1_34' title="bbox 346 3835 1962 3906">
     <span class='ocr_line' id='line_1_34' title="bbox 346 3835 1962 3906; baseline -0.003 -13"><span class='ocrx_word' id='word_1_196' title='bbox 346 3836 555 3893; x_wconf 73' lang='lat' dir='ltr'><strong>stratis</strong></span> <span class='ocrx_word' id='word_1_197' title='bbox 583 3852 596 3887; x_wconf 90' lang='lat'><strong>:</strong></span> <span class='ocrx_word' id='word_1_198' title='bbox 630 3850 696 3890; x_wconf 79' lang='lat' dir='ltr'><strong>ex</strong></span> <span class='ocrx_word' id='word_1_199' title='bbox 721 3851 825 3906; x_wconf 87' lang='lat' dir='ltr'><strong>quo</strong></span> <span class='ocrx_word' id='word_1_200' title='bbox 855 3836 1105 3901; x_wconf 78' lang='lat' dir='ltr'><strong>efﬁcitur,</strong></span> <span class='ocrx_word' id='word_1_201' title='bbox 1145 3844 1281 3890; x_wconf 87' lang='lat' dir='ltr'><strong>utet</strong></span> <span class='ocrx_word' id='word_1_202' title='bbox 1321 3850 1422 3905; x_wconf 79' lang='lat' dir='ltr'><strong>ego</strong></span> <span class='ocrx_word' id='word_1_203' title='bbox 1466 3850 1561 3888; x_wconf 71' lang='lat' dir='ltr'><strong>vos</strong></span> <span class='ocrx_word' id='word_1_204' title='bbox 1606 3836 1798 3890; x_wconf 80' lang='lat' dir='ltr'><strong>litteris</strong></span> <span class='ocrx_word' id='word_1_205' title='bbox 1830 3835 1962 3888; x_wconf 88' lang='lat' dir='ltr'><strong>meis</strong></span> 
     </span>
    </p>
   </div>
   <div class='ocr_carea' id='block_1_35' title="bbox 367 3928 1960 4001">
    <p class='ocr_par' dir='ltr' id='par_1_35' title="bbox 367 3928 1960 4001">
     <span class='ocr_line' id='line_1_35' title="bbox 367 3928 1960 4001; baseline -0.004 -14"><span class='ocrx_word' id='word_1_206' title='bbox 367 3947 478 3987; x_wconf 85' lang='lat' dir='ltr'><strong>non</strong></span> <span class='ocrx_word' id='word_1_207' title='bbox 512 3940 618 3985; x_wconf 89' lang='lat' dir='ltr'><strong>tam</strong></span> <span class='ocrx_word' id='word_1_208' title='bbox 650 3931 907 3986; x_wconf 80' lang='lat' dir='ltr'><strong>instruant</strong></span> <span class='ocrx_word' id='word_1_209' title='bbox 944 3931 1057 4001; x_wconf 87' lang='lat' dir='ltr'><strong>jam</strong></span> <span class='ocrx_word' id='word_1_210' title='bbox 1085 3930 1346 3995; x_wconf 63' lang='lat' dir='ltr'><strong>eruditos,</strong></span> <span class='ocrx_word' id='word_1_211' title='bbox 1384 3945 1541 4000; x_wconf 79' lang='lat' dir='ltr'><strong>quam</strong></span> <span class='ocrx_word' id='word_1_212' title='bbox 1596 3928 1816 3984; x_wconf 63' lang='lat' dir='ltr'><strong>incitent</strong></span> <span class='ocrx_word' id='word_1_213' title='bbox 1872 3946 1960 3999; x_wconf 86' lang='lat' dir='ltr'><strong>pa-</strong></span> 
     </span>
    </p>
   </div>
   <div class='ocr_carea' id='block_1_36' title="bbox 365 4021 1959 4093">
    <p class='ocr_par' dir='ltr' id='par_1_36' title="bbox 365 4021 1959 4093">
     <span class='ocr_line' id='line_1_36' title="bbox 365 4021 1959 4093; baseline -0.002 -16"><span class='ocrx_word' id='word_1_214' title='bbox 365 4031 536 4078; x_wconf 87' lang='lat' dir='ltr'><strong>ratos.</strong></span> <span class='ocrx_word' id='word_1_215' title='bbox 593 4021 725 4077; x_wconf 86' lang='lat' dir='ltr'><strong>Nam</strong></span> <span class='ocrx_word' id='word_1_216' title='bbox 770 4022 858 4092; x_wconf 90' lang='lat' dir='ltr'><strong>qui</strong></span> <span class='ocrx_word' id='word_1_217' title='bbox 906 4024 1173 4078; x_wconf 87' lang='lat' dir='ltr'><strong>sincerum</strong></span> <span class='ocrx_word' id='word_1_218' title='bbox 1229 4023 1571 4093; x_wconf 48' lang='lat' dir='ltr'><strong>lib-augebam</strong></span> <span class='ocrx_word' id='word_1_219' title='bbox 1604 4034 1655 4075; x_wconf 83' lang='lat' dir='ltr'><strong>et</strong></span> <span class='ocrx_word' id='word_1_220' title='bbox 1685 4036 1959 4076; x_wconf 68' lang='lat' dir='ltr'><strong>excretum</strong></span> 
     </span>
    </p>
   </div>
   <div class='ocr_carea' id='block_1_37' title="bbox 2000 1324 3680 1398">
    <p class='ocr_par' dir='ltr' id='par_1_37' title="bbox 2000 1324 3680 1398">
     <span class='ocr_line' id='line_1_37' title="bbox 2000 1324 3680 1398; baseline 0.003 -17"><span class='ocrx_word' id='word_1_221' title='bbox 2000 1333 2051 1394; x_wconf 84' lang='grc' dir='ltr'>Α</span> <span class='ocrx_word' id='word_1_222' title='bbox 2079 1326 2269 1381; x_wconf 88' lang='lat' dir='ltr'><strong>otiosis</strong></span> <span class='ocrx_word' id='word_1_223' title='bbox 2303 1324 2497 1381; x_wconf 79' lang='lat' dir='ltr'><strong>fabulis</strong></span> <span class='ocrx_word' id='word_1_224' title='bbox 2518 1325 2738 1381; x_wconf 82' lang='lat' dir='ltr'><strong>calcatis</strong></span> <span class='ocrx_word' id='word_1_225' title='bbox 2765 1336 2819 1381; x_wconf 87' lang='lat' dir='ltr'><strong>et</strong></span> <span class='ocrx_word' id='word_1_226' title='bbox 2868 1328 3105 1398; x_wconf 76' lang='lat' dir='ltr'><strong>rejectis,</strong></span> <span class='ocrx_word' id='word_1_227' title='bbox 3139 1329 3481 1387; x_wconf 86' lang='lat' dir='ltr'><strong>traditionem</strong></span> <span class='ocrx_word' id='word_1_228' title='bbox 3509 1329 3680 1386; x_wconf 92' lang='lat' dir='ltr'><strong>solam</strong></span> 
     </span>
    </p>
   </div>
   <div class='ocr_carea' id='block_1_38' title="bbox 2082 1420 3680 1496">
    <p class='ocr_par' dir='ltr' id='par_1_38' title="bbox 2082 1420 3680 1496">
     <span class='ocr_line' id='line_1_38' title="bbox 2082 1420 3680 1496; baseline 0.004 -21"><span class='ocrx_word' id='word_1_229' title='bbox 2082 1420 2275 1475; x_wconf 79' lang='lat' dir='ltr'><strong>Christi</strong></span> <span class='ocrx_word' id='word_1_230' title='bbox 2299 1421 2711 1490; x_wconf 79' lang='lat' dir='ltr'><strong>doctrinamque</strong></span> <span class='ocrx_word' id='word_1_231' title='bbox 2744 1425 2972 1478; x_wconf 86' lang='lat' dir='ltr'><strong>teneatis</strong></span> <span class='ocrx_word' id='word_1_232' title='bbox 2991 1466 3004 1487; x_wconf 94' lang='lat'><strong>,</strong></span> <span class='ocrx_word' id='word_1_233' title='bbox 3030 1435 3089 1479; x_wconf 92' lang='lat' dir='ltr'><strong>ut</strong></span> <span class='ocrx_word' id='word_1_234' title='bbox 3115 1426 3379 1496; x_wconf 82' lang='lat' dir='ltr'><strong>condigne</strong></span> <span class='ocrx_word' id='word_1_235' title='bbox 3400 1426 3680 1481; x_wconf 89' lang='lat' dir='ltr'><strong>auctorita-</strong></span> 
     </span>
    </p>
   </div>
   <div class='ocr_carea' id='block_1_39' title="bbox 2083 1513 3680 1587">
    <p class='ocr_par' dir='ltr' id='par_1_39' title="bbox 2083 1513 3680 1587">
     <span class='ocr_line' id='line_1_39' title="bbox 2083 1513 3680 1587; baseline 0.003 -19"><span class='ocrx_word' id='word_1_236' title='bbox 2083 1523 2190 1568; x_wconf 86' lang='lat' dir='ltr'><strong>tem</strong></span> <span class='ocrx_word' id='word_1_237' title='bbox 2213 1514 2365 1567; x_wconf 73' lang='lat' dir='ltr'><strong>robis</strong></span> <span class='ocrx_word' id='word_1_238' title='bbox 2387 1513 2503 1584; x_wconf 77' lang='lat' dir='ltr'><strong>ejus</strong></span> <span class='ocrx_word' id='word_1_239' title='bbox 2524 1515 2758 1569; x_wconf 88' lang='lat' dir='ltr'><strong>nominis</strong></span> <span class='ocrx_word' id='word_1_240' title='bbox 2782 1516 3055 1571; x_wconf 70' lang='lat' dir='ltr'><strong>vindicare</strong></span> <span class='ocrx_word' id='word_1_241' title='bbox 3083 1517 3321 1587; x_wconf 82' lang='lat' dir='ltr'><strong>possitis.</strong></span> <span class='ocrx_word' id='word_1_242' title='bbox 3354 1517 3525 1585; x_wconf 86' lang='lat' dir='ltr'><strong>Quam</strong></span> <span class='ocrx_word' id='word_1_243' title='bbox 3553 1533 3680 1573; x_wconf 89' lang='lat' dir='ltr'><strong>vero</strong></span> 
     </span>
    </p>
   </div>
   <div class='ocr_carea' id='block_1_40' title="bbox 2078 1607 3680 1683">
    <p class='ocr_par' dir='ltr' id='par_1_40' title="bbox 2078 1607 3680 1683">
     <span class='ocr_line' id='line_1_40' title="bbox 2078 1607 3680 1683; baseline 0.002 -19"><span class='ocrx_word' id='word_1_244' title='bbox 2078 1609 2187 1664; x_wconf 88' lang='lat' dir='ltr'><strong>sint</strong></span> <span class='ocrx_word' id='word_1_245' title='bbox 2236 1609 2472 1678; x_wconf 78' lang='lat' dir='ltr'><strong>perversi</strong></span> <span class='ocrx_word' id='word_1_246' title='bbox 2528 1607 2736 1671; x_wconf 62' lang='lat' dir='ltr'><strong>Judaei,</strong></span> <span class='ocrx_word' id='word_1_247' title='bbox 2791 1617 2845 1662; x_wconf 87' lang='lat' dir='ltr'><strong>et</strong></span> <span class='ocrx_word' id='word_1_248' title='bbox 2897 1611 2965 1663; x_wconf 89' lang='lat' dir='ltr'><strong>ab</strong></span> <span class='ocrx_word' id='word_1_249' title='bbox 3034 1611 3305 1666; x_wconf 84' lang='lat' dir='ltr'><strong>intellectu</strong></span> <span class='ocrx_word' id='word_1_250' title='bbox 3358 1626 3471 1666; x_wconf 74' lang='lat' dir='ltr'><strong>sute</strong></span> <span class='ocrx_word' id='word_1_251' title='bbox 3521 1610 3680 1683; x_wconf 80' lang='lat' dir='ltr'><strong>Legis</strong></span> 
     </span>
    </p>
   </div>
   <div class='ocr_carea' id='block_1_41' title="bbox 2078 1701 3674 1773">
    <p class='ocr_par' dir='ltr' id='par_1_41' title="bbox 2078 1701 3674 1773">
     <span class='ocr_line' id='line_1_41' title="bbox 2078 1701 3674 1773; baseline 0.003 -17"><span class='ocrx_word' id='word_1_252' title='bbox 2078 1702 2275 1769; x_wconf 89' lang='lat' dir='ltr'><strong>alieni,</strong></span> <span class='ocrx_word' id='word_1_253' title='bbox 2306 1701 2328 1732; x_wconf 67' lang='grc'>⁸</span> <span class='ocrx_word' id='word_1_254' title='bbox 2354 1702 2563 1756; x_wconf 90' lang='lat' dir='ltr'><strong>duabus</strong></span> <span class='ocrx_word' id='word_1_255' title='bbox 2607 1702 2854 1770; x_wconf 83' lang='lat' dir='ltr'><strong>epistolis</strong></span> <span class='ocrx_word' id='word_1_256' title='bbox 2884 1704 3253 1772; x_wconf 79' lang='lat' dir='ltr'><strong>superioribus</strong></span> <span class='ocrx_word' id='word_1_257' title='bbox 3274 1746 3289 1768; x_wconf 95' lang='lat'><strong>,</strong></span> <span class='ocrx_word' id='word_1_258' title='bbox 3334 1712 3394 1758; x_wconf 90' lang='lat' dir='ltr'><strong>ut</strong></span> <span class='ocrx_word' id='word_1_259' title='bbox 3419 1703 3674 1773; x_wconf 86' lang='lat' dir='ltr'><strong>arbitror,</strong></span> 
     </span>
    </p>
   </div>
   <div class='ocr_carea' id='block_1_42' title="bbox 2079 1794 3677 1867">
    <p class='ocr_par' dir='ltr' id='par_1_42' title="bbox 2079 1794 3677 1867">
     <span class='ocr_line' id='line_1_42' title="bbox 2079 1794 3677 1867; baseline 0.003 -20"><span class='ocrx_word' id='word_1_260' title='bbox 2079 1795 2236 1865; x_wconf 81' lang='lat' dir='ltr'><strong>plene</strong></span> <span class='ocrx_word' id='word_1_261' title='bbox 2266 1794 2502 1857; x_wconf 67' lang='lat' dir='ltr'><strong>Ostendi,</strong></span> <span class='ocrx_word' id='word_1_262' title='bbox 2545 1795 2815 1863; x_wconf 84' lang='lat' dir='ltr'><strong>inquibus</strong></span> <span class='ocrx_word' id='word_1_263' title='bbox 2846 1795 3128 1864; x_wconf 85' lang='lat' dir='ltr'><strong>probatum</strong></span> <span class='ocrx_word' id='word_1_264' title='bbox 3158 1806 3238 1851; x_wconf 89' lang='lat' dir='ltr'><strong>est</strong></span> <span class='ocrx_word' id='word_1_265' title='bbox 3269 1812 3489 1867; x_wconf 85' lang='lat' dir='ltr'><strong>prorsus</strong></span> <span class='ocrx_word' id='word_1_266' title='bbox 3521 1797 3677 1866; x_wconf 56' lang='lat' dir='ltr'><strong>igum</strong></span> 
     </span>
    </p>
   </div>
   <div class='ocr_carea' id='block_1_43' title="bbox 2077 1885 3673 1959">
    <p class='ocr_par' dir='ltr' id='par_1_43' title="bbox 2077 1885 3673 1959">
     <span class='ocr_line' id='line_1_43' title="bbox 2077 1885 3673 1959; baseline 0.001 -17"><span class='ocrx_word' id='word_1_267' title='bbox 2077 1903 2199 1943; x_wconf 88' lang='lat' dir='ltr'><strong>rare</strong></span> <span class='ocrx_word' id='word_1_268' title='bbox 2224 1888 2346 1941; x_wconf 87' lang='lat' dir='ltr'><strong>illos</strong></span> <span class='ocrx_word' id='word_1_269' title='bbox 2376 1904 2493 1957; x_wconf 71' lang='lat' dir='ltr'><strong>quze</strong></span> <span class='ocrx_word' id='word_1_270' title='bbox 2541 1890 2611 1941; x_wconf 83' lang='lat' dir='ltr'><strong>sit</strong></span> <span class='ocrx_word' id='word_1_271' title='bbox 2638 1904 2761 1941; x_wconf 77' lang='lat' dir='ltr'><strong>vera</strong></span> <span class='ocrx_word' id='word_1_272' title='bbox 2807 1885 3182 1953; x_wconf 86' lang='lat' dir='ltr'><strong>Circumcisio,</strong></span> <span class='ocrx_word' id='word_1_273' title='bbox 3240 1898 3295 1943; x_wconf 92' lang='lat' dir='ltr'><strong>et</strong></span> <span class='ocrx_word' id='word_1_274' title='bbox 3325 1887 3452 1959; x_wconf 91' lang='lat' dir='ltr'><strong>quid</strong></span> <span class='ocrx_word' id='word_1_275' title='bbox 3487 1904 3673 1943; x_wconf 83' lang='lat' dir='ltr'><strong>verum</strong></span> 
     </span>
    </p>
   </div>
   <div class='ocr_carea' id='block_1_44' title="bbox 2076 1972 3676 2050">
    <p class='ocr_par' dir='ltr' id='par_1_44' title="bbox 2076 1972 3676 2050">
     <span class='ocr_line' id='line_1_44' title="bbox 2076 1972 3676 2050; baseline 0.001 -15"><span class='ocrx_word' id='word_1_276' title='bbox 2076 1979 2405 2043; x_wconf 85' lang='lat' dir='ltr'><strong>Sabbatum;</strong></span> <span class='ocrx_word' id='word_1_277' title='bbox 2462 1996 2691 2050; x_wconf 88' lang='lat' dir='ltr'><strong>quorum</strong></span> <span class='ocrx_word' id='word_1_278' title='bbox 2739 1980 2916 2035; x_wconf 89' lang='lat' dir='ltr'><strong>adlmc</strong></span> <span class='ocrx_word' id='word_1_279' title='bbox 2969 1972 3136 2049; x_wconf 82' lang='lat' dir='ltr'><strong>magis</strong></span> <span class='ocrx_word' id='word_1_280' title='bbox 3169 1995 3232 2035; x_wconf 88' lang='lat' dir='ltr'><strong>ac</strong></span> <span class='ocrx_word' id='word_1_281' title='bbox 3261 1982 3430 2050; x_wconf 86' lang='lat' dir='ltr'><strong>magis</strong></span> <span class='ocrx_word' id='word_1_282' title='bbox 3460 1982 3676 2037; x_wconf 67' lang='lat' dir='ltr'><strong>caecitas</strong></span> 
     </span>
    </p>
   </div>
   <div class='ocr_carea' id='block_1_45' title="bbox 2078 2071 3673 2142">
    <p class='ocr_par' dir='ltr' id='par_1_45' title="bbox 2078 2071 3673 2142">
     <span class='ocr_line' id='line_1_45' title="bbox 2078 2071 3673 2142; baseline -0.001 -15"><span class='ocrx_word' id='word_1_283' title='bbox 2078 2073 2368 2127; x_wconf 78' lang='lat' dir='ltr'><strong>revincitur</strong></span> <span class='ocrx_word' id='word_1_284' title='bbox 2399 2074 2451 2126; x_wconf 91' lang='lat' dir='ltr'><strong><em>in</em></strong></span> <span class='ocrx_word' id='word_1_285' title='bbox 2482 2071 2581 2125; x_wconf 80' lang='lat' dir='ltr'><strong>liae</strong></span> <span class='ocrx_word' id='word_1_286' title='bbox 2624 2073 2873 2141; x_wconf 85' lang='lat' dir='ltr'><strong>epistola,</strong></span> <span class='ocrx_word' id='word_1_287' title='bbox 2928 2073 2980 2127; x_wconf 91' lang='lat' dir='ltr'><strong>in</strong></span> <span class='ocrx_word' id='word_1_288' title='bbox 3029 2087 3130 2142; x_wconf 84' lang='lat' dir='ltr'><strong>qua</strong></span> <span class='ocrx_word' id='word_1_289' title='bbox 3173 2072 3377 2142; x_wconf 81' lang='lat' dir='ltr'><strong>aliquid</strong></span> <span class='ocrx_word' id='word_1_290' title='bbox 3410 2072 3477 2128; x_wconf 89' lang='lat' dir='ltr'><strong>de</strong></span> <span class='ocrx_word' id='word_1_291' title='bbox 3524 2071 3673 2128; x_wconf 89' lang='lat' dir='ltr'><strong>Cibis</strong></span> 
     </span>
    </p>
   </div>
   <div class='ocr_carea' id='block_1_46' title="bbox 2077 2164 3674 2239">
    <p class='ocr_par' dir='ltr' id='par_1_46' title="bbox 2077 2164 3674 2239">
     <span class='ocr_line' id='line_1_46' title="bbox 2077 2164 3674 2239; baseline 0.003 -18"><span class='ocrx_word' id='word_1_292' title='bbox 2077 2167 2317 2239; x_wconf 89' lang='lat' dir='ltr'><strong>ipsorum</strong></span> <span class='ocrx_word' id='word_1_293' title='bbox 2361 2165 2599 2222; x_wconf 86' lang='lat' dir='ltr'><strong>breviter</strong></span> <span class='ocrx_word' id='word_1_294' title='bbox 2626 2167 2959 2222; x_wconf 85' lang='lat' dir='ltr'><strong>disseritur:</strong></span> <span class='ocrx_word' id='word_1_295' title='bbox 3006 2167 3131 2222; x_wconf 86' lang='lat' dir='ltr'><strong>hinc</strong></span> <span class='ocrx_word' id='word_1_296' title='bbox 3174 2164 3377 2222; x_wconf 85' lang='lat' dir='ltr'><strong>ctenim</strong></span> <span class='ocrx_word' id='word_1_297' title='bbox 3424 2181 3483 2223; x_wconf 84' lang='lat' dir='ltr'><strong>se</strong></span> <span class='ocrx_word' id='word_1_298' title='bbox 3528 2167 3674 2225; x_wconf 87' lang='lat' dir='ltr'><strong>solos</strong></span> 
     </span>
    </p>
   </div>
   <div class='ocr_carea' id='block_1_47' title="bbox 2079 2261 3645 2332">
    <p class='ocr_par' dir='ltr' id='par_1_47' title="bbox 2079 2261 3645 2332">
     <span class='ocr_line' id='line_1_47' title="bbox 2079 2261 3645 2332; baseline 0.003 -20"><span class='ocrx_word' id='word_1_299' title='bbox 2079 2269 2319 2325; x_wconf 81' lang='lat' dir='ltr'><strong>Sanclos,</strong></span> <span class='ocrx_word' id='word_1_300' title='bbox 2352 2269 2405 2314; x_wconf 90' lang='lat' dir='ltr'><strong>et</strong></span> <span class='ocrx_word' id='word_1_301' title='bbox 2436 2270 2661 2315; x_wconf 75' lang='lat' dir='ltr'><strong>caeteros</strong></span> <span class='ocrx_word' id='word_1_302' title='bbox 2688 2275 2877 2315; x_wconf 84' lang='lat' dir='ltr'><strong>omnes</strong></span> <span class='ocrx_word' id='word_1_303' title='bbox 2913 2261 3183 2315; x_wconf 68' lang='lat' dir='ltr'><strong>aestimant</strong></span> <span class='ocrx_word' id='word_1_304' title='bbox 3223 2263 3555 2332; x_wconf 88' lang='lat' dir='ltr'><strong>inquinatos.</strong></span> <span class='ocrx_word' id='word_1_305' title='bbox 3637 2323 3645 2331; x_wconf 53' lang='grc'><em>,</em></span> 
     </span>
    </p>
   </div>
   <div class='ocr_carea' id='block_1_48' title="bbox 2700 2374 3036 2432">
    <p class='ocr_par' dir='ltr' id='par_1_48' title="bbox 2700 2374 3036 2432">
     <span class='ocr_line' id='line_1_48' title="bbox 2700 2374 3036 2432; baseline -0.003 -1"><span class='ocrx_word' id='word_1_306' title='bbox 2700 2374 2928 2432; x_wconf 80' lang='lat' dir='ltr'><strong>CAPUT</strong></span> <span class='ocrx_word' id='word_1_307' title='bbox 2971 2376 3036 2431; x_wconf 92' lang='lat' dir='ltr'><strong>ll.</strong></span> 
     </span>
    </p>
   </div>
   <div class='ocr_carea' id='block_1_49' title="bbox 2075 2487 3673 2562">
    <p class='ocr_par' dir='ltr' id='par_1_49' title="bbox 2075 2487 3673 2562">
     <span class='ocr_line' id='line_1_49' title="bbox 2075 2487 3673 2562; baseline 0.002 -19"><span class='ocrx_word' id='word_1_308' title='bbox 2075 2487 2144 2543; x_wconf 85' lang='lat' dir='ltr'><strong>In</strong></span> <span class='ocrx_word' id='word_1_309' title='bbox 2199 2489 2377 2558; x_wconf 83' lang='lat' dir='ltr'><strong>primis</strong></span> <span class='ocrx_word' id='word_1_310' title='bbox 2430 2488 2615 2562; x_wconf 80' lang='lat' dir='ltr'><strong>Legem</strong></span> <span class='ocrx_word' id='word_1_311' title='bbox 2672 2491 2954 2557; x_wconf 76' lang='lat' dir='ltr'><strong>spiritalem</strong></span> <span class='ocrx_word' id='word_1_312' title='bbox 3004 2508 3113 2545; x_wconf 84' lang='lat' dir='ltr'><strong>esse</strong></span> <span class='ocrx_word' id='word_1_313' title='bbox 3162 2492 3350 2555; x_wconf 86' lang='lat' dir='ltr'><strong>tradit;</strong></span> <span class='ocrx_word' id='word_1_314' title='bbox 3394 2500 3440 2545; x_wconf 88' lang='lat' dir='ltr'><strong>et</strong></span> <span class='ocrx_word' id='word_1_315' title='bbox 3494 2490 3673 2559; x_wconf 88' lang='lat' dir='ltr'><strong>proin-</strong></span> 
     </span>
    </p>
   </div>
   <div class='ocr_carea' id='block_1_50' title="bbox 2148 2584 3672 2653">
    <p class='ocr_par' dir='ltr' id='par_1_50' title="bbox 2148 2584 3672 2653">
     <span class='ocr_line' id='line_1_50' title="bbox 2148 2584 3672 2653; baseline 0.001 -17"><span class='ocrx_word' id='word_1_316' title='bbox 2148 2584 2211 2636; x_wconf 88' lang='lat' dir='ltr'><strong>de</strong></span> <span class='ocrx_word' id='word_1_317' title='bbox 2262 2600 2377 2636; x_wconf 86' lang='lat' dir='ltr'><strong>cnm</strong></span> <span class='ocrx_word' id='word_1_318' title='bbox 2434 2584 2575 2638; x_wconf 86' lang='lat' dir='ltr'><strong>cibus</strong></span> <span class='ocrx_word' id='word_1_319' title='bbox 2624 2585 2818 2653; x_wconf 85' lang='lat' dir='ltr'><strong>primus</strong></span> <span class='ocrx_word' id='word_1_320' title='bbox 2861 2584 3182 2649; x_wconf 77' lang='lat' dir='ltr'><strong>hominibus,</strong></span> <span class='ocrx_word' id='word_1_321' title='bbox 3239 2586 3380 2638; x_wconf 82' lang='lat' dir='ltr'><strong>solus</strong></span> <span class='ocrx_word' id='word_1_322' title='bbox 3431 2584 3672 2639; x_wconf 86' lang='lat' dir='ltr'><strong>arborum</strong></span> 
     </span>
    </p>
   </div>
   <div class='ocr_carea' id='block_1_51' title="bbox 2148 2677 3671 2750">
    <p class='ocr_par' dir='ltr' id='par_1_51' title="bbox 2148 2677 3671 2750">
     <span class='ocr_line' id='line_1_51' title="bbox 2148 2677 3671 2750; baseline 0.001 -21"><span class='ocrx_word' id='word_1_323' title='bbox 2148 2680 2345 2748; x_wconf 80' lang='lat' dir='ltr'><strong>fructus</strong></span> <span class='ocrx_word' id='word_1_324' title='bbox 2402 2677 2585 2745; x_wconf 80' lang='lat' dir='ltr'><strong>fuerit,</strong></span> <span class='ocrx_word' id='word_1_325' title='bbox 2636 2687 2683 2730; x_wconf 90' lang='lat' dir='ltr'><strong>et</strong></span> <span class='ocrx_word' id='word_1_326' title='bbox 2737 2684 2858 2730; x_wconf 84' lang='lat' dir='ltr'><strong>usus</strong></span> <span class='ocrx_word' id='word_1_327' title='bbox 2906 2678 3075 2730; x_wconf 86' lang='lat' dir='ltr'><strong>carnis</strong></span> <span class='ocrx_word' id='word_1_328' title='bbox 3116 2678 3381 2731; x_wconf 82' lang='lat' dir='ltr'><strong>accesserit</strong></span> <span class='ocrx_word' id='word_1_329' title='bbox 3426 2693 3444 2731; x_wconf 90' lang='lat'><strong><em>:</em></strong></span> <span class='ocrx_word' id='word_1_330' title='bbox 3482 2677 3671 2750; x_wconf 74' lang='lat' dir='ltr'><strong>Legem</strong></span> 
     </span>
    </p>
   </div>
   <div class='ocr_carea' id='block_1_52' title="bbox 2147 2769 3665 2840">
    <p class='ocr_par' dir='ltr' id='par_1_52' title="bbox 2147 2769 3665 2840">
     <span class='ocr_line' id='line_1_52' title="bbox 2147 2769 3665 2840; baseline 0.001 -18"><span class='ocrx_word' id='word_1_331' title='bbox 2147 2769 2470 2839; x_wconf 79' lang='lat' dir='ltr'><strong>postmodum</strong></span> <span class='ocrx_word' id='word_1_332' title='bbox 2531 2770 2885 2838; x_wconf 76' lang='lat' dir='ltr'><strong>subsecutum,</strong></span> <span class='ocrx_word' id='word_1_333' title='bbox 2952 2786 3069 2840; x_wconf 79' lang='lat' dir='ltr'><strong>qua:</strong></span> <span class='ocrx_word' id='word_1_334' title='bbox 3113 2770 3250 2823; x_wconf 85' lang='lat' dir='ltr'><strong>cibos</strong></span> <span class='ocrx_word' id='word_1_335' title='bbox 3322 2770 3616 2823; x_wconf 74' lang='lat' dir='ltr'><strong>discernens</strong></span> <span class='ocrx_word' id='word_1_336' title='bbox 3650 2812 3665 2837; x_wconf 95' lang='lat'><strong>,</strong></span> 
     </span>
    </p>
   </div>
   <div class='ocr_carea' id='block_1_53' title="bbox 2146 2860 3668 2934">
    <p class='ocr_par' dir='ltr' id='par_1_53' title="bbox 2146 2860 3668 2934">
     <span class='ocr_line' id='line_1_53' title="bbox 2146 2860 3668 2934; baseline 0 -19"><span class='ocrx_word' id='word_1_337' title='bbox 2146 2863 2380 2933; x_wconf 66' lang='lat' dir='ltr'><strong>quadam</strong></span> <span class='ocrx_word' id='word_1_338' title='bbox 2417 2864 2562 2934; x_wconf 84' lang='lat' dir='ltr'><strong>quasi</strong></span> <span class='ocrx_word' id='word_1_339' title='bbox 2606 2863 2798 2916; x_wconf 86' lang='lat' dir='ltr'><strong>munda</strong></span> <span class='ocrx_word' id='word_1_340' title='bbox 2824 2864 3070 2918; x_wconf 83' lang='lat' dir='ltr'><strong>concessit</strong></span> <span class='ocrx_word' id='word_1_341' title='bbox 3099 2860 3375 2927; x_wconf 81' lang='lat' dir='ltr'><strong>animalia,</strong></span> <span class='ocrx_word' id='word_1_342' title='bbox 3431 2863 3668 2932; x_wconf 59' lang='lat' dir='ltr'><strong>quamam</strong></span> 
     </span>
    </p>
   </div>
   <div class='ocr_carea' id='block_1_54' title="bbox 2146 2955 3668 3028">
    <p class='ocr_par' dir='ltr' id='par_1_54' title="bbox 2146 2955 3668 3028">
     <span class='ocr_line' id='line_1_54' title="bbox 2146 2955 3668 3028; baseline 0 -19"><span class='ocrx_word' id='word_1_343' title='bbox 2146 2956 2408 3010; x_wconf 73' lang='lat' dir='ltr'><strong>interdixit</strong></span> <span class='ocrx_word' id='word_1_344' title='bbox 2434 2957 2583 3027; x_wconf 82' lang='lat' dir='ltr'><strong>quasi</strong></span> <span class='ocrx_word' id='word_1_345' title='bbox 2613 2973 2712 3010; x_wconf 91' lang='lat' dir='ltr'><strong>non</strong></span> <span class='ocrx_word' id='word_1_346' title='bbox 2752 2956 2945 3009; x_wconf 83' lang='lat' dir='ltr'><strong>munda</strong></span> <span class='ocrx_word' id='word_1_347' title='bbox 2967 2997 2981 3021; x_wconf 92' lang='lat'><strong>,</strong></span> <span class='ocrx_word' id='word_1_348' title='bbox 3013 2956 3314 3028; x_wconf 68' lang='lat' dir='ltr'><strong>spiritaliter</strong></span> <span class='ocrx_word' id='word_1_349' title='bbox 3363 2972 3471 3011; x_wconf 81' lang='lat' dir='ltr'><strong>esse</strong></span> <span class='ocrx_word' id='word_1_350' title='bbox 3516 2955 3668 3010; x_wconf 87' lang='lat' dir='ltr'><strong>intel-</strong></span> 
     </span>
    </p>
   </div>
   <div class='ocr_carea' id='block_1_55' title="bbox 2146 3048 3669 3120">
    <p class='ocr_par' dir='ltr' id='par_1_55' title="bbox 2146 3048 3669 3120">
     <span class='ocr_line' id='line_1_55' title="bbox 2146 3048 3669 3120; baseline -0.001 -17"><span class='ocrx_word' id='word_1_351' title='bbox 2146 3050 2400 3120; x_wconf 69' lang='lat' dir='ltr'><strong>ligrnrlam</strong></span> <span class='ocrx_word' id='word_1_352' title='bbox 2432 3066 2449 3102; x_wconf 93' lang='lat'><em>:</em></span> <span class='ocrx_word' id='word_1_353' title='bbox 2481 3050 2766 3117; x_wconf 75' lang='lat' dir='ltr'><strong>praesertim</strong></span> <span class='ocrx_word' id='word_1_354' title='bbox 2820 3065 2935 3103; x_wconf 87' lang='lat' dir='ltr'><strong>cum</strong></span> <span class='ocrx_word' id='word_1_355' title='bbox 2974 3049 3305 3117; x_wconf 86' lang='lat' dir='ltr'><strong>pronuntiata</strong></span> <span class='ocrx_word' id='word_1_356' title='bbox 3354 3050 3455 3102; x_wconf 88' lang='lat' dir='ltr'><strong>sint</strong></span> <span class='ocrx_word' id='word_1_357' title='bbox 3499 3048 3669 3102; x_wconf 86' lang='lat' dir='ltr'><strong>omnia</strong></span> 
     </span>
    </p>
   </div>
   <div class='ocr_carea' id='block_1_56' title="bbox 2145 3141 3667 3208">
    <p class='ocr_par' dir='ltr' id='par_1_56' title="bbox 2145 3141 3667 3208">
     <span class='ocr_line' id='line_1_56' title="bbox 2145 3141 3667 3208; baseline -0.003 -11"><span class='ocrx_word' id='word_1_358' title='bbox 2145 3142 2300 3197; x_wconf 74' lang='lat' dir='ltr'><strong>valde</strong></span> <span class='ocrx_word' id='word_1_359' title='bbox 2328 3143 2486 3208; x_wconf 84' lang='lat' dir='ltr'><strong>bona,</strong></span> <span class='ocrx_word' id='word_1_360' title='bbox 2505 3152 2550 3196; x_wconf 91' lang='lat' dir='ltr'><strong>et</strong></span> <span class='ocrx_word' id='word_1_361' title='bbox 2568 3143 2721 3197; x_wconf 90' lang='lat' dir='ltr'><strong>etiam</strong></span> <span class='ocrx_word' id='word_1_362' title='bbox 2739 3143 3003 3196; x_wconf 86' lang='lat' dir='ltr'><strong>immunda</strong></span> <span class='ocrx_word' id='word_1_363' title='bbox 3021 3142 3351 3196; x_wconf 84' lang='lat' dir='ltr'><strong>anintaliaad</strong></span> <span class='ocrx_word' id='word_1_364' title='bbox 3370 3141 3592 3196; x_wconf 82' lang='lat' dir='ltr'><strong>sobolem</strong></span> <span class='ocrx_word' id='word_1_365' title='bbox 3615 3141 3667 3193; x_wconf 87' lang='lat' dir='ltr'><strong>in</strong></span> 
     </span>
    </p>
   </div>
   <div class='ocr_carea' id='block_1_57' title="bbox 2144 3233 3661 3316">
    <p class='ocr_par' dir='ltr' id='par_1_57' title="bbox 2144 3233 3661 3316">
     <span class='ocr_line' id='line_1_57' title="bbox 2144 3233 3661 3316; baseline -0.001 -28"><span class='ocrx_word' id='word_1_366' title='bbox 2144 3252 2264 3316; x_wconf 80' lang='lat' dir='ltr'><strong>arca</strong></span> <span class='ocrx_word' id='word_1_367' title='bbox 2289 3234 2405 3291; x_wconf 83' lang='lat' dir='ltr'><strong>Noe</strong></span> <span class='ocrx_word' id='word_1_368' title='bbox 2422 3246 2675 3290; x_wconf 85' lang='lat' dir='ltr'><strong>reservata</strong></span> <span class='ocrx_word' id='word_1_369' title='bbox 2704 3236 2838 3300; x_wconf 80' lang='lat' dir='ltr'><strong>sint;</strong></span> <span class='ocrx_word' id='word_1_370' title='bbox 2859 3251 2973 3306; x_wconf 70' lang='lat' dir='ltr'><strong>quin</strong></span> <span class='ocrx_word' id='word_1_371' title='bbox 2991 3235 3184 3305; x_wconf 89' lang='lat' dir='ltr'><strong>alioqui</strong></span> <span class='ocrx_word' id='word_1_372' title='bbox 3215 3245 3418 3305; x_wconf 78' lang='lat' dir='ltr'><strong>possent</strong></span> <span class='ocrx_word' id='word_1_373' title='bbox 3445 3233 3661 3303; x_wconf 78' lang='lat' dir='ltr'><strong>auferri,</strong></span> 
     </span>
    </p>
   </div>
   <div class='ocr_carea' id='block_1_58' title="bbox 2143 3328 3669 3402">
    <p class='ocr_par' dir='ltr' id='par_1_58' title="bbox 2143 3328 3669 3402">
     <span class='ocr_line' id='line_1_58' title="bbox 2143 3328 3669 3402; baseline -0.003 -19"><span class='ocrx_word' id='word_1_374' title='bbox 2143 3331 2186 3383; x_wconf 85' lang='lat' dir='ltr'><strong><em>si</em></strong></span> <span class='ocrx_word' id='word_1_375' title='bbox 2242 3340 2451 3402; x_wconf 81' lang='lat' dir='ltr'><strong>propter</strong></span> <span class='ocrx_word' id='word_1_376' title='bbox 2502 3329 2940 3399; x_wconf 85' lang='lat' dir='ltr'><strong>inquinamentum</strong></span> <span class='ocrx_word' id='word_1_377' title='bbox 2966 3344 3115 3382; x_wconf 84' lang='lat' dir='ltr'><strong>suum</strong></span> <span class='ocrx_word' id='word_1_378' title='bbox 3140 3328 3332 3382; x_wconf 86' lang='lat' dir='ltr'><strong>aboleri</strong></span> <span class='ocrx_word' id='word_1_379' title='bbox 3357 3328 3669 3383; x_wconf 80' lang='lat' dir='ltr'><strong>debuissent.</strong></span> 
     </span>
    </p>
   </div>
   <div class='ocr_carea' id='block_1_59' title="bbox 2140 3465 3672 3540">
    <p class='ocr_par' dir='ltr' id='par_1_59' title="bbox 2140 3465 3672 3540">
     <span class='ocr_line' id='line_1_59' title="bbox 2140 3465 3672 3540; baseline -0.002 -16"><span class='ocrx_word' id='word_1_380' title='bbox 2140 3469 2390 3540; x_wconf 88' lang='lat' dir='ltr'><strong>Itaquein</strong></span> <span class='ocrx_word' id='word_1_381' title='bbox 2415 3469 2602 3537; x_wconf 82' lang='lat' dir='ltr'><strong>primis</strong></span> <span class='ocrx_word' id='word_1_382' title='bbox 2632 3468 2761 3523; x_wconf 89' lang='lat' dir='ltr'><strong>illud</strong></span> <span class='ocrx_word' id='word_1_383' title='bbox 2788 3468 3164 3522; x_wconf 86' lang='lat' dir='ltr'><strong>collocandum</strong></span> <span class='ocrx_word' id='word_1_384' title='bbox 3191 3477 3295 3531; x_wconf 85' lang='lat' dir='ltr'><strong>est,</strong></span> <span class='ocrx_word' id='word_1_385' title='bbox 3320 3465 3505 3538; x_wconf 83' lang='lat' dir='ltr'><strong>Legem</strong></span> <span class='ocrx_word' id='word_1_386' title='bbox 3522 3467 3672 3538; x_wconf 77' lang='lat' dir='ltr'><strong>spiri-</strong></span> 
     </span>
    </p>
   </div>
   <div class='ocr_carea' id='block_1_60' title="bbox 2071 3560 3668 3635">
    <p class='ocr_par' dir='ltr' id='par_1_60' title="bbox 2071 3560 3668 3635">
     <span class='ocr_line' id='line_1_60' title="bbox 2071 3560 3668 3635; baseline -0.001 -18"><span class='ocrx_word' id='word_1_387' title='bbox 2071 3563 2223 3617; x_wconf 88' lang='lat' dir='ltr'><strong>talem</strong></span> <span class='ocrx_word' id='word_1_388' title='bbox 2251 3560 2663 3635; x_wconf 78' lang='lat' dir='ltr'><strong>esse(Rom.vn,</strong></span> <span class='ocrx_word' id='word_1_389' title='bbox 2687 3560 2778 3633; x_wconf 72' lang='grc' dir='ltr'><strong>Μ)</strong></span> <span class='ocrx_word' id='word_1_390' title='bbox 2802 3579 2817 3627; x_wconf 89' lang='grc'>;</span> <span class='ocrx_word' id='word_1_391' title='bbox 2838 3578 2999 3631; x_wconf 83' lang='lat' dir='ltr'><strong>quam</strong></span> <span class='ocrx_word' id='word_1_392' title='bbox 3024 3561 3069 3617; x_wconf 87' lang='lat' dir='ltr'><strong>si</strong></span> <span class='ocrx_word' id='word_1_393' title='bbox 3103 3561 3403 3632; x_wconf 84' lang='lat' dir='ltr'><strong>spiritalem</strong></span> <span class='ocrx_word' id='word_1_394' title='bbox 3434 3569 3668 3631; x_wconf 79' lang='lat' dir='ltr'><strong>negant,</strong></span> 
     </span>
    </p>
   </div>
   <div class='ocr_carea' id='block_1_61' title="bbox 2067 3653 3672 3724">
    <p class='ocr_par' dir='ltr' id='par_1_61' title="bbox 2067 3653 3672 3724">
     <span class='ocr_line' id='line_1_61' title="bbox 2067 3653 3672 3724; baseline -0.002 -15"><span class='ocrx_word' id='word_1_395' title='bbox 2067 3657 2251 3724; x_wconf 69' lang='lat' dir='ltr'><strong>utique</strong></span> <span class='ocrx_word' id='word_1_396' title='bbox 2267 3655 2640 3723; x_wconf 83' lang='lat' dir='ltr'><strong>blaSpbeutant</strong></span> <span class='ocrx_word' id='word_1_397' title='bbox 2657 3672 2666 3706; x_wconf 88' lang='lat'>:</span> <span class='ocrx_word' id='word_1_398' title='bbox 2686 3655 2729 3708; x_wconf 89' lang='lat' dir='ltr'><strong><em>si</em></strong></span> <span class='ocrx_word' id='word_1_399' title='bbox 2746 3655 2766 3685; x_wconf 82' lang='grc'>⁸</span> <span class='ocrx_word' id='word_1_400' title='bbox 2781 3654 3083 3709; x_wconf 79' lang='lat' dir='ltr'><strong>devitantes</strong></span> <span class='ocrx_word' id='word_1_401' title='bbox 3102 3653 3672 3723; x_wconf 64' lang='lat' dir='ltr'><strong>blasphemiam,Spiri-</strong></span> 
     </span>
    </p>
   </div>
   <div class='ocr_carea' id='block_1_62' title="bbox 2068 3744 3668 3815">
    <p class='ocr_par' dir='ltr' id='par_1_62' title="bbox 2068 3744 3668 3815">
     <span class='ocr_line' id='line_1_62' title="bbox 2068 3744 3668 3815; baseline -0.002 -14"><span class='ocrx_word' id='word_1_402' title='bbox 2068 3748 2227 3801; x_wconf 85' lang='lat' dir='ltr'><strong>talem</strong></span> <span class='ocrx_word' id='word_1_403' title='bbox 2255 3748 2606 3811; x_wconf 79' lang='lat' dir='ltr'><strong>conﬁtentur;</strong></span> <span class='ocrx_word' id='word_1_404' title='bbox 2635 3747 2956 3815; x_wconf 76' lang='lat' dir='ltr'><strong>Spiritaliter</strong></span> <span class='ocrx_word' id='word_1_405' title='bbox 2972 3747 3172 3815; x_wconf 77' lang='lat' dir='ltr'><strong>legant.</strong></span> <span class='ocrx_word' id='word_1_406' title='bbox 3207 3746 3391 3800; x_wconf 79' lang='lat' dir='ltr'><strong>Divina</strong></span> <span class='ocrx_word' id='word_1_407' title='bbox 3410 3746 3554 3799; x_wconf 90' lang='lat' dir='ltr'><strong>enim</strong></span> <span class='ocrx_word' id='word_1_408' title='bbox 3585 3744 3668 3798; x_wconf 88' lang='lat' dir='ltr'><strong>di-</strong></span> 
     </span>
    </p>
   </div>
   <div class='ocr_carea' id='block_1_63' title="bbox 2068 3835 3669 3909">
    <p class='ocr_par' dir='ltr' id='par_1_63' title="bbox 2068 3835 3669 3909">
     <span class='ocr_line' id='line_1_63' title="bbox 2068 3835 3669 3909; baseline -0.001 -16"><span class='ocrx_word' id='word_1_409' title='bbox 2068 3840 2191 3893; x_wconf 81' lang='lat' dir='ltr'><strong>vine</strong></span> <span class='ocrx_word' id='word_1_410' title='bbox 2205 3850 2331 3894; x_wconf 87' lang='lat' dir='ltr'><strong>sunt</strong></span> <span class='ocrx_word' id='word_1_411' title='bbox 2360 3838 2667 3909; x_wconf 84' lang='lat' dir='ltr'><strong>recipienda</strong></span> <span class='ocrx_word' id='word_1_412' title='bbox 2691 3879 2705 3901; x_wconf 90' lang='lat'><strong>,</strong></span> <span class='ocrx_word' id='word_1_413' title='bbox 2735 3847 2788 3892; x_wconf 91' lang='lat' dir='ltr'><strong>et</strong></span> <span class='ocrx_word' id='word_1_414' title='bbox 2815 3851 3000 3892; x_wconf 86' lang='lat' dir='ltr'><strong>sancta</strong></span> <span class='ocrx_word' id='word_1_415' title='bbox 3021 3837 3530 3906; x_wconf 71' lang='lat' dir='ltr'><strong>utiqueasserenda.</strong></span> <span class='ocrx_word' id='word_1_416' title='bbox 3555 3835 3669 3892; x_wconf 67' lang='lat' dir='ltr'><strong>Ct!!-</strong></span> 
     </span>
    </p>
   </div>
   <div class='ocr_carea' id='block_1_64' title="bbox 2068 3929 3663 4001">
    <p class='ocr_par' dir='ltr' id='par_1_64' title="bbox 2068 3929 3663 4001">
     <span class='ocr_line' id='line_1_64' title="bbox 2068 3929 3663 4001; baseline -0.004 -13"><span class='ocrx_word' id='word_1_417' title='bbox 2068 3944 2241 3988; x_wconf 89' lang='lat' dir='ltr'><strong>terum</strong></span> <span class='ocrx_word' id='word_1_418' title='bbox 2284 3933 2438 4001; x_wconf 59' lang='lat' dir='ltr'><strong>culp.</strong></span> <span class='ocrx_word' id='word_1_419' title='bbox 2481 3930 2662 4001; x_wconf 72' lang='lat' dir='ltr'><strong>gravis</strong></span> <span class='ocrx_word' id='word_1_420' title='bbox 2693 3931 2946 3990; x_wconf 86' lang='lat' dir='ltr'><strong>inuritur,</strong></span> <span class='ocrx_word' id='word_1_421' title='bbox 2977 3930 3023 3982; x_wconf 89' lang='lat' dir='ltr'><strong>si</strong></span> <span class='ocrx_word' id='word_1_422' title='bbox 3050 3929 3324 3984; x_wconf 83' lang='lat' dir='ltr'><strong>terrestris</strong></span> <span class='ocrx_word' id='word_1_423' title='bbox 3348 3938 3399 3982; x_wconf 91' lang='lat' dir='ltr'><strong>et</strong></span> <span class='ocrx_word' id='word_1_424' title='bbox 3429 3929 3663 3983; x_wconf 89' lang='lat' dir='ltr'><strong>humana</strong></span> 
     </span>
    </p>
   </div>
   <div class='ocr_carea' id='block_1_65' title="bbox 2066 4022 3655 4091">
    <p class='ocr_par' dir='ltr' id='par_1_65' title="bbox 2066 4022 3655 4091">
     <span class='ocr_line' id='line_1_65' title="bbox 2066 4022 3655 4091; baseline -0.006 -8"><span class='ocrx_word' id='word_1_425' title='bbox 2066 4028 2235 4083; x_wconf 78' lang='lat' dir='ltr'><strong>sacris</strong></span> <span class='ocrx_word' id='word_1_426' title='bbox 2288 4036 2342 4079; x_wconf 80' lang='lat' dir='ltr'><strong>et</strong></span> <span class='ocrx_word' id='word_1_427' title='bbox 2382 4022 2977 4091; x_wconf 40' lang='lat' dir='ltr'><strong>Spiritalibus.Litteris</strong></span> <span class='ocrx_word' id='word_1_428' title='bbox 3039 4022 3283 4076; x_wconf 81' lang='lat' dir='ltr'><strong>doctrina</strong></span> <span class='ocrx_word' id='word_1_429' title='bbox 3340 4030 3655 4089; x_wconf 62' lang='lat' dir='ltr'><strong>praestatur;</strong></span> 
     </span>
    </p>
   </div>
   <div class='ocr_carea' id='block_1_66' title="bbox 371 4114 3655 4197">
    <p class='ocr_par' dir='ltr' id='par_1_66' title="bbox 371 4114 3655 4197">
     <span class='ocr_line' id='line_1_66' title="bbox 371 4114 3655 4197; baseline -0.002 -29"><span class='ocrx_word' id='word_1_430' title='bbox 371 4114 437 4168; x_wconf 85' lang='lat' dir='ltr'><strong>ab</strong></span> <span class='ocrx_word' id='word_1_431' title='bbox 464 4114 611 4168; x_wconf 87' lang='lat' dir='ltr'><strong>omni</strong></span> <span class='ocrx_word' id='word_1_432' title='bbox 640 4128 909 4185; x_wconf 74' lang='lat' dir='ltr'><strong>perversa:</strong></span> <span class='ocrx_word' id='word_1_433' title='bbox 941 4115 1061 4169; x_wconf 82' lang='lat' dir='ltr'><strong>labe</strong></span> <span class='ocrx_word' id='word_1_434' title='bbox 1091 4115 1353 4170; x_wconf 81' lang='lat' dir='ltr'><strong>doctrina:</strong></span> <span class='ocrx_word' id='word_1_435' title='bbox 1386 4131 1491 4169; x_wconf 88' lang='lat' dir='ltr'><strong>non</strong></span> <span class='ocrx_word' id='word_1_436' title='bbox 1543 4127 1746 4169; x_wconf 87' lang='lat' dir='ltr'><strong>tantum</strong></span> <span class='ocrx_word' id='word_1_437' title='bbox 1806 4125 1958 4169; x_wconf 88' lang='lat' dir='ltr'><strong>tene-</strong></span> <span class='ocrx_word' id='word_1_438' title='bbox 1989 4137 2033 4197; x_wconf 57' lang='grc' dir='ltr'><strong>(ς</strong></span> <span class='ocrx_word' id='word_1_439' title='bbox 2067 4119 2208 4191; x_wconf 80' lang='lat' dir='ltr'><strong>tptnd</strong></span> <span class='ocrx_word' id='word_1_440' title='bbox 2241 4128 2296 4171; x_wconf 94' lang='lat' dir='ltr'><strong>nt</strong></span> <span class='ocrx_word' id='word_1_441' title='bbox 2319 4136 2383 4172; x_wconf 87' lang='lat' dir='ltr'><strong>ne</strong></span> <span class='ocrx_word' id='word_1_442' title='bbox 2425 4118 2514 4171; x_wconf 90' lang='lat' dir='ltr'><strong>liat</strong></span> <span class='ocrx_word' id='word_1_443' title='bbox 2544 4116 2841 4172; x_wconf 87' lang='lat' dir='ltr'><strong>cavendum</strong></span> <span class='ocrx_word' id='word_1_444' title='bbox 2878 4126 2980 4171; x_wconf 62' lang='grc' dir='ltr'><strong>θ-ι,</strong></span> <span class='ocrx_word' id='word_1_445' title='bbox 3027 4115 3213 4169; x_wconf 77' lang='lat' dir='ltr'><strong>Caveri</strong></span> <span class='ocrx_word' id='word_1_446' title='bbox 3241 4126 3419 4167; x_wconf 82' lang='lat' dir='ltr'><strong>autem</strong></span> <span class='ocrx_word' id='word_1_447' title='bbox 3446 4122 3655 4185; x_wconf 87' lang='lat' dir='ltr'><strong>potest,</strong></span> 
     </span>
    </p>
   </div>
   <div class='ocr_carea' id='block_1_67' title="bbox 372 4208 1961 4280">
    <p class='ocr_par' dir='ltr' id='par_1_67' title="bbox 372 4208 1961 4280">
     <span class='ocr_line' id='line_1_67' title="bbox 372 4208 1961 4280; baseline 0.002 -17"><span class='ocrx_word' id='word_1_448' title='bbox 372 4208 459 4270; x_wconf 86' lang='lat' dir='ltr'><strong>tis,</strong></span> <span class='ocrx_word' id='word_1_449' title='bbox 491 4224 674 4262; x_wconf 62' lang='lat' dir='ltr'><strong>verum</strong></span> <span class='ocrx_word' id='word_1_450' title='bbox 726 4211 887 4263; x_wconf 87' lang='lat' dir='ltr'><strong>etiam</strong></span> <span class='ocrx_word' id='word_1_451' title='bbox 932 4210 1174 4264; x_wconf 85' lang='lat' dir='ltr'><strong>animose</strong></span> <span class='ocrx_word' id='word_1_452' title='bbox 1222 4208 1449 4269; x_wconf 86' lang='lat' dir='ltr'><strong>docetis.</strong></span> <span class='ocrx_word' id='word_1_453' title='bbox 1502 4210 1814 4280; x_wconf 69' lang='lat' dir='ltr'><strong>tnagiStrum</strong></span> <span class='ocrx_word' id='word_1_454' title='bbox 1867 4210 1961 4266; x_wconf 86' lang='lat' dir='ltr'><strong>lto-</strong></span> 
     </span>
    </p>
   </div>
   <div class='ocr_carea' id='block_1_68' title="bbox 363 4299 1960 4371">
    <p class='ocr_par' dir='ltr' id='par_1_68' title="bbox 363 4299 1960 4371">
     <span class='ocr_line' id='line_1_68' title="bbox 363 4299 1960 4371; baseline 0.004 -16"><span class='ocrx_word' id='word_1_455' title='bbox 363 4300 561 4355; x_wconf 89' lang='lat' dir='ltr'><strong>minem</strong></span> <span class='ocrx_word' id='word_1_456' title='bbox 586 4316 691 4355; x_wconf 92' lang='lat' dir='ltr'><strong>non</strong></span> <span class='ocrx_word' id='word_1_457' title='bbox 711 4299 978 4371; x_wconf 72' lang='lat' dir='ltr'><strong>qumritis;</strong></span> <span class='ocrx_word' id='word_1_458' title='bbox 1006 4302 1093 4371; x_wconf 85' lang='lat' dir='ltr'><strong>qui</strong></span> <span class='ocrx_word' id='word_1_459' title='bbox 1118 4302 1277 4356; x_wconf 80' lang='lat' dir='ltr'><strong>rebus</strong></span> <span class='ocrx_word' id='word_1_460' title='bbox 1302 4302 1432 4370; x_wconf 90' lang='lat' dir='ltr'><strong>ipsis</strong></span> <span class='ocrx_word' id='word_1_461' title='bbox 1462 4318 1554 4357; x_wconf 69' lang='lat' dir='ltr'><strong>vos</strong></span> <span class='ocrx_word' id='word_1_462' title='bbox 1580 4303 1826 4359; x_wconf 84' lang='lat' dir='ltr'><strong>doctores</strong></span> <span class='ocrx_word' id='word_1_463' title='bbox 1842 4322 1960 4361; x_wconf 74' lang='lat' dir='ltr'><strong>esse</strong></span> 
     </span>
    </p>
   </div>
   <div class='ocr_carea' id='block_1_69' title="bbox 361 4390 1961 4468">
    <p class='ocr_par' dir='ltr' id='par_1_69' title="bbox 361 4390 1961 4468">
     <span class='ocr_line' id='line_1_69' title="bbox 361 4390 1961 4468; baseline 0.004 -21"><span class='ocrx_word' id='word_1_464' title='bbox 361 4395 695 4448; x_wconf 86' lang='lat' dir='ltr'><strong>monstratis.</strong></span> <span class='ocrx_word' id='word_1_465' title='bbox 721 4390 1016 4447; x_wconf 78' lang='lat' dir='ltr'><strong>Clll&#39;l&#39;ClthS</strong></span> <span class='ocrx_word' id='word_1_466' title='bbox 1034 4394 1195 4463; x_wconf 80' lang='lat' dir='ltr'><strong>igitur</strong></span> <span class='ocrx_word' id='word_1_467' title='bbox 1218 4410 1312 4449; x_wconf 76' lang='lat' dir='ltr'><strong>vos</strong></span> <span class='ocrx_word' id='word_1_468' title='bbox 1331 4394 1593 4452; x_wconf 75' lang='lat' dir='ltr'><strong>exhortor</strong></span> <span class='ocrx_word' id='word_1_469' title='bbox 1614 4406 1667 4450; x_wconf 87' lang='lat' dir='ltr'><strong>et</strong></span> <span class='ocrx_word' id='word_1_470' title='bbox 1685 4400 1961 4468; x_wconf 76' lang='lat' dir='ltr'><strong>vigilantes</strong></span> 
     </span>
    </p>
   </div>
   <div class='ocr_carea' id='block_1_70' title="bbox 357 4487 1960 4563">
    <p class='ocr_par' dir='ltr' id='par_1_70' title="bbox 357 4487 1960 4563">
     <span class='ocr_line' id='line_1_70' title="bbox 357 4487 1960 4563; baseline 0.003 -21"><span class='ocrx_word' id='word_1_471' title='bbox 357 4487 565 4550; x_wconf 80' lang='lat' dir='ltr'><strong>excito,</strong></span> <span class='ocrx_word' id='word_1_472' title='bbox 601 4495 658 4542; x_wconf 87' lang='lat' dir='ltr'><strong>et</strong></span> <span class='ocrx_word' id='word_1_473' title='bbox 703 4487 948 4539; x_wconf 83' lang='lat' dir='ltr'><strong>rulversus</strong></span> <span class='ocrx_word' id='word_1_474' title='bbox 979 4488 1236 4557; x_wconf 86' lang='lat' dir='ltr'><strong>spiritalia</strong></span> <span class='ocrx_word' id='word_1_475' title='bbox 1261 4490 1497 4560; x_wconf 74' lang='lat' dir='ltr'><strong>nequitia:</strong></span> <span class='ocrx_word' id='word_1_476' title='bbox 1519 4489 1736 4561; x_wconf 80' lang='lat' dir='ltr'><strong>(Ep/tes.</strong></span> <span class='ocrx_word' id='word_1_477' title='bbox 1767 4508 1837 4557; x_wconf 85' lang='lat' dir='ltr'><strong>vr,</strong></span> <span class='ocrx_word' id='word_1_478' title='bbox 1872 4491 1960 4563; x_wconf 68' lang='lat' dir='ltr'><strong>l2)</strong></span> 
     </span>
    </p>
   </div>
   <div class='ocr_carea' id='block_1_71' title="bbox 359 4577 1959 4648">
    <p class='ocr_par' dir='ltr' id='par_1_71' title="bbox 359 4577 1959 4648">
     <span class='ocr_line' id='line_1_71' title="bbox 359 4577 1959 4648; baseline 0.006 -15"><span class='ocrx_word' id='word_1_479' title='bbox 359 4577 679 4634; x_wconf 87' lang='lat' dir='ltr'><strong>dimicantes</strong></span> <span class='ocrx_word' id='word_1_480' title='bbox 701 4580 967 4648; x_wconf 73' lang='lat' dir='ltr'><strong>alloquor,</strong></span> <span class='ocrx_word' id='word_1_481' title='bbox 993 4582 1127 4635; x_wconf 86' lang='lat' dir='ltr'><strong>etad</strong></span> <span class='ocrx_word' id='word_1_482' title='bbox 1145 4581 1409 4637; x_wconf 70' lang='lat' dir='ltr'><strong>3brabium</strong></span> <span class='ocrx_word' id='word_1_483' title='bbox 1431 4601 1581 4639; x_wconf 86' lang='lat' dir='ltr'><strong>cursu</strong></span> <span class='ocrx_word' id='word_1_484' title='bbox 1600 4587 1879 4641; x_wconf 81' lang='lat' dir='ltr'><strong>vocationis</strong></span> <span class='ocrx_word' id='word_1_485' title='bbox 1906 4588 1959 4642; x_wconf 86' lang='lat' dir='ltr'><strong>in</strong></span> 
     </span>
    </p>
   </div>
   <div class='ocr_carea' id='block_1_72' title="bbox 360 4670 1963 4753">
    <p class='ocr_par' dir='ltr' id='par_1_72' title="bbox 360 4670 1963 4753">
     <span class='ocr_line' id='line_1_72' title="bbox 360 4670 1963 4753; baseline 0.007 -29"><span class='ocrx_word' id='word_1_486' title='bbox 360 4670 563 4725; x_wconf 80' lang='lat' dir='ltr'><strong>Christo</strong></span> <span class='ocrx_word' id='word_1_487' title='bbox 581 4671 745 4743; x_wconf 85' lang='lat' dir='ltr'><strong>(Phil.</strong></span> <span class='ocrx_word' id='word_1_488' title='bbox 770 4674 846 4737; x_wconf 82' lang='lat' dir='ltr'><strong>tu,</strong></span> <span class='ocrx_word' id='word_1_489' title='bbox 872 4674 958 4745; x_wconf 74' lang='grc' dir='ltr'><strong>Η)</strong></span> <span class='ocrx_word' id='word_1_490' title='bbox 987 4676 1267 4731; x_wconf 88' lang='lat' dir='ltr'><strong>tendentes</strong></span> <span class='ocrx_word' id='word_1_491' title='bbox 1288 4677 1507 4745; x_wconf 77' lang='lat' dir='ltr'><strong>impello</strong></span> <span class='ocrx_word' id='word_1_492' title='bbox 1537 4696 1549 4730; x_wconf 93' lang='lat'>:</span> <span class='ocrx_word' id='word_1_493' title='bbox 1586 4690 1641 4733; x_wconf 92' lang='lat' dir='ltr'><strong>ut</strong></span> <span class='ocrx_word' id='word_1_494' title='bbox 1665 4689 1771 4734; x_wconf 83' lang='lat' dir='ltr'><strong>tam</strong></span> <span class='ocrx_word' id='word_1_495' title='bbox 1797 4680 1963 4753; x_wconf 68' lang='lat' dir='ltr'><strong>luere-</strong></span> 
     </span>
    </p>
   </div>
   <div class='ocr_carea' id='block_1_73' title="bbox 365 4762 1962 4840">
    <p class='ocr_par' dir='ltr' id='par_1_73' title="bbox 365 4762 1962 4840">
     <span class='ocr_line' id='line_1_73' title="bbox 365 4762 1962 4840; baseline 0.007 -22"><span class='ocrx_word' id='word_1_496' title='bbox 365 4762 597 4819; x_wconf 89' lang='lat' dir='ltr'><strong>ticorum</strong></span> <span class='ocrx_word' id='word_1_497' title='bbox 621 4767 892 4836; x_wconf 82' lang='lat' dir='ltr'><strong>sacrilegis</strong></span> <span class='ocrx_word' id='word_1_498' title='bbox 921 4768 1234 4834; x_wconf 84' lang='lat' dir='ltr'><strong>calumniis,</strong></span> <span class='ocrx_word' id='word_1_499' title='bbox 1264 4786 1422 4840; x_wconf 76' lang='lat' dir='ltr'><strong>quam</strong></span> <span class='ocrx_word' id='word_1_500' title='bbox 1452 4773 1611 4826; x_wconf 88' lang='lat' dir='ltr'><strong>etiam</strong></span> <span class='ocrx_word' id='word_1_501' title='bbox 1653 4772 1962 4830; x_wconf 68' lang='lat' dir='ltr'><strong>ludat-orum</strong></span> 
     </span>
    </p>
   </div>
   <div class='ocr_carea' id='block_1_74' title="bbox 2065 4210 3663 4283">
    <p class='ocr_par' dir='ltr' id='par_1_74' title="bbox 2065 4210 3663 4283">
     <span class='ocr_line' id='line_1_74' title="bbox 2065 4210 3663 4283; baseline -0.006 -14"><span class='ocrx_word' id='word_1_502' title='bbox 2065 4216 2108 4269; x_wconf 90' lang='lat' dir='ltr'><strong><em>si</em></strong></span> <span class='ocrx_word' id='word_1_503' title='bbox 2139 4230 2257 4283; x_wconf 68' lang='lat' dir='ltr'><strong>qua:</strong></span> <span class='ocrx_word' id='word_1_504' title='bbox 2304 4229 2331 4263; x_wconf 88' lang='lat' dir='ltr'><strong>a</strong></span> <span class='ocrx_word' id='word_1_505' title='bbox 2366 4214 2473 4266; x_wconf 84' lang='lat' dir='ltr'><strong>Deo</strong></span> <span class='ocrx_word' id='word_1_506' title='bbox 2503 4219 2767 4280; x_wconf 69' lang='lat' dir='ltr'><strong>prmcepta</strong></span> <span class='ocrx_word' id='word_1_507' title='bbox 2808 4220 2932 4263; x_wconf 87' lang='lat' dir='ltr'><strong>sunt</strong></span> <span class='ocrx_word' id='word_1_508' title='bbox 2960 4210 3039 4263; x_wconf 90' lang='lat' dir='ltr'><strong>sic</strong></span> <span class='ocrx_word' id='word_1_509' title='bbox 3082 4217 3374 4262; x_wconf 87' lang='lat' dir='ltr'><strong>tractentur</strong></span> <span class='ocrx_word' id='word_1_510' title='bbox 3394 4250 3407 4272; x_wconf 90' lang='lat'><strong>,</strong></span> <span class='ocrx_word' id='word_1_511' title='bbox 3441 4222 3506 4260; x_wconf 86' lang='lat' dir='ltr'><strong>ne</strong></span> <span class='ocrx_word' id='word_1_512' title='bbox 3536 4221 3663 4259; x_wconf 89' lang='lat' dir='ltr'><strong>auc-</strong></span> 
     </span>
    </p>
   </div>
   <div class='ocr_carea' id='block_1_75' title="bbox 2066 4301 3665 4377">
    <p class='ocr_par' dir='ltr' id='par_1_75' title="bbox 2066 4301 3665 4377">
     <span class='ocr_line' id='line_1_75' title="bbox 2066 4301 3665 4377; baseline -0.006 -14"><span class='ocrx_word' id='word_1_513' title='bbox 2066 4311 2338 4363; x_wconf 82' lang='lat' dir='ltr'><strong>toritatem</strong></span> <span class='ocrx_word' id='word_1_514' title='bbox 2363 4301 2824 4377; x_wconf 50' lang='lat' dir='ltr'><strong>rjus‘immimtant</strong></span> <span class='ocrx_word' id='word_1_515' title='bbox 2862 4310 3173 4374; x_wconf 75' lang='lat' dir='ltr'><strong>assumpta;</strong></span> <span class='ocrx_word' id='word_1_516' title='bbox 3207 4303 3227 4332; x_wconf 82' lang='grc'>⁶</span> <span class='ocrx_word' id='word_1_517' title='bbox 3252 4319 3319 4358; x_wconf 90' lang='lat' dir='ltr'><strong>ne</strong></span> <span class='ocrx_word' id='word_1_518' title='bbox 3360 4303 3483 4354; x_wconf 87' lang='lat' dir='ltr'><strong>dum</strong></span> <span class='ocrx_word' id='word_1_519' title='bbox 3514 4315 3665 4370; x_wconf 68' lang='lat' dir='ltr'><strong>qum-</strong></span> 
     </span>
    </p>
   </div>
   <div class='ocr_carea' id='block_1_76' title="bbox 2065 4395 3657 4467">
    <p class='ocr_par' dir='ltr' id='par_1_76' title="bbox 2065 4395 3657 4467">
     <span class='ocr_line' id='line_1_76' title="bbox 2065 4395 3657 4467; baseline -0.006 -9"><span class='ocrx_word' id='word_1_520' title='bbox 2065 4402 2188 4458; x_wconf 88' lang='lat' dir='ltr'><strong>dam</strong></span> <span class='ocrx_word' id='word_1_521' title='bbox 2239 4402 2445 4467; x_wconf 82' lang='lat' dir='ltr'><strong>impura</strong></span> <span class='ocrx_word' id='word_1_522' title='bbox 2474 4409 2529 4456; x_wconf 84' lang='lat' dir='ltr'><strong>et</strong></span> <span class='ocrx_word' id='word_1_523' title='bbox 2570 4418 2673 4454; x_wconf 87' lang='lat' dir='ltr'><strong>non</strong></span> <span class='ocrx_word' id='word_1_524' title='bbox 2709 4398 2905 4453; x_wconf 87' lang='lat' dir='ltr'><strong>tnunda</strong></span> <span class='ocrx_word' id='word_1_525' title='bbox 2934 4397 3203 4459; x_wconf 83' lang='lat' dir='ltr'><strong>dicuntur,</strong></span> <span class='ocrx_word' id='word_1_526' title='bbox 3234 4397 3497 4451; x_wconf 83' lang='lat' dir='ltr'><strong>institutio</strong></span> <span class='ocrx_word' id='word_1_527' title='bbox 3530 4395 3657 4449; x_wconf 92' lang='lat' dir='ltr'><strong>illo-</strong></span> 
     </span>
    </p>
   </div>
   <div class='ocr_carea' id='block_1_77' title="bbox 2068 4488 3660 4553">
    <p class='ocr_par' dir='ltr' id='par_1_77' title="bbox 2068 4488 3660 4553">
     <span class='ocr_line' id='line_1_77' title="bbox 2068 4488 3660 4553; baseline -0.008 0"><span class='ocrx_word' id='word_1_528' title='bbox 2068 4512 2184 4553; x_wconf 90' lang='lat' dir='ltr'><strong>rum</strong></span> <span class='ocrx_word' id='word_1_529' title='bbox 2256 4494 2506 4549; x_wconf 73' lang='lat' dir='ltr'><strong>inl‘amem</strong></span> <span class='ocrx_word' id='word_1_530' title='bbox 2562 4493 2856 4548; x_wconf 87' lang='lat' dir='ltr'><strong>reddiderit</strong></span> <span class='ocrx_word' id='word_1_531' title='bbox 2925 4492 3306 4547; x_wconf 90' lang='lat' dir='ltr'><strong>institutorem.</strong></span> <span class='ocrx_word' id='word_1_532' title='bbox 3379 4488 3660 4551; x_wconf 84' lang='lat' dir='ltr'><strong>Videbitur</strong></span> 
     </span>
    </p>
   </div>
   <div class='ocr_carea' id='block_1_78' title="bbox 2068 4579 3653 4658">
    <p class='ocr_par' dir='ltr' id='par_1_78' title="bbox 2068 4579 3653 4658">
     <span class='ocr_line' id='line_1_78' title="bbox 2068 4579 3653 4658; baseline -0.008 -12"><span class='ocrx_word' id='word_1_533' title='bbox 2068 4589 2211 4646; x_wconf 90' lang='lat' dir='ltr'><strong>enim</strong></span> <span class='ocrx_word' id='word_1_534' title='bbox 2234 4632 2248 4656; x_wconf 90' lang='lat'><strong>,</strong></span> <span class='ocrx_word' id='word_1_535' title='bbox 2303 4580 2670 4658; x_wconf 64' lang='lat' dir='ltr'><strong>reprobando&#39;</strong></span> <span class='ocrx_word' id='word_1_536' title='bbox 2693 4601 2813 4656; x_wconf 72' lang='lat' dir='ltr'><strong>quia:</strong></span> <span class='ocrx_word' id='word_1_537' title='bbox 2858 4584 3019 4651; x_wconf 80' lang='lat' dir='ltr'><strong>fecit,</strong></span> <span class='ocrx_word' id='word_1_538' title='bbox 3064 4598 3227 4653; x_wconf 78' lang='lat' dir='ltr'><strong>opera</strong></span> <span class='ocrx_word' id='word_1_539' title='bbox 3253 4580 3466 4653; x_wconf 83' lang='lat' dir='ltr'><strong>prOpria</strong></span> <span class='ocrx_word' id='word_1_540' title='bbox 3497 4579 3653 4635; x_wconf 85' lang='lat' dir='ltr'><strong>dam-</strong></span> 
     </span>
    </p>
   </div>
   <div class='ocr_carea' id='block_1_79' title="bbox 2070 4678 3670 4754">
    <p class='ocr_par' dir='ltr' id='par_1_79' title="bbox 2070 4678 3670 4754">
     <span class='ocr_line' id='line_1_79' title="bbox 2070 4678 3670 4754; baseline -0.006 -14"><span class='ocrx_word' id='word_1_541' title='bbox 2070 4699 2263 4749; x_wconf 87' lang='lat' dir='ltr'><strong>nasse,</strong></span> <span class='ocrx_word' id='word_1_542' title='bbox 2321 4700 2440 4754; x_wconf 73' lang='lat' dir='ltr'><strong>quze</strong></span> <span class='ocrx_word' id='word_1_543' title='bbox 2470 4682 2620 4753; x_wconf 86' lang='lat' dir='ltr'><strong>quasi</strong></span> <span class='ocrx_word' id='word_1_544' title='bbox 2651 4681 2787 4735; x_wconf 88' lang='lat' dir='ltr'><strong>bona</strong></span> <span class='ocrx_word' id='word_1_545' title='bbox 2842 4679 3164 4749; x_wconf 80' lang='lat' dir='ltr'><strong>probaverat</strong></span> <span class='ocrx_word' id='word_1_546' title='bbox 3197 4694 3210 4729; x_wconf 91' lang='lat'><strong>:</strong></span> <span class='ocrx_word' id='word_1_547' title='bbox 3242 4686 3297 4732; x_wconf 89' lang='lat' dir='ltr'><strong>et</strong></span> <span class='ocrx_word' id='word_1_548' title='bbox 3344 4678 3397 4731; x_wconf 90' lang='lat' dir='ltr'><strong>in</strong></span> <span class='ocrx_word' id='word_1_549' title='bbox 3439 4684 3670 4745; x_wconf 81' lang='lat' dir='ltr'><strong>utroque</strong></span> 
     </span>
    </p>
   </div>
   <div class='ocr_carea' id='block_1_80' title="bbox 2070 4768 3667 4845">
    <p class='ocr_par' dir='ltr' id='par_1_80' title="bbox 2070 4768 3667 4845">
     <span class='ocr_line' id='line_1_80' title="bbox 2070 4768 3667 4845; baseline -0.005 -13"><span class='ocrx_word' id='word_1_550' title='bbox 2070 4777 2419 4841; x_wconf 88' lang='lat' dir='ltr'><strong>inconstans,</strong></span> <span class='ocrx_word' id='word_1_551' title='bbox 2469 4775 2611 4845; x_wconf 82' lang='lat' dir='ltr'><strong>quod</strong></span> <span class='ocrx_word' id='word_1_552' title='bbox 2662 4775 2899 4830; x_wconf 62' lang='lat' dir='ltr'><strong>haeretici</strong></span> <span class='ocrx_word' id='word_1_553' title='bbox 2947 4772 3162 4843; x_wconf 82' lang='lat' dir='ltr'><strong>quidem</strong></span> <span class='ocrx_word' id='word_1_554' title='bbox 3189 4771 3459 4837; x_wconf 84' lang='lat' dir='ltr'><strong>volunt,&quot;</strong></span> <span class='ocrx_word' id='word_1_555' title='bbox 3495 4768 3667 4826; x_wconf 82' lang='lat' dir='ltr'><strong>videri</strong></span> 
     </span>
    </p>
   </div>
   <div class='ocr_carea' id='block_1_81' title="bbox 1564 4890 2542 4949">
    <p class='ocr_par' dir='ltr' id='par_1_81' title="bbox 1564 4890 2542 4949">
     <span class='ocr_line' id='line_1_81' title="bbox 1564 4890 2542 4949; baseline -0.002 -3"><span class='ocrx_word' id='word_1_556' title='bbox 1564 4890 1937 4947; x_wconf 74' lang='lat' dir='ltr'><strong>GALLANDII</strong></span> <span class='ocrx_word' id='word_1_557' title='bbox 1986 4891 2542 4949; x_wconf 73' lang='lat' dir='ltr'><strong>COMMENTARIUS.</strong></span> 
     </span>
    </p>
   </div>
   <div class='ocr_carea' id='block_1_82' title="bbox 430 4998 1964 5059">
    <p class='ocr_par' dir='ltr' id='par_1_82' title="bbox 430 4998 1964 5059">
     <span class='ocr_line' id='line_1_82' title="bbox 430 4998 1964 5059; baseline 0.003 -4"><span class='ocrx_word' id='word_1_558' title='bbox 430 4998 561 5055; x_wconf 72' lang='lat' dir='ltr'><strong>Car.</strong></span> <span class='ocrx_word' id='word_1_559' title='bbox 616 4999 654 5053; x_wconf 90' lang='grc' dir='ltr'><strong>Ι.</strong></span> <span class='ocrx_word' id='word_1_560' title='bbox 709 5030 780 5040; x_wconf 88' lang='grc'><strong><em>--</em></strong></span> <span class='ocrx_word' id='word_1_561' title='bbox 839 5002 851 5030; x_wconf 89' lang='grc'>¹</span> <span class='ocrx_word' id='word_1_562' title='bbox 922 4999 1252 5055; x_wconf 88' lang='lat' dir='ltr'><strong>Liberiorem.</strong></span> <span class='ocrx_word' id='word_1_563' title='bbox 1298 5002 1387 5058; x_wconf 91' lang='lat' dir='ltr'><strong>Sic</strong></span> <span class='ocrx_word' id='word_1_564' title='bbox 1438 5002 1727 5058; x_wconf 85' lang='lat' dir='ltr'><strong>Pamelius.</strong></span> <span class='ocrx_word' id='word_1_565' title='bbox 1783 5003 1964 5059; x_wconf 83' lang='lat' dir='ltr'><strong>Mallet</strong></span> 
     </span>
    </p>
   </div>
   <div class='ocr_carea' id='block_1_83' title="bbox 357 5070 946 5127">
    <p class='ocr_par' dir='ltr' id='par_1_83' title="bbox 357 5070 946 5127">
     <span class='ocr_line' id='line_1_83' title="bbox 357 5070 946 5127; baseline -0.002 -1"><span class='ocrx_word' id='word_1_566' title='bbox 357 5070 602 5127; x_wconf 83' lang='lat' dir='ltr'><strong>Latinius</strong></span> <span class='ocrx_word' id='word_1_567' title='bbox 633 5071 946 5125; x_wconf 82' lang='lat' dir='ltr'><strong>hilariorem.</strong></span> 
     </span>
    </p>
   </div>
   <div class='ocr_carea' id='block_1_84' title="bbox 430 5144 1963 5211">
    <p class='ocr_par' dir='ltr' id='par_1_84' title="bbox 430 5144 1963 5211">
     <span class='ocr_line' id='line_1_84' title="bbox 430 5144 1963 5211; baseline 0.005 -18"><span class='ocrx_word' id='word_1_568' title='bbox 430 5146 449 5175; x_wconf 75' lang='grc'><strong>⁷³</strong></span> <span class='ocrx_word' id='word_1_569' title='bbox 472 5145 601 5211; x_wconf 79' lang='lat' dir='ltr'><strong>Quo.</strong></span> <span class='ocrx_word' id='word_1_570' title='bbox 637 5144 762 5198; x_wconf 63' lang='lat' dir='ltr'><strong>Htrt:</strong></span> <span class='ocrx_word' id='word_1_571' title='bbox 787 5154 867 5195; x_wconf 69' lang='lat' dir='ltr'><strong>est</strong></span> <span class='ocrx_word' id='word_1_572' title='bbox 893 5145 1052 5198; x_wconf 81' lang='lat' dir='ltr'><strong>lectio</strong></span> <span class='ocrx_word' id='word_1_573' title='bbox 1070 5144 1301 5199; x_wconf 72' lang='lat' dir='ltr'><strong>Geleniii</strong></span> <span class='ocrx_word' id='word_1_574' title='bbox 1326 5156 1378 5199; x_wconf 80' lang='lat' dir='ltr'><strong>et</strong></span> <span class='ocrx_word' id='word_1_575' title='bbox 1406 5146 1963 5202; x_wconf 64' lang='lat' dir='ltr'><strong>Patnelii.“’elcltma—</strong></span> 
     </span>
    </p>
   </div>
   <div class='ocr_carea' id='block_1_85' title="bbox 356 5216 1961 5288">
    <p class='ocr_par' dir='ltr' id='par_1_85' title="bbox 356 5216 1961 5288">
     <span class='ocr_line' id='line_1_85' title="bbox 356 5216 1961 5288; baseline 0.002 -18"><span class='ocrx_word' id='word_1_576' title='bbox 356 5232 457 5270; x_wconf 83' lang='lat' dir='ltr'><strong>nus</strong></span> <span class='ocrx_word' id='word_1_577' title='bbox 493 5216 662 5286; x_wconf 79' lang='lat' dir='ltr'><strong>quod,</strong></span> <span class='ocrx_word' id='word_1_578' title='bbox 721 5217 899 5267; x_wconf 85' lang='lat' dir='ltr'><strong>minus</strong></span> <span class='ocrx_word' id='word_1_579' title='bbox 930 5228 1092 5271; x_wconf 61' lang='lat' dir='ltr'><strong>recte.</strong></span> <span class='ocrx_word' id='word_1_580' title='bbox 1152 5216 1270 5272; x_wconf 79' lang='lat' dir='ltr'><strong>Mox</strong></span> <span class='ocrx_word' id='word_1_581' title='bbox 1314 5217 1614 5273; x_wconf 76' lang='lat' dir='ltr'><strong>Jacksouus</strong></span> <span class='ocrx_word' id='word_1_582' title='bbox 1660 5221 1828 5274; x_wconf 84' lang='lat' dir='ltr'><strong>edidit</strong></span> <span class='ocrx_word' id='word_1_583' title='bbox 1879 5223 1961 5288; x_wconf 79' lang='lat' dir='ltr'><strong>af-</strong></span> 
     </span>
    </p>
   </div>
   <div class='ocr_carea' id='block_1_86' title="bbox 357 5288 1960 5358">
    <p class='ocr_par' dir='ltr' id='par_1_86' title="bbox 357 5288 1960 5358">
     <span class='ocr_line' id='line_1_86' title="bbox 357 5288 1960 5358; baseline 0.002 -17"><span class='ocrx_word' id='word_1_584' title='bbox 357 5290 536 5358; x_wconf 75' lang='lat' dir='ltr'><strong>fectus.</strong></span> <span class='ocrx_word' id='word_1_585' title='bbox 569 5290 774 5341; x_wconf 79' lang='lat' dir='ltr'><strong>Sensus</strong></span> <span class='ocrx_word' id='word_1_586' title='bbox 816 5288 997 5353; x_wconf 86' lang='lat' dir='ltr'><strong>enim,</strong></span> <span class='ocrx_word' id='word_1_587' title='bbox 1042 5289 1252 5355; x_wconf 70' lang='lat' dir='ltr'><strong>imprit,</strong></span> <span class='ocrx_word' id='word_1_588' title='bbox 1302 5291 1515 5344; x_wconf 64' lang='lat' dir='ltr'><strong>videtur</strong></span> <span class='ocrx_word' id='word_1_589' title='bbox 1558 5305 1713 5351; x_wconf 82' lang='lat' dir='ltr'><strong>esse,</strong></span> <span class='ocrx_word' id='word_1_590' title='bbox 1767 5292 1960 5344; x_wconf 76' lang='lat' dir='ltr'><strong>similes</strong></span> 
     </span>
    </p>
   </div>
   <div class='ocr_carea' id='block_1_87' title="bbox 353 5334 2038 5430">
    <p class='ocr_par' dir='ltr' id='par_1_87' title="bbox 353 5334 2038 5430">
     <span class='ocr_line' id='line_1_87' title="bbox 353 5334 2038 5430; baseline -0.007 -17"><span class='ocrx_word' id='word_1_591' title='bbox 353 5334 574 5430; x_wconf 71' lang='lat' dir='ltr'><strong>itl&#39;fcctns</strong></span> <span class='ocrx_word' id='word_1_592' title='bbox 598 5358 735 5411; x_wconf 82' lang='lat' dir='ltr'><strong>vobis</strong></span> <span class='ocrx_word' id='word_1_593' title='bbox 781 5334 1057 5412; x_wconf 64' lang='lat' dir='ltr'><strong>remittens.</strong></span> <span class='ocrx_word' id='word_1_594' title='bbox 1110 5334 1211 5415; x_wconf 72' lang='lat' dir='ltr'><strong>Sed</strong></span> <span class='ocrx_word' id='word_1_595' title='bbox 1238 5334 1423 5415; x_wconf 55' lang='lat' dir='ltr'><strong>,lcetio</strong></span> <span class='ocrx_word' id='word_1_596' title='bbox 1465 5361 1674 5429; x_wconf 71' lang='lat' dir='ltr'><strong>vulgata</strong></span> <span class='ocrx_word' id='word_1_597' title='bbox 1704 5334 1951 5429; x_wconf 57' lang='grc' dir='ltr'><strong>’ρΙιιηίιηκ</strong></span> <span class='ocrx_word' id='word_1_598' title='bbox 1986 5334 2038 5393; x_wconf 84' lang='lat' dir='ltr'><strong>D</strong></span> 
     </span>
    </p>
   </div>
   <div class='ocr_carea' id='block_1_88' title="bbox 359 5429 1955 5503">
    <p class='ocr_par' dir='ltr' id='par_1_88' title="bbox 359 5429 1955 5503">
     <span class='ocr_line' id='line_1_88' title="bbox 359 5429 1955 5503; baseline 0.001 -20"><span class='ocrx_word' id='word_1_599' title='bbox 359 5429 558 5485; x_wconf 73' lang='lat' dir='ltr'><strong>vocem</strong></span> <span class='ocrx_word' id='word_1_600' title='bbox 585 5431 729 5503; x_wconf 86' lang='lat' dir='ltr'><strong>enim</strong></span> <span class='ocrx_word' id='word_1_601' title='bbox 753 5429 948 5483; x_wconf 72' lang='lat' dir='ltr'><strong>similes</strong></span> <span class='ocrx_word' id='word_1_602' title='bbox 994 5434 1263 5501; x_wconf 74' lang='lat' dir='ltr'><strong>respicere</strong></span> <span class='ocrx_word' id='word_1_603' title='bbox 1296 5434 1522 5502; x_wconf 84' lang='lat' dir='ltr'><strong>putarim</strong></span> <span class='ocrx_word' id='word_1_604' title='bbox 1567 5432 1795 5500; x_wconf 85' lang='lat' dir='ltr'><strong>litteras,</strong></span> <span class='ocrx_word' id='word_1_605' title='bbox 1824 5449 1955 5503; x_wconf 68' lang='lat' dir='ltr'><strong>cpta-</strong></span> 
     </span>
    </p>
   </div>
   <div class='ocr_carea' id='block_1_89' title="bbox 352 5501 1069 5566">
    <p class='ocr_par' dir='ltr' id='par_1_89' title="bbox 352 5501 1069 5566">
     <span class='ocr_line' id='line_1_89' title="bbox 352 5501 1069 5566; baseline -0.003 -8"><span class='ocrx_word' id='word_1_606' title='bbox 352 5516 471 5557; x_wconf 83' lang='lat' dir='ltr'><strong>rum</strong></span> <span class='ocrx_word' id='word_1_607' title='bbox 508 5501 667 5566; x_wconf 84' lang='lat' dir='ltr'><strong>paulo</strong></span> <span class='ocrx_word' id='word_1_608' title='bbox 699 5510 823 5554; x_wconf 81' lang='lat' dir='ltr'><strong>ante</strong></span> <span class='ocrx_word' id='word_1_609' title='bbox 848 5504 1069 5556; x_wconf 85' lang='lat' dir='ltr'><strong>mentio.</strong></span> 
     </span>
    </p>
   </div>
   <div class='ocr_carea' id='block_1_90' title="bbox 426 5572 1957 5640">
    <p class='ocr_par' dir='ltr' id='par_1_90' title="bbox 426 5572 1957 5640">
     <span class='ocr_line' id='line_1_90' title="bbox 426 5572 1957 5640; baseline 0.003 -16"><span class='ocrx_word' id='word_1_610' title='bbox 426 5573 448 5602; x_wconf 79' lang='grc'>³</span> <span class='ocrx_word' id='word_1_611' title='bbox 471 5572 743 5627; x_wconf 85' lang='lat' dir='ltr'><strong>Brnbium.</strong></span> <span class='ocrx_word' id='word_1_612' title='bbox 790 5573 967 5627; x_wconf 81' lang='lat' dir='ltr'><strong>Editin</strong></span> <span class='ocrx_word' id='word_1_613' title='bbox 1007 5574 1226 5628; x_wconf 87' lang='lat' dir='ltr'><strong>Pamelii</strong></span> <span class='ocrx_word' id='word_1_614' title='bbox 1260 5574 1421 5640; x_wconf 59' lang='lat' dir='ltr'><strong>MSS,</strong></span> <span class='ocrx_word' id='word_1_615' title='bbox 1457 5574 1703 5628; x_wconf 89' lang='lat' dir='ltr'><strong>bravium.</strong></span> <span class='ocrx_word' id='word_1_616' title='bbox 1736 5576 1798 5629; x_wconf 84' lang='lat' dir='ltr'><strong>At</strong></span> <span class='ocrx_word' id='word_1_617' title='bbox 1826 5575 1957 5630; x_wconf 86' lang='lat' dir='ltr'><strong>Fro-</strong></span> 
     </span>
    </p>
   </div>
   <div class='ocr_carea' id='block_1_91' title="bbox 352 5643 1952 5714">
    <p class='ocr_par' dir='ltr' id='par_1_91' title="bbox 352 5643 1952 5714">
     <span class='ocr_line' id='line_1_91' title="bbox 352 5643 1952 5714; baseline 0.001 -17"><span class='ocrx_word' id='word_1_618' title='bbox 352 5643 585 5697; x_wconf 84' lang='lat' dir='ltr'><strong>beniana</strong></span> <span class='ocrx_word' id='word_1_619' title='bbox 638 5654 691 5698; x_wconf 89' lang='lat' dir='ltr'><strong>et</strong></span> <span class='ocrx_word' id='word_1_620' title='bbox 754 5646 979 5714; x_wconf 69' lang='lat' dir='ltr'><strong>reliqua:</strong></span> <span class='ocrx_word' id='word_1_621' title='bbox 1031 5645 1352 5699; x_wconf 77' lang='lat' dir='ltr'><strong>Parnelianac</strong></span> <span class='ocrx_word' id='word_1_622' title='bbox 1376 5648 1625 5699; x_wconf 82' lang='lat' dir='ltr'><strong>bravinut.</strong></span> <span class='ocrx_word' id='word_1_623' title='bbox 1675 5648 1762 5701; x_wconf 78' lang='lat' dir='ltr'><strong>Sic</strong></span> <span class='ocrx_word' id='word_1_624' title='bbox 1789 5649 1952 5701; x_wconf 81' lang='lat' dir='ltr'><strong>etiam</strong></span> 
     </span>
    </p>
   </div>
   <div class='ocr_carea' id='block_1_92' title="bbox 351 5715 1955 5788">
    <p class='ocr_par' dir='ltr' id='par_1_92' title="bbox 351 5715 1955 5788">
     <span class='ocr_line' id='line_1_92' title="bbox 351 5715 1955 5788; baseline 0.002 -22"><span class='ocrx_word' id='word_1_625' title='bbox 351 5721 579 5788; x_wconf 71' lang='lat' dir='ltr'><strong>uterque</strong></span> <span class='ocrx_word' id='word_1_626' title='bbox 616 5715 790 5788; x_wconf 79' lang='lat' dir='ltr'><strong>editor</strong></span> <span class='ocrx_word' id='word_1_627' title='bbox 816 5717 1029 5788; x_wconf 80' lang='lat' dir='ltr'><strong>Anglic.</strong></span> <span class='ocrx_word' id='word_1_628' title='bbox 1056 5716 1251 5773; x_wconf 88' lang='lat' dir='ltr'><strong>Statim</strong></span> <span class='ocrx_word' id='word_1_629' title='bbox 1298 5733 1427 5770; x_wconf 85' lang='lat' dir='ltr'><strong>vero</strong></span> <span class='ocrx_word' id='word_1_630' title='bbox 1448 5733 1650 5772; x_wconf 83' lang='lat' dir='ltr'><strong>sursum</strong></span> <span class='ocrx_word' id='word_1_631' title='bbox 1680 5733 1775 5787; x_wconf 93' lang='lat' dir='ltr'><strong>pro</strong></span> <span class='ocrx_word' id='word_1_632' title='bbox 1802 5733 1955 5772; x_wconf 84' lang='lat' dir='ltr'><strong>cursu</strong></span> 
     </span>
    </p>
   </div>
   <div class='ocr_carea' id='block_1_93' title="bbox 353 5784 1948 5860">
    <p class='ocr_par' dir='ltr' id='par_1_93' title="bbox 353 5784 1948 5860">
     <span class='ocr_line' id='line_1_93' title="bbox 353 5784 1948 5860; baseline 0.002 -20"><span class='ocrx_word' id='word_1_633' title='bbox 353 5800 384 5840; x_wconf 91' lang='lat' dir='ltr'><strong>e</strong></span> <span class='ocrx_word' id='word_1_634' title='bbox 408 5785 521 5839; x_wconf 82' lang='lat' dir='ltr'><strong>lidit</strong></span> <span class='ocrx_word' id='word_1_635' title='bbox 553 5784 857 5848; x_wconf 84' lang='lat' dir='ltr'><strong>Jacksonns</strong></span> <span class='ocrx_word' id='word_1_636' title='bbox 880 5784 1116 5855; x_wconf 40' lang='lat' dir='ltr'><strong>,‘Gr‘aica</strong></span> <span class='ocrx_word' id='word_1_637' title='bbox 1148 5788 1446 5860; x_wconf 81' lang='lat' dir='ltr'><strong>reSpiciens</strong></span> <span class='ocrx_word' id='word_1_638' title='bbox 1476 5784 1708 5859; x_wconf 81' lang='lat' dir='ltr'><strong>Philipp.</strong></span> <span class='ocrx_word' id='word_1_639' title='bbox 1742 5805 1797 5845; x_wconf 88' lang='lat' dir='ltr'><strong>ut</strong></span> <span class='ocrx_word' id='word_1_640' title='bbox 1820 5833 1833 5859; x_wconf 87' lang='lat'><strong>,</strong></span> <span class='ocrx_word' id='word_1_641' title='bbox 1862 5791 1948 5845; x_wconf 61' lang='lat' dir='ltr'><strong>lt.</strong></span> 
     </span>
    </p>
   </div>
   <div class='ocr_carea' id='block_1_94' title="bbox 2065 4997 3667 5073">
    <p class='ocr_par' dir='ltr' id='par_1_94' title="bbox 2065 4997 3667 5073">
     <span class='ocr_line' id='line_1_94' title="bbox 2065 4997 3667 5073; baseline -0.007 -12"><span class='ocrx_word' id='word_1_642' title='bbox 2065 5016 2157 5067; x_wconf 79' lang='grc' dir='ltr'><strong>τῆς</strong></span> <span class='ocrx_word' id='word_1_643' title='bbox 2185 5003 2288 5061; x_wconf 76' lang='grc' dir='ltr'><strong>ἅνω</strong></span> <span class='ocrx_word' id='word_1_644' title='bbox 2317 5007 2572 5065; x_wconf 78' lang='grc' dir='ltr'><strong>κλήσεως,</strong></span> <span class='ocrx_word' id='word_1_645' title='bbox 2600 5004 2687 5057; x_wconf 87' lang='lat' dir='ltr'><strong>ubi</strong></span> <span class='ocrx_word' id='word_1_646' title='bbox 2722 5002 2876 5073; x_wconf 77' lang='lat' dir='ltr'><strong>Vulg.</strong></span> <span class='ocrx_word' id='word_1_647' title='bbox 2906 5017 3144 5071; x_wconf 76' lang='lat' dir='ltr'><strong>superna:</strong></span> <span class='ocrx_word' id='word_1_648' title='bbox 3169 5000 3465 5054; x_wconf 81' lang='lat' dir='ltr'><strong>vocationis.</strong></span> <span class='ocrx_word' id='word_1_649' title='bbox 3504 4997 3667 5073; x_wconf 49' lang='lat' dir='ltr'><strong>llaulo</strong></span> 
     </span>
    </p>
   </div>
   <div class='ocr_carea' id='block_1_95' title="bbox 2066 5069 3661 5145">
    <p class='ocr_par' dir='ltr' id='par_1_95' title="bbox 2066 5069 3661 5145">
     <span class='ocr_line' id='line_1_95' title="bbox 2066 5069 3661 5145; baseline -0.006 -14"><span class='ocrx_word' id='word_1_650' title='bbox 2066 5088 2183 5145; x_wconf 86' lang='lat' dir='ltr'><strong>post</strong></span> <span class='ocrx_word' id='word_1_651' title='bbox 2217 5079 2353 5130; x_wconf 87' lang='lat' dir='ltr'><strong>idem</strong></span> <span class='ocrx_word' id='word_1_652' title='bbox 2376 5074 2677 5131; x_wconf 61' lang='lat' dir='ltr'><strong>.lacksouus</strong></span> <span class='ocrx_word' id='word_1_653' title='bbox 2698 5069 2980 5141; x_wconf 73' lang='lat' dir='ltr'><strong>legendum</strong></span> <span class='ocrx_word' id='word_1_654' title='bbox 2997 5075 3300 5140; x_wconf 77' lang='lat' dir='ltr'><strong>suSpit‘alur</strong></span> <span class='ocrx_word' id='word_1_655' title='bbox 3321 5083 3366 5145; x_wconf 80' lang='lat' dir='ltr'><strong>et</strong></span> <span class='ocrx_word' id='word_1_656' title='bbox 3385 5069 3661 5145; x_wconf 81' lang='lat' dir='ltr'><strong>condigne.</strong></span> 
     </span>
    </p>
   </div>
   <div class='ocr_carea' id='block_1_96' title="bbox 2138 5140 3669 5213">
    <p class='ocr_par' dir='ltr' id='par_1_96' title="bbox 2138 5140 3669 5213">
     <span class='ocr_line' id='line_1_96' title="bbox 2138 5140 3669 5213; baseline -0.007 -12"><span class='ocrx_word' id='word_1_657' title='bbox 2138 5149 2159 5178; x_wconf 65' lang='grc'><strong>⁸⁸</strong></span> <span class='ocrx_word' id='word_1_658' title='bbox 2194 5148 2403 5200; x_wconf 75' lang='lat' dir='ltr'><strong>(limbus</strong></span> <span class='ocrx_word' id='word_1_659' title='bbox 2430 5147 2658 5213; x_wconf 79' lang='lat' dir='ltr'><strong>epistolis</strong></span> <span class='ocrx_word' id='word_1_660' title='bbox 2696 5140 3059 5213; x_wconf 77' lang='lat' dir='ltr'><strong>superioribus.</strong></span> <span class='ocrx_word' id='word_1_661' title='bbox 3090 5146 3268 5197; x_wconf 66' lang='lat' dir='ltr'><strong>Altera</strong></span> <span class='ocrx_word' id='word_1_662' title='bbox 3295 5142 3548 5195; x_wconf 88' lang='lat' dir='ltr'><strong>nimirutn</strong></span> <span class='ocrx_word' id='word_1_663' title='bbox 3572 5211 3579 5213; x_wconf 76' lang='lat'><strong><em>_</em></strong></span> <span class='ocrx_word' id='word_1_664' title='bbox 3604 5140 3669 5213; x_wconf 83' lang='lat' dir='ltr'><strong>de</strong></span> 
     </span>
    </p>
   </div>
   <div class='ocr_carea' id='block_1_97' title="bbox 2067 5211 3669 5285">
    <p class='ocr_par' dir='ltr' id='par_1_97' title="bbox 2067 5211 3669 5285">
     <span class='ocr_line' id='line_1_97' title="bbox 2067 5211 3669 5285; baseline -0.007 -11"><span class='ocrx_word' id='word_1_665' title='bbox 2067 5219 2293 5274; x_wconf 85' lang='lat' dir='ltr'><strong>Sabbato</strong></span> <span class='ocrx_word' id='word_1_666' title='bbox 2316 5262 2329 5281; x_wconf 84' lang='grc'><em>,</em></span> <span class='ocrx_word' id='word_1_667' title='bbox 2365 5211 2530 5271; x_wconf 72' lang='lat' dir='ltr'><strong>altera</strong></span> <span class='ocrx_word' id='word_1_668' title='bbox 2561 5218 2624 5270; x_wconf 81' lang='lat' dir='ltr'><strong>de</strong></span> <span class='ocrx_word' id='word_1_669' title='bbox 2664 5211 3096 5276; x_wconf 77' lang='lat' dir='ltr'><strong>(.ircumcisione,</strong></span> <span class='ocrx_word' id='word_1_670' title='bbox 3150 5230 3374 5285; x_wconf 78' lang='lat' dir='ltr'><strong>quarum</strong></span> <span class='ocrx_word' id='word_1_671' title='bbox 3422 5211 3669 5285; x_wconf 82' lang='lat' dir='ltr'><strong>meminit</strong></span> 
     </span>
    </p>
   </div>
   <div class='ocr_carea' id='block_1_98' title="bbox 2069 5283 3661 5361">
    <p class='ocr_par' dir='ltr' id='par_1_98' title="bbox 2069 5283 3661 5361">
     <span class='ocr_line' id='line_1_98' title="bbox 2069 5283 3661 5361; baseline -0.004 -19"><span class='ocrx_word' id='word_1_672' title='bbox 2069 5292 2427 5361; x_wconf 85' lang='lat' dir='ltr'><strong>Hieronymus</strong></span> <span class='ocrx_word' id='word_1_673' title='bbox 2458 5291 2521 5341; x_wconf 84' lang='lat' dir='ltr'><strong>de</strong></span> <span class='ocrx_word' id='word_1_674' title='bbox 2560 5286 2669 5340; x_wconf 84' lang='lat' dir='ltr'><strong>Vir.</strong></span> <span class='ocrx_word' id='word_1_675' title='bbox 2700 5286 2904 5342; x_wconf 84' lang='lat' dir='ltr'><strong>lllustr.</strong></span> <span class='ocrx_word' id='word_1_676' title='bbox 2934 5303 3054 5355; x_wconf 87' lang='lat' dir='ltr'><strong>cap.</strong></span> <span class='ocrx_word' id='word_1_677' title='bbox 3090 5283 3179 5340; x_wconf 76' lang='lat' dir='ltr'><strong>7U.</strong></span> <span class='ocrx_word' id='word_1_678' title='bbox 3212 5287 3315 5340; x_wconf 82' lang='lat' dir='ltr'><strong>Sed</strong></span> <span class='ocrx_word' id='word_1_679' title='bbox 3343 5286 3426 5337; x_wconf 72' lang='lat' dir='ltr'><strong>lite</strong></span> <span class='ocrx_word' id='word_1_680' title='bbox 3453 5283 3661 5354; x_wconf 86' lang='lat' dir='ltr'><strong>jamdiu</strong></span> 
     </span>
    </p>
   </div>
   <div class='ocr_carea' id='block_1_99' title="bbox 2067 5362 2482 5415">
    <p class='ocr_par' dir='ltr' id='par_1_99' title="bbox 2067 5362 2482 5415">
     <span class='ocr_line' id='line_1_99' title="bbox 2067 5362 2482 5415; baseline -0.002 -1"><span class='ocrx_word' id='word_1_681' title='bbox 2067 5362 2482 5415; x_wconf 82' lang='lat' dir='ltr'><strong>interciderunt.</strong></span> 
     </span>
    </p>
   </div>
   <div class='ocr_carea' id='block_1_100' title="bbox 2134 5424 3664 5493">
    <p class='ocr_par' dir='ltr' id='par_1_100' title="bbox 2134 5424 3664 5493">
     <span class='ocr_line' id='line_1_100' title="bbox 2134 5424 3664 5493; baseline -0.007 -6"><span class='ocrx_word' id='word_1_682' title='bbox 2134 5434 2263 5487; x_wconf 67' lang='lat' dir='ltr'><strong>(lar.</strong></span> <span class='ocrx_word' id='word_1_683' title='bbox 2288 5433 2361 5486; x_wconf 88' lang='lat' dir='ltr'><strong>&#39;ll-.</strong></span> <span class='ocrx_word' id='word_1_684' title='bbox 2392 5462 2462 5471; x_wconf 94' lang='lat'><strong><em>—</em></strong></span> <span class='ocrx_word' id='word_1_685' title='bbox 2490 5431 2511 5461; x_wconf 82' lang='grc'>⁵</span> <span class='ocrx_word' id='word_1_686' title='bbox 2539 5429 2848 5483; x_wconf 80' lang='lat' dir='ltr'><strong>Deritanles.</strong></span> <span class='ocrx_word' id='word_1_687' title='bbox 2901 5428 2991 5483; x_wconf 82' lang='lat' dir='ltr'><strong>Sic</strong></span> <span class='ocrx_word' id='word_1_688' title='bbox 3020 5437 3167 5484; x_wconf 85' lang='lat' dir='ltr'><strong>recte</strong></span> <span class='ocrx_word' id='word_1_689' title='bbox 3213 5429 3341 5493; x_wconf 63' lang='lat' dir='ltr'><strong>legit</strong></span> <span class='ocrx_word' id='word_1_690' title='bbox 3393 5424 3664 5480; x_wconf 76' lang='lat' dir='ltr'><strong>Pamelius</strong></span> 
     </span>
    </p>
   </div>
   <div class='ocr_carea' id='block_1_101' title="bbox 2060 5496 3665 5569">
    <p class='ocr_par' dir='ltr' id='par_1_101' title="bbox 2060 5496 3665 5569">
     <span class='ocr_line' id='line_1_101' title="bbox 2060 5496 3665 5569; baseline -0.005 -11"><span class='ocrx_word' id='word_1_691' title='bbox 2060 5518 2183 5558; x_wconf 88' lang='lat' dir='ltr'><strong>cum</strong></span> <span class='ocrx_word' id='word_1_692' title='bbox 2234 5505 2478 5557; x_wconf 70' lang='lat' dir='ltr'><strong>Gelenin.</strong></span> <span class='ocrx_word' id='word_1_693' title='bbox 2532 5505 2851 5569; x_wconf 70' lang='lat' dir='ltr'><strong>Corruptam</strong></span> <span class='ocrx_word' id='word_1_694' title='bbox 2911 5516 3095 5553; x_wconf 79' lang='lat' dir='ltr'><strong>vocem</strong></span> <span class='ocrx_word' id='word_1_695' title='bbox 3154 5502 3457 5553; x_wconf 68' lang='lat' dir='ltr'><strong>denotante:</strong></span> <span class='ocrx_word' id='word_1_696' title='bbox 3494 5496 3665 5551; x_wconf 85' lang='lat' dir='ltr'><strong>edidit</strong></span> 
     </span>
    </p>
   </div>
   <div class='ocr_carea' id='block_1_102' title="bbox 2060 5571 3086 5639">
    <p class='ocr_par' dir='ltr' id='par_1_102' title="bbox 2060 5571 3086 5639">
     <span class='ocr_line' id='line_1_102' title="bbox 2060 5571 3086 5639; baseline -0.008 -8"><span class='ocrx_word' id='word_1_697' title='bbox 2060 5575 2451 5631; x_wconf 84' lang='lat' dir='ltr'><strong>Wcicltmanus</strong></span> <span class='ocrx_word' id='word_1_698' title='bbox 2477 5591 2538 5627; x_wconf 67' lang='lat' dir='ltr'><strong>ex</strong></span> <span class='ocrx_word' id='word_1_699' title='bbox 2561 5575 2814 5639; x_wconf 74' lang='lat' dir='ltr'><strong>Gagnaeo.</strong></span> <span class='ocrx_word' id='word_1_700' title='bbox 2835 5571 3086 5626; x_wconf 64' lang='lat' dir='ltr'><strong>Jacssox.</strong></span> 
     </span>
    </p>
   </div>
   <div class='ocr_carea' id='block_1_103' title="bbox 2083 5642 3663 5712">
    <p class='ocr_par' dir='ltr' id='par_1_103' title="bbox 2083 5642 3663 5712">
     <span class='ocr_line' id='line_1_103' title="bbox 2083 5642 3663 5712; baseline -0.003 -12"><span class='ocrx_word' id='word_1_701' title='bbox 2083 5685 2089 5694; x_wconf 82' lang='lat'><strong>.</strong></span> <span class='ocrx_word' id='word_1_702' title='bbox 2134 5648 2153 5678; x_wconf 82' lang='grc'>⁸</span> <span class='ocrx_word' id='word_1_703' title='bbox 2187 5645 2272 5700; x_wconf 85' lang='lat' dir='ltr'><strong>Ne</strong></span> <span class='ocrx_word' id='word_1_704' title='bbox 2310 5648 2453 5700; x_wconf 84' lang='lat' dir='ltr'><strong>dum.</strong></span> <span class='ocrx_word' id='word_1_705' title='bbox 2501 5645 2577 5700; x_wconf 90' lang='lat' dir='ltr'><strong>Ita</strong></span> <span class='ocrx_word' id='word_1_706' title='bbox 2627 5644 2896 5699; x_wconf 80' lang='lat' dir='ltr'><strong>Pamelius</strong></span> <span class='ocrx_word' id='word_1_707' title='bbox 2922 5644 3141 5712; x_wconf 66' lang='lat' dir='ltr'><strong>aliique.</strong></span> <span class='ocrx_word' id='word_1_708' title='bbox 3177 5642 3566 5698; x_wconf 88' lang='lat' dir='ltr'><strong>Welcbmanus</strong></span> <span class='ocrx_word' id='word_1_709' title='bbox 3596 5656 3663 5697; x_wconf 80' lang='lat' dir='ltr'><strong>ex</strong></span> 
     </span>
    </p>
   </div>
   <div class='ocr_carea' id='block_1_104' title="bbox 2058 5717 2603 5790">
    <p class='ocr_par' dir='ltr' id='par_1_104' title="bbox 2058 5717 2603 5790">
     <span class='ocr_line' id='line_1_104' title="bbox 2058 5717 2603 5790; baseline -0.007 -15"><span class='ocrx_word' id='word_1_710' title='bbox 2058 5718 2320 5790; x_wconf 67' lang='lat' dir='ltr'><strong>Gagnaao,</strong></span> <span class='ocrx_word' id='word_1_711' title='bbox 2343 5718 2432 5772; x_wconf 82' lang='lat' dir='ltr'><strong>sed</strong></span> <span class='ocrx_word' id='word_1_712' title='bbox 2460 5717 2603 5771; x_wconf 84' lang='lat' dir='ltr'><strong>dunt.</strong></span> 
     </span>
    </p>
   </div>
   <div class='ocr_carea' id='block_1_105' title="bbox 2133 5785 3659 5858">
    <p class='ocr_par' dir='ltr' id='par_1_105' title="bbox 2133 5785 3659 5858">
     <span class='ocr_line' id='line_1_105' title="bbox 2133 5785 3659 5858; baseline -0.006 -12"><span class='ocrx_word' id='word_1_713' title='bbox 2133 5785 2167 5822; x_wconf 61' lang='grc' dir='ltr'><strong>τ’</strong></span> <span class='ocrx_word' id='word_1_714' title='bbox 2185 5789 2392 5857; x_wconf 81' lang='lat' dir='ltr'><strong>Volunt,</strong></span> <span class='ocrx_word' id='word_1_715' title='bbox 2423 5790 2579 5844; x_wconf 83' lang='lat' dir='ltr'><strong>videri</strong></span> <span class='ocrx_word' id='word_1_716' title='bbox 2625 5785 2967 5842; x_wconf 87' lang='lat' dir='ltr'><strong>denotabitur.</strong></span> <span class='ocrx_word' id='word_1_717' title='bbox 3002 5788 3091 5845; x_wconf 91' lang='lat' dir='ltr'><strong>Sic</strong></span> <span class='ocrx_word' id='word_1_718' title='bbox 3122 5786 3504 5858; x_wconf 74' lang='lat' dir='ltr'><strong>distinguimus</strong></span> <span class='ocrx_word' id='word_1_719' title='bbox 3532 5799 3659 5841; x_wconf 89' lang='lat' dir='ltr'><strong>cum</strong></span> 
     </span>
    </p>
   </div>
  </div>
