4256 6250
630 252 737 311 955

2070 216 2446 298 novmsitt

3827 231 3936 292 958

631 367 1007 434 denotabitur;
1055 365 1181 419 dum
1228 373 1317 418 aut
1343 380 1464 439 quae
1495 378 1601 419 non
1628 370 1783 418 erant
1814 357 2009 415 munda
2058 356 2224 412 bene-
2251 357 2302 415 Α
2331 361 2471 407 mata
2488 346 3804 427 remigiis(Levit.tx,l0);atqu:econtra,luecesse
3821 364 3931 405 non

630 466 796 530 dixit,
823 471 913 517 aut
942 476 1062 532 qua:
1094 459 1448 515 benedixerat
1468 502 1482 525 ,
1513 459 1634 530 quia
1660 467 1712 513 et
1741 456 1936 511 munda
1967 464 2021 508 ct
2050 453 2188 508 bona
2210 498 2223 521 ,

629 566 817 631 postea
850 555 1155 625 reprobavit
1183 554 1334 624 quasi
1367 569 1472 609 nou
1516 553 1654 608 bona
1678 594 1693 617 ,
1737 551 1938 622 quippe
1964 549 2085 618 quia
2121 563 2227 602 non

634 650 866 714 munda;
934 650 1090 714 cujus
1152 656 1553 718 consequenter
1601 646 1903 700 enormitas
1970 652 2227 714 perpetua

634 745 874 802 manebit
913 754 965 798 et
994 743 1361 798 controversia
1384 784 1399 807 ,
1432 740 1475 794 si
1509 749 1820 811 perseverat
1863 741 1958 791 ista
2006 736 2227 791 Judaica

633 838 899 905 doctrinm,
919 853 1039 907 qua:
1067 837 1319 891 omnibus
1350 836 1553 889 viribus
1585 834 1907 904 amputanda
1933 841 2015 888 est
2045 850 2057 885 :
2090 833 2102 862 ¹
2136 839 2226 898 ut,

633 932 760 986 dum
785 929 911 1001 quid
944 931 1242 984 enormiter
1282 930 1350 983 ab
1378 928 1510 995 ipsis
1559 928 1805 989 traditur,
1854 942 1881 979 a
1930 925 2086 979 nobis
2131 924 2231 978 tol-

635 1024 817 1081 latur:
851 1035 905 1078 et
958 1038 1182 1092 operum
1227 1036 1447 1076 suorum
1475 1028 1790 1088 competens
1818 1017 2120 1088 dispositio,
2178 1024 2232 1071 et

635 1118 831 1173 divinm
851 1118 871 1148 ³
899 1115 1057 1184 Legis
1085 1129 1393 1184 congruens
1424 1122 1478 1167 et
1503 1112 1760 1182 spiritalis
1792 1112 1956 1164 illatio
1983 1109 2230 1164 remitta-

638 1223 741 1268 tur.
773 1211 876 1266 Sed
927 1219 985 1264 ut
1014 1210 1081 1264 ab
1110 1209 1333 1264 exordio
1369 1224 1572 1272 rerum,
1622 1217 1672 1262 et
1721 1208 1861 1260 unde
1891 1213 2104 1273 oportet
2153 1204 2232 1257 iu-

636 1305 829 1375 eipiatn
856 1321 870 1368 ;
904 1302 1056 1358 cibus
1079 1303 1303 1373 'primis
1332 1302 1646 1357 hominibus
1677 1301 1825 1356 solus
1856 1299 2107 1354 arborum
2133 1300 2232 1353 luit

637 1396 798 1453 fimus
815 1396 1090 1451 etfructus
1108 1393 1427 1467 (Gen.t,29).
1457 1394 1589 1449 Nam
1615 1410 1644 1449 a
1669 1394 1845 1463 pomis
1866 1409 2016 1446 usum
2044 1404 2230 1462 postca

637 1490 703 1545 ad
725 1488 903 1559 fruges
920 1491 1147 1545 contulit
1168 1492 1346 1563 culpa,
1368 1490 1732 1545 conditionem
1750 1487 2097 1543 conscientizr
2115 1488 2231 1558 ipso

638 1582 661 1614 ‘
684 1582 789 1637 situ
818 1584 1063 1652 corporis
1085 1583 1438 1655 approbante.
1467 1582 1597 1637 Nam
1627 1592 1681 1637 et
1711 1583 2018 1637 innocentia
2043 1581 2231 1636 decer—

640 1686 825 1748 pturos
872 1677 1127 1733 alimenta
1166 1694 1233 1734 ex
1297 1677 1615 1745 arboribus,
1679 1676 1855 1732 adhuc
1923 1677 2023 1731 sibi
2095 1676 2233 1733 bene

2334 445 2554 501 munda.
2578 446 2774 499 Alitum
2794 460 3008 516 quoque
3032 443 3322 498 discrimen
3351 441 3560 496 induxit
3596 440 3702 514 (Ib.
3726 456 3774 495 υ.
3810 442 3928 513 15),

2333 544 2353 573 9
2372 541 2712 610 quidqneaut
2742 540 3029 609 reprobum
3048 538 3512 609 judicaretur,aut
3539 536 3821 590 mundum.
3856 537 3929 591 Ita

2333 633 2442 689 Lex
2462 634 2735 688 Solertiam
2781 633 3067 687 maximam
3094 630 3351 686 facieudm
3370 630 3681 684 animalium
3705 644 3932 698 separa-

2336 725 2495 780 tionis
2548 723 2774 778 iu~titnit
2796 768 2810 791 ,
2849 740 2970 794 qum
3000 723 3053 778 in
3090 740 3246 777 uuam
3279 721 3673 777 benedictionis
3703 721 3931 777 fortnam

2335 821 2647 876 constitutio
2691 822 2906 888 antiqua
2936 820 3225 873 contraxit.
3276 817 3415 886 Quid
3465 819 3625 887 igitur
3650 816 3934 872 dicemus?

2335 910 2610 968 immunda
2641 911 2682 942 ¹⁰
2716 927 2782 965 ne
2808 925 2938 980 ergo
2967 910 3260 964 animalia?
3301 909 3440 976 Quid
3465 920 3549 964 est
3575 910 3717 963 enim
3749 910 3895 964 aliud
3916 952 3933 979 ,

2336 1021 2441 1058 non
2475 1003 2671 1058 munda
2695 1046 2709 1067 ,
2759 1019 2919 1073 quam
2950 1020 3071 1073 qua:
3121 1003 3227 1057 Lex
3260 1018 3285 1053 a
3319 1002 3563 1056 ciborum
3616 1002 3796 1056 usibus
3846 1018 3938 1058 se-

2335 1096 2580 1168 paravit?
2607 1096 2742 1165 Quid
2773 1098 2917 1150 enim
2947 1106 3001 1150 et
3030 1095 3158 1149 illud
3192 1094 3335 1165 quod
3361 1095 3474 1164 jam
3502 1095 3765 1149 diximus?
3786 1096 3936 1165 Ergo

2338 1191 2614 1244 iustitutor
2648 1206 2753 1243 non
2801 1188 3121 1242 tmuidorum
3158 1189 3297 1241 Deus
3323 1230 3337 1254 ,
3386 1198 3439 1242 et
3479 1188 3631 1256 culpa
3664 1187 3937 1244 factorum

2337 1280 2389 1336 in
2421 1282 2682 1335 artificem
2719 1280 3083 1345 redundabit,
3133 1279 3227 1350 qui
3257 1296 3363 1334 non
3394 1280 3591 1334 tuuuda
3637 1283 3890 1351 produxit
3918 1301 3934 1337 :

2337 1376 2477 1445 quod
2509 1376 2689 1446 utique
2727 1374 2908 1429 dicere
2950 1383 3207 1428 extremae
3258 1388 3592 1444 summmque
3644 1373 3940 1432 dementia:

2337 1476 2448 1537 est,
2507 1468 2677 1523 Deum
2728 1483 2986 1523 accusare
3012 1468 3164 1536 quasi
3221 1467 3514 1522 instituerit
3546 1468 3855 1536 immunda,
3882 1480 3941 1526 et

2340 1559 2535 1616 divium
2556 1561 2820 1628 maiestati
2840 1561 3043 1614 crimen
3068 1560 3441 1630 inl‘erre,quasi
3464 1559 3651 1615 fecerit
3670 1565 3895 1634 reprobo
3921 1582 3937 1619 :

2338 1656 2639 1724 prmsertim
2666 1671 2787 1710 cum
2836 1665 2890 1709 et
2913 1655 3253 1723 pronuntiata
3297 1655 3401 1709 sint
3427 1652 3576 1709 valde
3621 1655 3754 1710 bona
3784 1657 3938 1729 (Gen.

638 1771 888 1825 eonmzios
918 1770 1164 1825 homines
1178 1771 1244 1825 ad
1274 1785 1508 1840 superna
1531 1769 2232 1836 subrexit,etcommissum

2339 1765 2375 1814 ι,
2397 1749 2511 1820 51),
2538 1759 2590 1803 et
2621 1766 2742 1820 qum
2774 1750 2912 1804 bena
2946 1759 3003 1802 ut
3032 1759 3309 1804 crescerent
3354 1759 3401 1803 et
3443 1750 3937 1822 multiplicarentur,

638 1861 896 1917 delictum
955 1863 1023 1917 ad
1071 1861 1739 1932 conquirendafrumenta
1787 1862 2035 1916 homines
2074 1872 2233 1915 terrae

636 1958 861 2029 soloque
886 1955 1313 2026 dejveit.Pustea
1343 1957 1503 2010 etiam
1539 1953 1700 2027 (Ibid.
1721 1970 1792 2021 ιχ,
1812 1956 1867 2025 5)
1898 1969 2026 2008 usus
2057 1954 2234 2009 carnis

640 2052 906 2116 accessit,
947 2050 1127 2104 divina
1153 2051 1323 2120 gratia
1354 2050 1603 2104 humanis
1633 2049 2044 2105 necessitatibus
2086 2063 2235 2103 com-

642 2141 877 2211 petentia
922 2142 1164 2197 ciborum
1207 2158 1406 2208 genera
1436 2142 1457 2173 ⁸
1501 2158 1722 2212 prorsus
1753 2144 2071 2212 Opportuuis
2102 2151 2235 2197 tetu-

643 2235 864 2304 poribus
897 2236 1223 2305 porrigente.
1278 2235 1411 2290 Nam
1438 2246 1492 2290 et
1520 2244 1734 2291 teneros
1761 2245 1813 2290 ct
1849 2236 2009 2291 rudes
2058 2234 2233 2289 boml-

641 2330 814 2382 mines
834 2329 983 2383 alere
1020 2328 1249 2383 debebat
1274 2329 1521 2393 mollior,
1552 2330 1725 2391 cibus,
1760 2330 1853 2383 6et
1884 2346 1989 2383 nou
2014 2330 2133 2383 sine
2160 2329 2235 2382 la-

644 2420 774 2474 bore
795 2420 1095 2486 confectus,
1122 2419 1187 2474 ad
1215 2420 1646 2476 emendationem
1674 2421 1912 2486 scilicet;
1952 2438 2016 2476 ne
2038 2422 2235 2478 iterum

643 2514 835 2570 liberet
886 2514 1230 2586 delinquere,
1291 2515 1336 2569 si
1369 2516 1729 2571 innocentiam
1771 2516 2051 2585 impositus
2084 2516 2237 2571 labor

643 2623 751 2664 non
779 2609 1113 2665 admoneret.
1156 2609 1222 2664 Et
1252 2611 1376 2680 quia
1419 2611 1528 2680 jam
1579 2626 1683 2665 non
1732 2610 2011 2681 paradisus
2056 2622 2237 2666 custo-

644 2704 907 2771 diendus,
958 2704 1055 2760 sed
1102 2688 1347 2761 mundus
1388 2714 1530 2761 totus
1557 2705 1731 2761 fuerat
1760 2706 2109 2772 excolendos,
2139 2723 2235 2762 ro-

642 2798 848 2854 bustior
895 2798 1048 2854 cibus
1094 2802 1273 2854 carnis
1328 2798 1587 2866 olTertur,
1641 2811 1697 2854 ut
1749 2800 1815 2854 ad
1875 2800 2237 2855 emolumenta

642 2894 866 2949 culturae
923 2895 1043 2963 plus
1086 2894 1286 2965 aliquid
1340 2894 1695 2950 humanorum
1727 2910 2013 2965 corporum
2036 2896 2237 2950 viribus

643 2985 955 3041 adderetur.
982 2986 1105 3042 ﬂare
1128 2988 1307 3042 omnia
1348 2988 1516 3057 gratia
1561 2988 1663 3059 (ut
1691 2986 1799 3041 dixi
1849 2988 1867 3058 )
1912 3000 1965 3042 et
2003 2988 2237 3058 disposi-

646 3080 790 3135 tione
815 3080 1010 3145 divina,
1065 3098 1129 3136 ne
1151 3094 1243 3138 aut
1272 3085 1449 3138 minus
1478 3082 1795 3138 redderetur
1844 3084 2119 3139 robustior
2162 3087 2239 3138 ci-

646 3176 744 3230 bus
771 3189 879 3245 quo
899 3174 1081 3230 referti
1131 3176 1197 3229 ad
1231 3191 1394 3245 opera
1424 3167 1818 3233 niarcescerent
1844 3220 1858 3241 ,
1888 3187 1980 3230 ant
2002 3178 2236 3247 amplius

549 3276 560 3287 ‘
648 3270 915 3334 tenerior,
953 3283 1061 3339 quo
1111 3284 1206 3338 pro
1235 3269 1397 3324 modo
1425 3270 1618 3324 virium
1647 3271 1892 3339 oppressi
1940 3268 2080 3325 ferre
2126 3284 2234 3324 non

649 3372 886 3434 possent.
946 3361 1057 3417 Lex
1115 3372 1294 3416 autem
1355 3364 1693 3434 postmodum
1754 3363 2036 3417 subsecuta
2088 3363 2238 3417 cibos

649 3456 827 3510 carnis
861 3470 982 3510 cum
1011 3454 1339 3509 discretione
1365 3454 1631 3524 disposuit
1661 3472 1673 3509 :
1720 3456 1962 3525 quaedam
1996 3455 2136 3509 enim
2171 3454 2239 3510 ad

652 3549 671 3580 "
704 3564 880 3611 usum,
905 3548 1055 3619 quasi
1090 3548 1286 3603 munda
1319 3549 1607 3603 contribuit
1654 3558 1708 3603 et
1736 3549 2003 3604 conccsdt
2033 3552 2242 3604 anima-

650 3640 759 3706 lia;
790 3640 1033 3708 qumdam
1066 3640 1363 3703 interdixit,
1404 3642 1557 3711 quasi
1590 3657 1693 3697 non
1727 3642 1923 3697 munda
1947 3686 1960 3708 ,
2014 3651 2067 3697 et
2100 3647 2244 3713 ipsos

649 3731 871 3788 edentes
894 3734 1255 3802 iuquiuatura.
1289 3732 1353 3787 Et
1382 3732 1704 3787 mundorum
1733 3734 1946 3805 quidem
1979 3733 2118 3788 hanc
2143 3734 2245 3789 for-

649 3841 790 3880 mam
838 3824 1009 3893 dedit,
1034 3836 1089 3880 ttt
1118 3842 1238 3897 qua:
1257 3826 1618 3880 ruminatione
1643 3827 1912 3881 ruminent
1939 3837 1990 3880 et
2017 3827 2242 3897 ungulas

649 3918 885 3986 findant,
918 3918 1152 3983 munda;
1176 3918 1447 3975 immunda
1473 3961 1488 3986 ,
1513 3937 1632 3991 qua:
1661 3930 1908 3974 neutrum
1943 3920 2132 3975 borum
2159 3921 2242 3977 vel

647 4011 878 4068 alterum
896 4006 1093 4067 faciant
1117 4011 1301 4083 (Levii.
1325 4010 1555 4086 xt,3,4).
1582 4014 1670 4069 Sic
1699 4015 1750 4069 in
1777 4015 2010 4085 piscibus
2029 4031 2243 4087 quoque

649 4103 670 4135 ⁸
687 4120 748 4160 ea
766 4103 983 4161 denmm
999 4106 1196 4161 munda
1216 4115 1399 4162 essent
1415 4123 1535 4181 qua:
1548 4118 1802 4178 cooperta
1823 4109 2061 4179 squamis-
2088 4119 2141 4165 et
2157 4126 2244 4165 ar-

2340 1842 2768 1898 beuedictionem
2822 1845 2890 1897 ab
2926 1842 3045 1912 ipso
3077 1842 3186 1897 Deo
3233 1843 3340 1896 sint
3366 1854 3679 1898 consecuta.
3714 1844 3943 1913 Insuper

2338 1936 2498 1989 etiam
2552 1933 2827 2004 (Ibid.vu.
2848 1934 2906 2005 2)
2962 1936 3014 1990 in
3058 1950 3183 1990 arca
3215 1935 3330 1991 Noe
3366 1947 3638 2006 prmecpto
3669 1936 3945 1994 Creatoris

2339 2026 2578 2096 ipsorum
2607 2028 2672 2082 ad
2704 2027 2947 2081 sobolem
2981 2038 3255 2082 reservata
3284 2045 3297 2080 :
3327 2039 3385 2083 ut
3409 2037 3463 2084 et
3489 2032 3791 2084 necessaria
3816 2046 3949 2101 pro-

2340 2120 2615 2187 barentur,
2647 2121 2772 2175 dum
2800 2122 3210 2187 custodiuntur;
3240 2131 3294 2177 et
3326 2124 3484 2185 bona,
3528 2123 3652 2177 dum
3679 2139 3947 2178 necessa-

2338 2217 2807 2284 ria,probarentur
2831 2234 2845 2270 :
2876 2217 2998 2271 licet
3028 2216 3099 2270 ibi
3134 2231 3350 2285 quoque
3371 2217 3439 2270 sit
3468 2217 3507 2248 ¹¹
3531 2215 3821 2272 discrimen
3842 2217 3948 2272 ad-

2334 2309 2560 2380 jectum.
2594 2309 2699 2366 Sed
2734 2319 2910 2363 tamen
2960 2309 3048 2365 vel
3080 2319 3207 2363 tunc
3237 2310 3503 2364 inStitotio
3549 2312 3777 2364 istorum
3834 2327 3945 2367 non

2339 2404 2661 2457 mundorum
2695 2402 2930 2457 funditus
2972 2403 3237 2472 potuisset
3262 2402 3458 2456 auferri
3485 2444 3497 2466 ,
3530 2403 3574 2456 si
3596 2413 3820 2474 propter
3862 2403 3942 2458 in.

2339 2495 2743 2567 quinamentum
2773 2511 2930 2550 suum
2952 2496 2995 2528 “
3024 2494 3303 2556 debuisset
3340 2494 3568 2550 aboleri.

2949 2610 3177 2668 CAPUT
3224 2608 3311 2667 IIl.

2344 2705 2463 2762 Non
2490 2706 2745 2777 culpanda
2763 2707 2929 2777 itaque
2945 2704 3206 2758 immunda
3235 2705 3501 2771 animalia,
3522 2721 3583 2759 ne
3603 2706 3657 2759 in
3672 2705 3946 2760 Auctorem

2413 2801 2565 2869 culpa
2608 2808 2906 2854 revocctur:
2937 2798 3025 2852 sed
3063 2798 3270 2870 quando
3313 2798 3612 2851 irrationale
3645 2799 3838 2851 animal
3881 2799 3947 2853 ob

2414 2893 2607 2963 aliquid
2636 2893 2883 2958 rejicitur,
2910 2892 3071 2962 magis
3093 2889 3227 2945 illud
3245 2891 3413 2962 ipsum
3452 2892 3505 2944 in
3531 2907 3589 2944 eo
3602 2892 3691 2962 qui
3717 2892 3948 2946 rationa‘

2417 2988 2478 3040 lis
2498 2997 2570 3042 est
2597 2988 2798 3041 homine
2823 2987 3058 3040 damnari
3103 3002 3120 3039 :
3154 2982 3219 3039 In
3249 2986 3560 3040 animalibus
3582 2987 3801 3058 proinde
3834 3004 3950 3042 mo-

2413 3098 2492 3135 res
2521 3082 2767 3134 humanos
2788 3090 2927 3133 actus
2957 3090 3004 3133 et
3032 3079 3310 3133 voluntates
3339 3078 3565 3150 depingi.

2264 3159 2308 3220 (ἶ
2413 3176 2685 3242 Quatenus
2730 3188 2857 3242 ergo
2907 3169 3004 3245 (ut
3060 3171 3317 3241 Apostolo
3369 3182 3587 3227 auctore
3628 3171 3952 3228 monstravi-

2344 3268 2498 3343 mus)
2552 3268 2802 3339 spiritalis
2846 3267 2954 3323 Lex
2986 3267 3083 3321 ista
3145 3265 3455 3337 spiritaliter
3500 3265 3800 3337 recipienda
3838 3276 3947 3333 est,

2344 3374 2395 3417 ut
2429 3360 2583 3431 Legis
2616 3360 2751 3415 ratio
2782 3359 2953 3414 (Ιίςίιιίι
2982 3367 3035 3413 et
3062 3368 3207 3414 certa
3243 3360 3560 3427 przestetur?
3606 3359 3779 3414 Primo
3822 3374 3953 3414 crc-

2343 3453 2577 3510 deudum
2617 3462 2702 3508 est
2728 3451 2982 3523 quidquid
3015 3461 3095 3506 est
3124 3464 3153 3505 a
3182 3450 3293 3506 Deo
3316 3451 3630 3514 institutum,
3677 3450 3948 3508 mundum

2346 3563 2500 3614 esse,
2553 3553 2607 3601 et
2662 3545 2773 3614 ipsa
2830 3543 3178 3598 institutionis
3230 3544 3544 3598 auctoritate
3602 3548 3886 3613 purgatum
3920 3561 3939 3598 :

2347 3654 2522 3710 neque
2551 3635 2898 3704 culpandum,
2934 3651 3001 3690 ne
3030 3636 3079 3689 iu
3111 3634 3408 3691 Anetorem
3453 3635 3606 3704 culpa
3632 3644 3951 3693 revocetur.

2350 3728 2547 3787 Deinde
2566 3729 2762 3800 Legem
2787 3728 2852 3781 ad
2880 3726 2983 3782 bne
3014 3726 3137 3781 filiis
3164 3726 3329 3783 Israel
3355 3724 3555 3793 datam,
3590 3736 3647 3781 ut
3674 3742 3773 3799 per
3799 3729 3949 3784 illam

2349 3825 2673 3896 proficerent
2727 3831 2779 3875 et
2833 3820 3067 3875 redirent
3109 3820 3173 3874 ad
3231 3834 3410 3875 mores
3460 3820 3665 3884 bonos,
3718 3836 3853 3891 quos
3902 3821 3949 3853 ⁸³

2348 3939 2471 3979 cum
2495 3940 2522 3976 a
2554 3922 2800 3977 Patribus
2831 3921 3190 3992 accepissent,
3236 3920 3287 3973 iu
3314 3916 3549 3990 Egypto
3576 3926 3789 3989 propter
3815 3932 3953 3972 con-

2346 4017 2681 4072 suetudinem
2712 4014 2952 4069 barbara:
2976 4013 3150 4083 gentis
3175 4019 3558 4080 corruperant.
3618 4010 3854 4079 Denique
3888 4019 3953 4067 et

2349 4110 2537 4168 decem
2569 4107 2962 4166 Sermonesilli
3005 4107 3057 4163 in
3082 4105 3280 4161 tabulis
3326 4105 3457 4161 nihil
3500 4120 3695 4161 novum
3725 4102 3953 4174 docent,

1774 4221 2143 4280 GALLANDII
2184 4223 2748 4284 COMMENTARIUS.

651 4358 918 4415 Jacksouo
940 4376 953 4421 ;
978 4360 1117 4428 quod
1148 4360 1468 4430 conjiciebat
1499 4362 1658 4417 etiam
1692 4362 2101 4418 Welcltmantts.
2149 4365 2236 4419 Al.

652 4433 829 4484 volunt
856 4431 1034 4497 videri,
1064 4432 1404 4487 denotabitur.

728 4505 743 4534 ί
772 4502 868 4565 Ut,
890 4508 1008 4557 dum
1036 4505 1177 4573 quid.
1211 4504 1894 4578 ExistimatWt-lchmanus
1919 4506 2236 4578 legendum,

655 4584 708 4629 ut
735 4581 872 4645 quod
900 4578 1192 4639 eummiter,
1225 4575 1525 4632 Jacksonus
1560 4593 1708 4637 vero,
1744 4589 1794 4630 ut
1822 4579 2092 4647 quidquid.

726 4646 747 4676 ⁴¹
781 4647 949 4717 Legio.
986 4648 1074 4702 Sic
1120 4648 1336 4702 Pamclti
1368 4649 1534 4702 editio
1566 4648 1726 4704 1655.
1755 4646 1887 4703 Aliis
1917 4650 2091 4717 placet
2120 4650 2239 4719 legi.

656 4716 773 4771 Mox
836 4716 930 4783 pro
980 4720 1268 4773 remittatur
1321 4721 1567 4775 rescribit
1627 4720 1867 4775 Latinius
1917 4716 2241 4777 retinentur:

657 4803 778 4859 qua?
810 4789 966 4843 lectio
999 4793 1252 4858 probatur
1273 4792 1558 4846 Jacksouo.

731 4859 752 4890 ³
777 4859 982 4917 Primis.
1010 4864 1079 4916 Ita
1106 4865 1372 4918 editiones
1407 4861 2242 4933 f‘atuelianm1617,1655JGGQ;

655 4947 779 5003 qua:
801 4949 923 4989 vera
959 4934 1167 4988 \idetur
1193 4935 1369 4989 lcetio.
1400 4935 1483 4989 Al.
1528 4937 1743 5005 primus.

729 5005 751 5037 ‘
781 5005 899 5061 Situ
955 5008 1207 5075 corporis.
1280 5006 1542 5075 Quoniam
1575 5022 1760 5061 versus
1811 5017 2007 5063 terram
2036 5009 2247 5067 declive

654 5085 739 5132 est
788 5092 983 5149 corpus
1038 5080 1091 5133 iu
1142 5079 1388 5134 SPPOIIdIS
1440 5090 1494 5134 et
1545 5079 1812 5134 meteudis
1866 5081 2129 5147 frugibus.

1735 5150 1987 5208 Jscsson.

732 5222 752 5252 ⁵
774 5219 1000 5277 Prorsus
1018 5223 1341 5291 apporlunis.
1357 5223 1447 5281 Sic
1461 5224 1730 5279 Pamelius
1752 5224 1969 5294 aliique.
1992 5225 2094 5280 Alii
2126 5238 2253 5280 vero

659 5308 867 5362 prorsus
897 5296 1171 5347 omittunt.

732 5364 753 5394 ⁸
773 5363 837 5419 Et
862 5383 962 5441 non
988 5369 1098 5441 sine
1127 5368 1300 5441 labore
1326 5372 1608 5441 confectus.
1626 5367 1750 5423 Have
1781 5377 1862 5420 est
1892 5367 2252 5423 lectinPame-

656 5434 818 5508 liana.
857 5437 961 5493 Sed
988 5438 1183 5507 aliquid
1206 5441 1395 5496 deesse
1422 5434 1647 5499 ridetur.
1672 5454 1984 5508 qlltlSOllStlS
2013 5450 2253 5502 constet;

658 5505 731 5583 sic
760 5506 897 5583 forte
919 5505 1298 5579 supplendum.
1326 5524 1371 5566 et
1389 5505 1987 5583 provectiores(~ttbaudi
2011 5513 2147 5568 alere
2178 5514 2257 5567 de-

657 5575 798 5634 bebat
825 5575 995 5649 cibus)‘
1023 5575 1122 5636 non
1145 5585 1321 5638 sine...

729 5650 955 5741 (Unam.
995 5652 1151 5737 Esaia
1181 5656 1309 5721 legit
1344 5655 1576 5736 Isidorus
1610 5656 1942 5741 llispalensis
1971 5662 2067 5741 qui
2095 5655 2259 5710 multa

651 5726 717 5770 εκ
743 5720 847 5781 hoc.
871 5722 1148 5782 Novatiani
1179 5738 1350 5793 opere
1388 5727 1695 5799 exscripsit,
1711 5720 1847 5800 'cap.
1872 5743 1946 5786 Ix.
1974 5720 2259 5803 Cbmment.

2348 4369 2403 4422 in
2429 4367 2589 4422 Leuit.
2614 4366 2703 4422 Sic
2730 4365 2891 4423 etiam
2916 4366 2997 4419 bis
3026 4365 3151 4435 legit
3182 4364 3321 4419 Beda
3344 4372 3557 4422 nostras
3569 4363 3909 4419 Venerabilis
3936 4381 3953 4420 :

2265 4438 2317 4498 D
2343 4449 2395 4495 et
2422 4457 2455 4510 g
2491 4455 2676 4494 rmaua
2712 4439 2919 4493 videtur
2948 4439 3124 4510 lectio.
3157 4438 3276 4492 Mox
3310 4437 3546 4492 Isidorus
3580 4436 3787 4506 Histial.
3808 4452 3959 4505 quas-

2344 4508 2463 4565 dant
2492 4529 2605 4565 vero
2630 4510 2913 4564 interdixit.
2940 4508 3196 4566 Jacxsou.

2417 4583 2438 4615 ⁸
2468 4582 2547 4635 Eu
2591 4582 2813 4637 demum.
2849 4582 3026 4634 Secuti
3078 4597 3266 4635 sumus
3306 4580 3630 4636 Jacksonum
3656 4579 3729 4634 ita
3759 4578 3958 4635 rescri-

2346 4654 2517 4710 benti~
2546 4670 2607 4707 ex
2643 4668 2742 4706 ms.
2774 4650 3035 4707 Wowvri.
3074 4653 3157 4707 Al.
3184 4653 3378 4706 eadem.

2418 4729 2439 4759 9
2468 4725 2722 4794 Quidque.
2752 4724 3059 4795 Legendum
3079 4734 3303 4781 censent
3342 4724 3577 4780 editores
3628 4722 3845 4794 Anglic.
3874 4732 3957 4791 ut,

2349 4797 2430 4852 vel
2454 4814 2553 4865 quo
2578 4798 2818 4868 quidque.

2424 4868 2465 4899 ὀ
2482 4866 2758 4922 Imniunda
2780 4885 2858 4922 ne.
2880 4868 2955 4922 ita
2971 4883 3034 4923 ex
3049 4868 3260 4921 Latinio
3275 4867 3543 4923 Pamelius
3560 4879 3607 4921 et
3630 4866 3958 4921 Jacksonus.

2350 4943 2420 4997 At
2464 4940 2848 4995 Welcluuauus
2883 4940 3028 4995 edito
3080 4939 3419 4995 Frobeniana
3458 4939 3742 4993 adba'rens
3776 4956 3790 4991 :
3843 4943 3960 4992 lm-

2353 5015 2543 5066 mumla
2566 5030 2628 5066 ne
2649 5030 2768 5082 ergo
2796 5011 3042 5065 animalia
3076 5011 3217 5076 (quid
3244 5021 3315 5065 est
3346 5013 3478 5065 enim
3503 5011 3649 5065 aliud
3677 5027 3777 5063 non
3809 5027 3963 5064 mun-

2353 5087 2418 5138 da
2432 5085 2481 5153 ?)
2513 5083 2640 5148 Qua!
2670 5083 2777 5138 Lex
2802 5101 2834 5136 a
2863 5082 3087 5137 crborum
3109 5084 3283 5137 usibus
3309 5082 3603 5150 separavit?
3631 5082 3802 5153 Paulo
3835 5088 3956 5148 post

2355 5152 2496 5210 idem
2557 5155 2936 5210 Welcltmuutts
2990 5154 3155 5207 edidit
3202 5171 3265 5208 ex
3321 5164 3603 5224 prtvcepto,
3656 5152 3957 5222 Gaguznum

2355 5228 2690 5283 exsvribens.
2748 5228 2852 5283 Sed
2882 5242 2953 5281 ex
2983 5224 3217 5281 Pamelio
3247 5225 3471 5296 aliisque
3516 5225 3957 5295 prtepositiouem

2356 5315 2652 5356 OlllISlllIllS.

2433 5371 2472 5403 “
2498 5371 2777 5424 Discrimen
2795 5363 3070 5439 adjectum.
3090 5369 3163 5423 lta
3186 5369 3558 5439 rescripsimus
3578 5383 3703 5423 cum
3730 5366 3959 5423 editori-

2358 5444 2456 5497 bus
2494 5442 2815 5497 Anelicaz-is.
2844 5442 2930 5496 Al.
2958 5443 3145 5494 crimen
3176 5442 3492 5504 adiunctum.

2437 5515 2478 5546 "
2503 5514 2781 5568 Debuisset.
2809 5513 3001 5567 Censet
3025 5512 3409 5568 Welclunauus
3438 5512 3725 5583 legendum
3754 5511 3960 5566 debuis-

2358 5598 2488 5642 sent.
2531 5585 2805 5640 Cunscutit
2824 5583 3140 5639 .lacksouus.

2432 5657 2562 5713 CAP.
2605 5656 2692 5715 lli.
2723 5685 2793 5699 -ο
2820 5656 2864 5688 ¹³
2891 5655 3022 5711 Cum
3051 5674 3083 5713 a
3113 5657 3369 5713 Patribus.
3407 5655 3676 5725 Isidorus,
3700 5675 3819 5712 cum
3843 5664 3957 5711 ante

2365 5748 2397 5787 a
2428 5730 2693 5787 Panibus.
2719 5730 2974 5788 Jscxsou.
3290 5742 3301 5753 '
