4260 6266
409 307 517 369 937

1439 289 1445 296 '
1527 306 1618 363 ne
1656 307 1829 364 CIBIS
1865 306 2175 366 JUDAICIS
2201 307 2557 366 EPISTOLA.

3604 284 3713 376 ass

405 425 506 484 sed
549 421 693 497 quod
728 419 1071 479 obliteratum
1110 417 1285 477 fuerat
1333 420 1670 478 admonent:
1712 431 1771 477 ut
1803 421 2007 494 justitia
2039 425 2083 486 A
2112 423 2243 481 Nam
2288 432 2341 480 et
2387 425 2475 497 qui
2507 426 2734 484 alterum
2773 426 3003 496 faciunt,
3050 442 3151 484 nec
3195 427 3295 501 ipsi
3345 430 3553 500 mundi,
3582 433 3712 491 dum

408 521 465 577 in
489 518 619 585 illis,
671 516 873 588 ignium
917 528 1088 577 more,
1141 514 1290 584 quasi
1324 511 1507 567 afﬂatu
1551 511 1778 584 quodam
1824 513 2004 583 Legis,

408 613 587 683 Sopita
620 606 999 664 recalescerct.
1055 605 1325 661 Proﬁcere
1378 612 1553 659 autem
1589 607 2011 676 poterantintel-

408 706 555 763 lecto
608 701 729 774 plus
777 701 830 755 in
867 699 1176 755 hominibus
1230 699 1358 754 vitia
1411 698 1692 777 fugienda,
1736 716 1855 771 quae
1900 700 2011 756 Lex

408 800 720 855 damnasset
740 795 900 850 etiam
932 794 982 848 in
1027 794 1326 862 pecoribus.
1385 791 1518 849 Nam
1552 794 1767 865 quando
1798 795 2009 849 irratio—

408 892 530 949 nale
561 889 759 945 animal
791 886 860 943 ob
904 886 1106 955 aliquid
1162 887 1426 957 rejicitur,
1459 890 1629 959 magis
1671 889 1800 943 illud
1835 890 2009 961 ipsum

412 987 465 1042 in
489 1001 555 1042 eo
598 984 688 1054 qui
738 982 1016 1038 rationalis
1070 990 1153 1037 est
1206 981 1422 1037 homine
1468 981 1755 1037 damnatur
1785 985 1823 1037 ¹.
1858 983 1928 1038 Ει
1965 984 2010 1039 si

409 1080 465 1136 in
509 1094 575 1135 eo
604 1077 801 1149 aliquid
846 1075 988 1148 quod
1020 1091 1090 1133 ex
1145 1086 1329 1131 natura
1357 1076 1518 1131 habet
1564 1078 1719 1150 quasi
1761 1077 2010 1147 inquina-

411 1183 652 1227 mentum
686 1179 937 1235 notatur;
985 1169 1107 1242 plus
1156 1170 1444 1239 culpabile,
1493 1186 1615 1225 eum
1644 1169 1773 1225 illud
1823 1180 2007 1226 contra

412 1274 661 1321 naturam
693 1263 743 1318 in
772 1263 991 1318 homine
1036 1264 1388 1333 competitor.
1428 1262 1588 1335 Ergo,
1625 1274 1680 1317 ut
1711 1263 1958 1319 homines
1988 1265 2008 1295 ’

412 1358 823 1422 mundarentur,
859 1372 1052 1427 pecora
1082 1356 1295 1428 culpata
1320 1366 1443 1410 sunt
1469 1373 1482 1422 ;
1518 1357 1723 1412 scilicet
1752 1366 1882 1411 utet
1913 1357 2013 1411 ho-

411 1455 585 1509 mines
616 1453 706 1523 qui
751 1450 939 1507 eadem
983 1452 1110 1505 vitia
1135 1448 1419 1512 haberent,
1472 1451 1706 1522 arquales
1728 1449 2014 1523 pecoribus

410 1547 829 1603 mstimarentur.
878 1544 995 1612 Quo
1020 1553 1176 1612 pacto
1199 1542 1394 1599 factum
1425 1555 1529 1610 est,
1555 1555 1611 1599 ut
1635 1561 1733 1601 nec
1762 1546 2013 1600 animalia

412 1643 804 1697 damnarentur
857 1639 925 1694 ab
971 1638 1304 1704 Institutore,
1339 1640 1420 1693 sui
1448 1639 1641 1709 culpa;
1688 1648 1743 1694 et
1770 1640 2015 1695 homines

408 1735 468 1789 in
519 1732 805 1805 pecoribus
850 1730 1042 1788 eruditi
1095 1729 1161 1786 ad
1214 1731 1614 1786 innnaculatam
1662 1731 2015 1788 institutionis

2116 530 2332 575 suntex
2365 522 2534 576 altero
2581 522 2806 589 debiles,
2848 538 2947 577 nec
2996 523 3047 579 in
3081 534 3308 595 utroque
3336 528 3578 594 perfecti.
3650 527 3715 586 Hi

2116 623 2293 668 autem
2325 622 2450 669 sunt
2488 625 2577 668 aut
2608 627 2890 687 utrumque
2947 617 3217 681 facientes,
3262 628 3319 674 ut
3357 618 3590 687 Fideles,
3623 622 3713 693 qui

2116 707 2340 773 mundi;
2370 716 2463 762 aut
2482 708 2734 773 alterum,
2777 720 2836 764 ut
2881 709 3053 766 Judati
3083 721 3137 766 et
3169 712 3435 781 Hreretici,
3474 717 3562 788 qui
3590 726 3716 775 sunt

2117 798 2821 869 inquinati;autneutrum,
2880 814 2935 857 ut
2987 803 3207 867 ethnici.
3259 808 3349 877 qui
3398 818 3525 864 sunt
3578 826 3713 868 cono

2118 905 2407 964 sequentur
2461 895 2743 951 immundi.
2800 895 2875 951 lta
2928 897 2979 951 in
3026 900 3365 965 animalibus,
3393 918 3487 969 per
3512 903 3711 972 Legem

2117 985 2269 1055 quasi
2298 985 2564 1056 quoddam
2605 987 2851 1041 humana:
2902 989 3023 1043 vit:e
3054 991 3328 1059 speculum
3359 995 3707 1051 constitutum

2115 1090 2217 1144 est,
2248 1079 2302 1133 in
2332 1094 2438 1150 quo
2466 1079 2725 1149 imagines
2747 1081 3079 1137 sanctionum
3105 1083 3467 1149 considerent,
3496 1096 3556 1141 ut
3584 1088 3706 1157 plus

2118 1176 2306 1230 vitiosa
2335 1189 2560 1245 qumque
2607 1174 2911 1230 hominibus
2936 1186 3122 1231 contra
3156 1187 3400 1233 naturam
3423 1181 3713 1236 commissa

2119 1267 2533 1332 damnarentur,
2585 1267 2710 1321 dum
2763 1268 2923 1323 etiam
2965 1270 3282 1325 naturaliter
3328 1271 3379 1325 in
3427 1274 3717 1342 pecoribus

2119 1361 2405 1417 constituta
2445 1363 2747 1431 culpantur.
2794 1360 2925 1418 Nam
2955 1362 3177 1432 quodin
3232 1364 3468 1434 piscibus
3496 1366 3515 1396 "
3550 1380 3715 1436 squa-

2120 1455 2222 1511 mis
2274 1469 2465 1524 aspera
2528 1469 2625 1523 pro
2671 1453 2882 1509 mundis
2930 1454 3221 1524 habentur;
3271 1457 3447 1526 asperi
3499 1466 3553 1512 et
3604 1457 3718 1512 his-

2121 1548 2227 1620 pidi
2275 1556 2330 1605 ct
2380 1547 2502 1602 hirti
2567 1558 2619 1603 et
2671 1547 2809 1603 ﬁrmi
2867 1556 2918 1603 et
2974 1562 3166 1615 graves
3206 1564 3388 1605 mores
3436 1549 3716 1606 hominum

2122 1642 2450 1717 probantur:
2480 1657 2601 1712 qua:
2656 1653 2833 1695 autem
2890 1642 3009 1699 sine
3058 1642 3139 1696 Itis
3163 1650 3309 1706 Stlttt,
3361 1643 3667 1709 immunda;
3696 1646 3719 1679 ⁸

2121 1734 2241 1805 quia
2282 1733 2427 1789 leves
2457 1743 2511 1788 ct
2559 1734 2745 1789 lubrici
2793 1743 2845 1788 et
2889 1734 3038 1789 inﬁdi
3091 1745 3146 1789 et
3199 1734 3487 1790 effeminati
3538 1750 3719 1792 mores

412 1841 527 1881 suae
556 1834 774 1898 possent
819 1823 997 1879 redire
1036 1833 1303 1879 naturam.
1364 1823 1826 1881 Considerandum
1873 1827 2015 1882 enim
2047 1834 2094 1893 B
2125 1827 2512 1897 improbantur.
2547 1827 2683 1892 Quid
2699 1828 2839 1883 enim
2859 1827 2969 1881 vult
2989 1826 3089 1880 sibi
3108 1826 3214 1882 Lex
3231 1843 3348 1881 cum
3366 1827 3495 1882 dicit
3529 1826 3716 1898 (Leuit.

413 1918 686 1993 quomodo
711 1917 819 1972 Lex
847 1916 1042 1972 munda
1069 1927 1123 1971 et
1170 1932 1275 1971 non
1309 1917 1503 1972 munda
1532 1917 1787 1973 discernit
1814 1936 1826 1972 :
1861 1918 2017 1974 Mun-

413 2018 500 2079 da,
545 2012 735 2083 inquit,
768 2022 818 2066 et
842 2011 1100 2064 ruminant
1125 2021 1171 2064 et
1200 2011 1445 2083 ungulam
1473 2011 1719 2079 ﬁndunt;
1748 2013 2016 2067 immunda

413 2086 665 2163 neutrum
698 2104 921 2170 faciunt,
954 2112 1047 2159 aut
1077 2120 1140 2159 ex
1170 2103 1382 2159 duobus
1411 2120 1573 2159 unum
1615 2104 1833 2175 aliquid.
1887 2106 2016 2160 0m-

412 2201 499 2255 nia
525 2200 623 2254 ista
658 2214 797 2255 unus
827 2197 1021 2253 artifex
1052 2195 1212 2263 fecit;
1239 2207 1293 2253 et
1322 2199 1409 2267 qui
1438 2196 1555 2252 fecit
1585 2198 1696 2266 ipse
1723 2198 2015 2254 benedixit.

414 2292 813 2347 Institutionem
837 2290 998 2361 igitur
1020 2289 1268 2345 mundam
1289 2290 1570 2360 utriusque
1586 2292 1878 2363 conspicio;
1894 2292 2017 2362 quia

418 2394 472 2439 et
495 2385 583 2455 qui
610 2384 838 2438 instituit
856 2392 1073 2437 sanctus
1088 2393 1188 2445 est,
1210 2392 1395 2453 etquzc
1410 2383 1645 2438 instituta
1666 2393 1791 2437 sunt
1806 2384 2018 2453 culpam

419 2491 525 2531 non
546 2475 893 2541 babent,dum
912 2473 1015 2530 hoc
1030 2485 1150 2529 sunt
1172 2475 1314 2547 quod
1335 2475 1469 2531 faeta
1490 2474 1856 2531 sunt.Crimen
1875 2477 2020 2533 enim

418 2585 706 2642 numquam
738 2579 946 2635 natura,
966 2569 1057 2623 sed
1082 2570 1327 2624 voluntas
1347 2584 1595 2639 perversa
1619 2571 1869 2640 excipere
1890 2586 2020 2626 con-

419 2664 612 2718 suevit.
664 2662 803 2732 Quid
835 2678 964 2737 ergo
1003 2664 1128 2718 est?
1183 2662 1239 2717 In
1268 2664 1586 2718 animalibus
1616 2680 1796 2720 mores
1825 2665 2019 2735 depinc

420 2766 616 2826 guntttr
644 2756 887 2821 humani,
932 2765 985 2812 et
1026 2767 1197 2825 actus,
1246 2766 1299 2812 et
1355 2757 1376 2787 ³
1428 2756 1753 2814 voluntates.
1818 2759 2017 2827 Mundi,

422 2849 466 2902 si
495 2850 786 2914 ruminent,
822 2848 874 2903 id
904 2858 986 2904 cst
1018 2850 1069 2904 in
1100 2865 1196 2905 ore
1241 2865 1458 2920 semper
1509 2850 1745 2905 habeant
1795 2852 1815 2881 ‘
1865 2855 2018 2923 quasi

423 2941 597 2997 cibum
637 2952 902 3015 praecepta
929 2944 1131 2999 divina.
1191 2942 1458 3015 Unguium
1509 2943 1735 3013 ﬁndttnt,
1782 2946 1824 3000 si
1869 2947 2020 3002 ﬁrmo

422 3035 588 3107 gradu
625 3037 983 3104 innocentiae,
1036 3025 1257 3105 iustitia:
1310 3039 1594 3108 omnisque
1643 3039 1852 3092 virtutis
1898 3040 2020 3093 vita:

423 3129 613 3183 itinera
641 3129 952 3183 coniiciunt.
1011 3131 1208 3184 Eorum
1234 3132 1374 3184 ettitn
1408 3148 1527 3200 qum
1559 3132 1609 3184 in
1637 3130 1769 3183 duas
1798 3131 2019 3201 ungulas

422 3220 612 3290 pedem
666 3221 933 3287 dividunt,
982 3222 1233 3276 robustus
1275 3238 1492 3291 semper
1542 3224 1783 3278 incessus

423 3314 686 3370 lubricum
741 3317 909 3386 partis
935 3315 1159 3370 alterius
1189 3318 1398 3385 ungula:
1421 3318 1760 3373 ﬁrmamento
1782 3316 2017 3387 fulcitur,

423 3409 555 3463 etin
587 3408 796 3479 vestigii
839 3408 1110 3463 soliditate
1158 3411 1438 3464 retinetur.
1502 3410 1590 3465 Sic
1633 3412 1720 3483 qui
1773 3421 2020 3466 neutrum

423 3500 643 3567 faciunt,
703 3502 965 3557 immundi
1006 3513 1175 3558 sunt:
1208 3520 1435 3575 quorum
1482 3520 1581 3560 nec
1638 3506 1687 3559 in
1738 3505 2023 3561 virtutibus

425 3594 611 3650 ﬁrmus
656 3597 675 3628 "
722 3597 999 3669 ingressus
1065 3608 1182 3662 est,
1244 3614 1343 3655 nec
1386 3599 1689 3655 divinorum
1729 3612 2025 3672 prtecepto-

426 3704 545 3743 rum
598 3690 657 3755 ",
706 3706 856 3747 more
918 3692 1063 3746 illius
1118 3692 1525 3756 rmninationis,
1601 3693 1789 3748 teritur
1846 3694 2018 3749 cibus.

2120 1937 2196 1986 XI,
2228 1919 2286 1991 4)
2335 1918 2594 1973 Camelum
2646 1936 2745 1974 non
2803 1923 2823 1951 θ
2876 1918 3259 1974 manducabis?
3308 1919 3423 1974 Nisi
3465 1919 3715 1988 quoniam

2122 2011 2189 2067 de
2228 2011 2475 2080 exemplo
2513 2011 2758 2067 animalis
2812 2012 2972 2065 vitam
3022 2010 3240 2067 damnat
3287 2012 3327 2042 ¹⁰
3384 2025 3635 2066 enervem
3664 2019 3722 2066 et

2121 2102 2437 2158 criminibus
2490 2112 2806 2159 tortuosam.
2851 2106 2958 2158 Aut
2981 2118 3101 2157 cum
3133 2101 3295 2173 (Ibid.
3319 2100 3374 2175 7)
3401 2119 3539 2157 suem
3569 2102 3608 2133 ¹¹
3642 2103 3720 2158 ci-

2123 2197 2191 2252 bo
2233 2198 2481 2269 prohibet
2524 2197 2760 2256 assumi?
2809 2196 3175 2266 Reprehendit
3217 2198 3399 2267 utique
3446 2210 3721 2253 emnosam

2123 2300 2174 2344 et
2198 2289 2395 2345 luteam
2425 2297 2479 2345 et
2505 2289 2822 2359 gaudentem
2847 2290 3099 2345 vitiorum
3131 2289 3382 2344 sordibus
3402 2289 3590 2354 vitam,
3622 2289 3722 2344 bo-

2122 2369 2251 2438 num
2290 2397 2445 2439 suum
2488 2396 2593 2436 non
2649 2382 2903 2437 inanimi
2941 2384 3323 2459 generositate,
3355 2381 3452 2437 sed
3506 2382 3558 2436 in
3608 2381 3721 2437 sola

2122 2493 2284 2533 carne
2305 2486 2613 2545 ponentem.
2660 2477 2766 2532 Aut
2796 2493 2917 2532 cum
2949 2476 3112 2550 (Ibid.
3141 2477 3174 2533 6
3202 2477 3222 2549 )
3248 2478 3507 2549 leporem?
3539 2477 3721 2534 Accu-

2123 2583 2201 2627 sat
2224 2571 2552 2628 detormatos
2580 2573 2623 2612 ι’
2650 2570 2701 2626 in
2727 2570 2979 2627 feminam
3010 2572 3175 2627 viros.
3198 2570 3330 2640 Quis
3349 2581 3527 2628 autem
3552 2571 3718 2647 (Ibid.

2122 2663 2329 2727 29.30)
2375 2670 2603 2720 mustela:
2645 2680 2840 2735 corpus
2865 2665 3044 2721 cibum
3092 2665 3287 2720 faciat?
3336 2665 3443 2722 Sed
3467 2665 3608 2722 furta
3631 2681 3719 2722 re-

2123 2761 2426 2832 prehendit.
2475 2761 2608 2827 Quis
2653 2760 2933 2814 lacertam?
2985 2760 3093 2816 Sed
3136 2760 3249 2814 odit
3291 2760 3413 2815 vitae
3459 2761 3719 2816 incertam

2124 2856 2457 2911 varietatem.
2521 2854 2563 2886 ¹³
2598 2854 2728 2923 Quis
2767 2854 3099 2910 stellionem?
3153 2853 3259 2910 Sed
3300 2851 3539 2909 maculas
3565 2867 3719 2907 men—

2125 2949 2255 3004 tium
2286 2956 2586 3003 execratur.
2630 2947 2761 3016 Quis
2809 2945 2974 3020 (Ibid.
3010 2948 3095 3012 I5,
3131 2942 3359 3019 14,16)
3400 2946 3718 3015 accipitrem,

2123 3041 2245 3109 quis
2268 3040 2496 3103 miluum,
2530 3040 2647 3109 quis
2668 3038 2935 3108 aquilam?
2977 3039 3083 3094 Sed
3112 3038 3224 3094 odit
3254 3050 3498 3110 raptores
3522 3053 3585 3092 ac
3610 3038 3724 3092 vio-

2125 3132 2321 3196 lcntos,
2348 3133 2555 3188 scelere
2592 3133 2853 3187 viventes.
2895 3132 3025 3201 Quis
3046 3132 3334 3186 vulturem?
3370 3130 3474 3187 Sed
3501 3145 3723 3186 execra-

1828 3245 1839 3279 :
1894 3226 2018 3280 dum
2048 3230 2092 3290 C
2128 3234 2215 3280 tur
2267 3225 2501 3295 praedam
2555 3224 2625 3281 dc
2674 3225 2846 3280 aliena
2895 3237 3069 3281 morte
3098 3235 3421 3296 quatrentes.
3477 3226 3580 3294 Aut
3603 3224 3723 3295 quis

2131 3317 2296 3390 (Ibid.
2332 3317 2421 3388 15)
2479 3318 2730 3373 coruum?
2774 3317 2880 3372 Sed
2921 3328 3167 3373 versutos
3197 3326 3507 3373 exsecratur
3536 3318 3725 3372 volun—

2132 3421 2285 3467 tates.
2339 3409 2605 3465 Passerem
2632 3425 2846 3481 quoque
2876 3426 2997 3466 cum
3028 3410 3316 3476 interdicit,
3363 3409 3726 3478 intemperan-

2130 3504 2256 3558 tiam
2283 3504 2521 3575 coarguit
2546 3521 2561 3558 :
2585 3504 2798 3574 quando
2832 3502 3016 3576 (Leuit.
3046 3518 3120 3567 ιι,
3149 3502 3238 3574 I6)
3291 3511 3526 3557 noctuam
3546 3541 3560 3564 ,
3614 3499 3728 3555 odit

2131 3595 2391 3667 lttcifttgns
2425 3597 2663 3651 veritatis
2694 3615 2706 3649 :
2736 3596 2953 3667 quando
3015 3594 3176 3669 (Ibid.
3210 3596 3298 3661 I8)
3344 3610 3561 3666 cygnum
3608 3608 3727 3649 cer-

2130 3690 2260 3744 vicis
2298 3690 2419 3745 altae
2440 3692 2702 3761 superbos
2732 3708 2745 3747 :
2775 3691 2990 3762 quando
3031 3688 3193 3763 (Ibid.
3229 3688 3318 3762 10)
3373 3688 3724 3756 clturadrium,

1590 3851 1963 3908 GALLANDII
2008 3851 2563 3909 COMMENTARIUS.

498 3997 514 4028 ¹
534 3995 605 4052 Et
628 3997 671 4050 si
700 3997 753 4051 in
780 4011 910 4049 eo...
937 3991 1266 4063 comperitur.
1286 3990 1433 4063 lianc
1454 3987 1733 4063 periodum
1768 3991 1818 4063 in
1847 3991 2025 4045 omni-

422 4068 523 4123 bus
558 4068 779 4124 eruditis
809 4061 1135 4135 COI‘I‘IIPIIIIII,
1180 4065 1230 4117 in
1268 4061 1546 4135 situitatem
1596 4061 1779 4135 reduxi
1821 4078 1884 4116 ex
1919 4077 2020 4117 ms.

424 4139 683 4195 Woweri.
724 4139 887 4193 Editt.
913 4132 1210 4191 habuerunt
1234 4150 1246 4188 :
1278 4132 1341 4187 Et
1371 4133 1416 4186 si
1437 4134 1488 4187 in
1514 4147 1571 4186 eo
1596 4132 1732 4203 quod
1752 4149 1815 4186 ea:
1839 4144 2025 4187 natura

422 4211 621 4279 aliquid
666 4212 843 4275 habet,
905 4208 1051 4277 quasi
1105 4208 1561 4279 inquinamentum
1611 4213 1858 4279 notatur;
1909 4210 2025 4274 plus

422 4274 700 4349 culpabile,
730 4274 846 4337 cum
892 4274 1024 4334 illud
1072 4274 1250 4334 contra
1282 4287 1515 4332 naturam
1542 4275 1595 4330 in
1627 4274 1881 4330 hominem
1903 4292 2023 4330 cou-

422 4357 666 4427 queritur.
699 4354 950 4427 ACKSON.

495 4427 515 4457 ¹
541 4424 986 4480 Mundareutur...
1010 4423 1402 4477 aestimarentur.
1432 4418 1665 4473 Isidorus
1681 4418 2020 4472 emundaren-

421 4504 568 4554 tur...
599 4497 813 4561 scilicet,
839 4504 890 4546 ut
909 4510 1078 4547 omnes
1103 4494 1188 4562 qui
1209 4493 1382 4547 eadem
1407 4493 1525 4545 uitia
1544 4490 1810 4556 habebant,
1842 4506 2014 4558 ecqua-

427 4569 497 4622 les
524 4572 787 4636 pecoribus
819 4566 1185 4621 existimentur.
1223 4564 1294 4619 In.

498 4632 861 4693 3'Voluntates.
883 4638 971 4692 Sic
998 4637 1264 4691 Pamelius
1281 4655 1293 4690 :
1311 4635 1480 4704 Quam
1500 4633 1715 4703 quidem
1734 4632 2019 4688 lectionem

429 4710 752 4767 conﬁrmant
792 4709 1027 4764 Isidorus
1056 4707 1339 4769 Comment,
1364 4709 1414 4758 in
1444 4705 1604 4761 Leuit.
1629 4720 1749 4775 Cap.
1778 4721 1852 4768 Ix,
1882 4705 2022 4761 Beda

428 4797 553 4850 opp.
586 4792 712 4837 tum.
761 4797 835 4845 IV,
884 4778 1122 4849 Exposit.
1154 4780 1207 4831 in
1238 4778 1396 4831 Leuit.
1432 4793 1550 4845 cap.
1581 4794 1653 4843 xi,
1696 4786 1747 4829 et
1766 4778 1828 4850 iu
1861 4778 2021 4850 l_.euit.

426 4847 624 4978 βιηθεὶ-
660 4868 778 4923 cap.
801 4868 876 4915 nt;
904 4847 1241 4905 et'ltabanus
1266 4851 1497 4911 Maurus,
1526 4859 1656 4903 tom.
1686 4848 1813 4913 tt,iu
1861 4847 2020 4903 Leuit.

450 4934 707 4978 .omntent.
767 4934 822 4978 ut
872 4924 1079 4978 monuit
1134 4920 1421 4976 Jak~onus.
1480 4920 1743 4978 Gaanwus
1793 4936 1919 4975 vero
1974 4929 2020 4975 el

450 4920 822 4979 Iommenlfttt
872 4924 1079 4978 monuit
1134 4920 1421 4976 Jak~0nus.
1480 4920 1743 4990 Gagnnms
1793 4936 1919 4975 vero
1974 4929 2028 4975 et.

428 4993 727 5051 FroIn-nius
770 4996 1052 5065 uoluptates
1082 5010 1100 5048 :
1129 5003 1291 5064 atque
1320 4994 1455 5047 hanc
1485 4992 1767 5047 lectionem
1809 4993 2027 5047 retinuit

427 5066 833 5123 Welchmauus.

498 5137 518 5169 ⁵
554 5139 716 5206 Quasi
758 5139 922 5195 cibum
961 5146 1215 5207 prwcepta
1268 5136 1458 5191 diuina.
1513 5135 1587 5190 Ita
1653 5134 1836 5205 legunt
1903 5150 2026 5190 cum

426 5208 663 5266 Patnelio
723 5210 991 5273 Isidorus,
1048 5208 1186 5263 Beda
1237 5219 1291 5262 et
1345 5208 1594 5263 ltabauus
1645 5207 1877 5261 Maurus.
1940 5207 2024 5261 Al.

425 5285 571 5353 quasi
621 5283 789 5338 cibum
835 5285 1126 5353 quemdam.
1179 5279 1265 5334 Al.
1344 5297 1395 5349 q.
1456 5296 1500 5333 c.
1561 5282 1794 5353 quantum
1849 5296 1902 5346 ρ.
1970 5277 2025 5332 tl.

1603 5349 1853 5404 Jacssou.

500 5427 520 5457 ⁵
543 5426 833 5498 Ingressus.
868 5424 1044 5479 Malim
1072 5424 1317 5498 incessus,
1347 5432 1401 5478 ut
1444 5422 1603 5498 paulo
1623 5422 1891 5498 Superius.
1923 5418 1995 5498 In.

500 5498 520 5529 ⁸
551 5490 699 5553 More
738 5497 882 5551 illius
904 5498 1143 5549 ruminat.
1184 5494 1306 5548 lla-.c
1339 5490 1488 5563 posui
1522 5509 1584 5546 ex
1608 5490 1979 5563 mstwuweri
2010 5508 2024 5547 :

428 5571 677 5642 alque_il:t
709 5567 991 5642 legendum
1017 5560 1580 5642 sagaciterat'tguratus
1610 5573 1690 5617 est
1718 5560 2030 5617 Wclchtua-

428 5634 551 5696 nus.
586 5639 723 5693 Editi
752 5634 861 5693 {In
892 5656 979 5691 ore
1004 5640 1142 5691 illius
1171 5637 1414 5689 ruminat.
1446 5634 1521 5689 ID.

503 5715 521 5743 ⁷
550 5711 789 5779 Squumis
816 5727 1016 5781 aspera.
1044 5710 1278 5765 Isidorus
1305 5716 1357 5761 ct
1385 5707 1547 5771 Beda,
1571 5721 1855 5781 squamosa
1875 5715 2031 5781 etne-

430 5800 572 5908 ﬁera.
606 5776 724 5908 Mlox
755 5799 851 5855 pro
877 5776 1020 5850 ltirti,
1056 5781 1194 5839 Beda
1228 5780 1410 5834 hirsuti
1435 5789 1518 5834 :ct
1543 5778 1679 5848 ﬁrmi
1702 5779 1754 5834 iu
1782 5776 1902 5848 fide,
1933 5777 2028 5835 Isi-

469 5870 616 5908 orus.
672 5870 722 5908 ιι.

432 5857 616 5912 dorus.
650 5857 722 5908 In.

2048 4364 2101 4423 D

2203 3989 2224 4020 ⁸
2251 3986 2504 4055 Quia.....
2538 3988 2673 4055 Quid
2694 3989 2847 4057 enim,
2876 3987 3040 4056 Beda,
3068 3986 3724 4112 quibus...iA(()::isd.:utem.

3289 4097 3303 4109 .
3319 4073 3574 4113 JACKSHN.

2198 4133 2219 4163 ⁹
2245 4129 2600 4186 Manducabis.
2620 4131 2959 4189 SicIsidorus
2992 4138 3049 4187 et
3074 4130 3237 4198 Beda,
3260 4140 3418 4200 atque
3439 4128 3592 4184 editt.
3620 4127 3728 4184 Ga-

2128 4202 2263 4273 gnzri
2291 4217 2341 4257 et
2369 4202 2596 4259 GBII'IIII.
2642 4206 2745 4258 Sed
2769 4204 2904 4259 Heli.
2941 4205 3092 4272 Vulg.
3116 4214 3167 4255 et
3188 4218 3326 4256 vers.
3352 4215 3540 4256 omnes
3580 4216 3727 4255 mau-

2130 4274 2398 4328 dueabitis.
2433 4275 2547 4339 (Sic
2586 4276 2712 4330 item
2742 4277 2907 4331 edidit
2938 4273 3255 4341 Pamelius.)
3288 4273 3361 4328 In.

2199 4346 2241 4376 ¹⁰
2276 4345 2538 4400 Eneruem.
2577 4347 2810 4403 Isidorus
2839 4349 2889 4401 in
2918 4347 3171 4403 citatione
3238 4346 3368 4415 legit
3433 4342 3722 4415 informem.

2128 4416 2218 4472 Sic
2256 4419 2415 4472 etiam
2458 4419 2714 4474 citantex
2763 4429 2983 4476 auctore
3038 4419 3177 4473 Beda
3207 4428 3261 4472 et
3299 4414 3557 4471 Babanus
3577 4414 3724 4469 Mau-

2129 4505 2241 4544 rus.
2301 4488 2485 4559 Neque
2528 4490 2715 4544 dubito
2755 4492 2877 4562 quin
2928 4493 3039 4545 ltn-c
3080 4492 3146 4544 sit
3194 4503 3316 4544 vera
3368 4487 3524 4562 lectio
3565 4502 3579 4562 ξ
3619 4501 3724 4562 non

2127 4562 2296 4688 eniml
2336 4578 2513 4617 enerue
2552 4572 2633 4618 est
2686 4560 2879 4618 annual
2946 4562 3187 4619 camelus
3229 4578 3242 4614 :
3290 4561 3383 4615 sed
3432 4566 3514 4612 est
3562 4560 3727 4629 infor-

2128 4649 2225 4688 me.
2300 4649 2351 4687 ι).

2128 4649 2225 4688 me.
2278 4649 2351 4688 Ιῐ).

2201 4705 2237 4736 ¹¹
2260 4706 2414 4759 Snent
2436 4706 2567 4760 cibo.
2606 4704 2670 4759 In
2696 4707 2863 4762 cibum
2893 4723 3053 4771 suem,
3083 4704 3225 4759 Beda
3253 4712 3305 4758 et
3330 4701 3602 4757 Rabantts.
3645 4701 3722 4757 In.

2201 4775 2604 4846 “De/armatos.
2627 4777 2738 4833 Hoc
2762 4779 3074 4832 vocabulum
3108 4775 3294 4831 reduxi
3316 4791 3377 4829 ex
3406 4774 3638 4846 Latinio,
3669 4782 3726 4829 et

2129 4846 2291 4902 habet
2333 4845 2585 4905 Isidorus.
2641 4850 2781 4906 Editi
2830 4851 3152 4917 relormatos.
3209 4847 3349 4901 Beda
3407 4845 3641 4914 Exposit.
3671 4846 3725 4900 in

2129 4918 2292 4974 Lerit.
2321 4920 2442 4986 legit
2477 4920 2786 4990 deformatos
2815 4922 2867 4976 in
2904 4921 3141 4989 feminas.
3168 4919 3245 4974 In.

2204 4990 2248 5021 ¹³
2273 4991 2398 5055 Quis
2420 4989 2796 5051 stellionem?...
2821 5004 2978 5047 morte
3001 5002 3298 5057 quazreutes.
3317 4989 3454 5044 Editi
3480 4989 3722 5043 laxatum

2132 5062 2274 5117 hunc
2298 5064 2470 5118 locum
2503 5073 2553 5118 et
2596 5080 2755 5119 sensu
2779 5066 3116 5120 deﬁcientem
3164 5063 3231 5116 ita
3262 5061 3515 5116 exhibent
3544 5077 3557 5113 :
3596 5059 3724 5125 Quis

2129 5133 2454 5190 stelliouem?
2486 5135 2591 5189 Sed
2632 5136 2857 5190 maculas
2887 5146 3152 5191 erecratur
3201 5134 3428 5202 prwdam
3458 5131 3522 5184 de
3555 5130 3725 5184 aliena

2132 5215 2292 5258 morte
2332 5218 2630 5273 qurereutrs.
2682 5206 2938 5274 Quwnam
2987 5205 3273 5275 porroillm
3317 5202 3725 5275 maelii-"gmw?

2132 5275 2249 5327 dum
2279 5271 2351 5327 ρκ’
2371 5276 2539 5330 aliena
2566 5271 2724 5330 morte
2769 5271 3086 5345 quiut-entes?
3131 5277 3388 5329 Nimirum
3434 5271 3599 5326 fraudi
3627 5271 3724 5327 fuit

2132 5344 2347 5400 librario
2390 5349 2609 5403 verbum
2636 5344 2921 5411 execratur,
2949 5350 3115 5403 semel
3140 5350 3436 5413 iterumque
3461 5345 3721 5413 positum:

2133 5418 2305 5490 inquit
2337 5417 2407 5472 cl.
2457 5418 2844 5490 WeSs-eliugius
2879 5418 3140 5474 Probubil.
3177 5416 3413 5490 cap._56,
3449 5430 3566 5490 pag.
3594 5413 3722 5490 520.

2134 5487 2505 5561 lira-euntibus
2544 5487 2876 5561 itaqne'viris
2926 5491 3173 5555 eruditis,
3210 5487 3479 5561 Jacksono
3524 5487 3642 5539 huic
3672 5493 3729 5561 et

2132 5558 2492 5632 Wchcliugio
2525 5561 2561 5617 Ι.
2606 5558 2655 5617 εξ
2690 5564 2863 5617 locum
2895 5566 3226 5632 rt-stitttitnus
3256 5577 3318 5614 ex
3341 5558 3594 5632 _lsidoro.
3635 5558 3725 5632 qui

2132 5626 2429 5686 Novatiauiv
2445 5634 2622 5687 verbis
2658 5650 2785 5688 usus
2806 5646 2885 5689 est
2921 5626 3203 5689 Comment.
3237 5633 3287 5683 in
3329 5630 3484 5686 Leuit.
3520 5643 3640 5696 cap.
3668 5626 3725 5684 9,

2132 5704 2220 5758 Sic
2268 5704 2427 5757 etiam
2471 5720 2537 5759 ex
2568 5716 2785 5760 auctore
2819 5707 2985 5761 citant
3025 5706 3180 5760 verba
3230 5703 3371 5758 Beda
3400 5713 3451 5756 et
3478 5699 3729 5754 Babanus

2130 5773 2365 5848 alacrus,
2406 5777 2511 5848 nisi
2547 5777 2690 5848 quod
2738 5777 2936 5835 habent
2965 5777 3180 5832 violento
3223 5791 3323 5848 pro
3362 5790 3421 5828 ac
3449 5773 3725 5848 uiolentas,

2134 5844 2261 5900 lleic
2292 5854 2468 5904 tamen
2503 5841 2640 5905 haud
2673 5851 2946 5919 praeterire
2971 5849 3117 5919 licet,
3168 5841 3416 5903 eumdem
3448 5841 3730 5899 Novatiani
