4260 6266
559 252 670 312 959

2020 260 2397 318 NOVA'I'IANI

3774 268 3885 328 960

561 370 835 442 garrulam
892 374 910 403 ⁸
962 368 1123 429 nimis
1165 374 1361 446 lingua:
1392 375 1858 446 intemperantiam
1891 393 1905 431 :
1938 376 2162 445 Quando
2191 382 2239 436 Λ
2270 376 2385 430 istae
2417 372 2622 429 umbrae
2668 374 2752 430 vel
2785 374 2969 445 ﬁgurae
3008 375 3347 443 exercendae,
3391 385 3452 431 ut
3495 377 3885 439 abstinendum

561 466 995 536 uespertilioncm,
1014 476 1319 538 quarrcntes
1341 469 1593 523 tenebras
1612 469 1783 522 noctis
1807 468 1964 523 simul
1988 480 2041 523 et
2079 484 2165 524 er-

561 559 723 616 roris.
753 559 879 616 Hzcc
904 575 1035 631 ergo
1061 571 1115 617 et
1140 561 1223 618 his
1248 562 1395 632 paria
1425 563 1532 618 Lex
1569 564 1619 617 in
1650 563 1975 617 animalibus
2028 578 2156 617 cxe-

562 662 746 709 cratur
775 670 790 704 :
818 669 936 725 qua:
962 654 1012 709 in
1034 655 1138 710 illis
1157 654 1370 725 quidem
1387 671 1491 709 non
1511 655 1823 723 criminosa,
1843 656 1967 726 quia
1991 655 2041 709 in
2062 654 2164 710 hoc

561 756 687 801 nata
727 756 890 814 sunt;
936 747 988 802 in
1018 746 1235 805 homine
1283 748 1647 820 culpata,quia
1675 761 1861 804 contra
1892 756 2160 813 naturam,

563 853 670 894 non
700 854 764 895 ex
794 839 1148 910 institutione,
1181 843 1275 899 sed
1299 860 1360 899 ex
1396 860 1581 902 errore
1610 844 1833 917 quaesita
1861 852 2008 900 sunt.

1182 953 1412 1017 CAPUT
1454 960 1541 1016 IV.

562 1074 664 1133 His
714 1076 983 1132 accessisse
1007 1084 1054 1131 et
1093 1076 1253 1131 aliam
1292 1093 1522 1145 causam,
1578 1094 1671 1132 cur
1709 1077 1871 1131 multa
1899 1093 1931 1130 a
1964 1075 2164 1131 Iuda-is

636 1168 860 1223 ciborum
887 1186 1072 1240 genera
1098 1170 1436 1234 tollerentur;
1465 1170 1532 1224 ad
1557 1170 1890 1226 coercendam
1926 1170 2163 1224 nimirum

636 1264 1079 1335 intemperantiam
1129 1266 1330 1336 populi,
1353 1266 1442 1321 uni
1471 1264 1580 1321 Deo
1613 1266 1868 1322 servituri.

640 1381 732 1435 llis
780 1382 939 1450 igitur
984 1381 1053 1436 ita
1099 1397 1158 1438 se
1207 1381 1530 1438 habentibus
1576 1389 1926 1439 accesserunt
1959 1391 2014 1437 et
2046 1382 2165 1438 alia:

564 1488 761 1538 causre,
793 1475 989 1546 quibus
1033 1475 1195 1530 multa
1233 1492 1260 1530 a
1291 1476 1494 1532 .ludaeis
1515 1479 1758 1533 ciborum
1784 1493 1980 1547 genera
2005 1477 2164 1533 tolle-

562 1575 753 1621 rentur
783 1586 795 1621 :
830 1568 970 1637 quod
1002 1578 1059 1624 ut
1087 1569 1266 1633 lieret,
1300 1570 1576 1625 immunda
1619 1572 1785 1626 multa
1813 1579 1937 1624 sunt
1981 1570 2123 1626 dieta
2149 1612 2163 1633 .

564 1673 671 1713 non
718 1668 777 1713 ut
830 1659 918 1715 illa
957 1661 1360 1731 damnarentur,
1412 1664 1507 1719 scd
1541 1675 1597 1719 ut
1646 1665 1733 1719 isti
1788 1673 2168 1720 coercerentur

563 1752 815 1807 servituri
858 1754 950 1808 ttni
999 1753 1151 1810 Deo:
1184 1756 1306 1825 quia
1354 1758 1421 1811 ad
1470 1756 1572 1811 hoc
1603 1767 1905 1826 assumptos
1951 1757 2165 1827 frugali-

564 1855 647 1900 tas
703 1846 923 1902 decebat
972 1859 1026 1904 et
1076 1851 1214 1920 gulte
1280 1852 1676 1916 temperantia,
1753 1868 1874 1923 qua:
1951 1869 2167 1924 semper

563 1940 807 2010 religioni
855 1940 1277 2011 deprehenditur
1327 1960 1448 2001 esse
1491 1945 1685 2011 vicina,
1739 1946 1906 2000 immo
1969 1946 2160 2016 (utita

564 2031 812 2105 dixerim)
833 2035 1226 2104 consanguinea
1257 2037 1428 2105 potius
1456 2046 1614 2106 atque
1659 2046 1932 2107 cognata‘:
1964 2038 2165 2092 sancti-

564 2124 659 2179 tati
709 2125 851 2179 enim
882 2125 1096 2180 inimica
1148 2126 1355 2181 luxuria
1409 2137 1509 2183 est.
1578 2128 1860 2196 Quomodo
1905 2130 2047 2183 enim
2072 2145 2168 2199 per

564 2218 708 2274 illam
749 2228 999 2288 parcetur
1039 2219 1302 2291 religioni.
1345 2236 1466 2275 cum
1509 2238 1614 2277 non
1663 2230 1909 2292 parcatur
1937 2221 2167 2292 pudori?

565 2311 682 2366 Non
713 2313 902 2383 recipit
927 2311 1136 2367 luxuria
1169 2313 1262 2369 Dei
1311 2313 1581 2380 timorem,
1616 2314 1740 2369 dum
1788 2314 2167 2384 prmeipitanti-

563 2401 666 2458 bus
704 2405 855 2460 illam
881 2405 1269 2478 voluptatibus,
1302 2406 1353 2461 in
1386 2408 1558 2463 solam
1608 2408 1775 2462 fertur
1813 2407 2164 2477 cupiditatum

562 2497 1183 2554 temeritatemzcﬂ'usis
1233 2499 1374 2554 cnim
1440 2499 1699 2566 habenis,
1753 2501 1869 2555 sine
1933 2501 1953 2530 ³
2015 2514 2166 2554 more

564 2589 796 2646 admetis
848 2593 1148 2662 sumptibus
1196 2593 1347 2661 quasi
1393 2593 1600 2662 pabulis
1653 2594 1847 2648 crescit
1900 2593 2165 2649 excedens

564 2684 944 2754 patrimonium
989 2702 1110 2743 cum
1161 2686 1401 2758 pudore;
1458 2699 1547 2743 aut
1580 2697 1637 2743 ut
1664 2699 1876 2745 torrens
1934 2689 2160 2759 aliquis;

564 2794 595 2834 e
626 2782 886 2835 montium
922 2782 1063 2852 jugis
1090 2780 1311 2845 cadens,
1337 2797 1443 2837 non
1478 2791 1682 2837 tantum
1734 2784 1979 2854 opposita
2012 2791 2158 2837 tran-

565 2875 795 2942 scendit,
826 2875 1037 2931 sed-illa
1068 2875 1179 2945 ipsa
1210 2876 1260 2929 in
1289 2876 1515 2931 aliorum
1546 2877 1755 2931 ruinam
1786 2892 1968 2931 secum
1998 2878 2157 2944 rapit.

564 2967 646 3023 Ad
663 2970 1017 3025 coercendam
1046 2984 1174 3040 ergo
1201 2970 1666 3038 intemperantiam
1687 2970 1886 3041 populi,
1920 2969 2160 3024 remedia

564 3070 687 3116 sunt
714 3063 813 3116 ista
843 3061 1102 3132 quaesita;
1153 3072 1208 3115 ut
1237 3071 1495 3132 quantum
1550 3061 1777 3116 luxuria:
1826 3062 2157 3124 demeretur,

563 3160 769 3206 tantum
802 3152 955 3207 bonis
1004 3153 1246 3209 moribus
1295 3154 1605 3210 adderetur.
1680 3153 1813 3208 Nam
1859 3154 1985 3225 quid
2014 3153 2158 3208 aliud

562 3246 928 3310 merebantur,
977 3261 1135 3316 quam
1165 3255 1317 3301 utne
1354 3247 1605 3301 omnibus
1633 3261 1878 3301 escarum
1912 3246 2158 3316 volupta-

2271 475 2417 522 csset
2446 481 2476 521 a
2509 466 2665 535 cibis,
2718 482 2854 537 quos
2903 467 3168 522 institutio
3204 469 3421 539 quidem
3462 474 3887 530 commendave—

2270 568 2372 619 rat.
2408 559 2499 613 sed
2531 558 2637 614 Lex
2692 558 3069 616 interdixerat.
3122 560 3322 617 Verum
3364 563 3477 632 jam
3513 563 3696 636 (Rom.
3731 583 3791 635 ι,
3825 568 3883 640 4)

2269 653 2387 722 finis
2412 654 2536 723 legis
2562 652 2796 708 Christus
2826 655 3360 726 supervenit,enncta
3385 657 3517 730 legis
3540 660 3773 719 obscura
3792 681 3885 720 re-

2268 759 2476 813 serans,
2522 745 2749 802 'omnia
2808 764 2927 817 qum
2984 758 3443 805 sacramentorum
3494 753 3706 811 nebulis
3736 759 3886 814 anti-

2268 840 2443 908 quitas
2471 847 2697 896 texerat.
2752 840 3005 913 Magister
3034 844 3179 898 enim
3209 845 3633 916 venitinsignis,
3659 860 3714 905 et
3740 852 3888 908 Doc-

2272 941 2354 985 tor
2384 933 2644 999 coelestis,
2678 943 2731 988 et
2750 934 3034 991 Institutor
3060 949 3449 995 consummata;
3476 944 3717 1000 veritatis
3738 989 3754 1015 ,
3777 947 3888 1003 sub

2271 1039 2379 1092 quo
2409 1025 2600 1080 merito
2621 1026 2733 1097 jam
2764 1027 2961 1084 dicitur
2991 1050 3004 1085 :
3037 1027 3167 1102 (Tit.
3203 1046 3240 1098 ι,
3274 1032 3366 1101 15)
3400 1048 3414 1087 :
3452 1032 3639 1089 Omnia
3685 1041 3887 1093 munda

2270 1118 2488 1185 mundis,
2532 1120 2810 1189 inquinalis
2836 1131 3002 1176 autem
3028 1133 3076 1178 et
3105 1123 3403 1192 inﬁdelibus
3433 1127 3567 1182 nihil
3601 1132 3881 1200 mundum,

2268 1207 2356 1263 sed
2394 1211 2588 1280 polluta
2616 1223 2732 1266 sunt
2773 1231 2949 1269 eorum
2999 1228 3044 1270 et
3082 1234 3222 1271 mens
3260 1228 3306 1271 et
3353 1221 3686 1277 conscientia.
3743 1224 3881 1281 Item

2269 1302 2374 1356 alio
2407 1304 2522 1358 loco
2553 1304 2606 1375 (I
2637 1304 2767 1359 Tim.
2799 1324 2869 1373 tv,
2904 1309 2960 1370 4,
2989 1307 3046 1381 5)
3083 1327 3094 1362 :
3141 1309 3275 1378 Quia
3305 1315 3470 1367 omnis
3518 1326 3753 1371 creatura
3784 1317 3885 1373 Dei

2270 1393 2422 1462 bona,
2456 1406 2502 1451 et
2533 1398 2664 1452 nihil
2696 1400 3030 1468 rejiciendum
3052 1402 3188 1473 quod
3220 1421 3335 1457 cum
3384 1408 3668 1477 gratiarum
3681 1413 3886 1469 actione

2270 1490 2552 1559 percipitur
2578 1509 2596 1545 :
2630 1494 2982 1562 sanctificatur
3020 1496 3153 1550 enim
3200 1515 3290 1567 per
3317 1498 3522 1554 verbum
3556 1501 3654 1556 Dei
3692 1516 3740 1558 et
3764 1522 3886 1560 ora-

2272 1581 2479 1635 lionem.
2527 1583 2755 1639 liursum
2803 1586 2930 1640 alibi
2963 1586 3168 1657 (lTim.
3212 1604 3285 1655 tv,
3329 1591 3380 1656 1,
3432 1591 3488 1658 2,
3522 1592 3577 1665 5)
3609 1611 3622 1647 :
3654 1594 3884 1663 Spiritus

2273 1675 2541 1744 manifeste
2564 1676 2707 1743 dicit,
2736 1678 2874 1746 quod
2903 1679 2954 1731 in
2982 1680 3273 1734 novissimis
3303 1682 3479 1737 diebus
3505 1687 3735 1741 recedent
3759 1691 3879 1760 qui—

2272 1766 2391 1818 dam
2420 1783 2451 1819 a
2504 1768 2606 1833 fide
2653 1770 2969 1824 attendentes
3009 1772 3271 1841 spiritibus
3327 1774 3702 1840 seductor-ibus,
3751 1780 3879 1834 doc-

2276 1861 2421 1914 trinis
2450 1860 2818 1915 dwmoniorum
2848 1864 2899 1917 in
2941 1865 3201 1935 hypocrisi
3239 1868 3737 1940 mendaciloquorunt
3758 1890 3884 1926 caa-

2197 1984 2244 2043 Β
2272 1954 2500 2007 teriatam
2531 1953 2824 2008 habentium
2872 1959 3235 2012 conscientiam
3274 1976 3442 2025 suam,
3500 1963 3881 2031 prohibentium

2273 2045 2476 2112 nubere,
2518 2056 2564 2100 et
2589 2047 2841 2101 abstinere
2884 2066 2917 2102 a
2948 2048 3070 2102 cibis
3113 2066 3239 2120 quos
3272 2047 3409 2105 Deus
3435 2055 3619 2108 creavit
3643 2056 3714 2108 ad
3752 2075 3881 2128 per-

2270 2140 2558 2207 cipiendum
2586 2157 2700 2194 cum
2746 2142 3037 2210 gratiarum
3083 2144 3286 2198 actione
3315 2146 3564 2213 fidelibus,
3609 2159 3656 2203 et
3672 2150 3752 2205 his
3780 2153 3881 2221 qui

2269 2244 2608 2303 cognoverunt
2642 2233 2827 2289 Deum.
2872 2234 3064 2290 Adhuc
3091 2237 3144 2291 in
3183 2239 3353 2294 altera
3386 2250 3529 2307 parte
3558 2240 3604 2315 (I
3631 2243 3748 2298 Cor.
3804 2262 3868 2313 x,

2268 2325 2363 2398 9.5)
2408 2370 2421 2395 ,
2499 2325 2662 2382 Omne
2718 2328 2856 2399 quod
2906 2330 2958 2383 in
2997 2331 3211 2385 macello
3252 2331 3273 2361 ⁸
3334 2334 3488 2399 venit,
3539 2336 3863 2403 manducata,

2269 2422 2400 2475 nihil
2428 2421 2757 2493 requirentes.
2823 2423 2895 2477 Ex
2925 2424 3120 2494 quibus
3174 2435 3389 2479 constat
3431 2428 3612 2482 omnia
3646 2430 3743 2483 ista
3762 2431 3875 2485 suis

2267 2514 2733 2570 benedictionibus
2779 2515 3020 2578 reddita.
3074 2516 3189 2586 jam
3243 2516 3386 2587 Lege
3432 2518 3580 2574 ﬁnita
3614 2537 3628 2574 ε
3660 2537 3758 2577 nec
3808 2523 3878 2577 ad

2267 2610 2640 2665 solemnitates
2667 2612 2909 2665 ciborum
2942 2626 3065 2666 esse
3094 2611 3448 2679 redeundum,
3478 2629 3614 2685 quas
3651 2624 3879 2690 etcerta

2267 2704 2625 2774 imperaverat
2653 2720 2837 2768 causa,
2871 2719 2924 2760 et
2974 2704 3086 2774 jam
3120 2707 3335 2761 sustulit
3366 2707 3589 2763 libertas
3628 2708 3874 2780 Evange-

2266 2799 2365 2853 lica
2391 2799 2812 2867 manumissipnc
2835 2810 3104 2854 revocata.
3139 2800 3343 2855 Clamat
3362 2801 3660 2872 ApOstolus
3686 2803 3872 2876 (Rom.

2267 2908 2378 2959 xw,
2418 2890 2505 2965 I7)
2530 2911 2544 2948 :
2578 2892 2695 2946 Non
2728 2902 2800 2947 est
2831 2910 3044 2964 regnum
3068 2892 3164 2947 Dei
3191 2880 3338 2962 potus
3358 2906 3404 2949 et
3426 2896 3587 2963 cibus,
3616 2900 3704 2953 sed
3719 2900 3882 2970 justi-

2265 2987 2335 3040 tia
2363 2997 2531 3059 clpam
2569 2999 2614 3041 et
2647 2988 2913 3059 gaudium.
2945 2988 3076 3043 Item
3108 2988 3214 3043 alio
3247 2989 3365 3044 loco
3394 2989 3435 3063 (I
3468 2989 3589 3048 Cor.
3628 3008 3700 3061 νι,
3744 2994 3833 3068 15)
3860 3012 3874 3048 :

2274 3082 2405 3137 Esca
2426 3085 2587 3137 ventri
2609 3094 2655 3138 et
2683 3093 2853 3137 venter
2878 3084 3040 3148 escis;
3081 3082 3218 3136 Deus
3245 3094 3415 3139 autem
3439 3096 3484 3139 et
3510 3085 3643 3140 hunc
3668 3096 3715 3141 et
3744 3088 3880 3142 hanc

2262 3177 2551 3230 evacuabit:
2575 3192 2756 3246 corpus
2788 3186 3081 3230 autemnon
3108 3176 3457 3247 fornicationi,
3500 3178 3592 3231 sed
3620 3177 3872 3246 Domino,

2263 3279 2309 3322 et
2349 3268 2597 3322 Dominus
2647 3269 2871 3335 corpori.
2925 3270 3065 3324 Dens
3121 3278 3308 3324 ventre
3344 3286 3448 3324 non
3503 3272 3720 3339 colitur,
3760 3290 3866 3329 nec

560 3338 707 3445 ‘2)"5
737 3348 1046 3445 meremur:
1074 3341 1163 3410 Ψιί
1194 3339 1392 3445 (Ῑίνὶηίδ
1433 3355 1644 3443 mmini“
1671 3340 1845 3410 epulis
1866 3342 2159 3445 “uss-imos
2185 3382 2230 3445 ρ
2262 3361 2395 3416 cibis
2415 3359 2625 3428 (.llatth.
2657 3376 2745 3422 xv,
2770 3360 2856 3423 l7;
2886 3359 3161 3424 .llarc.vn,
3184 3360 3295 3431 I9),
3341 3377 3473 3429 quos
3505 3338 3760 3417 Dominus
3785 3364 3873 3418 Δία

562 3430 936 3503 Egyptiorum
978 3432 1130 3486 cibos
1168 3430 1428 3502 praeferre
1454 3432 1567 3487 ausi
1600 3442 1746 3498 sunt,
1790 3448 1980 3489 carnes
2003 3434 2157 3505 juru-

563 3522 737 3579 lentas
790 3524 1128 3579 inimicorum
1181 3534 1341 3595 atque
1378 3524 1722 3580 dominorum
1754 3527 1774 3557 ⁵
1816 3537 1943 3582 ante
1994 3528 2163 3584 liber-

563 3626 725 3673 tatem
782 3616 1078 3688 ponentes?
1135 3616 1287 3688 Digni
1332 3632 1462 3673 sane
1517 3634 1652 3688 quos
1697 3630 1879 3689 aptata
1930 3623 2159 3677 servitus

558 3713 847 3782 saginaret,
878 3711 1073 3782 quibus
1099 3710 1240 3767 male
1268 3710 1599 3782 diSplicuerit
1627 3722 1681 3766 ct
1724 3713 1914 3769 melior
1942 3725 1997 3771 et
2025 3715 2161 3771 liber

560 3805 734 3862 cibus.

1197 3874 1425 3934 CAPUT
1451 3878 1517 3933 ν.

560 3967 631 4025 Et
652 3986 767 4025 vero
792 3970 944 4043 fuerit
975 3979 1172 4040 tempus
1194 3969 1423 4041 aliquod,
1449 3987 1547 4041 quo
1572 3973 1686 4025 ista:
1706 3973 1899 4028 umbra:
1926 3976 2003 4029 vel
2034 3974 2162 4046 figu-

631 4081 703 4119 ra:
733 4063 1024 4120 exercenda:
1052 4078 1071 4116 :
1104 4072 1367 4134 postquam
1404 4068 1572 4117 autem
1620 4065 1741 4119 linis
1779 4065 1908 4137 legis
1929 4064 2160 4122 Christus

629 4158 943 4235 supervenit,
963 4160 1135 4213 omnia
1155 4158 1268 4228 jam
1290 4158 1392 4212 dici
1427 4158 1490 4211 ab
1516 4158 1760 4229 Apostolo
1794 4162 1985 4215 munda
2013 4179 2162 4216 mun—

631 4252 747 4317 dis;
774 4262 821 4305 et
858 4253 1022 4307 cibum
1057 4270 1231 4308 verum
1279 4269 1325 4307 et
1352 4264 1581 4310 sanctum
1629 4273 1736 4311 esse
1773 4255 1926 4322 ﬁdem
1972 4268 2160 4312 rectam

629 4355 676 4399 et
710 4347 1095 4401 immaculatatn
1129 4350 1513 4421 conscientiam.

631 4460 652 4492 ‘
691 4459 872 4518 Fuerit
911 4476 1042 4533 ergo
1119 4471 1328 4533 tempus
1406 4464 1621 4536 aliquod
1684 4467 1998 4537 antiqmun,
2057 4485 2163 4540 quo

2268 3453 2337 3506 cit
2369 3453 2565 3521 perire,
2600 3462 2651 3505 et
2687 3454 2736 3505 in
2785 3468 3002 3507 secessu
3045 3453 3267 3507 naturali
3294 3452 3408 3524 lege
3449 3454 3679 3524 purgari.
3728 3454 3868 3511 Nam

2265 3546 2353 3616 qui
2380 3561 2474 3616 per
2498 3560 2649 3599 escas
2670 3545 2950 3599 Dominum
2984 3547 3131 3613 colit,
3156 3560 3325 3616 pmpe
3353 3556 3455 3611 est,
3506 3557 3561 3600 ut
3583 3546 3868 3602 Dominum

2265 3638 2460 3693 habent
2476 3650 2713 3694 ventrem
2734 3655 2909 3694 suum.
2936 3639 3121 3706 Cibus,
3139 3640 3375 3709 inquam,
3396 3657 3550 3695 verus
3563 3651 3616 3696 et
3631 3652 3871 3713 Sanctus,

2263 3744 2314 3787 et
2348 3732 2576 3788 nmndus
2614 3744 2694 3789 est
2737 3733 2868 3789 ﬁdes
2914 3745 3083 3800 recta,
3128 3736 3468 3790 immaculata
3514 3738 3873 3805 conscientia,

2263 3837 2316 3882 ct
2362 3828 2618 3881 innocens
2662 3827 2835 3880 anima
2869 3843 2882 3879 :
2916 3828 3154 3896 quisquis
3217 3828 3295 3882 sic
3343 3829 3609 3898 pascitur,
3652 3829 3874 3887 Christo

2265 3922 2640 3987 com-escitur;
2693 3921 2814 3976 talis
2870 3921 3115 3990 epulator
3163 3922 3393 3976 conviva
3448 3933 3531 3978 est
3561 3924 3653 3979 Dei
3695 3942 3709 3977 :
3753 3927 3875 3980 istae

2264 4023 2386 4068 sunt
2414 4014 2584 4081 epulae
2629 4029 2747 4083 qum
2772 4013 3003 4083 Angelos
3037 4021 3297 4082 pascunt;
3346 4013 3461 4068 isne
3506 4023 3628 4069 sunt
3662 4030 3866 4072 mensa:
3894 4087 3903 4093 ν

2266 4121 2385 4176 qua:
2410 4106 2670 4176 Martyres
2708 4103 2928 4159 faciunt.
2956 4104 3092 4159 Hinc
3118 4113 3200 4159 est
3223 4120 3327 4158 vox
3375 4104 3462 4159 illa
3495 4104 3648 4176 Legis
3689 4106 3868 4175 (Deut.

2269 4212 2385 4262 vn],
2404 4196 2460 4270 5)
2506 4215 2520 4252 :
2546 4196 2671 4251 Non
2698 4198 2747 4250 in
2772 4214 2904 4267 pane
2934 4206 3127 4251 tantum
3166 4197 3285 4250 civit
3313 4197 3485 4263 homo,
3529 4198 3617 4252 sed
3645 4197 3696 4251 in
3734 4200 3875 4252 omni

2264 4289 2412 4343 verba
2436 4289 2571 4359 qttod
2592 4290 2930 4358 proﬁciscitur
2959 4304 3020 4342 ετ
3043 4305 3129 4341 ore
3167 4286 3285 4341 Dei.
3319 4287 3452 4341 Hinc
3482 4288 3571 4343 illa
3601 4289 3801 4344 Christi
3846 4309 3863 4346 :

2271 4382 2453 4457 (Joan.
2486 4398 2558 4450 tv,
2585 4382 2678 4455 5h)
2715 4380 2877 4436 :Mea
2918 4398 3034 4435 esea
3075 4391 3170 4447 est,
3210 4392 3267 4435 ut
3322 4383 3510 4455 faciam
3562 4383 3872 4438 voluntaiem

2268 4475 2377 4546 ejus
2425 4474 2512 4542 qui
2564 4490 2645 4527 me
2686 4473 2847 4541 misit,
2880 4483 2924 4527 et
2958 4483 3010 4527 ut
3049 4490 3392 4529 consummem
3422 4490 3551 4544 opus
3575 4476 3701 4544 eius.
3728 4475 3868 4531 Hinc

1733 4608 2105 4667 GALLANDII
2166 4612 2735 4670 COMMENTARIUS.

556 4717 734 4801 locum
773 4734 838 4774 ex
884 4720 1088 4803 Isidoro
1117 4722 1529 4803 restituendum,
1573 4725 1831 4803 ut_etali_a
1871 4727 2145 4803 complura
2176 4729 2229 4790 D
2256 4746 2353 4801 pro
2393 4731 2674 4802 saginaret,
2706 4732 2851 4803 quod
2910 4734 3165 4790 exhibent
3209 4735 3474 4791 editiones
3522 4733 3864 4791 Pamclianze.

555 4792 802 4859 superius
824 4801 1100 4858 annotata,
1122 4794 1290 4847 multo
1313 4803 1434 4849 ante
1457 4795 1750 4859 pervidisse
1776 4792 2147 4854 doctissimum

557 4857 1070 4937 Meuardumads.
1120 4864 1378 4937 Barnaba;
1428 4857 1595 4933 Epit
1649 4883 1769 4935 cap.
1823 4868 1910 4929 10,
1938 4885 2001 4922 ex
2041 4886 2149 4937 quo

556 4931 717 4986 etiam
750 4935 833 4987 vix
865 4934 1051 4990 dubito
1075 4936 1203 5005 quin
1226 4951 1316 4989 sua
1343 4936 1411 4992 de
1450 4931 1670 5005 mystica
1698 4931 1939 4994 ciborum
1963 4931 2148 4996 Jud'ai-

555 5016 741 5059 corum
771 5006 1211 5074 interpretatione
1241 5007 1479 5062 hauserit
1507 5006 1861 5065 Novatianus.

631 5077 646 5106 ί
680 5075 849 5131 Nimis
867 5078 1086 5153 linguat.
1119 5077 1353 5153 Isidorus
1398 5091 1453 5133 et
1498 5080 1674 5148 Beda,
1727 5081 1897 5135 nimiae
1941 5083 2148 5153 lingute.

556 5145 675 5201 Mox
703 5164 832 5203 vero
866 5145 1047 5207 iidem.
1092 5150 1181 5224 sed
1214 5153 1267 5203 in
1296 5151 1498 5205 homine
1526 5168 1545 5206 :
1568 5145 1708 5224 quod
1748 5154 1935 5222 probo.
1988 5145 2154 5211 Paulo

554 5227 679 5293 ante
708 5237 803 5289 pro
828 5224 1069 5293 superbos
1096 5223 1280 5293 legunt
1307 5223 1597 5289 superbam
1628 5225 1768 5280 Beda
1810 5236 1861 5278 et
1904 5227 2154 5284 llabanus

554 5288 787 5347 Maurus.
821 5292 1074 5349 Jscxsox.

625 5359 752 5439 Car.
782 5363 1126 5439 IV.—-—'Sﬁine
1150 5383 1307 5419 more.
1332 5367 1639 5435 Legendum
1673 5378 1821 5439 putat
1847 5369 2157 5427 Wclcluna-

553 5448 655 5487 nus
675 5437 782 5488 sine
812 5453 972 5490 mora.
1018 5436 1313 5492 .lackstmns
1344 5441 1451 5493 sine
1478 5440 1647 5493 modo.

628 5505 647 5534 ³
679 5507 807 5561 Ante
835 5506 1133 5563 libertatem.
1171 5509 1259 5565 Sic
1284 5511 1503 5566 Patnelii
1530 5526 1715 5567 omnes
1738 5513 1891 5569 editt.
1918 5514 2157 5570 Woweri

554 5590 656 5630 ms.
684 5578 850 5651 parile
874 5579 1030 5633 habet
1055 5581 1277 5635 libertati
1302 5593 1683 5651 anteponentes.
1734 5583 1838 5639 Sed
1857 5586 2156 5641 Welcbma-

556 5648 849 5725 nitsedidit
884 5664 992 5725 post
1024 5653 1303 5707 libertatem
1343 5648 1617 5721 ponentes;
1645 5670 1764 5724 quae
1795 5670 1870 5710 est
1904 5668 2157 5725 corrupta

554 5713 1014 5798 F‘robetiii'lectio,
1035 5726 1216 5777 sensui
1248 5713 1481 5798 angoris
1505 5713 1794 5798 contraria.
1845 5729 2010 5782 Paulo
2039 5713 2160 5798 post

559 5782 696 5836 idem
752 5782 1137 5843 Welchmanus
1197 5808 1262 5846 ex
1324 5791 1592 5849 Frobenio
1645 5796 1837 5850 vitiose
1901 5782 2154 5867 signdret,

3500 4803 3756 4863 chxsou.

2328 4873 2457 4928 (ΙΑΡ.
2492 4874 2557 4928 ν.
2589 4906 2645 4914 -
2683 4874 2701 4906 ³
2736 4874 2932 4931 Fuerit.
2977 4877 3214 4931 Isidorus
3256 4888 3309 4933 ct
3355 4877 3495 4931 Beda
3542 4897 3556 4933 :
3611 4880 3717 4934 Sed
3772 4880 3869 4947 fuit

2260 4948 2780 5020 tempusaliquando.
2811 4949 2930 5002 Mox
2957 4950 3112 5001 iidem
3150 4967 3161 5002 :
3197 4949 3513 5004 Exereenda’
3531 4961 3675 5007 erant
3708 4967 3740 5003 α
3773 4969 3871 5020 po-

2257 5018 2480 5088 puloﬂvel
2507 5019 2760 5088 gerendrc,
2796 5031 2847 5071 nt
2877 5020 3251 5074 abstinendum.
3293 5023 3364 5074 in.

2310 5089 2329 5117 ⁵
2363 5087 2549 5163 Omnia
2571 5106 2681 5159 qua?
2703 5104 3137 5145 sacramentorum
3168 5094 3381 5146 nebulis.
3418 5094 3681 5149 Isidorus:
3703 5092 3871 5163 Atque

2261 5161 2431 5232 omnia
2472 5173 2790 5215 sacramenta
2844 5179 2959 5232 qam
3012 5164 3174 5217 nobis.
3217 5165 3420 5219 Sensus
3464 5167 3701 5220 auctoris
3748 5161 3870 5220 heic

2258 5230 2470 5285 videtur
2508 5230 2890 5301 imperfectus;
2941 5244 2997 5289 et
3045 5249 3326 5303 possumus
3372 5237 3529 5291 aliter
3581 5240 3758 5296 legere
3800 5252 3868 5291 ex

2261 5304 2515 5359 citatione
2541 5303 2697 5358 Beda}
2723 5306 2821 5358 hoc
2850 5306 3009 5378 modo
3039 5305 3376 5378 :Verumiiam
3397 5309 3514 5376 finis
3543 5307 3693 5378 Legis
3718 5306 3869 5361 Chri-

2262 5386 2371 5428 stus
2413 5378 2726 5443 supervenit,
2758 5377 2993 5445 aperiens
3034 5388 3214 5431 cuncta
3245 5377 3396 5447 Legis
3420 5391 3466 5432 et
3488 5377 3700 5434 obscura
3728 5395 3867 5433 rese-

2263 5462 2385 5500 rans
2409 5461 2427 5499 :
2452 5459 2601 5513 atque
2625 5449 2795 5519 omnia
2825 5464 2938 5517 qua:
2959 5460 3396 5502 sacramentorum
3429 5452 3624 5505 nebulis
3646 5451 3872 5519 antiqui-

2264 5526 2340 5590 tas
2364 5528 2574 5578 texerat,
2632 5518 2879 5588 Magister
2918 5520 3131 5590 insignis
3168 5532 3214 5573 et
3243 5520 3430 5574 Doctor
3466 5522 3680 5577 cwlestis
3697 5532 3741 5574 et
3772 5519 3865 5574 In-

2264 5589 2468 5712 stilntolr
2502 5600 2864 5646 consunnnataz
2908 5589 3132 5645 reritatis
3176 5594 3418 5662 patefacit
3456 5610 3473 5648 .°
3505 5593 3595 5647 sub
3622 5608 3723 5664 quo
3767 5607 3870 5647 rne—

2264 5669 2379 5712 rtto.
2458 5677 2509 5712 ι).

2264 5669 2379 5712 rtto.
2436 5669 2509 5714 In.

2337 5730 2357 5760 ⁸
2409 5729 2586 5806 Venit;
2626 5733 2719 5806 _lt_a
2781 5733 3085 5790 Frobenius
3132 5744 3188 5789 et
3230 5735 3455 5790 Painelii
3489 5736 3657 5791 editio
3701 5734 3867 5806 1655,

2266 5815 2365 5855 nec
2388 5816 2494 5855 non
2520 5802 2927 5861 Welchmanus.
2955 5805 3035 5860 Al.
3064 5807 3234 5863 etenit.
3264 5807 3628 5863 MinusreCte.
