  <div class='ocr_page' id='page_1' title='image "/cluster/home/n/w/nwhite01/storage/ocr_20150623/3/hvd.32044054086798/530.png"; bbox 0 0 4260 6266; ppageno 0'>
   <div class='ocr_carea' id='block_1_1' title="bbox 343 342 445 404">
    <p class='ocr_par' dir='ltr' id='par_1_1' title="bbox 343 342 445 404">
     <span class='ocr_line' id='line_1_1' title="bbox 343 342 445 404; baseline 0.01 -2"><span class='ocrx_word' id='word_1_1' title='bbox 343 342 445 404; x_wconf 71' lang='lat' dir='ltr'><strong>9M</strong></span> 
     </span>
    </p>
   </div>
   <div class='ocr_carea' id='block_1_2' title="bbox 1481 338 2518 402">
    <p class='ocr_par' dir='ltr' id='par_1_2' title="bbox 1481 338 2518 402">
     <span class='ocr_line' id='line_1_2' title="bbox 1481 338 2518 402; baseline 0 -4"><span class='ocrx_word' id='word_1_2' title='bbox 1481 343 1568 399; x_wconf 87' lang='lat' dir='ltr'><strong>DE</strong></span> <span class='ocrx_word' id='word_1_3' title='bbox 1606 344 1782 401; x_wconf 88' lang='lat' dir='ltr'><strong>CIBIS</strong></span> <span class='ocrx_word' id='word_1_4' title='bbox 1809 338 2121 402; x_wconf 75' lang='lat' dir='ltr'><strong>.lUDAlClS</strong></span> <span class='ocrx_word' id='word_1_5' title='bbox 2163 339 2518 402; x_wconf 79' lang='lat' dir='ltr'><strong>EPISTOLA.</strong></span> 
     </span>
    </p>
   </div>
   <div class='ocr_carea' id='block_1_3' title="bbox 3558 349 3669 407">
    <p class='ocr_par' dir='ltr' id='par_1_3' title="bbox 3558 349 3669 407">
     <span class='ocr_line' id='line_1_3' title="bbox 3558 349 3669 407; baseline 0.009 -1"><span class='ocrx_word' id='word_1_6' title='bbox 3558 349 3669 407; x_wconf 66' lang='lat'><strong>963</strong></span> 
     </span>
    </p>
   </div>
   <div class='ocr_carea' id='block_1_4' title="bbox 338 446 3668 535">
    <p class='ocr_par' dir='ltr' id='par_1_4' title="bbox 338 446 3668 535">
     <span class='ocr_line' id='line_1_4' title="bbox 338 446 3668 535; baseline 0.001 -19"><span class='ocrx_word' id='word_1_7' title='bbox 338 461 524 535; x_wconf 79' lang='lat' dir='ltr'><strong>(Ioan.</strong></span> <span class='ocrx_word' id='word_1_8' title='bbox 545 476 619 527; x_wconf 77' lang='lat' dir='ltr'><strong>vr,</strong></span> <span class='ocrx_word' id='word_1_9' title='bbox 640 446 846 529; x_wconf 59' lang='lat' dir='ltr'><strong>t26.27)</strong></span> <span class='ocrx_word' id='word_1_10' title='bbox 874 456 1270 523; x_wconf 73' lang='lat' dir='ltr'><strong>:Quwritisme,</strong></span> <span class='ocrx_word' id='word_1_11' title='bbox 1296 473 1396 511; x_wconf 90' lang='lat' dir='ltr'><strong>non</strong></span> <span class='ocrx_word' id='word_1_12' title='bbox 1424 459 1543 528; x_wconf 88' lang='lat' dir='ltr'><strong>quia</strong></span> <span class='ocrx_word' id='word_1_13' title='bbox 1568 461 1716 527; x_wconf 85' lang='lat' dir='ltr'><strong>signa</strong></span> <span class='ocrx_word' id='word_1_14' title='bbox 1738 460 1957 526; x_wconf 74' lang='lat' dir='ltr'><strong>vidistis,</strong></span> <span class='ocrx_word' id='word_1_15' title='bbox 1990 464 2038 519; x_wconf 83' lang='grc' dir='ltr'>Α</span> <span class='ocrx_word' id='word_1_16' title='bbox 2068 475 2294 527; x_wconf 72' lang='lat' dir='ltr'><strong>egenos;</strong></span> <span class='ocrx_word' id='word_1_17' title='bbox 2327 469 2376 514; x_wconf 91' lang='lat' dir='ltr'><strong>et</strong></span> <span class='ocrx_word' id='word_1_18' title='bbox 2403 458 2585 513; x_wconf 83' lang='lat' dir='ltr'><strong>felices</strong></span> <span class='ocrx_word' id='word_1_19' title='bbox 2615 460 2917 515; x_wconf 70' lang='lat' dir='ltr'><strong>esurientes</strong></span> <span class='ocrx_word' id='word_1_20' title='bbox 2947 469 3108 531; x_wconf 89' lang='lat' dir='ltr'><strong>atque</strong></span> <span class='ocrx_word' id='word_1_21' title='bbox 3138 461 3383 518; x_wconf 90' lang='lat' dir='ltr'><strong>sitientes</strong></span> <span class='ocrx_word' id='word_1_22' title='bbox 3409 462 3563 535; x_wconf 86' lang='lat' dir='ltr'><strong>(Luc.</strong></span> <span class='ocrx_word' id='word_1_23' title='bbox 3592 480 3668 530; x_wconf 85' lang='lat' dir='ltr'><strong>vt,</strong></span> 
     </span>
    </p>
   </div>
   <div class='ocr_carea' id='block_1_5' title="bbox 337 551 1963 627">
    <p class='ocr_par' dir='ltr' id='par_1_5' title="bbox 337 551 1963 627">
     <span class='ocr_line' id='line_1_5' title="bbox 337 551 1963 627; baseline -0.002 -18"><span class='ocrx_word' id='word_1_24' title='bbox 337 556 432 609; x_wconf 83' lang='lat' dir='ltr'><strong>sed</strong></span> <span class='ocrx_word' id='word_1_25' title='bbox 458 557 580 627; x_wconf 86' lang='lat' dir='ltr'><strong>quia</strong></span> <span class='ocrx_word' id='word_1_26' title='bbox 609 553 959 607; x_wconf 82' lang='lat' dir='ltr'><strong>ntanducastis</strong></span> <span class='ocrx_word' id='word_1_27' title='bbox 986 551 1051 606; x_wconf 86' lang='lat' dir='ltr'><strong>de</strong></span> <span class='ocrx_word' id='word_1_28' title='bbox 1088 552 1303 621; x_wconf 80' lang='lat' dir='ltr'><strong>panibus</strong></span> <span class='ocrx_word' id='word_1_29' title='bbox 1330 552 1473 619; x_wconf 87' lang='lat' dir='ltr'><strong>meis,</strong></span> <span class='ocrx_word' id='word_1_30' title='bbox 1503 562 1549 605; x_wconf 88' lang='lat' dir='ltr'><strong>et</strong></span> <span class='ocrx_word' id='word_1_31' title='bbox 1575 554 1794 606; x_wconf 83' lang='lat' dir='ltr'><strong>saturati</strong></span> <span class='ocrx_word' id='word_1_32' title='bbox 1823 554 1963 607; x_wconf 88' lang='lat' dir='ltr'><strong>estis.</strong></span> 
     </span>
    </p>
   </div>
   <div class='ocr_carea' id='block_1_6' title="bbox 342 647 1964 720">
    <p class='ocr_par' dir='ltr' id='par_1_6' title="bbox 342 647 1964 720">
     <span class='ocr_line' id='line_1_6' title="bbox 342 647 1964 720; baseline -0.001 -17"><span class='ocrx_word' id='word_1_33' title='bbox 342 647 646 720; x_wconf 69' lang='lat' dir='ltr'><strong>Oper-omini</strong></span> <span class='ocrx_word' id='word_1_34' title='bbox 666 655 959 701; x_wconf 82' lang='lat' dir='ltr'><strong>autemnon</strong></span> <span class='ocrx_word' id='word_1_35' title='bbox 992 662 1104 699; x_wconf 84' lang='lat' dir='ltr'><strong>eam</strong></span> <span class='ocrx_word' id='word_1_36' title='bbox 1134 662 1297 700; x_wconf 85' lang='lat' dir='ltr'><strong>escam</strong></span> <span class='ocrx_word' id='word_1_37' title='bbox 1323 662 1437 715; x_wconf 72' lang='lat' dir='ltr'><strong>qtae</strong></span> <span class='ocrx_word' id='word_1_38' title='bbox 1462 647 1589 716; x_wconf 83' lang='lat' dir='ltr'><strong>perit</strong></span> <span class='ocrx_word' id='word_1_39' title='bbox 1620 689 1633 710; x_wconf 90' lang='lat'><strong>,</strong></span> <span class='ocrx_word' id='word_1_40' title='bbox 1671 648 1759 702; x_wconf 86' lang='lat' dir='ltr'><strong>sed</strong></span> <span class='ocrx_word' id='word_1_41' title='bbox 1798 665 1964 701; x_wconf 85' lang='lat' dir='ltr'><strong>escam</strong></span> 
     </span>
    </p>
   </div>
   <div class='ocr_carea' id='block_1_7' title="bbox 344 736 1963 812">
    <p class='ocr_par' dir='ltr' id='par_1_7' title="bbox 344 736 1963 812">
     <span class='ocr_line' id='line_1_7' title="bbox 344 736 1963 812; baseline 0 -18"><span class='ocrx_word' id='word_1_42' title='bbox 344 749 724 812; x_wconf 86' lang='lat' dir='ltr'><strong>permanentem</strong></span> <span class='ocrx_word' id='word_1_43' title='bbox 747 739 802 792; x_wconf 86' lang='lat' dir='ltr'><strong>in</strong></span> <span class='ocrx_word' id='word_1_44' title='bbox 844 738 1000 791; x_wconf 82' lang='lat' dir='ltr'><strong>vitam</strong></span> <span class='ocrx_word' id='word_1_45' title='bbox 1026 747 1295 801; x_wconf 69' lang='lat' dir='ltr'><strong>(sternam,</strong></span> <span class='ocrx_word' id='word_1_46' title='bbox 1336 753 1490 806; x_wconf 82' lang='lat' dir='ltr'><strong>quant</strong></span> <span class='ocrx_word' id='word_1_47' title='bbox 1522 736 1569 791; x_wconf 88' lang='lat' dir='ltr'><em>F</em></span> <span class='ocrx_word' id='word_1_48' title='bbox 1574 738 1692 793; x_wconf 84' lang='lat' dir='ltr'><strong>ilius</strong></span> <span class='ocrx_word' id='word_1_49' title='bbox 1742 739 1963 794; x_wconf 77' lang='lat' dir='ltr'><strong>hominis</strong></span> 
     </span>
    </p>
   </div>
   <div class='ocr_carea' id='block_1_8' title="bbox 341 830 1957 901">
    <p class='ocr_par' dir='ltr' id='par_1_8' title="bbox 341 830 1957 901">
     <span class='ocr_line' id='line_1_8' title="bbox 341 830 1957 901; baseline -0.005 -10"><span class='ocrx_word' id='word_1_50' title='bbox 341 836 483 891; x_wconf 87' lang='lat' dir='ltr'><strong>vobis</strong></span> <span class='ocrx_word' id='word_1_51' title='bbox 510 834 649 889; x_wconf 82' lang='lat' dir='ltr'><strong>dabit</strong></span> <span class='ocrx_word' id='word_1_52' title='bbox 676 850 695 888; x_wconf 92' lang='lat'><strong><em>:</em></strong></span> <span class='ocrx_word' id='word_1_53' title='bbox 724 836 861 887; x_wconf 86' lang='lat' dir='ltr'><strong>hunc</strong></span> <span class='ocrx_word' id='word_1_54' title='bbox 910 832 1044 887; x_wconf 87' lang='lat' dir='ltr'><strong>enim</strong></span> <span class='ocrx_word' id='word_1_55' title='bbox 1075 830 1232 885; x_wconf 87' lang='lat' dir='ltr'><strong>Pater</strong></span> <span class='ocrx_word' id='word_1_56' title='bbox 1258 831 1474 901; x_wconf 85' lang='lat' dir='ltr'><strong>signavit</strong></span> <span class='ocrx_word' id='word_1_57' title='bbox 1510 831 1673 887; x_wconf 88' lang='lat' dir='ltr'><strong>Deus.</strong></span> <span class='ocrx_word' id='word_1_58' title='bbox 1723 832 1957 899; x_wconf 85' lang='lat' dir='ltr'><strong>Justitia,</strong></span> 
     </span>
    </p>
   </div>
   <div class='ocr_carea' id='block_1_9' title="bbox 342 923 1960 1000">
    <p class='ocr_par' dir='ltr' id='par_1_9' title="bbox 342 923 1960 1000">
     <span class='ocr_line' id='line_1_9' title="bbox 342 923 1960 1000; baseline -0.002 -22"><span class='ocrx_word' id='word_1_59' title='bbox 342 923 585 1000; x_wconf 87' lang='lat' dir='ltr'><strong>inquam.</strong></span> <span class='ocrx_word' id='word_1_60' title='bbox 610 936 667 982; x_wconf 90' lang='lat' dir='ltr'><strong>et</strong></span> <span class='ocrx_word' id='word_1_61' title='bbox 694 924 1027 982; x_wconf 87' lang='lat' dir='ltr'><strong>continentia</strong></span> <span class='ocrx_word' id='word_1_62' title='bbox 1055 934 1109 980; x_wconf 90' lang='lat' dir='ltr'><strong>et</strong></span> <span class='ocrx_word' id='word_1_63' title='bbox 1138 924 1361 993; x_wconf 84' lang='lat' dir='ltr'><strong>reliquis</strong></span> <span class='ocrx_word' id='word_1_64' title='bbox 1393 924 1535 979; x_wconf 87' lang='lat' dir='ltr'><strong>Deus</strong></span> <span class='ocrx_word' id='word_1_65' title='bbox 1557 924 1841 980; x_wconf 76' lang='lat' dir='ltr'><strong>virtutibus</strong></span> <span class='ocrx_word' id='word_1_66' title='bbox 1866 941 1960 979; x_wconf 83' lang='lat' dir='ltr'><strong>co-</strong></span> 
     </span>
    </p>
   </div>
   <div class='ocr_carea' id='block_1_10' title="bbox 346 1017 1959 1089">
    <p class='ocr_par' dir='ltr' id='par_1_10' title="bbox 346 1017 1959 1089">
     <span class='ocr_line' id='line_1_10' title="bbox 346 1017 1959 1089; baseline -0.002 -11"><span class='ocrx_word' id='word_1_67' title='bbox 346 1024 490 1079; x_wconf 91' lang='lat' dir='ltr'><strong>litur.</strong></span> <span class='ocrx_word' id='word_1_68' title='bbox 544 1023 563 1053; x_wconf 83' lang='grc'>¹</span> <span class='ocrx_word' id='word_1_69' title='bbox 604 1020 738 1076; x_wconf 84' lang='lat' dir='ltr'><strong>Nam</strong></span> <span class='ocrx_word' id='word_1_70' title='bbox 780 1029 835 1075; x_wconf 89' lang='lat' dir='ltr'><strong>et</strong></span> <span class='ocrx_word' id='word_1_71' title='bbox 860 1019 1151 1074; x_wconf 73' lang='lat' dir='ltr'><strong>Zacharias</strong></span> <span class='ocrx_word' id='word_1_72' title='bbox 1185 1017 1352 1073; x_wconf 82' lang='lat' dir='ltr'><strong>refert</strong></span> <span class='ocrx_word' id='word_1_73' title='bbox 1423 1020 1441 1088; x_wconf 95' lang='lat'><strong>(</strong></span> <span class='ocrx_word' id='word_1_74' title='bbox 1484 1017 1670 1085; x_wconf 84' lang='lat' dir='ltr'><strong>Zaclt.,</strong></span> <span class='ocrx_word' id='word_1_75' title='bbox 1705 1035 1800 1086; x_wconf 84' lang='lat' dir='ltr'><strong>vn,</strong></span> <span class='ocrx_word' id='word_1_76' title='bbox 1851 1017 1907 1089; x_wconf 88' lang='lat'><strong>6)</strong></span> <span class='ocrx_word' id='word_1_77' title='bbox 1944 1025 1959 1062; x_wconf 73' lang='grc' dir='ltr'><em>τ</em></span> 
     </span>
    </p>
   </div>
   <div class='ocr_carea' id='block_1_11' title="bbox 348 1111 1960 1183">
    <p class='ocr_par' dir='ltr' id='par_1_11' title="bbox 348 1111 1960 1183">
     <span class='ocr_line' id='line_1_11' title="bbox 348 1111 1960 1183; baseline -0.004 -11"><span class='ocrx_word' id='word_1_78' title='bbox 348 1117 408 1172; x_wconf 85' lang='lat' dir='ltr'><strong>Si</strong></span> <span class='ocrx_word' id='word_1_79' title='bbox 432 1115 773 1177; x_wconf 83' lang='lat' dir='ltr'><strong>manducetis,</strong></span> <span class='ocrx_word' id='word_1_80' title='bbox 809 1112 1004 1183; x_wconf 81' lang='lat' dir='ltr'><strong>inquit,</strong></span> <span class='ocrx_word' id='word_1_81' title='bbox 1046 1121 1135 1164; x_wconf 86' lang='lat' dir='ltr'><strong>aut</strong></span> <span class='ocrx_word' id='word_1_82' title='bbox 1168 1111 1369 1177; x_wconf 91' lang='lat' dir='ltr'><strong>bibatis,</strong></span> <span class='ocrx_word' id='word_1_83' title='bbox 1420 1128 1591 1166; x_wconf 84' lang='lat' dir='ltr'><strong>nonne</strong></span> <span class='ocrx_word' id='word_1_84' title='bbox 1637 1113 1658 1143; x_wconf 87' lang='grc'>³</span> <span class='ocrx_word' id='word_1_85' title='bbox 1699 1127 1785 1166; x_wconf 89' lang='lat' dir='ltr'><strong>vos</strong></span> <span class='ocrx_word' id='word_1_86' title='bbox 1814 1129 1960 1165; x_wconf 85' lang='lat' dir='ltr'><strong>mau-</strong></span> 
     </span>
    </p>
   </div>
   <div class='ocr_carea' id='block_1_12' title="bbox 345 1204 1958 1275">
    <p class='ocr_par' dir='ltr' id='par_1_12' title="bbox 345 1204 1958 1275">
     <span class='ocr_line' id='line_1_12' title="bbox 345 1204 1958 1275; baseline -0.003 -12"><span class='ocrx_word' id='word_1_87' title='bbox 345 1211 541 1265; x_wconf 89' lang='lat' dir='ltr'><strong>ducatis</strong></span> <span class='ocrx_word' id='word_1_88' title='bbox 571 1217 656 1260; x_wconf 88' lang='lat' dir='ltr'><strong>aut</strong></span> <span class='ocrx_word' id='word_1_89' title='bbox 684 1206 889 1261; x_wconf 81' lang='lat' dir='ltr'><strong>bibitis?</strong></span> <span class='ocrx_word' id='word_1_90' title='bbox 930 1204 1254 1275; x_wconf 72' lang='lat' dir='ltr'><strong>Exprimens</strong></span> <span class='ocrx_word' id='word_1_91' title='bbox 1282 1204 1432 1259; x_wconf 81' lang='lat' dir='ltr'><strong>cibos</strong></span> <span class='ocrx_word' id='word_1_92' title='bbox 1474 1213 1566 1261; x_wconf 89' lang='lat' dir='ltr'><strong>aut</strong></span> <span class='ocrx_word' id='word_1_93' title='bbox 1607 1213 1766 1275; x_wconf 87' lang='lat' dir='ltr'><strong>potus</strong></span> <span class='ocrx_word' id='word_1_94' title='bbox 1791 1247 1805 1270; x_wconf 93' lang='lat'><strong>,</strong></span> <span class='ocrx_word' id='word_1_95' title='bbox 1852 1220 1958 1258; x_wconf 90' lang='lat' dir='ltr'><strong>non</strong></span> 
     </span>
    </p>
   </div>
   <div class='ocr_carea' id='block_1_13' title="bbox 345 1296 1959 1371">
    <p class='ocr_par' dir='ltr' id='par_1_13' title="bbox 345 1296 1959 1371">
     <span class='ocr_line' id='line_1_13' title="bbox 345 1296 1959 1371; baseline -0.003 -13"><span class='ocrx_word' id='word_1_96' title='bbox 345 1303 412 1358; x_wconf 89' lang='lat' dir='ltr'><strong>ad</strong></span> <span class='ocrx_word' id='word_1_97' title='bbox 447 1304 615 1358; x_wconf 87' lang='lat' dir='ltr'><strong>Deum</strong></span> <span class='ocrx_word' id='word_1_98' title='bbox 648 1299 952 1371; x_wconf 79' lang='lat' dir='ltr'><strong>pervenire,</strong></span> <span class='ocrx_word' id='word_1_99' title='bbox 984 1298 1078 1353; x_wconf 86' lang='lat' dir='ltr'><strong>sed</strong></span> <span class='ocrx_word' id='word_1_100' title='bbox 1100 1297 1166 1352; x_wconf 90' lang='lat' dir='ltr'><strong>ad</strong></span> <span class='ocrx_word' id='word_1_101' title='bbox 1196 1296 1471 1353; x_wconf 85' lang='lat' dir='ltr'><strong>hominem</strong></span> <span class='ocrx_word' id='word_1_102' title='bbox 1505 1316 1517 1352; x_wconf 91' lang='lat'>:</span> <span class='ocrx_word' id='word_1_103' title='bbox 1548 1314 1648 1354; x_wconf 91' lang='lat' dir='ltr'><strong>nec</strong></span> <span class='ocrx_word' id='word_1_104' title='bbox 1676 1300 1818 1353; x_wconf 82' lang='lat' dir='ltr'><strong>enim</strong></span> <span class='ocrx_word' id='word_1_105' title='bbox 1841 1313 1959 1353; x_wconf 90' lang='lat' dir='ltr'><strong>car-</strong></span> 
     </span>
    </p>
   </div>
   <div class='ocr_carea' id='block_1_14' title="bbox 349 1392 1955 1464">
    <p class='ocr_par' dir='ltr' id='par_1_14' title="bbox 349 1392 1955 1464">
     <span class='ocr_line' id='line_1_14' title="bbox 349 1392 1955 1464; baseline -0.005 -12"><span class='ocrx_word' id='word_1_106' title='bbox 349 1412 486 1453; x_wconf 89' lang='lat' dir='ltr'><strong>ueus</strong></span> <span class='ocrx_word' id='word_1_107' title='bbox 516 1397 658 1452; x_wconf 87' lang='lat' dir='ltr'><strong>Deus</strong></span> <span class='ocrx_word' id='word_1_108' title='bbox 684 1403 788 1461; x_wconf 90' lang='lat' dir='ltr'><strong>est,</strong></span> <span class='ocrx_word' id='word_1_109' title='bbox 825 1402 883 1448; x_wconf 90' lang='lat' dir='ltr'><strong>ut</strong></span> <span class='ocrx_word' id='word_1_110' title='bbox 911 1407 1075 1449; x_wconf 87' lang='lat' dir='ltr'><strong>carne</strong></span> <span class='ocrx_word' id='word_1_111' title='bbox 1112 1392 1396 1464; x_wconf 83' lang='lat' dir='ltr'><strong>placetur;</strong></span> <span class='ocrx_word' id='word_1_112' title='bbox 1432 1407 1531 1448; x_wconf 90' lang='lat' dir='ltr'><strong>nec</strong></span> <span class='ocrx_word' id='word_1_113' title='bbox 1562 1393 1612 1446; x_wconf 90' lang='lat' dir='ltr'><strong>in</strong></span> <span class='ocrx_word' id='word_1_114' title='bbox 1647 1392 1741 1445; x_wconf 88' lang='lat' dir='ltr'><strong>has</strong></span> <span class='ocrx_word' id='word_1_115' title='bbox 1766 1392 1955 1462; x_wconf 85' lang='lat' dir='ltr'><strong>volup-</strong></span> 
     </span>
    </p>
   </div>
   <div class='ocr_carea' id='block_1_15' title="bbox 349 1484 1958 1556">
    <p class='ocr_par' dir='ltr' id='par_1_15' title="bbox 349 1484 1958 1556">
     <span class='ocr_line' id='line_1_15' title="bbox 349 1484 1958 1556; baseline -0.002 -11"><span class='ocrx_word' id='word_1_116' title='bbox 349 1500 486 1546; x_wconf 88' lang='lat' dir='ltr'><strong>tates</strong></span> <span class='ocrx_word' id='word_1_117' title='bbox 519 1488 541 1520; x_wconf 86' lang='grc'><strong><em>³</em></strong></span> <span class='ocrx_word' id='word_1_118' title='bbox 589 1486 852 1542; x_wconf 88' lang='lat' dir='ltr'><strong>attonitus</strong></span> <span class='ocrx_word' id='word_1_119' title='bbox 891 1526 905 1551; x_wconf 90' lang='lat'><strong>,</strong></span> <span class='ocrx_word' id='word_1_120' title='bbox 959 1493 1016 1539; x_wconf 90' lang='lat' dir='ltr'><strong>ut</strong></span> <span class='ocrx_word' id='word_1_121' title='bbox 1065 1486 1264 1541; x_wconf 84' lang='lat' dir='ltr'><strong>nostris</strong></span> <span class='ocrx_word' id='word_1_122' title='bbox 1309 1485 1540 1556; x_wconf 78' lang='lat' dir='ltr'><strong>gaudeat</strong></span> <span class='ocrx_word' id='word_1_123' title='bbox 1592 1484 1747 1541; x_wconf 82' lang='lat' dir='ltr'><strong>cibis.</strong></span> <span class='ocrx_word' id='word_1_124' title='bbox 1818 1486 1958 1541; x_wconf 86' lang='lat' dir='ltr'><strong>Deus</strong></span> 
     </span>
    </p>
   </div>
   <div class='ocr_carea' id='block_1_16' title="bbox 344 1577 1955 1653">
    <p class='ocr_par' dir='ltr' id='par_1_16' title="bbox 344 1577 1955 1653">
     <span class='ocr_line' id='line_1_16' title="bbox 344 1577 1955 1653; baseline -0.004 -14"><span class='ocrx_word' id='word_1_125' title='bbox 344 1583 456 1640; x_wconf 89' lang='lat' dir='ltr'><strong>sola</strong></span> <span class='ocrx_word' id='word_1_126' title='bbox 485 1579 679 1653; x_wconf 79' lang='lat' dir='ltr'><strong>gaudet</strong></span> <span class='ocrx_word' id='word_1_127' title='bbox 707 1579 811 1634; x_wconf 84' lang='lat' dir='ltr'><strong>ﬁde</strong></span> <span class='ocrx_word' id='word_1_128' title='bbox 852 1589 1059 1644; x_wconf 89' lang='lat' dir='ltr'><strong>nostra,</strong></span> <span class='ocrx_word' id='word_1_129' title='bbox 1106 1578 1219 1632; x_wconf 86' lang='lat' dir='ltr'><strong>sola</strong></span> <span class='ocrx_word' id='word_1_130' title='bbox 1248 1577 1577 1645; x_wconf 80' lang='lat' dir='ltr'><strong>innocentia,</strong></span> <span class='ocrx_word' id='word_1_131' title='bbox 1619 1579 1730 1633; x_wconf 91' lang='lat' dir='ltr'><strong>sola</strong></span> <span class='ocrx_word' id='word_1_132' title='bbox 1757 1580 1955 1634; x_wconf 86' lang='lat' dir='ltr'><strong>verita-</strong></span> 
     </span>
    </p>
   </div>
   <div class='ocr_carea' id='block_1_17' title="bbox 344 1672 1954 1744">
    <p class='ocr_par' dir='ltr' id='par_1_17' title="bbox 344 1672 1954 1744">
     <span class='ocr_line' id='line_1_17' title="bbox 344 1672 1954 1744; baseline -0.002 -13"><span class='ocrx_word' id='word_1_133' title='bbox 344 1684 417 1740; x_wconf 88' lang='lat' dir='ltr'><strong>te,</strong></span> <span class='ocrx_word' id='word_1_134' title='bbox 442 1675 573 1730; x_wconf 88' lang='lat' dir='ltr'><strong>solis</strong></span> <span class='ocrx_word' id='word_1_135' title='bbox 603 1673 887 1729; x_wconf 81' lang='lat' dir='ltr'><strong>virtutibus</strong></span> <span class='ocrx_word' id='word_1_136' title='bbox 923 1673 1143 1741; x_wconf 88' lang='lat' dir='ltr'><strong>nostris,</strong></span> <span class='ocrx_word' id='word_1_137' title='bbox 1178 1689 1296 1744; x_wconf 77' lang='lat' dir='ltr'><strong>qua:</strong></span> <span class='ocrx_word' id='word_1_138' title='bbox 1321 1672 1563 1730; x_wconf 85' lang='lat' dir='ltr'><strong>habitant</strong></span> <span class='ocrx_word' id='word_1_139' title='bbox 1610 1689 1714 1728; x_wconf 91' lang='lat' dir='ltr'><strong>non</strong></span> <span class='ocrx_word' id='word_1_140' title='bbox 1740 1673 1790 1727; x_wconf 90' lang='lat' dir='ltr'><strong>in</strong></span> <span class='ocrx_word' id='word_1_141' title='bbox 1822 1689 1954 1728; x_wconf 88' lang='lat' dir='ltr'><strong>vcn-</strong></span> 
     </span>
    </p>
   </div>
   <div class='ocr_carea' id='block_1_18' title="bbox 352 1767 1954 1838">
    <p class='ocr_par' dir='ltr' id='par_1_18' title="bbox 352 1767 1954 1838">
     <span class='ocr_line' id='line_1_18' title="bbox 352 1767 1954 1838; baseline -0.002 -13"><span class='ocrx_word' id='word_1_142' title='bbox 352 1778 453 1833; x_wconf 88' lang='lat' dir='ltr'><strong>lre,</strong></span> <span class='ocrx_word' id='word_1_143' title='bbox 496 1769 591 1824; x_wconf 89' lang='lat' dir='ltr'><strong>sed</strong></span> <span class='ocrx_word' id='word_1_144' title='bbox 634 1769 686 1823; x_wconf 90' lang='lat' dir='ltr'><strong>in</strong></span> <span class='ocrx_word' id='word_1_145' title='bbox 729 1769 909 1824; x_wconf 89' lang='lat' dir='ltr'><strong>animo</strong></span> <span class='ocrx_word' id='word_1_146' title='bbox 941 1787 954 1823; x_wconf 91' lang='lat'>:</span> <span class='ocrx_word' id='word_1_147' title='bbox 987 1783 1226 1838; x_wconf 85' lang='lat' dir='ltr'><strong>quasque</strong></span> <span class='ocrx_word' id='word_1_148' title='bbox 1273 1767 1431 1823; x_wconf 86' lang='lat' dir='ltr'><strong>nobis</strong></span> <span class='ocrx_word' id='word_1_149' title='bbox 1470 1768 1700 1838; x_wconf 81' lang='lat' dir='ltr'><strong>acquirit</strong></span> <span class='ocrx_word' id='word_1_150' title='bbox 1741 1767 1954 1822; x_wconf 87' lang='lat' dir='ltr'><strong>divinus</strong></span> 
     </span>
    </p>
   </div>
   <div class='ocr_carea' id='block_1_19' title="bbox 2071 548 3673 625">
    <p class='ocr_par' dir='ltr' id='par_1_19' title="bbox 2071 548 3673 625">
     <span class='ocr_line' id='line_1_19' title="bbox 2071 548 3673 625; baseline 0.006 -20"><span class='ocrx_word' id='word_1_151' title='bbox 2071 548 2196 625; x_wconf 62' lang='lat'><strong>24);</strong></span> <span class='ocrx_word' id='word_1_152' title='bbox 2230 553 2457 607; x_wconf 67' lang='lat' dir='ltr'><strong>miseros</strong></span> <span class='ocrx_word' id='word_1_153' title='bbox 2486 552 2680 607; x_wconf 88' lang='lat' dir='ltr'><strong>divites</strong></span> <span class='ocrx_word' id='word_1_154' title='bbox 2706 593 2721 619; x_wconf 91' lang='lat'><strong>,</strong></span> <span class='ocrx_word' id='word_1_155' title='bbox 2750 554 2947 623; x_wconf 86' lang='lat' dir='ltr'><strong>quibus</strong></span> <span class='ocrx_word' id='word_1_156' title='bbox 2972 554 3037 607; x_wconf 87' lang='lat' dir='ltr'><strong>ad</strong></span> <span class='ocrx_word' id='word_1_157' title='bbox 3068 554 3350 624; x_wconf 86' lang='lat' dir='ltr'><strong>imperium</strong></span> <span class='ocrx_word' id='word_1_158' title='bbox 3384 555 3589 612; x_wconf 84' lang='lat' dir='ltr'><strong>ventris</strong></span> <span class='ocrx_word' id='word_1_159' title='bbox 3616 564 3673 614; x_wconf 86' lang='lat' dir='ltr'><strong>et</strong></span> 
     </span>
    </p>
   </div>
   <div class='ocr_carea' id='block_1_20' title="bbox 2068 645 3673 718">
    <p class='ocr_par' dir='ltr' id='par_1_20' title="bbox 2068 645 3673 718">
     <span class='ocr_line' id='line_1_20' title="bbox 2068 645 3673 718; baseline 0.002 -19"><span class='ocrx_word' id='word_1_160' title='bbox 2068 646 2207 715; x_wconf 72' lang='lat' dir='ltr'><strong>gula:</strong></span> <span class='ocrx_word' id='word_1_161' title='bbox 2234 645 2597 701; x_wconf 89' lang='lat' dir='ltr'><strong>servientibus</strong></span> <span class='ocrx_word' id='word_1_162' title='bbox 2619 646 2953 718; x_wconf 87' lang='lat' dir='ltr'><strong>voluptatum</strong></span> <span class='ocrx_word' id='word_1_163' title='bbox 2983 663 3273 717; x_wconf 84' lang='lat' dir='ltr'><strong>numquam</strong></span> <span class='ocrx_word' id='word_1_164' title='bbox 3305 658 3487 717; x_wconf 82' lang='lat' dir='ltr'><strong>posset</strong></span> <span class='ocrx_word' id='word_1_165' title='bbox 3515 650 3537 681; x_wconf 82' lang='grc'>⁸</span> <span class='ocrx_word' id='word_1_166' title='bbox 3558 664 3673 703; x_wconf 76' lang='lat' dir='ltr'><strong>nta-</strong></span> 
     </span>
    </p>
   </div>
   <div class='ocr_carea' id='block_1_21' title="bbox 2071 739 3670 815">
    <p class='ocr_par' dir='ltr' id='par_1_21' title="bbox 2071 739 3670 815">
     <span class='ocr_line' id='line_1_21' title="bbox 2071 739 3670 815; baseline 0.004 -22"><span class='ocrx_word' id='word_1_167' title='bbox 2071 740 2203 794; x_wconf 88' lang='lat' dir='ltr'><strong>teria</strong></span> <span class='ocrx_word' id='word_1_168' title='bbox 2258 739 2521 804; x_wconf 77' lang='lat' dir='ltr'><strong>deiicere,</strong></span> <span class='ocrx_word' id='word_1_169' title='bbox 2556 756 2623 795; x_wconf 92' lang='lat' dir='ltr'><strong>ne</strong></span> <span class='ocrx_word' id='word_1_170' title='bbox 2674 740 2926 796; x_wconf 90' lang='lat' dir='ltr'><strong>desinere</strong></span> <span class='ocrx_word' id='word_1_171' title='bbox 2964 742 3199 798; x_wconf 87' lang='lat' dir='ltr'><strong>servitus</strong></span> <span class='ocrx_word' id='word_1_172' title='bbox 3250 754 3471 813; x_wconf 88' lang='lat' dir='ltr'><strong>posset;</strong></span> <span class='ocrx_word' id='word_1_173' title='bbox 3509 760 3670 815; x_wconf 87' lang='lat' dir='ltr'><strong>argu-</strong></span> 
     </span>
    </p>
   </div>
   <div class='ocr_carea' id='block_1_22' title="bbox 2070 834 3666 908">
    <p class='ocr_par' dir='ltr' id='par_1_22' title="bbox 2070 834 3666 908">
     <span class='ocr_line' id='line_1_22' title="bbox 2070 834 3666 908; baseline 0.004 -21"><span class='ocrx_word' id='word_1_174' title='bbox 2070 843 2305 889; x_wconf 86' lang='lat' dir='ltr'><strong>mentum</strong></span> <span class='ocrx_word' id='word_1_175' title='bbox 2340 834 2611 889; x_wconf 80' lang='lat' dir='ltr'><strong>felicitatis</strong></span> <span class='ocrx_word' id='word_1_176' title='bbox 2641 844 2889 905; x_wconf 89' lang='lat' dir='ltr'><strong>putantes</strong></span> <span class='ocrx_word' id='word_1_177' title='bbox 2914 876 2930 902; x_wconf 91' lang='lat'><strong>,</strong></span> <span class='ocrx_word' id='word_1_178' title='bbox 2978 836 3365 906; x_wconf 87' lang='lat' dir='ltr'><strong>concupiscere</strong></span> <span class='ocrx_word' id='word_1_179' title='bbox 3407 846 3666 908; x_wconf 88' lang='lat' dir='ltr'><strong>quantum</strong></span> 
     </span>
    </p>
   </div>
   <div class='ocr_carea' id='block_1_23' title="bbox 2066 928 3668 1000">
    <p class='ocr_par' dir='ltr' id='par_1_23' title="bbox 2066 928 3668 1000">
     <span class='ocr_line' id='line_1_23' title="bbox 2066 928 3668 1000; baseline 0.001 -16"><span class='ocrx_word' id='word_1_180' title='bbox 2066 930 2295 998; x_wconf 85' lang='lat' dir='ltr'><strong>possint.</strong></span> <span class='ocrx_word' id='word_1_181' title='bbox 2329 929 2431 983; x_wconf 86' lang='lat' dir='ltr'><strong>nisi</strong></span> <span class='ocrx_word' id='word_1_182' title='bbox 2465 928 2605 998; x_wconf 85' lang='lat' dir='ltr'><strong>quod</strong></span> <span class='ocrx_word' id='word_1_183' title='bbox 2634 940 2685 983; x_wconf 91' lang='lat' dir='ltr'><strong>et</strong></span> <span class='ocrx_word' id='word_1_184' title='bbox 2717 928 2795 984; x_wconf 88' lang='lat' dir='ltr'><strong>sic</strong></span> <span class='ocrx_word' id='word_1_185' title='bbox 2824 929 2998 984; x_wconf 90' lang='lat' dir='ltr'><strong>minus</strong></span> <span class='ocrx_word' id='word_1_186' title='bbox 3030 931 3256 999; x_wconf 88' lang='lat' dir='ltr'><strong>possint,</strong></span> <span class='ocrx_word' id='word_1_187' title='bbox 3284 946 3440 1000; x_wconf 89' lang='lat' dir='ltr'><strong>quam</strong></span> <span class='ocrx_word' id='word_1_188' title='bbox 3467 945 3668 986; x_wconf 89' lang='lat' dir='ltr'><strong>concu-</strong></span> 
     </span>
    </p>
   </div>
   <div class='ocr_carea' id='block_1_24' title="bbox 2067 1008 3666 1094">
    <p class='ocr_par' dir='ltr' id='par_1_24' title="bbox 2067 1008 3666 1094">
     <span class='ocr_line' id='line_1_24' title="bbox 2067 1008 3666 1094; baseline 0.003 -19"><span class='ocrx_word' id='word_1_189' title='bbox 2067 1023 2299 1090; x_wconf 87' lang='lat' dir='ltr'><strong>piscunt.</strong></span> <span class='ocrx_word' id='word_1_190' title='bbox 2333 1021 2463 1075; x_wconf 88' lang='lat' dir='ltr'><strong>Nam</strong></span> <span class='ocrx_word' id='word_1_191' title='bbox 2515 1032 2568 1076; x_wconf 87' lang='lat' dir='ltr'><strong>et</strong></span> <span class='ocrx_word' id='word_1_192' title='bbox 2599 1019 2763 1093; x_wconf 87' lang='lat' dir='ltr'><strong>(Ibid.</strong></span> <span class='ocrx_word' id='word_1_193' title='bbox 2797 1038 2911 1083; x_wconf 75' lang='lat' dir='ltr'><strong>xvr,</strong></span> <span class='ocrx_word' id='word_1_194' title='bbox 2944 1023 3032 1094; x_wconf 75' lang='grc'><strong>19)</strong></span> <span class='ocrx_word' id='word_1_195' title='bbox 3070 1026 3090 1056; x_wconf 75' lang='grc'>³</span> <span class='ocrx_word' id='word_1_196' title='bbox 3135 1008 3417 1079; x_wconf 64' lang='grc' dir='ltr'>Ιλιῑιιιιιιιιι</span> <span class='ocrx_word' id='word_1_197' title='bbox 3452 1025 3503 1079; x_wconf 92' lang='lat' dir='ltr'><strong>in</strong></span> <span class='ocrx_word' id='word_1_198' title='bbox 3551 1026 3666 1094; x_wconf 79' lang='lat' dir='ltr'><strong>ipsa</strong></span> 
     </span>
    </p>
   </div>
   <div class='ocr_carea' id='block_1_25' title="bbox 2066 1111 3664 1187">
    <p class='ocr_par' dir='ltr' id='par_1_25' title="bbox 2066 1111 3664 1187">
     <span class='ocr_line' id='line_1_25' title="bbox 2066 1111 3664 1187; baseline 0.004 -21"><span class='ocrx_word' id='word_1_199' title='bbox 2066 1111 2205 1166; x_wconf 78' lang='lat' dir='ltr'><strong>fame</strong></span> <span class='ocrx_word' id='word_1_200' title='bbox 2229 1114 2465 1182; x_wconf 86' lang='lat' dir='ltr'><strong>ipsisque</strong></span> <span class='ocrx_word' id='word_1_201' title='bbox 2497 1112 2767 1168; x_wconf 86' lang='lat' dir='ltr'><strong>ulceribus</strong></span> <span class='ocrx_word' id='word_1_202' title='bbox 2798 1123 2853 1169; x_wconf 89' lang='lat' dir='ltr'><strong>et</strong></span> <span class='ocrx_word' id='word_1_203' title='bbox 2881 1116 3107 1172; x_wconf 81' lang='lat' dir='ltr'><strong>canibus</strong></span> <span class='ocrx_word' id='word_1_204' title='bbox 3136 1116 3318 1171; x_wconf 85' lang='lat' dir='ltr'><strong>divitis</strong></span> <span class='ocrx_word' id='word_1_205' title='bbox 3349 1117 3664 1187; x_wconf 63' lang='lat' dir='ltr'><strong>praeferens,</strong></span> 
     </span>
    </p>
   </div>
   <div class='ocr_carea' id='block_1_26' title="bbox 2063 1206 3661 1278">
    <p class='ocr_par' dir='ltr' id='par_1_26' title="bbox 2063 1206 3661 1278">
     <span class='ocr_line' id='line_1_26' title="bbox 2063 1206 3661 1278; baseline 0.004 -20"><span class='ocrx_word' id='word_1_206' title='bbox 2063 1206 2345 1260; x_wconf 71' lang='lat' dir='ltr'><strong>carnifices</strong></span> <span class='ocrx_word' id='word_1_207' title='bbox 2377 1206 2565 1260; x_wconf 85' lang='lat' dir='ltr'><strong>salutis</strong></span> <span class='ocrx_word' id='word_1_208' title='bbox 2592 1217 2838 1262; x_wconf 82' lang='lat' dir='ltr'><strong>ventrem</strong></span> <span class='ocrx_word' id='word_1_209' title='bbox 2868 1217 2922 1262; x_wconf 91' lang='lat' dir='ltr'><strong>et</strong></span> <span class='ocrx_word' id='word_1_210' title='bbox 2950 1210 3127 1278; x_wconf 81' lang='lat' dir='ltr'><strong>gulam</strong></span> <span class='ocrx_word' id='word_1_211' title='bbox 3159 1210 3447 1264; x_wconf 82' lang='lat' dir='ltr'><strong>coercebat</strong></span> <span class='ocrx_word' id='word_1_212' title='bbox 3474 1225 3661 1265; x_wconf 80' lang='lat' dir='ltr'><strong>exem-</strong></span> 
     </span>
    </p>
   </div>
   <div class='ocr_carea' id='block_1_27' title="bbox 2063 1295 3665 1371">
    <p class='ocr_par' dir='ltr' id='par_1_27' title="bbox 2063 1295 3665 1371">
     <span class='ocr_line' id='line_1_27' title="bbox 2063 1295 3665 1371; baseline 0.005 -22"><span class='ocrx_word' id='word_1_213' title='bbox 2063 1296 2163 1365; x_wconf 78' lang='lat' dir='ltr'><strong>plis</strong></span> <span class='ocrx_word' id='word_1_214' title='bbox 2213 1295 2253 1370; x_wconf 95' lang='lat' dir='ltr'><strong>(l</strong></span> <span class='ocrx_word' id='word_1_215' title='bbox 2283 1296 2414 1352; x_wconf 88' lang='lat' dir='ltr'><strong>Tim.</strong></span> <span class='ocrx_word' id='word_1_216' title='bbox 2462 1314 2531 1363; x_wconf 85' lang='lat' dir='ltr'><strong>vt,</strong></span> <span class='ocrx_word' id='word_1_217' title='bbox 2563 1299 2642 1367; x_wconf 88' lang='grc'><strong>8).</strong></span> <span class='ocrx_word' id='word_1_218' title='bbox 2696 1300 2988 1369; x_wconf 78' lang='lat' dir='ltr'><strong>Apostolus</strong></span> <span class='ocrx_word' id='word_1_219' title='bbox 3033 1316 3248 1371; x_wconf 89' lang='lat' dir='ltr'><strong>quoque</strong></span> <span class='ocrx_word' id='word_1_220' title='bbox 3276 1301 3552 1366; x_wconf 71' lang='lat' dir='ltr'><strong>habentes,</strong></span> <span class='ocrx_word' id='word_1_221' title='bbox 3583 1301 3665 1357; x_wconf 89' lang='lat' dir='ltr'><strong>di-</strong></span> 
     </span>
    </p>
   </div>
   <div class='ocr_carea' id='block_1_28' title="bbox 2062 1390 3664 1465">
    <p class='ocr_par' dir='ltr' id='par_1_28' title="bbox 2062 1390 3664 1465">
     <span class='ocr_line' id='line_1_28' title="bbox 2062 1390 3664 1465; baseline 0.003 -20"><span class='ocrx_word' id='word_1_222' title='bbox 2062 1390 2255 1457; x_wconf 88' lang='lat' dir='ltr'><strong>cendo,</strong></span> <span class='ocrx_word' id='word_1_223' title='bbox 2289 1392 2472 1445; x_wconf 83' lang='lat' dir='ltr'><strong>victum</strong></span> <span class='ocrx_word' id='word_1_224' title='bbox 2499 1403 2546 1446; x_wconf 85' lang='lat' dir='ltr'><strong>et</strong></span> <span class='ocrx_word' id='word_1_225' title='bbox 2572 1394 2825 1459; x_wconf 83' lang='lat' dir='ltr'><strong>vestitum,</strong></span> <span class='ocrx_word' id='word_1_226' title='bbox 2856 1394 2935 1447; x_wconf 85' lang='lat' dir='ltr'><strong>Itis</strong></span> <span class='ocrx_word' id='word_1_227' title='bbox 2964 1397 3189 1448; x_wconf 83' lang='lat' dir='ltr'><strong>contenti</strong></span> <span class='ocrx_word' id='word_1_228' title='bbox 3213 1412 3406 1461; x_wconf 85' lang='lat' dir='ltr'><strong>sumus,</strong></span> <span class='ocrx_word' id='word_1_229' title='bbox 3442 1395 3664 1465; x_wconf 81' lang='lat' dir='ltr'><strong>frugali-</strong></span> 
     </span>
    </p>
   </div>
   <div class='ocr_carea' id='block_1_29' title="bbox 2063 1484 3657 1556">
    <p class='ocr_par' dir='ltr' id='par_1_29' title="bbox 2063 1484 3657 1556">
     <span class='ocr_line' id='line_1_29' title="bbox 2063 1484 3657 1556; baseline 0.004 -19"><span class='ocrx_word' id='word_1_230' title='bbox 2063 1484 2186 1537; x_wconf 87' lang='lat' dir='ltr'><strong>tatis</strong></span> <span class='ocrx_word' id='word_1_231' title='bbox 2216 1493 2267 1538; x_wconf 90' lang='lat' dir='ltr'><strong>et</strong></span> <span class='ocrx_word' id='word_1_232' title='bbox 2294 1485 2642 1539; x_wconf 71' lang='lat' dir='ltr'><strong>continentia)</strong></span> <span class='ocrx_word' id='word_1_233' title='bbox 2676 1486 2844 1555; x_wconf 81' lang='lat' dir='ltr'><strong>legent</strong></span> <span class='ocrx_word' id='word_1_234' title='bbox 2873 1487 3070 1551; x_wconf 87' lang='lat' dir='ltr'><strong>dabat;</strong></span> <span class='ocrx_word' id='word_1_235' title='bbox 3112 1502 3298 1556; x_wconf 54' lang='lat' dir='ltr'><strong>parum</strong></span> <span class='ocrx_word' id='word_1_236' title='bbox 3341 1488 3657 1544; x_wconf 77' lang='lat' dir='ltr'><strong>existimans</strong></span> 
     </span>
    </p>
   </div>
   <div class='ocr_carea' id='block_1_30' title="bbox 2061 1575 3659 1652">
    <p class='ocr_par' dir='ltr' id='par_1_30' title="bbox 2061 1575 3659 1652">
     <span class='ocr_line' id='line_1_30' title="bbox 2061 1575 3659 1652; baseline 0.006 -24"><span class='ocrx_word' id='word_1_237' title='bbox 2061 1575 2400 1646; x_wconf 83' lang='lat' dir='ltr'><strong>profuturum</strong></span> <span class='ocrx_word' id='word_1_238' title='bbox 2442 1593 2564 1632; x_wconf 90' lang='lat' dir='ltr'><strong>esse</strong></span> <span class='ocrx_word' id='word_1_239' title='bbox 2608 1579 2750 1648; x_wconf 86' lang='lat' dir='ltr'><strong>quod</strong></span> <span class='ocrx_word' id='word_1_240' title='bbox 2784 1581 3109 1649; x_wconf 79' lang='lat' dir='ltr'><strong>scripserat,</strong></span> <span class='ocrx_word' id='word_1_241' title='bbox 3146 1582 3305 1635; x_wconf 88' lang='lat' dir='ltr'><strong>etiam</strong></span> <span class='ocrx_word' id='word_1_242' title='bbox 3350 1581 3659 1652; x_wconf 81' lang='lat' dir='ltr'><strong>exetnplum</strong></span> 
     </span>
    </p>
   </div>
   <div class='ocr_carea' id='block_1_31' title="bbox 2059 1668 3660 1740">
    <p class='ocr_par' dir='ltr' id='par_1_31' title="bbox 2059 1668 3660 1740">
     <span class='ocr_line' id='line_1_31' title="bbox 2059 1668 3660 1740; baseline 0.004 -18"><span class='ocrx_word' id='word_1_243' title='bbox 2059 1683 2119 1722; x_wconf 89' lang='lat' dir='ltr'><strong>se</strong></span> <span class='ocrx_word' id='word_1_244' title='bbox 2150 1668 2471 1739; x_wconf 85' lang='lat' dir='ltr'><strong>scriptorum</strong></span> <span class='ocrx_word' id='word_1_245' title='bbox 2520 1685 2739 1723; x_wconf 88' lang='lat' dir='ltr'><strong>suorum</strong></span> <span class='ocrx_word' id='word_1_246' title='bbox 2768 1670 2970 1737; x_wconf 90' lang='lat' dir='ltr'><strong>dabat,</strong></span> <span class='ocrx_word' id='word_1_247' title='bbox 3004 1672 3298 1740; x_wconf 83' lang='lat' dir='ltr'><strong>subjiciens</strong></span> <span class='ocrx_word' id='word_1_248' title='bbox 3329 1689 3434 1727; x_wconf 89' lang='lat' dir='ltr'><strong>non</strong></span> <span class='ocrx_word' id='word_1_249' title='bbox 3469 1675 3660 1729; x_wconf 86' lang='lat' dir='ltr'><strong>imme-</strong></span> 
     </span>
    </p>
   </div>
   <div class='ocr_carea' id='block_1_32' title="bbox 2059 1761 3659 1835">
    <p class='ocr_par' dir='ltr' id='par_1_32' title="bbox 2059 1761 3659 1835">
     <span class='ocr_line' id='line_1_32' title="bbox 2059 1761 3659 1835; baseline 0.002 -18"><span class='ocrx_word' id='word_1_250' title='bbox 2059 1763 2163 1817; x_wconf 86' lang='lat' dir='ltr'><strong>rito</strong></span> <span class='ocrx_word' id='word_1_251' title='bbox 2194 1778 2314 1818; x_wconf 77' lang='lat' dir='ltr'><strong>esse</strong></span> <span class='ocrx_word' id='word_1_252' title='bbox 2343 1761 2506 1835; x_wconf 88' lang='lat' dir='ltr'><strong>(Ibid.</strong></span> <span class='ocrx_word' id='word_1_253' title='bbox 2539 1763 2627 1835; x_wconf 80' lang='grc'><strong>10)</strong></span> <span class='ocrx_word' id='word_1_254' title='bbox 2656 1766 2881 1819; x_wconf 87' lang='lat' dir='ltr'><strong>omnium</strong></span> <span class='ocrx_word' id='word_1_255' title='bbox 2924 1766 3177 1820; x_wconf 88' lang='lat' dir='ltr'><strong>malorum</strong></span> <span class='ocrx_word' id='word_1_256' title='bbox 3214 1767 3479 1820; x_wconf 84' lang='lat' dir='ltr'><strong>avaritiam</strong></span> <span class='ocrx_word' id='word_1_257' title='bbox 3515 1767 3659 1821; x_wconf 86' lang='lat' dir='ltr'><strong>radi-</strong></span> 
     </span>
    </p>
   </div>
   <div class='ocr_carea' id='block_1_33' title="bbox 346 1855 3658 1931">
    <p class='ocr_par' dir='ltr' id='par_1_33' title="bbox 346 1855 3658 1931">
     <span class='ocr_line' id='line_1_33' title="bbox 346 1855 3658 1931; baseline -0.001 -14"><span class='ocrx_word' id='word_1_258' title='bbox 346 1863 512 1917; x_wconf 87' lang='lat' dir='ltr'><strong>timor</strong></span> <span class='ocrx_word' id='word_1_259' title='bbox 553 1871 608 1916; x_wconf 91' lang='lat' dir='ltr'><strong>et</strong></span> <span class='ocrx_word' id='word_1_260' title='bbox 657 1862 893 1917; x_wconf 74' lang='lat' dir='ltr'><strong>cmleStis</strong></span> <span class='ocrx_word' id='word_1_261' title='bbox 943 1872 1139 1925; x_wconf 88' lang='lat' dir='ltr'><strong>metus,</strong></span> <span class='ocrx_word' id='word_1_262' title='bbox 1197 1877 1301 1915; x_wconf 91' lang='lat' dir='ltr'><strong>non</strong></span> <span class='ocrx_word' id='word_1_263' title='bbox 1352 1870 1599 1917; x_wconf 84' lang='lat' dir='ltr'><strong>terrenus</strong></span> <span class='ocrx_word' id='word_1_264' title='bbox 1652 1861 1823 1917; x_wconf 89' lang='lat' dir='ltr'><strong>cibus.</strong></span> <span class='ocrx_word' id='word_1_265' title='bbox 1865 1860 1949 1915; x_wconf 82' lang='lat' dir='ltr'><strong>Ex</strong></span> <span class='ocrx_word' id='word_1_266' title='bbox 1980 1855 2029 1916; x_wconf 87' lang='lat' dir='ltr'><strong>B</strong></span> <span class='ocrx_word' id='word_1_267' title='bbox 2056 1858 2445 1925; x_wconf 88' lang='lat' dir='ltr'><strong>cem,seqoitnr</strong></span> <span class='ocrx_word' id='word_1_268' title='bbox 2468 1857 2610 1911; x_wconf 87' lang='lat' dir='ltr'><strong>enim</strong></span> <span class='ocrx_word' id='word_1_269' title='bbox 2643 1859 3658 1931; x_wconf 71' lang='lat' dir='ltr'><strong>prmcurreotemluxuriam.Quidquid</strong></span> 
     </span>
    </p>
   </div>
   <div class='ocr_carea' id='block_1_34' title="bbox 348 1954 1950 2029">
    <p class='ocr_par' dir='ltr' id='par_1_34' title="bbox 348 1954 1950 2029">
     <span class='ocr_line' id='line_1_34' title="bbox 348 1954 1950 2029; baseline -0.001 -19"><span class='ocrx_word' id='word_1_270' title='bbox 348 1958 546 2029; x_wconf 85' lang='lat' dir='ltr'><strong>quibus</strong></span> <span class='ocrx_word' id='word_1_271' title='bbox 570 1964 926 2026; x_wconf 80' lang='lat' dir='ltr'><strong>eongrnettter</strong></span> <span class='ocrx_word' id='word_1_272' title='bbox 964 1955 1258 2010; x_wconf 88' lang='lat' dir='ltr'><strong>insectatus</strong></span> <span class='ocrx_word' id='word_1_273' title='bbox 1280 1964 1362 2009; x_wconf 88' lang='lat' dir='ltr'><strong>est</strong></span> <span class='ocrx_word' id='word_1_274' title='bbox 1414 1954 1701 2025; x_wconf 78' lang='lat' dir='ltr'><strong>ApOstolus</strong></span> <span class='ocrx_word' id='word_1_275' title='bbox 1732 1954 1950 2025; x_wconf 87' lang='lat' dir='ltr'><strong>(Coloss.</strong></span> 
     </span>
    </p>
   </div>
   <div class='ocr_carea' id='block_1_35' title="bbox 344 2049 1955 2120">
    <p class='ocr_par' dir='ltr' id='par_1_35' title="bbox 344 2049 1955 2120">
     <span class='ocr_line' id='line_1_35' title="bbox 344 2049 1955 2120; baseline -0.002 -13"><span class='ocrx_word' id='word_1_276' title='bbox 344 2067 404 2115; x_wconf 86' lang='grc' dir='ltr'>ιι,</span> <span class='ocrx_word' id='word_1_277' title='bbox 434 2051 521 2115; x_wconf 75' lang='grc'><strong>18,</strong></span> <span class='ocrx_word' id='word_1_278' title='bbox 546 2051 643 2119; x_wconf 81' lang='grc'><strong>19)</strong></span> <span class='ocrx_word' id='word_1_279' title='bbox 692 2049 1131 2118; x_wconf 77' lang='lat' dir='ltr'><strong>superstitionibus</strong></span> <span class='ocrx_word' id='word_1_280' title='bbox 1154 2050 1465 2120; x_wconf 77' lang='lat' dir='ltr'><strong>Angelorum</strong></span> <span class='ocrx_word' id='word_1_281' title='bbox 1484 2051 1776 2116; x_wconf 83' lang='lat' dir='ltr'><strong>servientes,</strong></span> <span class='ocrx_word' id='word_1_282' title='bbox 1801 2051 1955 2120; x_wconf 82' lang='lat' dir='ltr'><strong>in/Ia-</strong></span> 
     </span>
    </p>
   </div>
   <div class='ocr_carea' id='block_1_36' title="bbox 346 2141 1953 2214">
    <p class='ocr_par' dir='ltr' id='par_1_36' title="bbox 346 2141 1953 2214">
     <span class='ocr_line' id='line_1_36' title="bbox 346 2141 1953 2214; baseline 0.001 -16"><span class='ocrx_word' id='word_1_283' title='bbox 346 2154 423 2198; x_wconf 88' lang='lat' dir='ltr'><strong>tos</strong></span> <span class='ocrx_word' id='word_1_284' title='bbox 470 2161 502 2198; x_wconf 89' lang='lat' dir='ltr'><strong>a</strong></span> <span class='ocrx_word' id='word_1_285' title='bbox 539 2159 692 2197; x_wconf 86' lang='lat' dir='ltr'><strong>sensu</strong></span> <span class='ocrx_word' id='word_1_286' title='bbox 730 2144 900 2197; x_wconf 87' lang='lat' dir='ltr'><strong>carnis</strong></span> <span class='ocrx_word' id='word_1_287' title='bbox 943 2158 1070 2206; x_wconf 68' lang='lat' dir='ltr'><strong>suae,</strong></span> <span class='ocrx_word' id='word_1_288' title='bbox 1102 2155 1255 2214; x_wconf 85' lang='lat' dir='ltr'><strong>caput</strong></span> <span class='ocrx_word' id='word_1_289' title='bbox 1284 2141 1663 2199; x_wconf 86' lang='lat' dir='ltr'><strong>Cltrislumnou</strong></span> <span class='ocrx_word' id='word_1_290' title='bbox 1694 2153 1953 2210; x_wconf 87' lang='lat' dir='ltr'><strong>tenentes;</strong></span> 
     </span>
    </p>
   </div>
   <div class='ocr_carea' id='block_1_37' title="bbox 320 2236 1955 2307">
    <p class='ocr_par' dir='ltr' id='par_1_37' title="bbox 320 2236 1955 2307">
     <span class='ocr_line' id='line_1_37' title="bbox 320 2236 1955 2307; baseline -0.001 -15"><span class='ocrx_word' id='word_1_291' title='bbox 320 2252 410 2292; x_wconf 77' lang='lat' dir='ltr'><strong>ea:</strong></span> <span class='ocrx_word' id='word_1_292' title='bbox 434 2254 534 2307; x_wconf 82' lang='lat' dir='ltr'><strong>quo</strong></span> <span class='ocrx_word' id='word_1_293' title='bbox 559 2253 709 2291; x_wconf 88' lang='lat' dir='ltr'><strong>omne</strong></span> <span class='ocrx_word' id='word_1_294' title='bbox 737 2252 921 2306; x_wconf 84' lang='lat' dir='ltr'><strong>corpus</strong></span> <span class='ocrx_word' id='word_1_295' title='bbox 945 2252 1034 2304; x_wconf 89' lang='lat' dir='ltr'><strong>per</strong></span> <span class='ocrx_word' id='word_1_296' title='bbox 1072 2252 1257 2290; x_wconf 74' lang='lat' dir='ltr'><strong>nexum</strong></span> <span class='ocrx_word' id='word_1_297' title='bbox 1285 2247 1690 2301; x_wconf 84' lang='lat' dir='ltr'><strong>concatenalum,</strong></span> <span class='ocrx_word' id='word_1_298' title='bbox 1722 2246 1768 2289; x_wconf 84' lang='lat' dir='ltr'><strong>et</strong></span> <span class='ocrx_word' id='word_1_299' title='bbox 1793 2236 1955 2305; x_wconf 81' lang='lat' dir='ltr'><strong>ﬁbula</strong></span> 
     </span>
    </p>
   </div>
   <div class='ocr_carea' id='block_1_38' title="bbox 344 2329 1954 2402">
    <p class='ocr_par' dir='ltr' id='par_1_38' title="bbox 344 2329 1954 2402">
     <span class='ocr_line' id='line_1_38' title="bbox 344 2329 1954 2402; baseline -0.001 -16"><span class='ocrx_word' id='word_1_300' title='bbox 344 2331 612 2386; x_wconf 80' lang='lat' dir='ltr'><strong>charitatis</strong></span> <span class='ocrx_word' id='word_1_301' title='bbox 645 2331 884 2385; x_wconf 82' lang='lat' dir='ltr'><strong>membris</strong></span> <span class='ocrx_word' id='word_1_302' title='bbox 926 2329 1116 2384; x_wconf 86' lang='lat' dir='ltr'><strong>mutuis</strong></span> <span class='ocrx_word' id='word_1_303' title='bbox 1179 2330 1419 2385; x_wconf 71' lang='lat' dir='ltr'><strong>innexum</strong></span> <span class='ocrx_word' id='word_1_304' title='bbox 1460 2340 1612 2402; x_wconf 86' lang='lat' dir='ltr'><strong>atque</strong></span> <span class='ocrx_word' id='word_1_305' title='bbox 1664 2341 1954 2385; x_wconf 85' lang='lat' dir='ltr'><strong>concretum</strong></span> 
     </span>
    </p>
   </div>
   <div class='ocr_carea' id='block_1_39' title="bbox 345 2422 1948 2497">
    <p class='ocr_par' dir='ltr' id='par_1_39' title="bbox 345 2422 1948 2497">
     <span class='ocr_line' id='line_1_39' title="bbox 345 2422 1948 2497; baseline 0.001 -20"><span class='ocrx_word' id='word_1_306' title='bbox 345 2424 523 2478; x_wconf 81' lang='lat' dir='ltr'><strong>crescit</strong></span> <span class='ocrx_word' id='word_1_307' title='bbox 557 2425 611 2477; x_wconf 88' lang='lat' dir='ltr'><strong>in</strong></span> <span class='ocrx_word' id='word_1_308' title='bbox 644 2422 808 2477; x_wconf 84' lang='lat' dir='ltr'><strong>Deum</strong></span> <span class='ocrx_word' id='word_1_309' title='bbox 845 2438 862 2476; x_wconf 92' lang='lat'><em>:</em></span> <span class='ocrx_word' id='word_1_310' title='bbox 894 2422 987 2477; x_wconf 88' lang='lat' dir='ltr'><strong>sed</strong></span> <span class='ocrx_word' id='word_1_311' title='bbox 1017 2423 1103 2477; x_wconf 88' lang='lat' dir='ltr'><strong>illa</strong></span> <span class='ocrx_word' id='word_1_312' title='bbox 1152 2435 1430 2479; x_wconf 84' lang='lat' dir='ltr'><strong>servantes</strong></span> <span class='ocrx_word' id='word_1_313' title='bbox 1475 2422 1636 2497; x_wconf 86' lang='lat' dir='ltr'><strong>(Ibid.</strong></span> <span class='ocrx_word' id='word_1_314' title='bbox 1669 2426 1762 2491; x_wconf 74' lang='lat' dir='ltr'><strong>2t,</strong></span> <span class='ocrx_word' id='word_1_315' title='bbox 1804 2422 1899 2496; x_wconf 74' lang='lat'><strong>25)</strong></span> <span class='ocrx_word' id='word_1_316' title='bbox 1936 2444 1948 2479; x_wconf 90' lang='lat'><strong>:</strong></span> 
     </span>
    </p>
   </div>
   <div class='ocr_carea' id='block_1_40' title="bbox 349 2514 1952 2588">
    <p class='ocr_par' dir='ltr' id='par_1_40' title="bbox 349 2514 1952 2588">
     <span class='ocr_line' id='line_1_40' title="bbox 349 2514 1952 2588; baseline 0.002 -19"><span class='ocrx_word' id='word_1_317' title='bbox 349 2515 436 2570; x_wconf 86' lang='lat' dir='ltr'><strong>Ne</strong></span> <span class='ocrx_word' id='word_1_318' title='bbox 451 2516 712 2588; x_wconf 79' lang='lat' dir='ltr'><strong>tetigeritis</strong></span> <span class='ocrx_word' id='word_1_319' title='bbox 744 2558 759 2581; x_wconf 90' lang='lat'><strong>,</strong></span> <span class='ocrx_word' id='word_1_320' title='bbox 800 2514 823 2547; x_wconf 71' lang='grc'><strong>⁸</strong></span> <span class='ocrx_word' id='word_1_321' title='bbox 862 2532 1023 2584; x_wconf 86' lang='lat' dir='ltr'><strong>neque</strong></span> <span class='ocrx_word' id='word_1_322' title='bbox 1048 2517 1393 2587; x_wconf 84' lang='lat' dir='ltr'><strong>gustaveritis,</strong></span> <span class='ocrx_word' id='word_1_323' title='bbox 1423 2534 1583 2586; x_wconf 88' lang='lat' dir='ltr'><strong>neque</strong></span> <span class='ocrx_word' id='word_1_324' title='bbox 1607 2529 1952 2573; x_wconf 81' lang='lat' dir='ltr'><strong>contrectave-</strong></span> 
     </span>
    </p>
   </div>
   <div class='ocr_carea' id='block_1_41' title="bbox 345 2611 1949 2683">
    <p class='ocr_par' dir='ltr' id='par_1_41' title="bbox 345 2611 1949 2683">
     <span class='ocr_line' id='line_1_41' title="bbox 345 2611 1949 2683; baseline 0.002 -19"><span class='ocrx_word' id='word_1_325' title='bbox 345 2612 481 2677; x_wconf 86' lang='lat' dir='ltr'><strong>ritis;</strong></span> <span class='ocrx_word' id='word_1_326' title='bbox 498 2628 614 2683; x_wconf 70' lang='lat' dir='ltr'><strong>qua:</strong></span> <span class='ocrx_word' id='word_1_327' title='bbox 632 2613 901 2683; x_wconf 84' lang='lat' dir='ltr'><strong>imaginem</strong></span> <span class='ocrx_word' id='word_1_328' title='bbox 927 2611 1129 2682; x_wconf 85' lang='lat' dir='ltr'><strong>quidem</strong></span> <span class='ocrx_word' id='word_1_329' title='bbox 1169 2612 1437 2666; x_wconf 83' lang='lat' dir='ltr'><strong>videantur</strong></span> <span class='ocrx_word' id='word_1_330' title='bbox 1457 2612 1640 2666; x_wconf 84' lang='lat' dir='ltr'><strong>habere</strong></span> <span class='ocrx_word' id='word_1_331' title='bbox 1670 2612 1949 2683; x_wconf 75' lang='lat' dir='ltr'><strong>religionis,</strong></span> 
     </span>
    </p>
   </div>
   <div class='ocr_carea' id='block_1_42' title="bbox 347 2705 1954 2777">
    <p class='ocr_par' dir='ltr' id='par_1_42' title="bbox 347 2705 1954 2777">
     <span class='ocr_line' id='line_1_42' title="bbox 347 2705 1954 2777; baseline 0.002 -18"><span class='ocrx_word' id='word_1_332' title='bbox 347 2705 466 2759; x_wconf 90' lang='lat' dir='ltr'><strong>dum</strong></span> <span class='ocrx_word' id='word_1_333' title='bbox 518 2708 721 2769; x_wconf 84' lang='lat' dir='ltr'><strong>corpori</strong></span> <span class='ocrx_word' id='word_1_334' title='bbox 768 2724 868 2760; x_wconf 87' lang='lat' dir='ltr'><strong>non</strong></span> <span class='ocrx_word' id='word_1_335' title='bbox 920 2708 1195 2777; x_wconf 85' lang='lat' dir='ltr'><strong>parcitur;</strong></span> <span class='ocrx_word' id='word_1_336' title='bbox 1252 2707 1453 2762; x_wconf 88' lang='lat' dir='ltr'><strong>uttllum</strong></span> <span class='ocrx_word' id='word_1_337' title='bbox 1518 2719 1694 2762; x_wconf 88' lang='lat' dir='ltr'><strong>tamen</strong></span> <span class='ocrx_word' id='word_1_338' title='bbox 1748 2710 1954 2763; x_wconf 88' lang='lat' dir='ltr'><strong>emolu-</strong></span> 
     </span>
    </p>
   </div>
   <div class='ocr_carea' id='block_1_43' title="bbox 346 2800 1955 2873">
    <p class='ocr_par' dir='ltr' id='par_1_43' title="bbox 346 2800 1955 2873">
     <span class='ocr_line' id='line_1_43' title="bbox 346 2800 1955 2873; baseline 0.002 -20"><span class='ocrx_word' id='word_1_339' title='bbox 346 2808 585 2854; x_wconf 86' lang='lat' dir='ltr'><strong>mentum</strong></span> <span class='ocrx_word' id='word_1_340' title='bbox 632 2814 856 2854; x_wconf 89' lang='lat' dir='ltr'><strong>ommno</strong></span> <span class='ocrx_word' id='word_1_341' title='bbox 910 2800 1169 2869; x_wconf 72' lang='lat' dir='ltr'><strong>justiticc,</strong></span> <span class='ocrx_word' id='word_1_342' title='bbox 1227 2802 1353 2855; x_wconf 89' lang='lat' dir='ltr'><strong>dmn</strong></span> <span class='ocrx_word' id='word_1_343' title='bbox 1407 2802 1472 2856; x_wconf 89' lang='lat' dir='ltr'><strong>ad</strong></span> <span class='ocrx_word' id='word_1_344' title='bbox 1512 2803 1783 2857; x_wconf 89' lang='lat' dir='ltr'><strong>elementa</strong></span> <span class='ocrx_word' id='word_1_345' title='bbox 1840 2802 1955 2873; x_wconf 85' lang='lat' dir='ltr'><strong>qui-</strong></span> 
     </span>
    </p>
   </div>
   <div class='ocr_carea' id='block_1_44' title="bbox 348 2889 1954 2962">
    <p class='ocr_par' dir='ltr' id='par_1_44' title="bbox 348 2889 1954 2962">
     <span class='ocr_line' id='line_1_44' title="bbox 348 2889 1954 2962; baseline 0.004 -18"><span class='ocrx_word' id='word_1_346' title='bbox 348 2889 449 2945; x_wconf 88' lang='lat' dir='ltr'><strong>bus</strong></span> <span class='ocrx_word' id='word_1_347' title='bbox 473 2907 570 2962; x_wconf 87' lang='lat' dir='ltr'><strong>per</strong></span> <span class='ocrx_word' id='word_1_348' title='bbox 592 2892 867 2961; x_wconf 88' lang='lat' dir='ltr'><strong>Baptisma</strong></span> <span class='ocrx_word' id='word_1_349' title='bbox 910 2894 1104 2947; x_wconf 88' lang='lat' dir='ltr'><strong>mortui</strong></span> <span class='ocrx_word' id='word_1_350' title='bbox 1133 2909 1342 2960; x_wconf 91' lang='lat' dir='ltr'><strong>sumus,</strong></span> <span class='ocrx_word' id='word_1_351' title='bbox 1377 2896 1673 2951; x_wconf 84' lang='lat' dir='ltr'><strong>voluntaria</strong></span> <span class='ocrx_word' id='word_1_352' title='bbox 1700 2896 1954 2951; x_wconf 87' lang='lat' dir='ltr'><strong>servitute</strong></span> 
     </span>
    </p>
   </div>
   <div class='ocr_carea' id='block_1_45' title="bbox 348 2998 689 3040">
    <p class='ocr_par' dir='ltr' id='par_1_45' title="bbox 348 2998 689 3040">
     <span class='ocr_line' id='line_1_45' title="bbox 348 2998 689 3040; baseline -0.003 -1"><span class='ocrx_word' id='word_1_353' title='bbox 348 2998 689 3040; x_wconf 79' lang='lat' dir='ltr'><strong>revocamur.</strong></span> 
     </span>
    </p>
   </div>
   <div class='ocr_carea' id='block_1_46' title="bbox 972 3081 1342 3141">
    <p class='ocr_par' dir='ltr' id='par_1_46' title="bbox 972 3081 1342 3141">
     <span class='ocr_line' id='line_1_46' title="bbox 972 3081 1342 3141; baseline -0.014 -1"><span class='ocrx_word' id='word_1_354' title='bbox 972 3083 1202 3141; x_wconf 84' lang='lat' dir='ltr'><strong>CAPUT</strong></span> <span class='ocrx_word' id='word_1_355' title='bbox 1252 3081 1342 3138; x_wconf 82' lang='lat' dir='ltr'><strong>Vl.</strong></span> 
     </span>
    </p>
   </div>
   <div class='ocr_carea' id='block_1_47' title="bbox 350 3192 1949 3270">
    <p class='ocr_par' dir='ltr' id='par_1_47' title="bbox 350 3192 1949 3270">
     <span class='ocr_line' id='line_1_47' title="bbox 350 3192 1949 3270; baseline -0.001 -20"><span class='ocrx_word' id='word_1_356' title='bbox 350 3192 462 3253; x_wconf 80' lang='lat' dir='ltr'><strong>Sed</strong></span> <span class='ocrx_word' id='word_1_357' title='bbox 498 3213 600 3251; x_wconf 90' lang='lat' dir='ltr'><strong>non</strong></span> <span class='ocrx_word' id='word_1_358' title='bbox 634 3214 698 3253; x_wconf 82' lang='lat' dir='ltr'><strong>ea:</strong></span> <span class='ocrx_word' id='word_1_359' title='bbox 732 3200 827 3253; x_wconf 88' lang='lat' dir='ltr'><strong>Itoc</strong></span> <span class='ocrx_word' id='word_1_360' title='bbox 853 3200 974 3270; x_wconf 85' lang='lat' dir='ltr'><strong>quia</strong></span> <span class='ocrx_word' id='word_1_361' title='bbox 1004 3197 1208 3253; x_wconf 86' lang='lat' dir='ltr'><strong>libertas</strong></span> <span class='ocrx_word' id='word_1_362' title='bbox 1233 3197 1459 3252; x_wconf 88' lang='lat' dir='ltr'><strong>ciborum</strong></span> <span class='ocrx_word' id='word_1_363' title='bbox 1484 3212 1724 3251; x_wconf 85' lang='lat' dir='ltr'><strong>concessa</strong></span> <span class='ocrx_word' id='word_1_364' title='bbox 1748 3241 1762 3263; x_wconf 90' lang='lat'><strong>,</strong></span> <span class='ocrx_word' id='word_1_365' title='bbox 1799 3196 1949 3250; x_wconf 74' lang='lat' dir='ltr'><strong>luxu-</strong></span> 
     </span>
    </p>
   </div>
   <div class='ocr_carea' id='block_1_48' title="bbox 419 3288 1952 3363">
    <p class='ocr_par' dir='ltr' id='par_1_48' title="bbox 419 3288 1952 3363">
     <span class='ocr_line' id='line_1_48' title="bbox 419 3288 1952 3363; baseline -0.003 -16"><span class='ocrx_word' id='word_1_366' title='bbox 419 3295 550 3347; x_wconf 80' lang='lat' dir='ltr'><strong>riam</strong></span> <span class='ocrx_word' id='word_1_367' title='bbox 588 3292 889 3363; x_wconf 79' lang='lat' dir='ltr'><strong>permissam</strong></span> <span class='ocrx_word' id='word_1_368' title='bbox 933 3307 1044 3345; x_wconf 87' lang='lat' dir='ltr'><strong>esse</strong></span> <span class='ocrx_word' id='word_1_369' title='bbox 1065 3332 1080 3355; x_wconf 91' lang='lat'><strong>,</strong></span> <span class='ocrx_word' id='word_1_370' title='bbox 1120 3300 1207 3344; x_wconf 89' lang='lat' dir='ltr'><strong>aut</strong></span> <span class='ocrx_word' id='word_1_371' title='bbox 1234 3290 1596 3343; x_wconf 86' lang='lat' dir='ltr'><strong>continentiam</strong></span> <span class='ocrx_word' id='word_1_372' title='bbox 1623 3288 1878 3343; x_wconf 88' lang='lat' dir='ltr'><strong>sublatam</strong></span> <span class='ocrx_word' id='word_1_373' title='bbox 1906 3301 1952 3343; x_wconf 88' lang='lat' dir='ltr'><strong>et</strong></span> 
     </span>
    </p>
   </div>
   <div class='ocr_carea' id='block_1_49' title="bbox 419 3382 1965 3456">
    <p class='ocr_par' dir='ltr' id='par_1_49' title="bbox 419 3382 1965 3456">
     <span class='ocr_line' id='line_1_49' title="bbox 419 3382 1965 3456; baseline -0.001 -16"><span class='ocrx_word' id='word_1_374' title='bbox 419 3386 620 3456; x_wconf 74' lang='lat' dir='ltr'><strong>jejunio</strong></span> <span class='ocrx_word' id='word_1_375' title='bbox 637 3401 657 3440; x_wconf 89' lang='lat'><strong><em>:</em></strong></span> <span class='ocrx_word' id='word_1_376' title='bbox 675 3390 785 3439; x_wconf 74' lang='lat' dir='ltr'><strong>haec</strong></span> <span class='ocrx_word' id='word_1_377' title='bbox 812 3386 945 3439; x_wconf 87' lang='lat' dir='ltr'><strong>enim</strong></span> <span class='ocrx_word' id='word_1_378' title='bbox 974 3384 1049 3438; x_wconf 82' lang='lat' dir='ltr'><strong>vel</strong></span> <span class='ocrx_word' id='word_1_379' title='bbox 1077 3384 1295 3437; x_wconf 75' lang='lat' dir='ltr'><strong>maxime</strong></span> <span class='ocrx_word' id='word_1_380' title='bbox 1320 3389 1495 3437; x_wconf 85' lang='lat' dir='ltr'><strong>decere</strong></span> <span class='ocrx_word' id='word_1_381' title='bbox 1519 3382 1743 3449; x_wconf 72' lang='lat' dir='ltr'><strong>Fideles,</strong></span> <span class='ocrx_word' id='word_1_382' title='bbox 1771 3394 1965 3439; x_wconf 34' lang='lat' dir='ltr'><strong>oratus.</strong></span> 
     </span>
    </p>
   </div>
   <div class='ocr_carea' id='block_1_50' title="bbox 425 3476 1952 3548">
    <p class='ocr_par' dir='ltr' id='par_1_50' title="bbox 425 3476 1952 3548">
     <span class='ocr_line' id='line_1_50' title="bbox 425 3476 1952 3548; baseline -0.004 -13"><span class='ocrx_word' id='word_1_383' title='bbox 425 3497 510 3535; x_wconf 87' lang='lat' dir='ltr'><strong>ros</strong></span> <span class='ocrx_word' id='word_1_384' title='bbox 536 3478 725 3533; x_wconf 85' lang='lat' dir='ltr'><strong>scilicet</strong></span> <span class='ocrx_word' id='word_1_385' title='bbox 756 3477 956 3545; x_wconf 88' lang='lat' dir='ltr'><strong>Deum,</strong></span> <span class='ocrx_word' id='word_1_386' title='bbox 988 3488 1035 3531; x_wconf 91' lang='lat' dir='ltr'><strong>et</strong></span> <span class='ocrx_word' id='word_1_387' title='bbox 1055 3488 1259 3531; x_wconf 87' lang='lat' dir='ltr'><strong>acturos</strong></span> <span class='ocrx_word' id='word_1_388' title='bbox 1280 3478 1472 3548; x_wconf 83' lang='lat' dir='ltr'><strong>gratias</strong></span> <span class='ocrx_word' id='word_1_389' title='bbox 1499 3493 1599 3532; x_wconf 87' lang='lat' dir='ltr'><strong>non</strong></span> <span class='ocrx_word' id='word_1_390' title='bbox 1631 3476 1808 3531; x_wconf 83' lang='lat' dir='ltr'><strong>diebus</strong></span> <span class='ocrx_word' id='word_1_391' title='bbox 1839 3486 1952 3530; x_wconf 89' lang='lat' dir='ltr'><strong>tan-</strong></span> 
     </span>
    </p>
   </div>
   <div class='ocr_carea' id='block_1_51' title="bbox 423 3570 1019 3636">
    <p class='ocr_par' dir='ltr' id='par_1_51' title="bbox 423 3570 1019 3636">
     <span class='ocr_line' id='line_1_51' title="bbox 423 3570 1019 3636; baseline -0.007 -8"><span class='ocrx_word' id='word_1_392' title='bbox 423 3585 552 3636; x_wconf 88' lang='lat' dir='ltr'><strong>tum,</strong></span> <span class='ocrx_word' id='word_1_393' title='bbox 580 3571 671 3626; x_wconf 84' lang='lat' dir='ltr'><strong>sed</strong></span> <span class='ocrx_word' id='word_1_394' title='bbox 691 3581 737 3625; x_wconf 89' lang='lat' dir='ltr'><strong>et</strong></span> <span class='ocrx_word' id='word_1_395' title='bbox 767 3570 1019 3625; x_wconf 89' lang='lat' dir='ltr'><strong>noctibus.</strong></span> 
     </span>
    </p>
   </div>
   <div class='ocr_carea' id='block_1_52' title="bbox 411 3660 1952 3732">
    <p class='ocr_par' dir='ltr' id='par_1_52' title="bbox 411 3660 1952 3732">
     <span class='ocr_line' id='line_1_52' title="bbox 411 3660 1952 3732; baseline -0.003 -13"><span class='ocrx_word' id='word_1_396' title='bbox 411 3664 520 3719; x_wconf 85' lang='lat' dir='ltr'><strong>Sed</strong></span> <span class='ocrx_word' id='word_1_397' title='bbox 564 3678 669 3718; x_wconf 90' lang='lat' dir='ltr'><strong>non</strong></span> <span class='ocrx_word' id='word_1_398' title='bbox 698 3678 763 3717; x_wconf 82' lang='lat' dir='ltr'><strong>ex</strong></span> <span class='ocrx_word' id='word_1_399' title='bbox 794 3664 895 3717; x_wconf 92' lang='lat' dir='ltr'><strong>hoc</strong></span> <span class='ocrx_word' id='word_1_400' title='bbox 924 3660 1105 3716; x_wconf 88' lang='lat' dir='ltr'><strong>statim</strong></span> <span class='ocrx_word' id='word_1_401' title='bbox 1131 3661 1255 3732; x_wconf 92' lang='lat' dir='ltr'><strong>quia</strong></span> <span class='ocrx_word' id='word_1_402' title='bbox 1288 3661 1509 3716; x_wconf 88' lang='lat' dir='ltr'><strong>libertas</strong></span> <span class='ocrx_word' id='word_1_403' title='bbox 1546 3661 1790 3716; x_wconf 89' lang='lat' dir='ltr'><strong>ciborum</strong></span> <span class='ocrx_word' id='word_1_404' title='bbox 1819 3676 1952 3716; x_wconf 88' lang='lat' dir='ltr'><strong>con-</strong></span> 
     </span>
    </p>
   </div>
   <div class='ocr_carea' id='block_1_53' title="bbox 355 3740 1949 3823">
    <p class='ocr_par' dir='ltr' id='par_1_53' title="bbox 355 3740 1949 3823">
     <span class='ocr_line' id='line_1_53' title="bbox 355 3740 1949 3823; baseline 0 -14"><span class='ocrx_word' id='word_1_405' title='bbox 355 3769 510 3809; x_wconf 84' lang='lat' dir='ltr'><strong>cessa</strong></span> <span class='ocrx_word' id='word_1_406' title='bbox 534 3796 550 3820; x_wconf 91' lang='lat'><strong>,</strong></span> <span class='ocrx_word' id='word_1_407' title='bbox 580 3754 788 3808; x_wconf 78' lang='lat' dir='ltr'><strong>luxuria</strong></span> <span class='ocrx_word' id='word_1_408' title='bbox 816 3740 1186 3823; x_wconf 85' lang='lat' dir='ltr'><strong>permissaest</strong></span> <span class='ocrx_word' id='word_1_409' title='bbox 1212 3770 1225 3806; x_wconf 90' lang='lat'><strong>:</strong></span> <span class='ocrx_word' id='word_1_410' title='bbox 1259 3768 1360 3809; x_wconf 90' lang='lat' dir='ltr'><strong>nec</strong></span> <span class='ocrx_word' id='word_1_411' title='bbox 1385 3754 1508 3823; x_wconf 88' lang='lat' dir='ltr'><strong>quia</strong></span> <span class='ocrx_word' id='word_1_412' title='bbox 1542 3753 1821 3809; x_wconf 87' lang='lat' dir='ltr'><strong>liberalius</strong></span> <span class='ocrx_word' id='word_1_413' title='bbox 1850 3769 1949 3809; x_wconf 87' lang='lat' dir='ltr'><strong>no-</strong></span> 
     </span>
    </p>
   </div>
   <div class='ocr_carea' id='block_1_54' title="bbox 361 3844 1951 3915">
    <p class='ocr_par' dir='ltr' id='par_1_54' title="bbox 361 3844 1951 3915">
     <span class='ocr_line' id='line_1_54' title="bbox 361 3844 1951 3915; baseline 0.002 -17"><span class='ocrx_word' id='word_1_414' title='bbox 361 3845 574 3899; x_wconf 82' lang='lat' dir='ltr'><strong>biscum</strong></span> <span class='ocrx_word' id='word_1_415' title='bbox 608 3844 951 3913; x_wconf 82' lang='lat' dir='ltr'><strong>Evangelium</strong></span> <span class='ocrx_word' id='word_1_416' title='bbox 984 3844 1005 3875; x_wconf 84' lang='grc'>⁸</span> <span class='ocrx_word' id='word_1_417' title='bbox 1028 3844 1197 3915; x_wconf 78' lang='lat' dir='ltr'><strong>gessit</strong></span> <span class='ocrx_word' id='word_1_418' title='bbox 1221 3884 1236 3907; x_wconf 88' lang='lat'><strong>,</strong></span> <span class='ocrx_word' id='word_1_419' title='bbox 1286 3845 1673 3899; x_wconf 86' lang='lat' dir='ltr'><strong>continentiam</strong></span> <span class='ocrx_word' id='word_1_420' title='bbox 1714 3848 1951 3901; x_wconf 86' lang='lat' dir='ltr'><strong>sustulit.</strong></span> 
     </span>
    </p>
   </div>
   <div class='ocr_carea' id='block_1_55' title="bbox 354 3936 1955 4007">
    <p class='ocr_par' dir='ltr' id='par_1_55' title="bbox 354 3936 1955 4007">
     <span class='ocr_line' id='line_1_55' title="bbox 354 3936 1955 4007; baseline -0.001 -14"><span class='ocrx_word' id='word_1_421' title='bbox 354 3936 475 3993; x_wconf 70' lang='lat' dir='ltr'><strong>Non</strong></span> <span class='ocrx_word' id='word_1_422' title='bbox 500 3978 516 4001; x_wconf 87' lang='lat'><strong>,</strong></span> <span class='ocrx_word' id='word_1_423' title='bbox 546 3936 757 4007; x_wconf 90' lang='lat' dir='ltr'><strong>inquam</strong></span> <span class='ocrx_word' id='word_1_424' title='bbox 778 3977 793 4002; x_wconf 94' lang='lat'><strong>,</strong></span> <span class='ocrx_word' id='word_1_425' title='bbox 821 3952 885 3991; x_wconf 78' lang='lat' dir='ltr'><strong>ex</strong></span> <span class='ocrx_word' id='word_1_426' title='bbox 915 3936 1015 3991; x_wconf 89' lang='lat' dir='ltr'><strong>hoc</strong></span> <span class='ocrx_word' id='word_1_427' title='bbox 1056 3937 1224 3990; x_wconf 85' lang='lat' dir='ltr'><strong>ventri</strong></span> <span class='ocrx_word' id='word_1_428' title='bbox 1255 3944 1595 4005; x_wconf 85' lang='lat' dir='ltr'><strong>procuratum</strong></span> <span class='ocrx_word' id='word_1_429' title='bbox 1624 3946 1733 4001; x_wconf 89' lang='lat' dir='ltr'><strong>est,</strong></span> <span class='ocrx_word' id='word_1_430' title='bbox 1765 3938 1857 3992; x_wconf 90' lang='lat' dir='ltr'><strong>sed</strong></span> <span class='ocrx_word' id='word_1_431' title='bbox 1882 3938 1955 3991; x_wconf 82' lang='lat' dir='ltr'><strong>ei-</strong></span> 
     </span>
    </p>
   </div>
   <div class='ocr_carea' id='block_1_56' title="bbox 353 4030 1954 4099">
    <p class='ocr_par' dir='ltr' id='par_1_56' title="bbox 353 4030 1954 4099">
     <span class='ocr_line' id='line_1_56' title="bbox 353 4030 1954 4099; baseline -0.002 -12"><span class='ocrx_word' id='word_1_432' title='bbox 353 4032 547 4088; x_wconf 83' lang='lat' dir='ltr'><strong>bornm</strong></span> <span class='ocrx_word' id='word_1_433' title='bbox 583 4034 748 4084; x_wconf 87' lang='lat' dir='ltr'><strong>lorma</strong></span> <span class='ocrx_word' id='word_1_434' title='bbox 779 4038 1073 4083; x_wconf 88' lang='lat' dir='ltr'><strong>monstrata</strong></span> <span class='ocrx_word' id='word_1_435' title='bbox 1104 4038 1185 4083; x_wconf 89' lang='lat' dir='ltr'><strong>est</strong></span> <span class='ocrx_word' id='word_1_436' title='bbox 1210 4047 1224 4083; x_wconf 90' lang='lat'><strong>:</strong></span> <span class='ocrx_word' id='word_1_437' title='bbox 1252 4038 1528 4083; x_wconf 88' lang='lat' dir='ltr'><strong>ostensum</strong></span> <span class='ocrx_word' id='word_1_438' title='bbox 1560 4037 1645 4083; x_wconf 84' lang='lat' dir='ltr'><strong>est</strong></span> <span class='ocrx_word' id='word_1_439' title='bbox 1672 4030 1796 4099; x_wconf 91' lang='lat' dir='ltr'><strong>quid</strong></span> <span class='ocrx_word' id='word_1_440' title='bbox 1818 4030 1954 4099; x_wconf 83' lang='lat' dir='ltr'><strong>juris</strong></span> 
     </span>
    </p>
   </div>
   <div class='ocr_carea' id='block_1_57' title="bbox 354 4120 1953 4195">
    <p class='ocr_par' dir='ltr' id='par_1_57' title="bbox 354 4120 1953 4195">
     <span class='ocr_line' id='line_1_57' title="bbox 354 4120 1953 4195; baseline -0.005 -13"><span class='ocrx_word' id='word_1_441' title='bbox 354 4135 520 4192; x_wconf 84' lang='lat' dir='ltr'><strong>esset,</strong></span> <span class='ocrx_word' id='word_1_442' title='bbox 549 4139 655 4179; x_wconf 91' lang='lat' dir='ltr'><strong>non</strong></span> <span class='ocrx_word' id='word_1_443' title='bbox 678 4138 786 4195; x_wconf 90' lang='lat' dir='ltr'><strong>quo</strong></span> <span class='ocrx_word' id='word_1_444' title='bbox 808 4122 861 4177; x_wconf 88' lang='lat' dir='ltr'><strong>in</strong></span> <span class='ocrx_word' id='word_1_445' title='bbox 888 4123 1153 4193; x_wconf 88' lang='lat' dir='ltr'><strong>gurgitem</strong></span> <span class='ocrx_word' id='word_1_446' title='bbox 1182 4120 1486 4191; x_wconf 84' lang='lat' dir='ltr'><strong>cupiditatis</strong></span> <span class='ocrx_word' id='word_1_447' title='bbox 1513 4121 1702 4186; x_wconf 86' lang='lat' dir='ltr'><strong>iretur,</strong></span> <span class='ocrx_word' id='word_1_448' title='bbox 1730 4121 1823 4176; x_wconf 77' lang='lat' dir='ltr'><strong>sed</strong></span> <span class='ocrx_word' id='word_1_449' title='bbox 1848 4138 1953 4191; x_wconf 87' lang='lat' dir='ltr'><strong>quo</strong></span> 
     </span>
    </p>
   </div>
   <div class='ocr_carea' id='block_1_58' title="bbox 354 4213 1955 4289">
    <p class='ocr_par' dir='ltr' id='par_1_58' title="bbox 354 4213 1955 4289">
     <span class='ocr_line' id='line_1_58' title="bbox 354 4213 1955 4289; baseline -0.004 -15"><span class='ocrx_word' id='word_1_450' title='bbox 354 4218 514 4289; x_wconf 85' lang='lat' dir='ltr'><strong>Legis</strong></span> <span class='ocrx_word' id='word_1_451' title='bbox 540 4217 677 4272; x_wconf 89' lang='lat' dir='ltr'><strong>ratio</strong></span> <span class='ocrx_word' id='word_1_452' title='bbox 694 4215 1031 4271; x_wconf 80' lang='lat' dir='ltr'><strong>redderetur.</strong></span> <span class='ocrx_word' id='word_1_453' title='bbox 1050 4214 1319 4289; x_wconf 73' lang='lat' dir='ltr'><strong>Caeterum</strong></span> <span class='ocrx_word' id='word_1_454' title='bbox 1340 4213 1470 4268; x_wconf 90' lang='lat' dir='ltr'><strong>nihil</strong></span> <span class='ocrx_word' id='word_1_455' title='bbox 1496 4216 1563 4267; x_wconf 79' lang='lat' dir='ltr'><strong>ita</strong></span> <span class='ocrx_word' id='word_1_456' title='bbox 1592 4217 1755 4267; x_wconf 84' lang='lat' dir='ltr'><strong>intem</strong></span> <span class='ocrx_word' id='word_1_457' title='bbox 1766 4230 1955 4284; x_wconf 85' lang='lat' dir='ltr'><strong>peran-</strong></span> 
     </span>
    </p>
   </div>
   <div class='ocr_carea' id='block_1_59' title="bbox 356 4288 1956 4382">
    <p class='ocr_par' dir='ltr' id='par_1_59' title="bbox 356 4288 1956 4382">
     <span class='ocr_line' id='line_1_59' title="bbox 356 4288 1956 4382; baseline -0.003 -12"><span class='ocrx_word' id='word_1_458' title='bbox 356 4288 484 4370; x_wconf 85' lang='lat' dir='ltr'><strong>tiam</strong></span> <span class='ocrx_word' id='word_1_459' title='bbox 510 4313 747 4368; x_wconf 87' lang='lat' dir='ltr'><strong>coercuit</strong></span> <span class='ocrx_word' id='word_1_460' title='bbox 776 4327 935 4382; x_wconf 92' lang='lat' dir='ltr'><strong>quam</strong></span> <span class='ocrx_word' id='word_1_461' title='bbox 964 4288 1312 4381; x_wconf 52' lang='lat' dir='ltr'><strong>Evan&#39;gelbtm</strong></span> <span class='ocrx_word' id='word_1_462' title='bbox 1357 4327 1371 4365; x_wconf 88' lang='lat'>:</span> <span class='ocrx_word' id='word_1_463' title='bbox 1400 4326 1500 4364; x_wconf 90' lang='lat' dir='ltr'><strong>nec</strong></span> <span class='ocrx_word' id='word_1_464' title='bbox 1532 4312 1600 4363; x_wconf 91' lang='lat' dir='ltr'><strong>ita</strong></span> <span class='ocrx_word' id='word_1_465' title='bbox 1635 4311 1956 4366; x_wconf 84' lang='lat' dir='ltr'><strong>constrictas</strong></span> 
     </span>
    </p>
   </div>
   <div class='ocr_carea' id='block_1_60' title="bbox 359 4401 1955 4476">
    <p class='ocr_par' dir='ltr' id='par_1_60' title="bbox 359 4401 1955 4476">
     <span class='ocr_line' id='line_1_60' title="bbox 359 4401 1955 4476; baseline -0.002 -17"><span class='ocrx_word' id='word_1_466' title='bbox 359 4405 639 4476; x_wconf 85' lang='lat' dir='ltr'><strong>quisquam</strong></span> <span class='ocrx_word' id='word_1_467' title='bbox 670 4403 809 4473; x_wconf 70' lang='lat' dir='ltr'><strong>gula:</strong></span> <span class='ocrx_word' id='word_1_468' title='bbox 840 4402 984 4473; x_wconf 87' lang='lat' dir='ltr'><strong>leges</strong></span> <span class='ocrx_word' id='word_1_469' title='bbox 1036 4401 1055 4430; x_wconf 70' lang='grc' dir='ltr'><strong>τ’</strong></span> <span class='ocrx_word' id='word_1_470' title='bbox 1104 4401 1290 4467; x_wconf 58' lang='grc' dir='ltr'>δαιιι,</span> <span class='ocrx_word' id='word_1_471' title='bbox 1336 4418 1495 4471; x_wconf 77' lang='lat' dir='ltr'><strong>quam</strong></span> <span class='ocrx_word' id='word_1_472' title='bbox 1527 4402 1773 4456; x_wconf 79' lang='lat' dir='ltr'><strong>Christus</strong></span> <span class='ocrx_word' id='word_1_473' title='bbox 1820 4422 1831 4456; x_wconf 93' lang='lat'><strong>:</strong></span> <span class='ocrx_word' id='word_1_474' title='bbox 1867 4404 1955 4471; x_wconf 85' lang='lat' dir='ltr'><strong>qui</strong></span> 
     </span>
    </p>
   </div>
   <div class='ocr_carea' id='block_1_61' title="bbox 360 4492 1955 4569">
    <p class='ocr_par' dir='ltr' id='par_1_61' title="bbox 360 4492 1955 4569">
     <span class='ocr_line' id='line_1_61' title="bbox 360 4492 1955 4569; baseline 0.001 -21"><span class='ocrx_word' id='word_1_475' title='bbox 360 4495 573 4569; x_wconf 79' lang='lat' dir='ltr'><strong>(Matth.</strong></span> <span class='ocrx_word' id='word_1_476' title='bbox 600 4511 657 4564; x_wconf 86' lang='lat' dir='ltr'><strong>v,</strong></span> <span class='ocrx_word' id='word_1_477' title='bbox 683 4496 738 4560; x_wconf 82' lang='lat'><strong>5,</strong></span> <span class='ocrx_word' id='word_1_478' title='bbox 768 4493 825 4565; x_wconf 84' lang='lat'><strong>6)</strong></span> <span class='ocrx_word' id='word_1_479' title='bbox 857 4494 1043 4549; x_wconf 86' lang='lat' dir='ltr'><strong>beatos</strong></span> <span class='ocrx_word' id='word_1_480' title='bbox 1075 4492 1269 4564; x_wconf 84' lang='lat' dir='ltr'><strong>legitur</strong></span> <span class='ocrx_word' id='word_1_481' title='bbox 1318 4492 1698 4565; x_wconf 78' lang='lat' dir='ltr'><strong>pronuntiasse</strong></span> <span class='ocrx_word' id='word_1_482' title='bbox 1728 4535 1742 4557; x_wconf 92' lang='lat'><strong>,</strong></span> <span class='ocrx_word' id='word_1_483' title='bbox 1788 4496 1805 4524; x_wconf 79' lang='grc' dir='ltr'><strong><em>τ</em></strong></span> <span class='ocrx_word' id='word_1_484' title='bbox 1862 4494 1955 4549; x_wconf 87' lang='lat' dir='ltr'><strong>sed</strong></span> 
     </span>
    </p>
   </div>
   <div class='ocr_carea' id='block_1_62' title="bbox 2059 1948 3657 2022">
    <p class='ocr_par' dir='ltr' id='par_1_62' title="bbox 2059 1948 3657 2022">
     <span class='ocr_line' id='line_1_62' title="bbox 2059 1948 3657 2022; baseline 0.003 -20"><span class='ocrx_word' id='word_1_485' title='bbox 2059 1948 2178 2004; x_wconf 64' lang='lat' dir='ltr'><strong>h&#39;JBC</strong></span> <span class='ocrx_word' id='word_1_486' title='bbox 2206 1966 2301 2019; x_wconf 88' lang='lat' dir='ltr'><strong>per</strong></span> <span class='ocrx_word' id='word_1_487' title='bbox 2327 1950 2449 2005; x_wconf 82' lang='lat' dir='ltr'><strong>vitia</strong></span> <span class='ocrx_word' id='word_1_488' title='bbox 2480 1954 2905 2022; x_wconf 80' lang='lat' dir='ltr'><strong>consumpserit,</strong></span> <span class='ocrx_word' id='word_1_489' title='bbox 2937 1953 3021 2007; x_wconf 88' lang='lat' dir='ltr'><strong>illa</strong></span> <span class='ocrx_word' id='word_1_490' title='bbox 3057 1969 3151 2022; x_wconf 85' lang='lat' dir='ltr'><strong>per</strong></span> <span class='ocrx_word' id='word_1_491' title='bbox 3176 1954 3377 2009; x_wconf 78' lang='lat' dir='ltr'><strong>scelera</strong></span> <span class='ocrx_word' id='word_1_492' title='bbox 3402 1953 3657 2018; x_wconf 74' lang='lat' dir='ltr'><strong>restituit,</strong></span> 
     </span>
    </p>
   </div>
   <div class='ocr_carea' id='block_1_63' title="bbox 2061 2044 3657 2111">
    <p class='ocr_par' dir='ltr' id='par_1_63' title="bbox 2061 2044 3657 2111">
     <span class='ocr_line' id='line_1_63' title="bbox 2061 2044 3657 2111; baseline 0.002 -13"><span class='ocrx_word' id='word_1_493' title='bbox 2061 2044 2102 2074; x_wconf 89' lang='grc'><strong>¹⁰</strong></span> <span class='ocrx_word' id='word_1_494' title='bbox 2129 2044 2262 2098; x_wconf 88' lang='lat' dir='ltr'><strong>orbe</strong></span> <span class='ocrx_word' id='word_1_495' title='bbox 2318 2045 2610 2100; x_wconf 87' lang='lat' dir='ltr'><strong>criminum</strong></span> <span class='ocrx_word' id='word_1_496' title='bbox 2658 2062 2902 2111; x_wconf 83' lang='lat' dir='ltr'><strong>recurso,</strong></span> <span class='ocrx_word' id='word_1_497' title='bbox 2962 2057 3021 2102; x_wconf 91' lang='lat' dir='ltr'><strong>ut</strong></span> <span class='ocrx_word' id='word_1_498' title='bbox 3065 2063 3278 2103; x_wconf 88' lang='lat' dir='ltr'><strong>rursum</strong></span> <span class='ocrx_word' id='word_1_499' title='bbox 3304 2048 3513 2102; x_wconf 80' lang='lat' dir='ltr'><strong>luxuria</strong></span> <span class='ocrx_word' id='word_1_500' title='bbox 3541 2049 3657 2102; x_wconf 78' lang='lat' dir='ltr'><strong>exi-</strong></span> 
     </span>
    </p>
   </div>
   <div class='ocr_carea' id='block_1_64' title="bbox 2058 2138 3658 2211">
    <p class='ocr_par' dir='ltr' id='par_1_64' title="bbox 2058 2138 3658 2211">
     <span class='ocr_line' id='line_1_64' title="bbox 2058 2138 3658 2211; baseline 0.004 -21"><span class='ocrx_word' id='word_1_501' title='bbox 2058 2146 2186 2201; x_wconf 89' lang='lat' dir='ltr'><strong>mat,</strong></span> <span class='ocrx_word' id='word_1_502' title='bbox 2217 2138 2473 2209; x_wconf 86' lang='lat' dir='ltr'><strong>qnidquid</strong></span> <span class='ocrx_word' id='word_1_503' title='bbox 2519 2140 2743 2194; x_wconf 89' lang='lat' dir='ltr'><strong>avaritia</strong></span> <span class='ocrx_word' id='word_1_504' title='bbox 2793 2153 3164 2211; x_wconf 83' lang='lat' dir='ltr'><strong>congesserat.</strong></span> <span class='ocrx_word' id='word_1_505' title='bbox 3215 2141 3325 2197; x_wconf 85' lang='lat' dir='ltr'><strong>Nec</strong></span> <span class='ocrx_word' id='word_1_506' title='bbox 3356 2154 3531 2197; x_wconf 88' lang='lat' dir='ltr'><strong>tamen</strong></span> <span class='ocrx_word' id='word_1_507' title='bbox 3557 2142 3658 2197; x_wconf 82' lang='lat' dir='ltr'><strong>de-</strong></span> 
     </span>
    </p>
   </div>
   <div class='ocr_carea' id='block_1_65' title="bbox 2056 2229 3660 2302">
    <p class='ocr_par' dir='ltr' id='par_1_65' title="bbox 2056 2229 3660 2302">
     <span class='ocr_line' id='line_1_65' title="bbox 2056 2229 3660 2302; baseline 0.004 -20"><span class='ocrx_word' id='word_1_508' title='bbox 2056 2239 2183 2282; x_wconf 92' lang='lat' dir='ltr'><strong>sunt</strong></span> <span class='ocrx_word' id='word_1_509' title='bbox 2226 2229 2369 2284; x_wconf 90' lang='lat' dir='ltr'><strong>inter</strong></span> <span class='ocrx_word' id='word_1_510' title='bbox 2398 2229 2496 2284; x_wconf 89' lang='lat' dir='ltr'><strong>ista</strong></span> <span class='ocrx_word' id='word_1_511' title='bbox 2527 2232 2614 2302; x_wconf 92' lang='lat' dir='ltr'><strong>qui</strong></span> <span class='ocrx_word' id='word_1_512' title='bbox 2640 2275 2655 2298; x_wconf 92' lang='lat'><strong>,</strong></span> <span class='ocrx_word' id='word_1_513' title='bbox 2684 2246 2807 2287; x_wconf 92' lang='lat' dir='ltr'><strong>cum</strong></span> <span class='ocrx_word' id='word_1_514' title='bbox 2849 2233 2950 2287; x_wconf 77' lang='lat' dir='ltr'><strong>sibi</strong></span> <span class='ocrx_word' id='word_1_515' title='bbox 2980 2234 3213 2288; x_wconf 83' lang='lat' dir='ltr'><strong>nominis</strong></span> <span class='ocrx_word' id='word_1_516' title='bbox 3240 2232 3534 2290; x_wconf 86' lang='lat' dir='ltr'><strong>Christiani</strong></span> <span class='ocrx_word' id='word_1_517' title='bbox 3564 2249 3660 2289; x_wconf 85' lang='lat' dir='ltr'><strong>vo-</strong></span> 
     </span>
    </p>
   </div>
   <div class='ocr_carea' id='block_1_66' title="bbox 2056 2322 3660 2397">
    <p class='ocr_par' dir='ltr' id='par_1_66' title="bbox 2056 2322 3660 2397">
     <span class='ocr_line' id='line_1_66' title="bbox 2056 2322 3660 2397; baseline 0.006 -22"><span class='ocrx_word' id='word_1_518' title='bbox 2056 2336 2175 2376; x_wconf 90' lang='lat' dir='ltr'><strong>cem</strong></span> <span class='ocrx_word' id='word_1_519' title='bbox 2208 2322 2478 2378; x_wconf 89' lang='lat' dir='ltr'><strong>iudueriut</strong></span> <span class='ocrx_word' id='word_1_520' title='bbox 2502 2365 2517 2391; x_wconf 91' lang='lat'><strong>,</strong></span> <span class='ocrx_word' id='word_1_521' title='bbox 2551 2327 2802 2395; x_wconf 72' lang='lat' dir='ltr'><strong>exempla</strong></span> <span class='ocrx_word' id='word_1_522' title='bbox 2846 2326 3121 2396; x_wconf 77' lang='lat' dir='ltr'><strong>prtebeant</strong></span> <span class='ocrx_word' id='word_1_523' title='bbox 3147 2328 3575 2397; x_wconf 81' lang='lat' dir='ltr'><strong>intemperantia:</strong></span> <span class='ocrx_word' id='word_1_524' title='bbox 3604 2338 3660 2384; x_wconf 91' lang='lat' dir='ltr'><strong>et</strong></span> 
     </span>
    </p>
   </div>
   <div class='ocr_carea' id='block_1_67' title="bbox 2058 2415 3660 2490">
    <p class='ocr_par' dir='ltr' id='par_1_67' title="bbox 2058 2415 3660 2490">
     <span class='ocr_line' id='line_1_67' title="bbox 2058 2415 3660 2490; baseline 0.006 -21"><span class='ocrx_word' id='word_1_525' title='bbox 2058 2415 2363 2486; x_wconf 86' lang='lat' dir='ltr'><strong>magisteria</strong></span> <span class='ocrx_word' id='word_1_526' title='bbox 2418 2433 2431 2470; x_wconf 92' lang='lat'>:</span> <span class='ocrx_word' id='word_1_527' title='bbox 2487 2432 2717 2488; x_wconf 90' lang='lat' dir='ltr'><strong>quorum</strong></span> <span class='ocrx_word' id='word_1_528' title='bbox 2765 2433 2933 2490; x_wconf 90' lang='lat' dir='ltr'><strong>usque</strong></span> <span class='ocrx_word' id='word_1_529' title='bbox 2975 2435 3041 2476; x_wconf 83' lang='lat' dir='ltr'><strong>eo</strong></span> <span class='ocrx_word' id='word_1_530' title='bbox 3086 2421 3210 2476; x_wconf 88' lang='lat' dir='ltr'><strong>vitia</strong></span> <span class='ocrx_word' id='word_1_531' title='bbox 3251 2430 3554 2489; x_wconf 88' lang='lat' dir='ltr'><strong>venerunt,</strong></span> <span class='ocrx_word' id='word_1_532' title='bbox 3603 2433 3660 2478; x_wconf 91' lang='lat' dir='ltr'><strong>ut</strong></span> 
     </span>
    </p>
   </div>
   <div class='ocr_carea' id='block_1_68' title="bbox 2059 2509 3653 2587">
    <p class='ocr_par' dir='ltr' id='par_1_68' title="bbox 2059 2509 3653 2587">
     <span class='ocr_line' id='line_1_68' title="bbox 2059 2509 3653 2587; baseline 0.005 -26"><span class='ocrx_word' id='word_1_533' title='bbox 2059 2517 2114 2562; x_wconf 87' lang='lat' dir='ltr'><strong>ct</strong></span> <span class='ocrx_word' id='word_1_534' title='bbox 2168 2509 2208 2538; x_wconf 82' lang='lat'>“</span> <span class='ocrx_word' id='word_1_535' title='bbox 2255 2509 2427 2578; x_wconf 85' lang='lat' dir='ltr'><strong>jejuni</strong></span> <span class='ocrx_word' id='word_1_536' title='bbox 2476 2513 2739 2566; x_wconf 90' lang='lat' dir='ltr'><strong>matutino</strong></span> <span class='ocrx_word' id='word_1_537' title='bbox 2781 2524 3026 2587; x_wconf 84' lang='lat' dir='ltr'><strong>tempore</strong></span> <span class='ocrx_word' id='word_1_538' title='bbox 3058 2513 3279 2582; x_wconf 87' lang='lat' dir='ltr'><strong>bibant,</strong></span> <span class='ocrx_word' id='word_1_539' title='bbox 3322 2532 3427 2570; x_wconf 91' lang='lat' dir='ltr'><strong>non</strong></span> <span class='ocrx_word' id='word_1_540' title='bbox 3461 2524 3653 2585; x_wconf 90' lang='lat' dir='ltr'><strong>putan-</strong></span> 
     </span>
    </p>
   </div>
   <div class='ocr_carea' id='block_1_69' title="bbox 2058 2601 3655 2676">
    <p class='ocr_par' dir='ltr' id='par_1_69' title="bbox 2058 2601 3655 2676">
     <span class='ocr_line' id='line_1_69' title="bbox 2058 2601 3655 2676; baseline 0.006 -20"><span class='ocrx_word' id='word_1_541' title='bbox 2058 2610 2140 2656; x_wconf 92' lang='lat' dir='ltr'><strong>tes</strong></span> <span class='ocrx_word' id='word_1_542' title='bbox 2167 2601 2530 2659; x_wconf 87' lang='lat' dir='ltr'><strong>Christianum</strong></span> <span class='ocrx_word' id='word_1_543' title='bbox 2562 2619 2683 2660; x_wconf 87' lang='lat' dir='ltr'><strong>esse</strong></span> <span class='ocrx_word' id='word_1_544' title='bbox 2730 2616 2915 2674; x_wconf 89' lang='lat' dir='ltr'><strong>potare</strong></span> <span class='ocrx_word' id='word_1_545' title='bbox 2941 2620 3059 2676; x_wconf 88' lang='lat' dir='ltr'><strong>post</strong></span> <span class='ocrx_word' id='word_1_546' title='bbox 3084 2609 3263 2663; x_wconf 91' lang='lat' dir='ltr'><strong>cibum</strong></span> <span class='ocrx_word' id='word_1_547' title='bbox 3287 2654 3301 2676; x_wconf 95' lang='lat'><strong>,</strong></span> <span class='ocrx_word' id='word_1_548' title='bbox 3334 2610 3437 2665; x_wconf 90' lang='lat' dir='ltr'><strong>nisi</strong></span> <span class='ocrx_word' id='word_1_549' title='bbox 3477 2611 3530 2665; x_wconf 91' lang='lat' dir='ltr'><strong>in</strong></span> <span class='ocrx_word' id='word_1_550' title='bbox 3563 2626 3655 2665; x_wconf 84' lang='lat' dir='ltr'><strong>va-</strong></span> 
     </span>
    </p>
   </div>
   <div class='ocr_carea' id='block_1_70' title="bbox 2057 2696 3656 2773">
    <p class='ocr_par' dir='ltr' id='par_1_70' title="bbox 2057 2696 3656 2773">
     <span class='ocr_line' id='line_1_70' title="bbox 2057 2696 3656 2773; baseline 0.003 -24"><span class='ocrx_word' id='word_1_551' title='bbox 2057 2709 2187 2749; x_wconf 88' lang='lat' dir='ltr'><strong>cuas</strong></span> <span class='ocrx_word' id='word_1_552' title='bbox 2226 2705 2279 2749; x_wconf 92' lang='lat' dir='ltr'><strong>et</strong></span> <span class='ocrx_word' id='word_1_553' title='bbox 2311 2696 2499 2752; x_wconf 90' lang='lat' dir='ltr'><strong>inanes</strong></span> <span class='ocrx_word' id='word_1_554' title='bbox 2538 2696 2715 2752; x_wconf 90' lang='lat' dir='ltr'><strong>adhuc</strong></span> <span class='ocrx_word' id='word_1_555' title='bbox 2744 2714 2906 2753; x_wconf 80' lang='lat' dir='ltr'><strong>venas</strong></span> <span class='ocrx_word' id='word_1_556' title='bbox 2939 2699 3113 2755; x_wconf 82' lang='lat' dir='ltr'><strong>infusa</strong></span> <span class='ocrx_word' id='word_1_557' title='bbox 3148 2703 3327 2757; x_wconf 83' lang='lat' dir='ltr'><strong>statim</strong></span> <span class='ocrx_word' id='word_1_558' title='bbox 3358 2713 3480 2773; x_wconf 89' lang='lat' dir='ltr'><strong>post</strong></span> <span class='ocrx_word' id='word_1_559' title='bbox 3505 2718 3656 2758; x_wconf 79' lang='lat' dir='ltr'><strong>80m-</strong></span> 
     </span>
    </p>
   </div>
   <div class='ocr_carea' id='block_1_71' title="bbox 2059 2788 3659 2865">
    <p class='ocr_par' dir='ltr' id='par_1_71' title="bbox 2059 2788 3659 2865">
     <span class='ocr_line' id='line_1_71' title="bbox 2059 2788 3659 2865; baseline 0.006 -24"><span class='ocrx_word' id='word_1_560' title='bbox 2059 2804 2188 2841; x_wconf 91' lang='lat' dir='ltr'><strong>num</strong></span> <span class='ocrx_word' id='word_1_561' title='bbox 2222 2788 2340 2842; x_wconf 90' lang='lat' dir='ltr'><strong>vina</strong></span> <span class='ocrx_word' id='word_1_562' title='bbox 2366 2788 2787 2845; x_wconf 81' lang='lat' dir='ltr'><strong>descenderint:</strong></span> <span class='ocrx_word' id='word_1_563' title='bbox 2816 2792 2992 2847; x_wconf 90' lang='lat' dir='ltr'><strong>minus</strong></span> <span class='ocrx_word' id='word_1_564' title='bbox 3034 2794 3175 2848; x_wconf 88' lang='lat' dir='ltr'><strong>enim</strong></span> <span class='ocrx_word' id='word_1_565' title='bbox 3219 2795 3259 2825; x_wconf 79' lang='lat'>“</span> <span class='ocrx_word' id='word_1_566' title='bbox 3309 2810 3429 2865; x_wconf 79' lang='lat' dir='ltr'><strong>qua:</strong></span> <span class='ocrx_word' id='word_1_567' title='bbox 3470 2795 3659 2851; x_wconf 89' lang='lat' dir='ltr'><strong>bibunt</strong></span> 
     </span>
    </p>
   </div>
   <div class='ocr_carea' id='block_1_72' title="bbox 2058 2880 3655 2956">
    <p class='ocr_par' dir='ltr' id='par_1_72' title="bbox 2058 2880 3655 2956">
     <span class='ocr_line' id='line_1_72' title="bbox 2058 2880 3655 2956; baseline 0.008 -22"><span class='ocrx_word' id='word_1_568' title='bbox 2058 2893 2250 2949; x_wconf 84' lang='lat' dir='ltr'><strong>sapere</strong></span> <span class='ocrx_word' id='word_1_569' title='bbox 2302 2880 2575 2948; x_wconf 87' lang='lat' dir='ltr'><strong>videntur,</strong></span> <span class='ocrx_word' id='word_1_570' title='bbox 2607 2884 2654 2937; x_wconf 92' lang='lat' dir='ltr'><strong>si</strong></span> <span class='ocrx_word' id='word_1_571' title='bbox 2704 2883 2844 2939; x_wconf 89' lang='lat' dir='ltr'><strong>inter</strong></span> <span class='ocrx_word' id='word_1_572' title='bbox 2874 2885 2997 2939; x_wconf 87' lang='lat' dir='ltr'><strong>vina</strong></span> <span class='ocrx_word' id='word_1_573' title='bbox 3047 2885 3153 2941; x_wconf 89' lang='lat' dir='ltr'><strong>cibi</strong></span> <span class='ocrx_word' id='word_1_574' title='bbox 3203 2887 3655 2956; x_wconf 79' lang='lat' dir='ltr'><strong>permisceantur.</strong></span> 
     </span>
    </p>
   </div>
   <div class='ocr_carea' id='block_1_73' title="bbox 2059 2971 3655 3050">
    <p class='ocr_par' dir='ltr' id='par_1_73' title="bbox 2059 2971 3655 3050">
     <span class='ocr_line' id='line_1_73' title="bbox 2059 2971 3655 3050; baseline 0.006 -23"><span class='ocrx_word' id='word_1_575' title='bbox 2059 2971 2255 3028; x_wconf 86' lang='lat' dir='ltr'><strong>Videas</strong></span> <span class='ocrx_word' id='word_1_576' title='bbox 2287 2989 2419 3045; x_wconf 87' lang='lat' dir='ltr'><strong>ergo</strong></span> <span class='ocrx_word' id='word_1_577' title='bbox 2465 2976 2599 3030; x_wconf 87' lang='lat' dir='ltr'><strong>tales</strong></span> <span class='ocrx_word' id='word_1_578' title='bbox 2629 2990 2769 3031; x_wconf 82' lang='lat' dir='ltr'><strong>novo</strong></span> <span class='ocrx_word' id='word_1_579' title='bbox 2797 2992 2997 3046; x_wconf 83' lang='lat' dir='ltr'><strong>genere</strong></span> <span class='ocrx_word' id='word_1_580' title='bbox 3026 2977 3202 3033; x_wconf 89' lang='lat' dir='ltr'><strong>adhuc</strong></span> <span class='ocrx_word' id='word_1_581' title='bbox 3225 2979 3439 3048; x_wconf 85' lang='lat' dir='ltr'><strong>jejunus</strong></span> <span class='ocrx_word' id='word_1_582' title='bbox 3468 2990 3521 3036; x_wconf 89' lang='lat' dir='ltr'><strong>et</strong></span> <span class='ocrx_word' id='word_1_583' title='bbox 3543 2983 3655 3050; x_wconf 89' lang='lat' dir='ltr'><strong>jam</strong></span> 
     </span>
    </p>
   </div>
   <div class='ocr_carea' id='block_1_74' title="bbox 2058 3064 3656 3144">
    <p class='ocr_par' dir='ltr' id='par_1_74' title="bbox 2058 3064 3656 3144">
     <span class='ocr_line' id='line_1_74' title="bbox 2058 3064 3656 3144; baseline 0.004 -22"><span class='ocrx_word' id='word_1_584' title='bbox 2058 3064 2282 3132; x_wconf 84' lang='lat' dir='ltr'><strong>ebrios,</strong></span> <span class='ocrx_word' id='word_1_585' title='bbox 2334 3083 2442 3121; x_wconf 91' lang='lat' dir='ltr'><strong>non</strong></span> <span class='ocrx_word' id='word_1_586' title='bbox 2494 3068 2559 3123; x_wconf 89' lang='lat' dir='ltr'><strong>ad</strong></span> <span class='ocrx_word' id='word_1_587' title='bbox 2611 3069 2860 3139; x_wconf 88' lang='lat' dir='ltr'><strong>popinam</strong></span> <span class='ocrx_word' id='word_1_588' title='bbox 2892 3081 3212 3139; x_wconf 87' lang='lat' dir='ltr'><strong>currentes,</strong></span> <span class='ocrx_word' id='word_1_589' title='bbox 3260 3071 3356 3126; x_wconf 77' lang='lat' dir='ltr'><strong>Sed</strong></span> <span class='ocrx_word' id='word_1_590' title='bbox 3405 3074 3656 3144; x_wconf 88' lang='lat' dir='ltr'><strong>popinam</strong></span> 
     </span>
    </p>
   </div>
   <div class='ocr_carea' id='block_1_75' title="bbox 2058 3160 3660 3234">
    <p class='ocr_par' dir='ltr' id='par_1_75' title="bbox 2058 3160 3660 3234">
     <span class='ocr_line' id='line_1_75' title="bbox 2058 3160 3660 3234; baseline 0.005 -21"><span class='ocrx_word' id='word_1_591' title='bbox 2058 3173 2242 3214; x_wconf 86' lang='lat' dir='ltr'><strong>secum</strong></span> <span class='ocrx_word' id='word_1_592' title='bbox 2293 3160 2740 3217; x_wconf 77' lang='lat' dir='ltr'><strong>circumferentes</strong></span> <span class='ocrx_word' id='word_1_593' title='bbox 2783 3179 2796 3216; x_wconf 92' lang='lat'>:</span> <span class='ocrx_word' id='word_1_594' title='bbox 2845 3177 3072 3232; x_wconf 90' lang='lat' dir='ltr'><strong>quorum</strong></span> <span class='ocrx_word' id='word_1_595' title='bbox 3128 3163 3171 3194; x_wconf 81' lang='lat'>&quot;</span> <span class='ocrx_word' id='word_1_596' title='bbox 3219 3164 3463 3234; x_wconf 83' lang='lat' dir='ltr'><strong>quisquis</strong></span> <span class='ocrx_word' id='word_1_597' title='bbox 3515 3167 3660 3221; x_wconf 83' lang='lat' dir='ltr'><strong>salu-</strong></span> 
     </span>
    </p>
   </div>
   <div class='ocr_carea' id='block_1_76' title="bbox 1979 3254 3661 3330">
    <p class='ocr_par' dir='ltr' id='par_1_76' title="bbox 1979 3254 3661 3330">
     <span class='ocr_line' id='line_1_76' title="bbox 1979 3254 3661 3330; baseline 0.005 -22"><span class='ocrx_word' id='word_1_598' title='bbox 1979 3254 2024 3318; x_wconf 89' lang='lat' dir='ltr'><strong><em>C</em></strong></span> <span class='ocrx_word' id='word_1_599' title='bbox 2060 3262 2169 3319; x_wconf 91' lang='lat' dir='ltr'><strong>tat,</strong></span> <span class='ocrx_word' id='word_1_600' title='bbox 2204 3268 2310 3308; x_wconf 88' lang='lat' dir='ltr'><strong>non</strong></span> <span class='ocrx_word' id='word_1_601' title='bbox 2340 3256 2584 3310; x_wconf 92' lang='lat' dir='ltr'><strong>osculum</strong></span> <span class='ocrx_word' id='word_1_602' title='bbox 2614 3255 2745 3323; x_wconf 84' lang='lat' dir='ltr'><strong>dat,</strong></span> <span class='ocrx_word' id='word_1_603' title='bbox 2775 3256 2870 3311; x_wconf 90' lang='lat' dir='ltr'><strong>scd</strong></span> <span class='ocrx_word' id='word_1_604' title='bbox 2905 3258 3173 3327; x_wconf 79' lang='lat' dir='ltr'><strong>propinat.</strong></span> <span class='ocrx_word' id='word_1_605' title='bbox 3226 3257 3364 3325; x_wconf 84' lang='lat' dir='ltr'><strong>Quid</strong></span> <span class='ocrx_word' id='word_1_606' title='bbox 3404 3259 3489 3314; x_wconf 89' lang='lat' dir='ltr'><strong>isti</strong></span> <span class='ocrx_word' id='word_1_607' title='bbox 3538 3270 3661 3330; x_wconf 90' lang='lat' dir='ltr'><strong>post</strong></span> 
     </span>
    </p>
   </div>
   <div class='ocr_carea' id='block_1_77' title="bbox 2053 3348 3657 3425">
    <p class='ocr_par' dir='ltr' id='par_1_77' title="bbox 2053 3348 3657 3425">
     <span class='ocr_line' id='line_1_77' title="bbox 2053 3348 3657 3425; baseline 0.005 -22"><span class='ocrx_word' id='word_1_608' title='bbox 2053 3348 2231 3403; x_wconf 89' lang='lat' dir='ltr'><strong>cibum</strong></span> <span class='ocrx_word' id='word_1_609' title='bbox 2266 3350 2483 3417; x_wconf 78' lang='lat' dir='ltr'><strong>faciant,</strong></span> <span class='ocrx_word' id='word_1_610' title='bbox 2513 3364 2649 3420; x_wconf 89' lang='lat' dir='ltr'><strong>quos</strong></span> <span class='ocrx_word' id='word_1_611' title='bbox 2674 3349 2853 3405; x_wconf 85' lang='lat' dir='ltr'><strong>ebrios</strong></span> <span class='ocrx_word' id='word_1_612' title='bbox 2885 3351 3091 3407; x_wconf 88' lang='lat' dir='ltr'><strong>invenit</strong></span> <span class='ocrx_word' id='word_1_613' title='bbox 3121 3352 3276 3407; x_wconf 90' lang='lat' dir='ltr'><strong>cibus</strong></span> <span class='ocrx_word' id='word_1_614' title='bbox 3295 3353 3330 3406; x_wconf 86' lang='lat'><strong>?&#39;</strong></span> <span class='ocrx_word' id='word_1_615' title='bbox 3350 3364 3443 3409; x_wconf 86' lang='lat' dir='ltr'><strong>aut</strong></span> <span class='ocrx_word' id='word_1_616' title='bbox 3469 3356 3657 3425; x_wconf 88' lang='lat' dir='ltr'><strong>quales</strong></span> 
     </span>
    </p>
   </div>
   <div class='ocr_carea' id='block_1_78' title="bbox 2054 3445 3656 3518">
    <p class='ocr_par' dir='ltr' id='par_1_78' title="bbox 2054 3445 3656 3518">
     <span class='ocr_line' id='line_1_78' title="bbox 2054 3445 3656 3518; baseline 0.003 -18"><span class='ocrx_word' id='word_1_617' title='bbox 2054 3445 2187 3501; x_wconf 88' lang='lat' dir='ltr'><strong>istos</strong></span> <span class='ocrx_word' id='word_1_618' title='bbox 2216 3447 2294 3500; x_wconf 90' lang='lat' dir='ltr'><strong>sol</strong></span> <span class='ocrx_word' id='word_1_619' title='bbox 2328 3447 2380 3500; x_wconf 91' lang='lat' dir='ltr'><strong>in</strong></span> <span class='ocrx_word' id='word_1_620' title='bbox 2408 3461 2604 3502; x_wconf 89' lang='lat' dir='ltr'><strong>occasu</strong></span> <span class='ocrx_word' id='word_1_621' title='bbox 2635 3446 2910 3518; x_wconf 89' lang='lat' dir='ltr'><strong>relinquit,</strong></span> <span class='ocrx_word' id='word_1_622' title='bbox 2940 3463 3077 3518; x_wconf 91' lang='lat' dir='ltr'><strong>quos</strong></span> <span class='ocrx_word' id='word_1_623' title='bbox 3093 3447 3203 3517; x_wconf 81' lang='lat' dir='ltr'><strong>jam</strong></span> <span class='ocrx_word' id='word_1_624' title='bbox 3237 3449 3508 3505; x_wconf 85' lang='lat' dir='ltr'><strong>marcidos</strong></span> <span class='ocrx_word' id='word_1_625' title='bbox 3529 3451 3656 3505; x_wconf 87' lang='lat' dir='ltr'><strong>vino</strong></span> 
     </span>
    </p>
   </div>
   <div class='ocr_carea' id='block_1_79' title="bbox 2055 3538 3655 3609">
    <p class='ocr_par' dir='ltr' id='par_1_79' title="bbox 2055 3538 3655 3609">
     <span class='ocr_line' id='line_1_79' title="bbox 2055 3538 3655 3609; baseline 0.003 -16"><span class='ocrx_word' id='word_1_626' title='bbox 2055 3538 2238 3593; x_wconf 90' lang='lat' dir='ltr'><strong>oriens</strong></span> <span class='ocrx_word' id='word_1_627' title='bbox 2268 3538 2504 3609; x_wconf 87' lang='lat' dir='ltr'><strong>aspicit?</strong></span> <span class='ocrx_word' id='word_1_628' title='bbox 2551 3538 2654 3594; x_wconf 84' lang='lat' dir='ltr'><strong>Sed</strong></span> <span class='ocrx_word' id='word_1_629' title='bbox 2685 3553 2809 3609; x_wconf 68' lang='lat' dir='ltr'><strong>quas</strong></span> <span class='ocrx_word' id='word_1_630' title='bbox 2834 3540 3147 3595; x_wconf 84' lang='lat' dir='ltr'><strong>detestanda</strong></span> <span class='ocrx_word' id='word_1_631' title='bbox 3190 3551 3317 3597; x_wconf 89' lang='lat' dir='ltr'><strong>sunt</strong></span> <span class='ocrx_word' id='word_1_632' title='bbox 3337 3582 3353 3608; x_wconf 95' lang='lat'><strong>,</strong></span> <span class='ocrx_word' id='word_1_633' title='bbox 3389 3558 3496 3596; x_wconf 90' lang='lat' dir='ltr'><strong>non</strong></span> <span class='ocrx_word' id='word_1_634' title='bbox 3526 3552 3655 3598; x_wconf 91' lang='lat' dir='ltr'><strong>sunt</strong></span> 
     </span>
    </p>
   </div>
   <div class='ocr_carea' id='block_1_80' title="bbox 2056 3630 3658 3700">
    <p class='ocr_par' dir='ltr' id='par_1_80' title="bbox 2056 3630 3658 3700">
     <span class='ocr_line' id='line_1_80' title="bbox 2056 3630 3658 3700; baseline 0.002 -14"><span class='ocrx_word' id='word_1_635' title='bbox 2056 3630 2214 3686; x_wconf 89' lang='lat' dir='ltr'><strong>nobis</strong></span> <span class='ocrx_word' id='word_1_636' title='bbox 2251 3630 2496 3700; x_wconf 78' lang='lat' dir='ltr'><strong>exetupla</strong></span> <span class='ocrx_word' id='word_1_637' title='bbox 2532 3630 2798 3686; x_wconf 78' lang='lat' dir='ltr'><strong>ducenda.</strong></span> <span class='ocrx_word' id='word_1_638' title='bbox 2835 3632 3105 3687; x_wconf 89' lang='lat' dir='ltr'><strong>Sumenda</strong></span> <span class='ocrx_word' id='word_1_639' title='bbox 3128 3632 3420 3688; x_wconf 90' lang='lat' dir='ltr'><strong>suntenim</strong></span> <span class='ocrx_word' id='word_1_640' title='bbox 3448 3649 3509 3689; x_wconf 87' lang='lat' dir='ltr'><strong>ea</strong></span> <span class='ocrx_word' id='word_1_641' title='bbox 3543 3635 3658 3689; x_wconf 87' lang='lat' dir='ltr'><strong>sola</strong></span> 
     </span>
    </p>
   </div>
   <div class='ocr_carea' id='block_1_81' title="bbox 2055 3724 3662 3795">
    <p class='ocr_par' dir='ltr' id='par_1_81' title="bbox 2055 3724 3662 3795">
     <span class='ocr_line' id='line_1_81' title="bbox 2055 3724 3662 3795; baseline 0.003 -18"><span class='ocrx_word' id='word_1_642' title='bbox 2055 3725 2249 3795; x_wconf 89' lang='lat' dir='ltr'><strong>quibus</strong></span> <span class='ocrx_word' id='word_1_643' title='bbox 2296 3724 2510 3779; x_wconf 90' lang='lat' dir='ltr'><strong>animus</strong></span> <span class='ocrx_word' id='word_1_644' title='bbox 2554 3734 2737 3778; x_wconf 83' lang='lat' dir='ltr'><strong>noster</strong></span> <span class='ocrx_word' id='word_1_645' title='bbox 2785 3724 2979 3779; x_wconf 89' lang='lat' dir='ltr'><strong>melior</strong></span> <span class='ocrx_word' id='word_1_646' title='bbox 3020 3725 3278 3781; x_wconf 87' lang='lat' dir='ltr'><strong>reddatur</strong></span> <span class='ocrx_word' id='word_1_647' title='bbox 3313 3745 3327 3781; x_wconf 88' lang='lat'><strong>:</strong></span> <span class='ocrx_word' id='word_1_648' title='bbox 3372 3736 3426 3781; x_wconf 89' lang='lat' dir='ltr'><strong>et</strong></span> <span class='ocrx_word' id='word_1_649' title='bbox 3452 3728 3578 3782; x_wconf 83' lang='lat' dir='ltr'><strong>licet</strong></span> <span class='ocrx_word' id='word_1_650' title='bbox 3608 3727 3662 3783; x_wconf 88' lang='lat' dir='ltr'><strong>in</strong></span> 
     </span>
    </p>
   </div>
   <div class='ocr_carea' id='block_1_82' title="bbox 2056 3817 3660 3890">
    <p class='ocr_par' dir='ltr' id='par_1_82' title="bbox 2056 3817 3660 3890">
     <span class='ocr_line' id='line_1_82' title="bbox 2056 3817 3660 3890; baseline 0.002 -17"><span class='ocrx_word' id='word_1_651' title='bbox 2056 3819 2348 3890; x_wconf 75' lang='lat' dir='ltr'><strong>Evangelio</strong></span> <span class='ocrx_word' id='word_1_652' title='bbox 2400 3834 2495 3889; x_wconf 89' lang='lat' dir='ltr'><strong>per</strong></span> <span class='ocrx_word' id='word_1_653' title='bbox 2543 3818 2723 3871; x_wconf 89' lang='lat' dir='ltr'><strong>omnia</strong></span> <span class='ocrx_word' id='word_1_654' title='bbox 2751 3817 2997 3873; x_wconf 86' lang='lat' dir='ltr'><strong>ciborum</strong></span> <span class='ocrx_word' id='word_1_655' title='bbox 3051 3819 3295 3875; x_wconf 84' lang='lat' dir='ltr'><strong>redditus</strong></span> <span class='ocrx_word' id='word_1_656' title='bbox 3344 3822 3499 3877; x_wconf 91' lang='lat' dir='ltr'><strong>nobis</strong></span> <span class='ocrx_word' id='word_1_657' title='bbox 3532 3837 3660 3877; x_wconf 90' lang='lat' dir='ltr'><strong>usus</strong></span> 
     </span>
    </p>
   </div>
   <div class='ocr_carea' id='block_1_83' title="bbox 2056 3909 3663 3983">
    <p class='ocr_par' dir='ltr' id='par_1_83' title="bbox 2056 3909 3663 3983">
     <span class='ocr_line' id='line_1_83' title="bbox 2056 3909 3663 3983; baseline 0.002 -17"><span class='ocrx_word' id='word_1_658' title='bbox 2056 3913 2157 3977; x_wconf 89' lang='lat' dir='ltr'><strong>sit;</strong></span> <span class='ocrx_word' id='word_1_659' title='bbox 2198 3924 2375 3966; x_wconf 80' lang='lat' dir='ltr'><strong>tamen</strong></span> <span class='ocrx_word' id='word_1_660' title='bbox 2408 3909 2727 3980; x_wconf 87' lang='lat' dir='ltr'><strong>intelligitur</strong></span> <span class='ocrx_word' id='word_1_661' title='bbox 2758 3910 3020 3973; x_wconf 87' lang='lat' dir='ltr'><strong>redditus,</strong></span> <span class='ocrx_word' id='word_1_662' title='bbox 3052 3911 3147 3967; x_wconf 90' lang='lat' dir='ltr'><strong>sed</strong></span> <span class='ocrx_word' id='word_1_663' title='bbox 3178 3926 3300 3966; x_wconf 92' lang='lat' dir='ltr'><strong>cum</strong></span> <span class='ocrx_word' id='word_1_664' title='bbox 3334 3911 3452 3983; x_wconf 90' lang='lat' dir='ltr'><strong>lege</strong></span> <span class='ocrx_word' id='word_1_665' title='bbox 3484 3914 3663 3983; x_wconf 80' lang='lat' dir='ltr'><strong>fruga-</strong></span> 
     </span>
    </p>
   </div>
   <div class='ocr_carea' id='block_1_84' title="bbox 2058 4003 3666 4063">
    <p class='ocr_par' dir='ltr' id='par_1_84' title="bbox 2058 4003 3666 4063">
     <span class='ocr_line' id='line_1_84' title="bbox 2058 4003 3666 4063; baseline 0.001 -2"><span class='ocrx_word' id='word_1_666' title='bbox 2058 4007 2222 4061; x_wconf 86' lang='lat' dir='ltr'><strong>litatis</strong></span> <span class='ocrx_word' id='word_1_667' title='bbox 2250 4016 2305 4060; x_wconf 86' lang='lat' dir='ltr'><strong>et</strong></span> <span class='ocrx_word' id='word_1_668' title='bbox 2343 4004 2712 4059; x_wconf 68' lang='lat' dir='ltr'><strong>continentiae.</strong></span> <span class='ocrx_word' id='word_1_669' title='bbox 2762 4003 2890 4058; x_wconf 67' lang='lat' dir='ltr'><strong>llaec</strong></span> <span class='ocrx_word' id='word_1_670' title='bbox 2916 4006 3060 4057; x_wconf 91' lang='lat' dir='ltr'><strong>enim</strong></span> <span class='ocrx_word' id='word_1_671' title='bbox 3094 4004 3178 4058; x_wconf 86' lang='lat' dir='ltr'><strong>vel</strong></span> <span class='ocrx_word' id='word_1_672' title='bbox 3210 4006 3441 4060; x_wconf 83' lang='lat' dir='ltr'><strong>maxime</strong></span> <span class='ocrx_word' id='word_1_673' title='bbox 3469 4006 3666 4063; x_wconf 88' lang='lat' dir='ltr'><strong>decent</strong></span> 
     </span>
    </p>
   </div>
   <div class='ocr_carea' id='block_1_85' title="bbox 2060 4096 3663 4166">
    <p class='ocr_par' dir='ltr' id='par_1_85' title="bbox 2060 4096 3663 4166">
     <span class='ocr_line' id='line_1_85' title="bbox 2060 4096 3663 4166; baseline -0.001 -13"><span class='ocrx_word' id='word_1_674' title='bbox 2060 4098 2569 4163; x_wconf 83' lang='lat' dir='ltr'><strong>Fideles,oraturos</strong></span> <span class='ocrx_word' id='word_1_675' title='bbox 2596 4096 2805 4150; x_wconf 88' lang='lat' dir='ltr'><strong>scilicet</strong></span> <span class='ocrx_word' id='word_1_676' title='bbox 2829 4096 3090 4160; x_wconf 90' lang='lat' dir='ltr'><strong>Deum,et</strong></span> <span class='ocrx_word' id='word_1_677' title='bbox 3120 4104 3336 4150; x_wconf 90' lang='lat' dir='ltr'><strong>acturos</strong></span> <span class='ocrx_word' id='word_1_678' title='bbox 3366 4097 3415 4150; x_wconf 91' lang='lat' dir='ltr'><strong>ei</strong></span> <span class='ocrx_word' id='word_1_679' title='bbox 3446 4097 3663 4166; x_wconf 89' lang='lat' dir='ltr'><strong>quidem</strong></span> 
     </span>
    </p>
   </div>
   <div class='ocr_carea' id='block_1_86' title="bbox 2058 4185 3662 4262">
    <p class='ocr_par' dir='ltr' id='par_1_86' title="bbox 2058 4185 3662 4262">
     <span class='ocr_line' id='line_1_86' title="bbox 2058 4185 3662 4262; baseline -0.001 -18"><span class='ocrx_word' id='word_1_680' title='bbox 2058 4191 2260 4262; x_wconf 88' lang='lat' dir='ltr'><strong>gratias</strong></span> <span class='ocrx_word' id='word_1_681' title='bbox 2286 4231 2302 4255; x_wconf 92' lang='lat'><strong>,</strong></span> <span class='ocrx_word' id='word_1_682' title='bbox 2349 4205 2454 4242; x_wconf 93' lang='lat' dir='ltr'><strong>non</strong></span> <span class='ocrx_word' id='word_1_683' title='bbox 2484 4187 2673 4242; x_wconf 87' lang='lat' dir='ltr'><strong>diebus</strong></span> <span class='ocrx_word' id='word_1_684' title='bbox 2702 4196 2906 4241; x_wconf 87' lang='lat' dir='ltr'><strong>tantum</strong></span> <span class='ocrx_word' id='word_1_685' title='bbox 2934 4227 2949 4251; x_wconf 88' lang='lat'><strong>,</strong></span> <span class='ocrx_word' id='word_1_686' title='bbox 2997 4185 3091 4241; x_wconf 90' lang='lat' dir='ltr'><strong>sed</strong></span> <span class='ocrx_word' id='word_1_687' title='bbox 3123 4197 3177 4241; x_wconf 89' lang='lat' dir='ltr'><strong>et</strong></span> <span class='ocrx_word' id='word_1_688' title='bbox 3207 4187 3339 4256; x_wconf 89' lang='lat' dir='ltr'><strong>ipsis</strong></span> <span class='ocrx_word' id='word_1_689' title='bbox 3369 4188 3619 4243; x_wconf 89' lang='lat' dir='ltr'><strong>noctibus</strong></span> <span class='ocrx_word' id='word_1_690' title='bbox 3648 4206 3662 4243; x_wconf 90' lang='lat'>:</span> 
     </span>
    </p>
   </div>
   <div class='ocr_carea' id='block_1_87' title="bbox 2061 4280 3662 4356">
    <p class='ocr_par' dir='ltr' id='par_1_87' title="bbox 2061 4280 3662 4356">
     <span class='ocr_line' id='line_1_87' title="bbox 2061 4280 3662 4356; baseline 0 -19"><span class='ocrx_word' id='word_1_691' title='bbox 2061 4283 2203 4356; x_wconf 90' lang='lat' dir='ltr'><strong>quod</strong></span> <span class='ocrx_word' id='word_1_692' title='bbox 2235 4282 2345 4336; x_wconf 83' lang='lat' dir='ltr'><strong>lteri</strong></span> <span class='ocrx_word' id='word_1_693' title='bbox 2378 4297 2481 4336; x_wconf 92' lang='lat' dir='ltr'><strong>uou</strong></span> <span class='ocrx_word' id='word_1_694' title='bbox 2514 4280 2747 4350; x_wconf 88' lang='lat' dir='ltr'><strong>poterit,</strong></span> <span class='ocrx_word' id='word_1_695' title='bbox 2778 4280 2822 4334; x_wconf 90' lang='lat' dir='ltr'><strong>si</strong></span> <span class='ocrx_word' id='word_1_696' title='bbox 2853 4295 3103 4335; x_wconf 89' lang='lat' dir='ltr'><strong>somnum</strong></span> <span class='ocrx_word' id='word_1_697' title='bbox 3137 4294 3357 4350; x_wconf 87' lang='lat' dir='ltr'><strong>gravem</strong></span> <span class='ocrx_word' id='word_1_698' title='bbox 3380 4291 3436 4336; x_wconf 90' lang='lat' dir='ltr'><strong>et</strong></span> <span class='ocrx_word' id='word_1_699' title='bbox 3465 4282 3662 4338; x_wconf 89' lang='lat' dir='ltr'><strong>molem</strong></span> 
     </span>
    </p>
   </div>
   <div class='ocr_carea' id='block_1_88' title="bbox 2063 4372 3666 4449">
    <p class='ocr_par' dir='ltr' id='par_1_88' title="bbox 2063 4372 3666 4449">
     <span class='ocr_line' id='line_1_88' title="bbox 2063 4372 3666 4449; baseline -0.002 -16"><span class='ocrx_word' id='word_1_700' title='bbox 2063 4376 2266 4449; x_wconf 89' lang='lat' dir='ltr'><strong>pectori</strong></span> <span class='ocrx_word' id='word_1_701' title='bbox 2290 4373 2597 4445; x_wconf 88' lang='lat' dir='ltr'><strong>impositam</strong></span> <span class='ocrx_word' id='word_1_702' title='bbox 2628 4387 2780 4429; x_wconf 91' lang='lat' dir='ltr'><strong>meus</strong></span> <span class='ocrx_word' id='word_1_703' title='bbox 2806 4372 2930 4429; x_wconf 91' lang='lat' dir='ltr'><strong>cibo</strong></span> <span class='ocrx_word' id='word_1_704' title='bbox 2957 4372 3194 4443; x_wconf 83' lang='lat' dir='ltr'><strong>vinoque</strong></span> <span class='ocrx_word' id='word_1_705' title='bbox 3236 4373 3409 4445; x_wconf 86' lang='lat' dir='ltr'><strong>sopita</strong></span> <span class='ocrx_word' id='word_1_706' title='bbox 3438 4391 3543 4430; x_wconf 92' lang='lat' dir='ltr'><strong>non</strong></span> <span class='ocrx_word' id='word_1_707' title='bbox 3572 4391 3666 4430; x_wconf 86' lang='lat' dir='ltr'><strong>va-</strong></span> 
     </span>
    </p>
   </div>
   <div class='ocr_carea' id='block_1_89' title="bbox 2063 4473 2519 4526">
    <p class='ocr_par' dir='ltr' id='par_1_89' title="bbox 2063 4473 2519 4526">
     <span class='ocr_line' id='line_1_89' title="bbox 2063 4473 2519 4526; baseline -0.007 0"><span class='ocrx_word' id='word_1_708' title='bbox 2063 4473 2221 4526; x_wconf 87' lang='lat' dir='ltr'><strong>luerit</strong></span> <span class='ocrx_word' id='word_1_709' title='bbox 2243 4477 2519 4525; x_wconf 73' lang='lat' dir='ltr'><strong>excutere.</strong></span> 
     </span>
    </p>
   </div>
   <div class='ocr_carea' id='block_1_90' title="bbox 1523 4609 2509 4669">
    <p class='ocr_par' dir='ltr' id='par_1_90' title="bbox 1523 4609 2509 4669">
     <span class='ocr_line' id='line_1_90' title="bbox 1523 4609 2509 4669; baseline -0.002 -2"><span class='ocrx_word' id='word_1_710' title='bbox 1523 4609 1897 4667; x_wconf 71' lang='lat' dir='ltr'><strong>GALLANDII</strong></span> <span class='ocrx_word' id='word_1_711' title='bbox 1943 4609 2509 4669; x_wconf 70' lang='lat' dir='ltr'><strong>COMMENTARIUS.</strong></span> 
     </span>
    </p>
   </div>
   <div class='ocr_carea' id='block_1_91' title="bbox 434 4703 2035 4776">
    <p class='ocr_par' dir='ltr' id='par_1_91' title="bbox 434 4703 2035 4776">
     <span class='ocr_line' id='line_1_91' title="bbox 434 4703 2035 4776; baseline -0.001 -15"><span class='ocrx_word' id='word_1_712' title='bbox 434 4710 449 4740; x_wconf 78' lang='grc'>³</span> <span class='ocrx_word' id='word_1_713' title='bbox 497 4707 634 4761; x_wconf 87' lang='lat' dir='ltr'><strong>Nam</strong></span> <span class='ocrx_word' id='word_1_714' title='bbox 663 4718 728 4760; x_wconf 89' lang='lat' dir='ltr'><strong>et.</strong></span> <span class='ocrx_word' id='word_1_715' title='bbox 781 4703 920 4758; x_wconf 89' lang='lat' dir='ltr'><strong>Nam</strong></span> <span class='ocrx_word' id='word_1_716' title='bbox 967 4714 1021 4759; x_wconf 89' lang='lat' dir='ltr'><strong>ut</strong></span> <span class='ocrx_word' id='word_1_717' title='bbox 1080 4704 1363 4776; x_wconf 83' lang='lat' dir='ltr'><strong>legendum</strong></span> <span class='ocrx_word' id='word_1_718' title='bbox 1397 4704 1701 4774; x_wconf 85' lang='lat' dir='ltr'><strong>suspicatur</strong></span> <span class='ocrx_word' id='word_1_719' title='bbox 1731 4712 1957 4773; x_wconf 88' lang='lat' dir='ltr'><strong>uterque</strong></span> <span class='ocrx_word' id='word_1_720' title='bbox 1981 4707 2035 4766; x_wconf 92' lang='lat' dir='ltr'>D</span> 
     </span>
    </p>
   </div>
   <div class='ocr_carea' id='block_1_92' title="bbox 360 4778 771 4843">
    <p class='ocr_par' dir='ltr' id='par_1_92' title="bbox 360 4778 771 4843">
     <span class='ocr_line' id='line_1_92' title="bbox 360 4778 771 4843; baseline -0.022 -6"><span class='ocrx_word' id='word_1_721' title='bbox 360 4779 536 4837; x_wconf 80' lang='lat' dir='ltr'><strong>editor</strong></span> <span class='ocrx_word' id='word_1_722' title='bbox 565 4778 771 4843; x_wconf 66' lang='lat' dir='ltr'><strong>Anglic.</strong></span> 
     </span>
    </p>
   </div>
   <div class='ocr_carea' id='block_1_93' title="bbox 436 4846 1944 4918">
    <p class='ocr_par' dir='ltr' id='par_1_93' title="bbox 436 4846 1944 4918">
     <span class='ocr_line' id='line_1_93' title="bbox 436 4846 1944 4918; baseline -0.002 -16"><span class='ocrx_word' id='word_1_723' title='bbox 436 4852 457 4881; x_wconf 88' lang='grc'>²</span> <span class='ocrx_word' id='word_1_724' title='bbox 492 4848 609 4902; x_wconf 80' lang='lat' dir='ltr'><strong>Vos.</strong></span> <span class='ocrx_word' id='word_1_725' title='bbox 664 4848 751 4904; x_wconf 88' lang='lat' dir='ltr'><strong>Sic</strong></span> <span class='ocrx_word' id='word_1_726' title='bbox 803 4847 1184 4909; x_wconf 75' lang='lat' dir='ltr'><strong>liabentLXX,</strong></span> <span class='ocrx_word' id='word_1_727' title='bbox 1213 4849 1333 4918; x_wconf 81' lang='lat' dir='ltr'><strong>Syr.</strong></span> <span class='ocrx_word' id='word_1_728' title='bbox 1362 4857 1411 4899; x_wconf 89' lang='lat' dir='ltr'><strong>et</strong></span> <span class='ocrx_word' id='word_1_729' title='bbox 1440 4847 1601 4901; x_wconf 59' lang='grc' dir='ltr'>,ιιι-ιιι).</span> <span class='ocrx_word' id='word_1_730' title='bbox 1642 4846 1790 4902; x_wconf 74' lang='grc' dir='ltr'><strong>ὶόὁὶδ</strong></span> <span class='ocrx_word' id='word_1_731' title='bbox 1813 4847 1944 4902; x_wconf 86' lang='lat' dir='ltr'><strong>lleb.</strong></span> 
     </span>
    </p>
   </div>
   <div class='ocr_carea' id='block_1_94' title="bbox 361 4920 1950 4991">
    <p class='ocr_par' dir='ltr' id='par_1_94' title="bbox 361 4920 1950 4991">
     <span class='ocr_line' id='line_1_94' title="bbox 361 4920 1950 4991; baseline -0.003 -13"><span class='ocrx_word' id='word_1_732' title='bbox 361 4929 417 4978; x_wconf 90' lang='lat' dir='ltr'><strong>et</strong></span> <span class='ocrx_word' id='word_1_733' title='bbox 442 4920 595 4989; x_wconf 81' lang='lat' dir='ltr'><strong>Vulg.</strong></span> <span class='ocrx_word' id='word_1_734' title='bbox 631 4930 690 4973; x_wconf 90' lang='lat' dir='ltr'><strong>ut</strong></span> <span class='ocrx_word' id='word_1_735' title='bbox 718 4929 940 4989; x_wconf 84' lang='lat' dir='ltr'><strong>apparet</strong></span> <span class='ocrx_word' id='word_1_736' title='bbox 976 4936 1042 4976; x_wconf 78' lang='lat' dir='ltr'><strong>ex</strong></span> <span class='ocrx_word' id='word_1_737' title='bbox 1088 4920 1394 4991; x_wconf 79' lang='lat' dir='ltr'><strong>Hieronymi</strong></span> <span class='ocrx_word' id='word_1_738' title='bbox 1426 4920 1725 4974; x_wconf 82' lang='lat' dir='ltr'><strong>Comment.</strong></span> <span class='ocrx_word' id='word_1_739' title='bbox 1778 4922 1829 4973; x_wconf 88' lang='lat' dir='ltr'><strong>in</strong></span> <span class='ocrx_word' id='word_1_740' title='bbox 1871 4921 1950 4973; x_wconf 86' lang='lat' dir='ltr'><strong>lo-</strong></span> 
     </span>
    </p>
   </div>
   <div class='ocr_carea' id='block_1_95' title="bbox 358 4992 783 5049">
    <p class='ocr_par' dir='ltr' id='par_1_95' title="bbox 358 4992 783 5049">
     <span class='ocr_line' id='line_1_95' title="bbox 358 4992 783 5049; baseline -0.012 0"><span class='ocrx_word' id='word_1_741' title='bbox 358 5008 505 5049; x_wconf 89' lang='lat' dir='ltr'><strong>cum.</strong></span> <span class='ocrx_word' id='word_1_742' title='bbox 532 4992 783 5047; x_wconf 61' lang='lat' dir='ltr'><strong>Jacssou.</strong></span> 
     </span>
    </p>
   </div>
   <div class='ocr_carea' id='block_1_96' title="bbox 434 5061 1952 5133">
    <p class='ocr_par' dir='ltr' id='par_1_96' title="bbox 434 5061 1952 5133">
     <span class='ocr_line' id='line_1_96' title="bbox 434 5061 1952 5133; baseline 0 -16"><span class='ocrx_word' id='word_1_743' title='bbox 434 5064 456 5095; x_wconf 85' lang='grc'>³</span> <span class='ocrx_word' id='word_1_744' title='bbox 493 5063 771 5117; x_wconf 84' lang='lat' dir='ltr'><strong>Attonitus.</strong></span> <span class='ocrx_word' id='word_1_745' title='bbox 824 5062 904 5118; x_wconf 77' lang='lat' dir='ltr'><strong>Ex</strong></span> <span class='ocrx_word' id='word_1_746' title='bbox 978 5063 1282 5129; x_wconf 74' lang='lat' dir='ltr'><strong>conjectura</strong></span> <span class='ocrx_word' id='word_1_747' title='bbox 1331 5062 1606 5131; x_wconf 76' lang='lat' dir='ltr'><strong>utriusque</strong></span> <span class='ocrx_word' id='word_1_748' title='bbox 1674 5061 1952 5133; x_wconf 82' lang='lat' dir='ltr'><strong>Anglicani</strong></span> 
     </span>
    </p>
   </div>
   <div class='ocr_carea' id='block_1_97' title="bbox 360 5134 1543 5205">
    <p class='ocr_par' dir='ltr' id='par_1_97' title="bbox 360 5134 1543 5205">
     <span class='ocr_line' id='line_1_97' title="bbox 360 5134 1543 5205; baseline -0.007 -11"><span class='ocrx_word' id='word_1_749' title='bbox 360 5136 589 5194; x_wconf 84' lang='lat' dir='ltr'><strong>editoris</strong></span> <span class='ocrx_word' id='word_1_750' title='bbox 610 5134 894 5205; x_wconf 88' lang='lat' dir='ltr'><strong>legendum</strong></span> <span class='ocrx_word' id='word_1_751' title='bbox 921 5142 1162 5193; x_wconf 84' lang='lat' dir='ltr'><strong>attentus,</strong></span> <span class='ocrx_word' id='word_1_752' title='bbox 1195 5134 1278 5187; x_wconf 89' lang='lat' dir='ltr'><strong>vel</strong></span> <span class='ocrx_word' id='word_1_753' title='bbox 1306 5135 1543 5187; x_wconf 83' lang='lat' dir='ltr'><strong>intentus.</strong></span> 
     </span>
    </p>
   </div>
   <div class='ocr_carea' id='block_1_98' title="bbox 431 5204 1953 5278">
    <p class='ocr_par' dir='ltr' id='par_1_98' title="bbox 431 5204 1953 5278">
     <span class='ocr_line' id='line_1_98' title="bbox 431 5204 1953 5278; baseline -0.001 -18"><span class='ocrx_word' id='word_1_754' title='bbox 431 5206 453 5237; x_wconf 69' lang='lat'><strong>‘</strong></span> <span class='ocrx_word' id='word_1_755' title='bbox 492 5204 679 5278; x_wconf 74' lang='lat' dir='ltr'><strong>Neque</strong></span> <span class='ocrx_word' id='word_1_756' title='bbox 719 5206 1061 5278; x_wconf 77' lang='lat' dir='ltr'><strong>gustaoeritis.</strong></span> <span class='ocrx_word' id='word_1_757' title='bbox 1096 5205 1221 5260; x_wconf 74' lang='lat'><strong>“:06</strong></span> <span class='ocrx_word' id='word_1_758' title='bbox 1261 5205 1558 5259; x_wconf 82' lang='lat' dir='ltr'><strong>Novatiano</strong></span> <span class='ocrx_word' id='word_1_759' title='bbox 1598 5205 1953 5260; x_wconf 85' lang='lat' dir='ltr'><strong>restituerunt</strong></span> 
     </span>
    </p>
   </div>
   <div class='ocr_carea' id='block_1_99' title="bbox 361 5276 1954 5346">
    <p class='ocr_par' dir='ltr' id='par_1_99' title="bbox 361 5276 1954 5346">
     <span class='ocr_line' id='line_1_99' title="bbox 361 5276 1954 5346; baseline -0.003 -10"><span class='ocrx_word' id='word_1_760' title='bbox 361 5276 595 5336; x_wconf 29' lang='lat' dir='ltr'><strong>editoris’</strong></span> <span class='ocrx_word' id='word_1_761' title='bbox 624 5276 923 5345; x_wconf 83' lang='lat' dir='ltr'><strong>Anglicani.</strong></span> <span class='ocrx_word' id='word_1_762' title='bbox 955 5292 985 5331; x_wconf 87' lang='lat' dir='ltr'><strong>e</strong></span> <span class='ocrx_word' id='word_1_763' title='bbox 1011 5278 1166 5342; x_wconf 86' lang='lat' dir='ltr'><strong>cujus</strong></span> <span class='ocrx_word' id='word_1_764' title='bbox 1193 5287 1338 5331; x_wconf 76' lang='lat' dir='ltr'><strong>textu</strong></span> <span class='ocrx_word' id='word_1_765' title='bbox 1375 5285 1590 5344; x_wconf 83' lang='lat' dir='ltr'><strong>propter</strong></span> <span class='ocrx_word' id='word_1_766' title='bbox 1617 5293 1775 5344; x_wconf 85' lang='lat' dir='ltr'><strong>neque</strong></span> <span class='ocrx_word' id='word_1_767' title='bbox 1801 5293 1954 5346; x_wconf 86' lang='lat' dir='ltr'><strong>repe-</strong></span> 
     </span>
    </p>
   </div>
   <div class='ocr_carea' id='block_1_100' title="bbox 363 5348 1704 5407">
    <p class='ocr_par' dir='ltr' id='par_1_100' title="bbox 363 5348 1704 5407">
     <span class='ocr_line' id='line_1_100' title="bbox 363 5348 1704 5407; baseline -0.004 -1"><span class='ocrx_word' id='word_1_768' title='bbox 363 5352 518 5407; x_wconf 84' lang='lat' dir='ltr'><strong>titum</strong></span> <span class='ocrx_word' id='word_1_769' title='bbox 552 5349 894 5403; x_wconf 85' lang='lat' dir='ltr'><strong>librariorum</strong></span> <span class='ocrx_word' id='word_1_770' title='bbox 920 5348 1123 5402; x_wconf 70' lang='lat' dir='ltr'><strong>incuria</strong></span> <span class='ocrx_word' id='word_1_771' title='bbox 1146 5350 1415 5403; x_wconf 68' lang='lat' dir='ltr'><strong>excidisse</strong></span> <span class='ocrx_word' id='word_1_772' title='bbox 1437 5350 1704 5400; x_wconf 80' lang='lat' dir='ltr'><strong>videntur.</strong></span> 
     </span>
    </p>
   </div>
   <div class='ocr_carea' id='block_1_101' title="bbox 435 5418 1153 5477">
    <p class='ocr_par' dir='ltr' id='par_1_101' title="bbox 435 5418 1153 5477">
     <span class='ocr_line' id='line_1_101' title="bbox 435 5418 1153 5477; baseline -0.006 0"><span class='ocrx_word' id='word_1_773' title='bbox 435 5421 564 5477; x_wconf 70' lang='lat' dir='ltr'><strong>CAP.</strong></span> <span class='ocrx_word' id='word_1_774' title='bbox 640 5418 728 5475; x_wconf 74' lang='lat' dir='ltr'><strong>Vl.</strong></span> <span class='ocrx_word' id='word_1_775' title='bbox 787 5450 858 5460; x_wconf 91' lang='lat'><strong>-—</strong></span> <span class='ocrx_word' id='word_1_776' title='bbox 906 5420 925 5449; x_wconf 79' lang='grc'><strong><em>⁵</em></strong></span> <span class='ocrx_word' id='word_1_777' title='bbox 966 5418 1153 5475; x_wconf 76' lang='lat' dir='ltr'><strong>Gessit.</strong></span> 
     </span>
    </p>
   </div>
   <div class='ocr_carea' id='block_1_102' title="bbox 360 5492 798 5564">
    <p class='ocr_par' dir='ltr' id='par_1_102' title="bbox 360 5492 798 5564">
     <span class='ocr_line' id='line_1_102' title="bbox 360 5492 798 5564; baseline -0.009 -15"><span class='ocrx_word' id='word_1_778' title='bbox 360 5493 646 5564; x_wconf 80' lang='lat' dir='ltr'><strong>legendum</strong></span> <span class='ocrx_word' id='word_1_779' title='bbox 673 5492 798 5564; x_wconf 76' lang='lat' dir='ltr'><strong>egit.</strong></span> 
     </span>
    </p>
   </div>
   <div class='ocr_carea' id='block_1_103' title="bbox 436 5560 1960 5618">
    <p class='ocr_par' dir='ltr' id='par_1_103' title="bbox 436 5560 1960 5618">
     <span class='ocr_line' id='line_1_103' title="bbox 436 5560 1960 5618; baseline -0.003 0"><span class='ocrx_word' id='word_1_780' title='bbox 436 5565 457 5595; x_wconf 82' lang='grc'>⁸</span> <span class='ocrx_word' id='word_1_781' title='bbox 496 5563 672 5618; x_wconf 86' lang='lat' dir='ltr'><strong>Dedit.</strong></span> <span class='ocrx_word' id='word_1_782' title='bbox 706 5560 840 5617; x_wconf 63' lang='grc' dir='ltr'><strong>’νος</strong></span> <span class='ocrx_word' id='word_1_783' title='bbox 888 5562 987 5617; x_wconf 88' lang='lat' dir='ltr'><strong>ista</strong></span> <span class='ocrx_word' id='word_1_784' title='bbox 1045 5561 1199 5617; x_wconf 86' lang='lat' dir='ltr'><strong>deest</strong></span> <span class='ocrx_word' id='word_1_785' title='bbox 1266 5563 1316 5615; x_wconf 89' lang='lat' dir='ltr'><strong>in</strong></span> <span class='ocrx_word' id='word_1_786' title='bbox 1354 5562 1514 5616; x_wconf 88' lang='lat' dir='ltr'><strong>editis</strong></span> <span class='ocrx_word' id='word_1_787' title='bbox 1556 5560 1816 5615; x_wconf 87' lang='lat' dir='ltr'><strong>Pamelii:</strong></span> <span class='ocrx_word' id='word_1_788' title='bbox 1866 5561 1960 5615; x_wconf 84' lang='lat' dir='ltr'><strong>sed</strong></span> 
     </span>
    </p>
   </div>
   <div class='ocr_carea' id='block_1_104' title="bbox 361 5631 1960 5705">
    <p class='ocr_par' dir='ltr' id='par_1_104' title="bbox 361 5631 1960 5705">
     <span class='ocr_line' id='line_1_104' title="bbox 361 5631 1960 5705; baseline -0.003 -15"><span class='ocrx_word' id='word_1_789' title='bbox 361 5650 484 5690; x_wconf 80' lang='lat' dir='ltr'><strong>eam</strong></span> <span class='ocrx_word' id='word_1_790' title='bbox 510 5646 805 5701; x_wconf 82' lang='lat' dir='ltr'><strong>agnoscunt</strong></span> <span class='ocrx_word' id='word_1_791' title='bbox 827 5634 1090 5705; x_wconf 66' lang='lat' dir='ltr'><strong>Gagoaeus</strong></span> <span class='ocrx_word' id='word_1_792' title='bbox 1109 5642 1166 5687; x_wconf 87' lang='lat' dir='ltr'><strong>et</strong></span> <span class='ocrx_word' id='word_1_793' title='bbox 1194 5631 1521 5699; x_wconf 83' lang='lat' dir='ltr'><strong>Frobenius;</strong></span> <span class='ocrx_word' id='word_1_794' title='bbox 1556 5642 1609 5687; x_wconf 90' lang='lat' dir='ltr'><strong>et</strong></span> <span class='ocrx_word' id='word_1_795' title='bbox 1634 5647 1823 5687; x_wconf 88' lang='lat' dir='ltr'><strong>sensus</strong></span> <span class='ocrx_word' id='word_1_796' title='bbox 1844 5647 1960 5687; x_wconf 88' lang='lat' dir='ltr'><strong>eam</strong></span> 
     </span>
    </p>
   </div>
   <div class='ocr_carea' id='block_1_105' title="bbox 364 5705 1173 5779">
    <p class='ocr_par' dir='ltr' id='par_1_105' title="bbox 364 5705 1173 5779">
     <span class='ocr_line' id='line_1_105' title="bbox 364 5705 1173 5779; baseline -0.002 -20"><span class='ocrx_word' id='word_1_797' title='bbox 364 5706 640 5779; x_wconf 79' lang='lat' dir='ltr'><strong>postulare</strong></span> <span class='ocrx_word' id='word_1_798' title='bbox 660 5706 887 5761; x_wconf 86' lang='lat' dir='ltr'><strong>videtur.</strong></span> <span class='ocrx_word' id='word_1_799' title='bbox 917 5705 1173 5779; x_wconf 41' lang='lat' dir='ltr'><strong>{suasore</strong></span> 
     </span>
    </p>
   </div>
   <div class='ocr_carea' id='block_1_106' title="bbox 442 5773 1960 5847">
    <p class='ocr_par' dir='ltr' id='par_1_106' title="bbox 442 5773 1960 5847">
     <span class='ocr_line' id='line_1_106' title="bbox 442 5773 1960 5847; baseline 0.001 -17"><span class='ocrx_word' id='word_1_800' title='bbox 442 5778 462 5808; x_wconf 89' lang='lat'><strong>&quot;</strong></span> <span class='ocrx_word' id='word_1_801' title='bbox 506 5776 611 5830; x_wconf 83' lang='lat' dir='ltr'><strong>Sed</strong></span> <span class='ocrx_word' id='word_1_802' title='bbox 664 5794 864 5847; x_wconf 83' lang='lat' dir='ltr'><strong>egenos.</strong></span> <span class='ocrx_word' id='word_1_803' title='bbox 916 5776 1237 5832; x_wconf 89' lang='lat' dir='ltr'><strong>Particulam</strong></span> <span class='ocrx_word' id='word_1_804' title='bbox 1295 5777 1386 5829; x_wconf 85' lang='lat' dir='ltr'><strong>sed</strong></span> <span class='ocrx_word' id='word_1_805' title='bbox 1439 5776 1699 5845; x_wconf 77' lang='lat' dir='ltr'><strong>cxpunxit</strong></span> <span class='ocrx_word' id='word_1_806' title='bbox 1735 5773 1960 5847; x_wconf 80' lang='lat' dir='ltr'><strong>Jackso-</strong></span> 
     </span>
    </p>
   </div>
   <div class='ocr_carea' id='block_1_107' title="bbox 370 5846 1894 5923">
    <p class='ocr_par' dir='ltr' id='par_1_107' title="bbox 370 5846 1894 5923">
     <span class='ocr_line' id='line_1_107' title="bbox 370 5846 1894 5923; baseline -0.004 -17"><span class='ocrx_word' id='word_1_807' title='bbox 370 5862 496 5911; x_wconf 82' lang='lat' dir='ltr'><strong>nus.</strong></span> <span class='ocrx_word' id='word_1_808' title='bbox 526 5847 663 5920; x_wconf 86' lang='lat' dir='ltr'><strong>Quid</strong></span> <span class='ocrx_word' id='word_1_809' title='bbox 694 5846 841 5917; x_wconf 85' lang='lat' dir='ltr'><strong>vero,</strong></span> <span class='ocrx_word' id='word_1_810' title='bbox 870 5850 913 5907; x_wconf 90' lang='lat' dir='ltr'><strong>si</strong></span> <span class='ocrx_word' id='word_1_811' title='bbox 936 5857 1204 5923; x_wconf 67' lang='grc' dir='ltr'><strong>ὶμφιταῡς</strong></span> <span class='ocrx_word' id='word_1_812' title='bbox 1233 5864 1350 5906; x_wconf 89' lang='lat' dir='ltr'><strong>eam</strong></span> <span class='ocrx_word' id='word_1_813' title='bbox 1372 5849 1649 5923; x_wconf 86' lang='lat' dir='ltr'><strong>scripserit</strong></span> <span class='ocrx_word' id='word_1_814' title='bbox 1672 5846 1894 5905; x_wconf 80' lang='lat' dir='ltr'><strong>auctor?</strong></span> 
     </span>
    </p>
   </div>
   <div class='ocr_carea' id='block_1_108' title="bbox 1239 5416 1959 5473">
    <p class='ocr_par' dir='ltr' id='par_1_108' title="bbox 1239 5416 1959 5473">
     <span class='ocr_line' id='line_1_108' title="bbox 1239 5416 1959 5473; baseline -0.003 0"><span class='ocrx_word' id='word_1_815' title='bbox 1239 5419 1523 5473; x_wconf 83' lang='lat' dir='ltr'><strong>Existimat</strong></span> <span class='ocrx_word' id='word_1_816' title='bbox 1574 5416 1959 5473; x_wconf 78' lang='lat' dir='ltr'><strong>Weleltntautts</strong></span> 
     </span>
    </p>
   </div>
   <div class='ocr_carea' id='block_1_109' title="bbox 2135 4701 3669 4764">
    <p class='ocr_par' dir='ltr' id='par_1_109' title="bbox 2135 4701 3669 4764">
     <span class='ocr_line' id='line_1_109' title="bbox 2135 4701 3669 4764; baseline 0.005 -8"><span class='ocrx_word' id='word_1_817' title='bbox 2135 4705 2156 4737; x_wconf 75' lang='grc'>⁸</span> <span class='ocrx_word' id='word_1_818' title='bbox 2197 4702 2436 4757; x_wconf 80' lang='lat' dir='ltr'><strong>Materia.</strong></span> <span class='ocrx_word' id='word_1_819' title='bbox 2516 4701 2663 4756; x_wconf 83' lang='lat' dir='ltr'><strong>lianc</strong></span> <span class='ocrx_word' id='word_1_820' title='bbox 2742 4716 2927 4757; x_wconf 90' lang='lat' dir='ltr'><strong>vocem</strong></span> <span class='ocrx_word' id='word_1_821' title='bbox 3001 4702 3209 4757; x_wconf 79' lang='lat' dir='ltr'><strong>reSIitui</strong></span> <span class='ocrx_word' id='word_1_822' title='bbox 3256 4718 3321 4757; x_wconf 80' lang='lat' dir='ltr'><strong>ex</strong></span> <span class='ocrx_word' id='word_1_823' title='bbox 3371 4702 3567 4762; x_wconf 90' lang='lat' dir='ltr'><strong>Ursino</strong></span> <span class='ocrx_word' id='word_1_824' title='bbox 3614 4716 3669 4764; x_wconf 89' lang='lat' dir='ltr'><strong>et</strong></span> 
     </span>
    </p>
   </div>
   <div class='ocr_carea' id='block_1_110' title="bbox 2067 4774 3282 4842">
    <p class='ocr_par' dir='ltr' id='par_1_110' title="bbox 2067 4774 3282 4842">
     <span class='ocr_line' id='line_1_110' title="bbox 2067 4774 3282 4842; baseline -0.004 -11"><span class='ocrx_word' id='word_1_825' title='bbox 2067 4775 2339 4831; x_wconf 84' lang='lat' dir='ltr'><strong>WoWero.</strong></span> <span class='ocrx_word' id='word_1_826' title='bbox 2371 4774 2512 4829; x_wconf 87' lang='lat' dir='ltr'><strong>Editi</strong></span> <span class='ocrx_word' id='word_1_827' title='bbox 2539 4786 2792 4842; x_wconf 87' lang='lat' dir='ltr'><strong>corrupte</strong></span> <span class='ocrx_word' id='word_1_828' title='bbox 2824 4784 3001 4827; x_wconf 79' lang='lat' dir='ltr'><strong>uniter.</strong></span> <span class='ocrx_word' id='word_1_829' title='bbox 3029 4774 3282 4829; x_wconf 70' lang='lat' dir='ltr'><strong>JAcnsou.</strong></span> 
     </span>
    </p>
   </div>
   <div class='ocr_carea' id='block_1_111' title="bbox 2131 4845 3661 4916">
    <p class='ocr_par' dir='ltr' id='par_1_111' title="bbox 2131 4845 3661 4916">
     <span class='ocr_line' id='line_1_111' title="bbox 2131 4845 3661 4916; baseline 0.005 -18"><span class='ocrx_word' id='word_1_830' title='bbox 2131 4851 2152 4881; x_wconf 74' lang='grc' dir='ltr'><strong>ο</strong></span> <span class='ocrx_word' id='word_1_831' title='bbox 2193 4846 2539 4901; x_wconf 61' lang='lat' dir='ltr'><strong>Lazarum...</strong></span> <span class='ocrx_word' id='word_1_832' title='bbox 2620 4849 2915 4916; x_wconf 76' lang='lat' dir='ltr'><strong>prteferens.</strong></span> <span class='ocrx_word' id='word_1_833' title='bbox 2993 4845 3117 4900; x_wconf 65' lang='lat' dir='ltr'><strong>llaec</strong></span> <span class='ocrx_word' id='word_1_834' title='bbox 3197 4846 3353 4916; x_wconf 82' lang='lat' dir='ltr'><strong>posui</strong></span> <span class='ocrx_word' id='word_1_835' title='bbox 3414 4865 3480 4904; x_wconf 76' lang='lat' dir='ltr'><strong>ex</strong></span> <span class='ocrx_word' id='word_1_836' title='bbox 3560 4868 3661 4906; x_wconf 86' lang='lat' dir='ltr'><strong>ms.</strong></span> 
     </span>
    </p>
   </div>
   <div class='ocr_carea' id='block_1_112' title="bbox 2057 4915 3667 4989">
    <p class='ocr_par' dir='ltr' id='par_1_112' title="bbox 2057 4915 3667 4989">
     <span class='ocr_line' id='line_1_112' title="bbox 2057 4915 3667 4989; baseline 0 -13"><span class='ocrx_word' id='word_1_837' title='bbox 2057 4919 2317 4976; x_wconf 65' lang='lat' dir='ltr'><strong>Wowertt</strong></span> <span class='ocrx_word' id='word_1_838' title='bbox 2359 4918 2496 4972; x_wconf 79' lang='lat' dir='ltr'><strong>Editi</strong></span> <span class='ocrx_word' id='word_1_839' title='bbox 2537 4918 2727 4971; x_wconf 85' lang='lat' dir='ltr'><strong>vitiose</strong></span> <span class='ocrx_word' id='word_1_840' title='bbox 2752 4954 2766 4981; x_wconf 87' lang='lat'><strong>,</strong></span> <span class='ocrx_word' id='word_1_841' title='bbox 2814 4915 3111 4989; x_wconf 75' lang='lat' dir='ltr'><strong>Lazarus...</strong></span> <span class='ocrx_word' id='word_1_842' title='bbox 3174 4915 3476 4989; x_wconf 81' lang='lat' dir='ltr'><strong>perferens;</strong></span> <span class='ocrx_word' id='word_1_843' title='bbox 3507 4925 3667 4976; x_wconf 87' lang='lat' dir='ltr'><strong>omit-</strong></span> 
     </span>
    </p>
   </div>
   <div class='ocr_carea' id='block_1_113' title="bbox 2061 4987 3663 5114">
    <p class='ocr_par' dir='ltr' id='par_1_113' title="bbox 2061 4987 3663 5114">
     <span class='ocr_line' id='line_1_113' title="bbox 2061 4987 3663 5059; baseline 0.001 -14"><span class='ocrx_word' id='word_1_844' title='bbox 2061 5002 2283 5059; x_wconf 85' lang='lat' dir='ltr'><strong>tuntque</strong></span> <span class='ocrx_word' id='word_1_845' title='bbox 2316 4989 2629 5043; x_wconf 87' lang='lat' dir='ltr'><strong>iutermedia</strong></span> <span class='ocrx_word' id='word_1_846' title='bbox 2650 5029 2665 5053; x_wconf 94' lang='lat'><strong>,</strong></span> <span class='ocrx_word' id='word_1_847' title='bbox 2700 4996 2749 5041; x_wconf 90' lang='lat' dir='ltr'><strong>et</strong></span> <span class='ocrx_word' id='word_1_848' title='bbox 2787 4987 2995 5042; x_wconf 81' lang='lat' dir='ltr'><strong>divitiis.</strong></span> <span class='ocrx_word' id='word_1_849' title='bbox 3030 4988 3116 5043; x_wconf 87' lang='lat' dir='ltr'><strong>Al.</strong></span> <span class='ocrx_word' id='word_1_850' title='bbox 3149 4987 3278 5043; x_wconf 85' lang='lat' dir='ltr'><strong>vero</strong></span> <span class='ocrx_word' id='word_1_851' title='bbox 3316 5005 3415 5059; x_wconf 91' lang='lat' dir='ltr'><strong>pro</strong></span> <span class='ocrx_word' id='word_1_852' title='bbox 3452 4993 3663 5047; x_wconf 84' lang='lat' dir='ltr'><strong>canibus</strong></span> 
     </span>
     <span class='ocr_line' id='line_1_114' title="bbox 2061 5059 2626 5114; baseline -0.004 0"><span class='ocrx_word' id='word_1_853' title='bbox 2061 5064 2242 5114; x_wconf 67' lang='lat' dir='ltr'><strong>legunt</strong></span> <span class='ocrx_word' id='word_1_854' title='bbox 2269 5061 2525 5114; x_wconf 85' lang='lat' dir='ltr'><strong>carnibus.</strong></span> <span class='ocrx_word' id='word_1_855' title='bbox 2551 5059 2626 5114; x_wconf 85' lang='lat' dir='ltr'><strong>In.</strong></span> 
     </span>
    </p>
   </div>
   <div class='ocr_carea' id='block_1_114' title="bbox 2058 5064 2626 5118">
    <p class='ocr_par' dir='ltr' id='par_1_114' title="bbox 2058 5064 2626 5118">
     <span class='ocr_line' id='line_1_115' title="bbox 2058 5064 2626 5118; baseline -0.011 0"><span class='ocrx_word' id='word_1_856' title='bbox 2058 5064 2242 5118; x_wconf 65' lang='lat' dir='ltr'><strong>legunt</strong></span> <span class='ocrx_word' id='word_1_857' title='bbox 2269 5064 2525 5115; x_wconf 85' lang='lat' dir='ltr'><strong>carnibus.</strong></span> <span class='ocrx_word' id='word_1_858' title='bbox 2551 5064 2626 5114; x_wconf 85' lang='lat' dir='ltr'><strong>In.</strong></span> 
     </span>
    </p>
   </div>
   <div class='ocr_carea' id='block_1_115' title="bbox 2110 5078 3660 5205">
    <p class='ocr_par' dir='ltr' id='par_1_115' title="bbox 2110 5078 3660 5205">
     <span class='ocr_line' id='line_1_116' title="bbox 2110 5078 2626 5133; baseline 0.006 -21"><span class='ocrx_word' id='word_1_859' title='bbox 2110 5078 2242 5133; x_wconf 84' lang='lat' dir='ltr'><strong>gnnt</strong></span> <span class='ocrx_word' id='word_1_860' title='bbox 2269 5078 2525 5115; x_wconf 76' lang='lat' dir='ltr'><strong>carnibus.</strong></span> <span class='ocrx_word' id='word_1_861' title='bbox 2551 5078 2626 5114; x_wconf 84' lang='lat' dir='ltr'><strong>In.</strong></span> 
     </span>
     <span class='ocr_line' id='line_1_117' title="bbox 2134 5129 3660 5205; baseline 0.004 -20"><span class='ocrx_word' id='word_1_862' title='bbox 2134 5135 2175 5165; x_wconf 80' lang='grc'><strong>¹⁰</strong></span> <span class='ocrx_word' id='word_1_863' title='bbox 2218 5132 2462 5205; x_wconf 84' lang='lat' dir='ltr'><strong>0rbe...._</strong></span> <span class='ocrx_word' id='word_1_864' title='bbox 2503 5141 2556 5183; x_wconf 88' lang='lat' dir='ltr'><strong>ut</strong></span> <span class='ocrx_word' id='word_1_865' title='bbox 2598 5146 2823 5185; x_wconf 83' lang='lat' dir='ltr'><strong>rursum.</strong></span> <span class='ocrx_word' id='word_1_866' title='bbox 2895 5130 3132 5202; x_wconf 85' lang='lat' dir='ltr'><strong>Uterque</strong></span> <span class='ocrx_word' id='word_1_867' title='bbox 3200 5129 3378 5187; x_wconf 86' lang='lat' dir='ltr'><strong>editor</strong></span> <span class='ocrx_word' id='word_1_868' title='bbox 3443 5135 3660 5205; x_wconf 82' lang='lat' dir='ltr'><strong>Anglic.</strong></span> 
     </span>
    </p>
   </div>
   <div class='ocr_carea' id='block_1_116' title="bbox 2062 5202 2826 5265">
    <p class='ocr_par' dir='ltr' id='par_1_116' title="bbox 2062 5202 2826 5265">
     <span class='ocr_line' id='line_1_118' title="bbox 2062 5202 2826 5265; baseline -0.008 -6"><span class='ocrx_word' id='word_1_869' title='bbox 2062 5206 2267 5265; x_wconf 87' lang='lat' dir='ltr'><strong>mallet,</strong></span> <span class='ocrx_word' id='word_1_870' title='bbox 2304 5213 2358 5256; x_wconf 91' lang='lat' dir='ltr'><strong>ut</strong></span> <span class='ocrx_word' id='word_1_871' title='bbox 2385 5202 2572 5257; x_wconf 89' lang='lat' dir='ltr'><strong>orbe...</strong></span> <span class='ocrx_word' id='word_1_872' title='bbox 2599 5218 2826 5255; x_wconf 84' lang='lat' dir='ltr'><strong>rursum.</strong></span> 
     </span>
    </p>
   </div>
   <div class='ocr_carea' id='block_1_117' title="bbox 2141 5272 3666 5344">
    <p class='ocr_par' dir='ltr' id='par_1_117' title="bbox 2141 5272 3666 5344">
     <span class='ocr_line' id='line_1_119' title="bbox 2141 5272 3666 5344; baseline 0.003 -15"><span class='ocrx_word' id='word_1_873' title='bbox 2141 5276 2181 5307; x_wconf 80' lang='lat'>“</span> <span class='ocrx_word' id='word_1_874' title='bbox 2220 5274 2421 5344; x_wconf 77' lang='lat' dir='ltr'><strong>Jejuni.</strong></span> <span class='ocrx_word' id='word_1_875' title='bbox 2462 5272 2585 5327; x_wconf 58' lang='lat' dir='ltr'><strong>Haec</strong></span> <span class='ocrx_word' id='word_1_876' title='bbox 2604 5275 3096 5341; x_wconf 83' lang='lat' dir='ltr'><strong>voxestgenuina,</strong></span> <span class='ocrx_word' id='word_1_877' title='bbox 3146 5281 3201 5327; x_wconf 88' lang='grc' dir='ltr'><strong>ιιι</strong></span> <span class='ocrx_word' id='word_1_878' title='bbox 3249 5284 3515 5331; x_wconf 88' lang='lat' dir='ltr'><strong>monstrat</strong></span> <span class='ocrx_word' id='word_1_879' title='bbox 3543 5294 3666 5334; x_wconf 85' lang='lat' dir='ltr'><strong>mox</strong></span> 
     </span>
    </p>
   </div>
   <div class='ocr_carea' id='block_1_118' title="bbox 2066 5344 3667 5414">
    <p class='ocr_par' dir='ltr' id='par_1_118' title="bbox 2066 5344 3667 5414">
     <span class='ocr_line' id='line_1_120' title="bbox 2066 5344 3667 5414; baseline 0.001 -11"><span class='ocrx_word' id='word_1_880' title='bbox 2066 5362 2298 5413; x_wconf 86' lang='lat' dir='ltr'><strong>sequens</strong></span> <span class='ocrx_word' id='word_1_881' title='bbox 2324 5346 2556 5414; x_wconf 85' lang='lat' dir='ltr'><strong>jejunos.</strong></span> <span class='ocrx_word' id='word_1_882' title='bbox 2588 5344 2653 5398; x_wconf 81' lang='lat' dir='ltr'><strong>Et</strong></span> <span class='ocrx_word' id='word_1_883' title='bbox 2679 5344 2757 5397; x_wconf 86' lang='lat' dir='ltr'><strong>sic</strong></span> <span class='ocrx_word' id='word_1_884' title='bbox 2786 5348 2907 5414; x_wconf 57' lang='lat' dir='ltr'><strong>lego</strong></span> <span class='ocrx_word' id='word_1_885' title='bbox 2942 5344 3201 5398; x_wconf 81' lang='lat' dir='ltr'><strong>Latinius.</strong></span> <span class='ocrx_word' id='word_1_886' title='bbox 3233 5345 3369 5401; x_wconf 83' lang='lat' dir='ltr'><strong>Male</strong></span> <span class='ocrx_word' id='word_1_887' title='bbox 3394 5346 3667 5405; x_wconf 87' lang='lat' dir='ltr'><strong>Patnelins</strong></span> 
     </span>
    </p>
   </div>
   <div class='ocr_carea' id='block_1_119' title="bbox 2068 5414 3665 5491">
    <p class='ocr_par' dir='ltr' id='par_1_119' title="bbox 2068 5414 3665 5491">
     <span class='ocr_line' id='line_1_121' title="bbox 2068 5414 3665 5491; baseline 0.001 -20"><span class='ocrx_word' id='word_1_888' title='bbox 2068 5416 2428 5491; x_wconf 72' lang='lat' dir='ltr'><strong>jejuttii,‘apud</strong></span> <span class='ocrx_word' id='word_1_889' title='bbox 2446 5430 2607 5491; x_wconf 82' lang='lat' dir='ltr'><strong>quem</strong></span> <span class='ocrx_word' id='word_1_890' title='bbox 2636 5414 2776 5491; x_wconf 71' lang='lat' dir='ltr'><strong>male</strong></span> <span class='ocrx_word' id='word_1_891' title='bbox 2808 5416 2998 5469; x_wconf 85' lang='lat' dir='ltr'><strong>iterum</strong></span> <span class='ocrx_word' id='word_1_892' title='bbox 3022 5433 3111 5485; x_wconf 86' lang='lat' dir='ltr'><strong>per</strong></span> <span class='ocrx_word' id='word_1_893' title='bbox 3143 5417 3665 5491; x_wconf 64' lang='lat' dir='ltr'><strong>somnumJACKSON.</strong></span> 
     </span>
    </p>
   </div>
   <div class='ocr_carea' id='block_1_120' title="bbox 2147 5486 3667 5556">
    <p class='ocr_par' dir='ltr' id='par_1_120' title="bbox 2147 5486 3667 5556">
     <span class='ocr_line' id='line_1_122' title="bbox 2147 5486 3667 5556; baseline 0.005 -17"><span class='ocrx_word' id='word_1_894' title='bbox 2147 5491 2187 5519; x_wconf 80' lang='lat'>&quot;</span> <span class='ocrx_word' id='word_1_895' title='bbox 2232 5490 2358 5555; x_wconf 71' lang='lat' dir='ltr'><strong>Qua:</strong></span> <span class='ocrx_word' id='word_1_896' title='bbox 2409 5489 2598 5540; x_wconf 84' lang='lat' dir='ltr'><strong>bibunt.</strong></span> <span class='ocrx_word' id='word_1_897' title='bbox 2648 5486 2735 5541; x_wconf 87' lang='lat' dir='ltr'><strong>Sic</strong></span> <span class='ocrx_word' id='word_1_898' title='bbox 2788 5492 3000 5556; x_wconf 74' lang='lat' dir='ltr'><strong>reposui</strong></span> <span class='ocrx_word' id='word_1_899' title='bbox 3031 5504 3095 5541; x_wconf 74' lang='lat' dir='ltr'><strong>ex</strong></span> <span class='ocrx_word' id='word_1_900' title='bbox 3122 5503 3222 5542; x_wconf 89' lang='lat' dir='ltr'><strong>ms.</strong></span> <span class='ocrx_word' id='word_1_901' title='bbox 3254 5488 3515 5545; x_wconf 81' lang='lat' dir='ltr'><strong>WoWeri.</strong></span> <span class='ocrx_word' id='word_1_902' title='bbox 3543 5493 3667 5547; x_wconf 79' lang='lat' dir='ltr'><strong>Mox</strong></span> 
     </span>
    </p>
   </div>
   <div class='ocr_carea' id='block_1_121' title="bbox 2074 5559 3669 5626">
    <p class='ocr_par' dir='ltr' id='par_1_121' title="bbox 2074 5559 3669 5626">
     <span class='ocr_line' id='line_1_123' title="bbox 2074 5559 3669 5626; baseline 0.001 -10"><span class='ocrx_word' id='word_1_903' title='bbox 2074 5561 2366 5616; x_wconf 88' lang='lat' dir='ltr'><strong>Pamelium</strong></span> <span class='ocrx_word' id='word_1_904' title='bbox 2411 5572 2609 5626; x_wconf 77' lang='lat' dir='ltr'><strong>st-quor</strong></span> <span class='ocrx_word' id='word_1_905' title='bbox 2646 5559 2956 5626; x_wconf 75' lang='lat' dir='ltr'><strong>rescribens</strong></span> <span class='ocrx_word' id='word_1_906' title='bbox 2979 5599 2991 5623; x_wconf 86' lang='lat'><strong>,</strong></span> <span class='ocrx_word' id='word_1_907' title='bbox 3024 5561 3067 5612; x_wconf 88' lang='lat' dir='ltr'><strong>si</strong></span> <span class='ocrx_word' id='word_1_908' title='bbox 3106 5559 3235 5613; x_wconf 86' lang='lat' dir='ltr'><strong>inter</strong></span> <span class='ocrx_word' id='word_1_909' title='bbox 3261 5561 3379 5614; x_wconf 81' lang='lat' dir='ltr'><strong>vina</strong></span> <span class='ocrx_word' id='word_1_910' title='bbox 3406 5563 3524 5616; x_wconf 88' lang='lat' dir='ltr'><strong>cibi.</strong></span> <span class='ocrx_word' id='word_1_911' title='bbox 3563 5563 3669 5618; x_wconf 81' lang='lat' dir='ltr'><strong>Ga-</strong></span> 
     </span>
    </p>
   </div>
   <div class='ocr_carea' id='block_1_122' title="bbox 2067 5620 3669 5705">
    <p class='ocr_par' dir='ltr' id='par_1_122' title="bbox 2067 5620 3669 5705">
     <span class='ocr_line' id='line_1_124' title="bbox 2067 5620 3669 5705; baseline 0.002 -19"><span class='ocrx_word' id='word_1_912' title='bbox 2067 5648 2251 5705; x_wconf 61' lang='lat' dir='ltr'><strong>guazus</strong></span> <span class='ocrx_word' id='word_1_913' title='bbox 2276 5639 2329 5705; x_wconf 83' lang='lat' dir='ltr'><strong>et</strong></span> <span class='ocrx_word' id='word_1_914' title='bbox 2355 5620 2672 5705; x_wconf 64' lang='lat' dir='ltr'><strong>Frobenius’,</strong></span> <span class='ocrx_word' id='word_1_915' title='bbox 2704 5631 2744 5681; x_wconf 89' lang='lat' dir='ltr'><strong>si</strong></span> <span class='ocrx_word' id='word_1_916' title='bbox 2761 5620 3013 5705; x_wconf 61' lang='lat' dir='ltr'><strong>intestina</strong></span> <span class='ocrx_word' id='word_1_917' title='bbox 3037 5647 3151 5684; x_wconf 83' lang='lat' dir='ltr'><strong>cum</strong></span> <span class='ocrx_word' id='word_1_918' title='bbox 3170 5630 3296 5705; x_wconf 73' lang='lat' dir='ltr'><strong>cibis</strong></span> <span class='ocrx_word' id='word_1_919' title='bbox 3325 5647 3522 5704; x_wconf 90' lang='lat' dir='ltr'><strong>:quam</strong></span> <span class='ocrx_word' id='word_1_920' title='bbox 3548 5650 3669 5689; x_wconf 86' lang='lat' dir='ltr'><strong>cor-</strong></span> 
     </span>
    </p>
   </div>
   <div class='ocr_carea' id='block_1_123' title="bbox 2068 5699 3352 5773">
    <p class='ocr_par' dir='ltr' id='par_1_123' title="bbox 2068 5699 3352 5773">
     <span class='ocr_line' id='line_1_125' title="bbox 2068 5699 3352 5773; baseline -0.002 -13"><span class='ocrx_word' id='word_1_921' title='bbox 2068 5699 2277 5767; x_wconf 72' lang='lat' dir='ltr'><strong>ruptam</strong></span> <span class='ocrx_word' id='word_1_922' title='bbox 2305 5700 2585 5757; x_wconf 78' lang='lat' dir='ltr'><strong>lectionem</strong></span> <span class='ocrx_word' id='word_1_923' title='bbox 2615 5699 3246 5773; x_wconf 72' lang='lat' dir='ltr'><strong>recuditWelchmatjus.</strong></span> <span class='ocrx_word' id='word_1_924' title='bbox 3276 5702 3352 5759; x_wconf 83' lang='lat' dir='ltr'><strong>lo.</strong></span> 
     </span>
    </p>
   </div>
   <div class='ocr_carea' id='block_1_124' title="bbox 2145 5772 3666 5843">
    <p class='ocr_par' dir='ltr' id='par_1_124' title="bbox 2145 5772 3666 5843">
     <span class='ocr_line' id='line_1_126' title="bbox 2145 5772 3666 5843; baseline 0.004 -18"><span class='ocrx_word' id='word_1_925' title='bbox 2145 5776 2187 5807; x_wconf 75' lang='grc'><strong>³³</strong></span> <span class='ocrx_word' id='word_1_926' title='bbox 2230 5774 2460 5839; x_wconf 81' lang='lat' dir='ltr'><strong>Quorum</strong></span> <span class='ocrx_word' id='word_1_927' title='bbox 2499 5774 2745 5843; x_wconf 82' lang='lat' dir='ltr'><strong>quisquis.</strong></span> <span class='ocrx_word' id='word_1_928' title='bbox 2796 5772 2921 5827; x_wconf 60' lang='lat' dir='ltr'><strong>liae</strong></span> <span class='ocrx_word' id='word_1_929' title='bbox 2964 5784 3049 5827; x_wconf 87' lang='lat' dir='ltr'><strong>est</strong></span> <span class='ocrx_word' id='word_1_930' title='bbox 3114 5772 3274 5831; x_wconf 81' lang='lat' dir='ltr'><strong>lectio</strong></span> <span class='ocrx_word' id='word_1_931' title='bbox 3329 5772 3666 5832; x_wconf 83' lang='lat' dir='ltr'><strong>Frobeniana</strong></span> 
     </span>
    </p>
   </div>
   <div class='ocr_carea' id='block_1_125' title="bbox 2070 5842 3669 5920">
    <p class='ocr_par' dir='ltr' id='par_1_125' title="bbox 2070 5842 3669 5920">
     <span class='ocr_line' id='line_1_127' title="bbox 2070 5842 3669 5920; baseline 0.001 -16"><span class='ocrx_word' id='word_1_932' title='bbox 2070 5862 2230 5920; x_wconf 89' lang='lat' dir='ltr'><strong>quam</strong></span> <span class='ocrx_word' id='word_1_933' title='bbox 2260 5845 2526 5916; x_wconf 79' lang='lat' dir='ltr'><strong>expressit</strong></span> <span class='ocrx_word' id='word_1_934' title='bbox 2552 5842 2956 5913; x_wconf 85' lang='lat' dir='ltr'><strong>Welchmanus,</strong></span> <span class='ocrx_word' id='word_1_935' title='bbox 2983 5860 3082 5916; x_wconf 86' lang='lat' dir='ltr'><strong>pro</strong></span> <span class='ocrx_word' id='word_1_936' title='bbox 3114 5846 3423 5904; x_wconf 82' lang='lat' dir='ltr'><strong>Pameliana</strong></span> <span class='ocrx_word' id='word_1_937' title='bbox 3451 5865 3669 5920; x_wconf 80' lang='lat' dir='ltr'><strong>quorum</strong></span> 
     </span>
    </p>
   </div>
   <div class='ocr_carea' id='block_1_126' title="bbox 3670 6085 3744 6107">
    <p class='ocr_par' dir='ltr' id='par_1_126' title="bbox 3670 6085 3744 6107">
     <span class='ocr_line' id='line_1_128' title="bbox 3670 6085 3744 6107; baseline 0 -15"><span class='ocrx_word' id='word_1_938' title='bbox 3670 6085 3744 6107; x_wconf 70' lang='grc'><strong>,-</strong></span> 
     </span>
    </p>
   </div>
  </div>
