4256 6250
617 227 725 289 965

1230 348 1455 407 CAPUT
1501 348 1608 404 VII.

614 482 905 539 Cavendum
942 482 1092 538 etiam
1125 499 1232 537 esse
1277 501 1342 538 ne
1394 486 1506 554 quis
1547 485 1801 538 licentiam
1830 485 1980 539 istaut
2009 487 2062 539 in
2106 494 2212 540 tan-

689 587 794 629 tum
821 585 958 646 putet
991 579 1277 646 profusam,
1312 587 1363 630 ut
1388 579 1454 630 ad
1483 579 1742 632 immolata
1766 578 1917 632 idolis
1949 578 2106 649 possit
2134 595 2214 632 ac-

693 668 886 723 cedere.

686 802 790 859 Sed
832 803 974 873 quod
1038 805 1090 858 in
1146 805 1162 835 ¹
1223 822 1318 860 usu
1349 806 1589 860 ciborum
1616 806 1701 861 vel
1745 806 1975 860 maxime
2022 817 2211 860 custo-

611 895 868 949 diendum
915 897 1003 960 sil,
1049 899 1344 952 cavendum
1379 909 1460 953 est
1493 915 1558 953 ne
1587 899 1706 970 quis
1737 899 2004 954 licentiam
2052 899 2209 953 istam

613 1000 762 1061 putet
800 993 852 1045 in
885 1001 1088 1046 tantum
1133 996 1153 1023 ’
1211 995 1515 1064 profusam,
1563 1003 1620 1048 ut
1640 1005 1693 1048 et
1725 996 1790 1048 ad
1819 994 2098 1048 iuunnlata
2131 995 2210 1048 si-

610 1085 907 1140 mulaehris
933 1086 1100 1155 possit
1124 1089 1401 1142 accedere.
1425 1088 1692 1156 Quantum
1730 1090 1872 1142 enim
1911 1088 1976 1142 ad
2004 1097 2214 1143 creatu-

613 1194 725 1232 ram
760 1179 850 1232 llei
880 1179 1164 1246 pertineat,
1201 1184 1376 1234 mimis
1402 1181 1597 1234 niuuda
1628 1191 1712 1236 est
1735 1197 1750 1237 ι
1777 1180 1871 1236 sed
1913 1178 1972 1251 (l
1999 1177 2118 1234 Cor.
2152 1197 2208 1248 Χ,

610 1269 702 1336 20,
734 1270 827 1342 2|)
856 1287 975 1326 cuin
1005 1271 1285 1326 dzemoniis
1316 1273 1590 1327 itmnolata
1619 1274 1798 1338 fuerit,
1825 1273 2098 1342 inquinata
2128 1279 2214 1326 est

613 1363 846 1430 tamdiu,
875 1366 1131 1434 quamdiu
1186 1366 1529 1422 simulacbris
1559 1365 1818 1421 olferatur
1860 1382 1873 1422 :

2074 233 2452 293 NOVATIAM

2240 357 2287 414 Α
2319 362 2475 422 atque
2509 351 2707 406 factum
2752 359 2868 417 est,
2899 365 3004 406 non
3036 358 3118 406 est
3157 350 3270 422 jam
3303 351 3438 416 Dei,
3465 350 3559 406 sed
3587 350 3752 416 idoli;
3799 365 3923 420 quin

1918 1365 2060 1436 quod
2092 1381 2219 1419 mox

3815 236 3930 292 ειδι.

2315 445 2440 498 dum
2475 446 2526 497 in
2557 444 2735 499 cibum
2766 445 2994 498 sumitur
3018 487 3032 511 ,
3081 455 3383 499 sumentem
3413 443 3682 500 daemonio
3729 444 3922 511 nutrit,

2318 552 2422 590 nou
2453 537 2585 603 Deo,
2611 538 2891 592 convivam
2921 538 3068 590 illum
3097 537 3426 593 simulacbro
3455 538 3733 593 reddendo
3754 580 3770 604 ,
3813 553 3926 593 non

2314 629 2529 685 Christo
2576 648 2589 684 :
2622 630 2642 660 ³
2701 640 2755 685 ιιι
2783 635 2974 686 merito
3008 630 3211 686 faciunt
3251 641 3308 686 et
3335 631 3506 687 Judaei
3535 650 3546 683 :
3581 647 3814 703 quorum
3842 631 3922 686 ci-

2318 722 2506 777 borum
2536 724 2740 778 ratione
2773 733 3088 796 perspecta,
3117 735 3172 780 et
3215 725 3444 780 censilio
3477 724 3638 796 Legis
3667 723 3923 782 conside-

2317 826 2458 880 rato,
2485 825 2537 868 et
2566 815 2904 885 Evangelieae
2930 818 3116 886 gratim
3141 817 3404 872 beneﬁcio
3435 817 3672 886 cognito,
3705 827 3759 872 et
3787 827 3926 870 tem-

2319 907 2573 976 perantim
2602 909 2780 978 rigore
2807 920 3048 975 servato,
3071 918 3124 962 et
3153 908 3494 963 simulucbris
3521 907 3926 962 immolatarum

2317 998 2723 1069 inquinamento
2766 1000 3012 1069 repulso,
3065 994 3302 1070 regulam
3335 1000 3577 1054 veritatis
3617 1015 3712 1070 per
3737 999 3924 1053 omnia

2316 1091 2678 1146 custodientes
2701 1133 2716 1156 ,
2766 1092 2874 1146 Deo
2910 1092 3109 1161 gratias
3131 1107 3290 1162 agere
3313 1091 3576 1148 debemus
3611 1107 3705 1162 per
3730 1090 3924 1147 lesum

2316 1181 2585 1237 Christum
2619 1182 2807 1237 Filium
2840 1184 2958 1253 ejus
2987 1184 3274 1240 Dominum
3299 1197 3542 1240 nostrum
3571 1185 3694 1250 ;cui
3723 1186 3839 1240 laus
3869 1193 3927 1240 et

2321 1276 2493 1331 honor
2521 1287 2574 1332 et
2595 1277 2810 1332 claritas
2839 1278 2889 1331 in
2916 1279 3111 1333 saecula
3140 1281 3485 1335 saeculorum.
3517 1281 3713 1335 Amen-

1987 1484 2547 1541 COMMENTARIUS.

609 1599 834 1662 quisque.
856 1596 1043 1671 Nimis
1075 1597 1217 1671 enim
1247 1597 1377 1652 dura
1404 1613 1524 1652 esse
1553 1599 1641 1654 illa
1683 1599 1927 1671 videtur,
1967 1615 2126 1671 quant
2160 1600 2212 1654 in

613 1670 1031 1750 textuurintubt
1077 1669 1371 1725 Jacksonus
1411 1685 1477 1726 es
1521 1687 1623 1727 ms.
1671 1670 1909 1726 Woweri
1939 1714 1952 1741 ,
1987 1669 2211 1742 quorum

610 1758 733 1812 (ιιιοδ
754 1757 996 1812 qmsquts.

686 1814 699 1842 ί
747 1809 878 1866 Usu.
951 1812 1041 1867 Sic
1088 1828 1153 1868 ex
1209 1830 1311 1868 ms.
1350 1813 1584 1868 Woweri
1615 1814 1880 1870 editorum
1922 1815 2205 1870 lectionem

611 1900 754 1936 usum
783 1885 1089 1957 (nitentiavil
1117 1885 1412 1942 Jacksouus
1445 1905 1455 1939 :
1488 1898 1649 1956 atque
1679 1891 1747 1941 ita
1780 1887 2064 1957 legendum
2087 1901 2209 1941 con-

605 1957 811 2025 jecerat
832 1953 1238 2010 Welclttnanus.

1219 2114 3832 2140 mw—

2391 1599 2523 1681 Cir.
2546 1599 2782 1681 γιιεε
2818 1602 3117 1681 Profusam.
3151 1603 3741 1679 Permissamlsidorus,
3768 1611 3934 1681 quiet

2317 1689 2439 1727 mox
2472 1675 2595 1742 legit
2623 1677 2860 1744 pertinet.
2893 1675 3146 1732 Jacxsozt.

2389 1744 2409 1773 ³
2453 1745 2520 1798 Ut
2569 1747 2745 1826 merito
2797 1749 2990 1818 faciunt
3024 1760 3069 1802 et
3096 1748 3289 1804 Judtei.
3318 1751 3374 1826 _Si
3398 1751 3544 1826 ‘niltil
3566 1753 3741 1823 desit,
3780 1755 3926 1826 quod

2317 1824 2493 1870 tamen
2534 1817 2806 1886 suspienr,’
2838 1836 3030 1875 sensus
3065 1831 3188 1875 est:
3223 1833 3278 1874 ut
3308 1821 3478 1877 Judri
3529 1817 3748 1880 etiama
3793 1817 3931 1882 ciliis

2313 1887 2606 1953 abstini-nt,
2643 1893 2729 1954 qui
2765 1891 2921 1944 idolis
2953 1893 3216 1948 immolati
3236 1904 3380 1949 sunt.
3415 1892 3687 1952 WELCHu.
3717 1928 3790 1938 —-
3818 1897 3930 1954 Ne-

2313 1975 2416 2028 que
2449 1961 2607 2016 aliter
2635 1961 2957 2018 Jacksonus.

3837 2123 3904 2146 ⁴

1922 2227 2579 2315 NOVATIANI

826 2406 1106 2551 AD
1197 2405 1344 2552 s.
1434 2405 2620 2556 CYPRIANUM
2702 2412 3744 2616 EPISTULA,

1355 2678 1677 2751 CLEBI
1708 2677 2145 2752 ROMANI
2179 2679 2594 2756 NOMINE
2652 2683 3176 2793 SCRIPTA,

1489 2989 2401 3124 CYPRIANO
2505 3000 3031 3125 ΡΑΡᾸΕ

1222 3221 1657 3279 PRESBYTERI
1696 3221 1787 3277 ΕΤ
1830 3223 2100 3280 DlACONl
2145 3226 2164 3256 ἐ
2205 3226 2424 3284 ΒΟΜᾸΕ
2454 3229 2990 3302 CONSlSTENTES,
3034 3233 3381 3292 SALUTEM.

606 3380 1082 3436 Anconeuruu.—
1107 3374 1218 3430 Deo
1250 3391 1303 3429 se
1333 3375 1557 3446 primum
1581 3374 1922 3442 commendat.
1953 3377 2136 3432 deinde
2156 3389 2204 3434 el
2232 3384 2280 3444 B
2309 3385 2408 3440 soli
2440 3385 2640 3443 debere
2669 3404 2729 3444 se
2753 3388 2942 3458 judici,
2983 3398 3136 3446 actus
3183 3399 3363 3447 tatuen
3417 3407 3545 3448 suos
3605 3392 3922 3450 desiderant

681 3472 944 3542 fratribus.
995 3470 1346 3524 Romanorum
1392 3467 1522 3536 ﬁdes
1573 3466 1634 3520 ab
1674 3465 1919 3536 Apostolo
1968 3470 2199 3526 laudata.

678 3565 1095 3618 Libellaticerum
1125 3562 1289 3616 scelus
1318 3561 1615 3632 negantium
1653 3561 1833 3615 sceleri
1859 3580 2073 3632 suppar.
2104 3565 2204 3619 Le—

679 3660 834 3712 nitatc
859 3657 1016 3710 nimia
1057 3657 1231 3726 lapsos
1258 3656 1488 3723 excipere
1513 3670 1713 3708 summa
1742 3656 2036 3712 crudelitas.
2069 3658 2205 3714 Con-

679 3753 926 3819 fusarum
951 3746 1130 3800 littera:
1155 3747 1219 3798 ad
1243 3746 1573 3815 disciplinam
1596 3746 1985 3801 ecclesiasticam
2005 3766 2210 3805 conser-

679 3841 897 3895 vandam
948 3841 1225 3911 plurimum
1262 3837 1631 3892 conducebant.
1657 3837 1904 3910 Cypriani
1937 3842 2089 3895 etiam
2118 3844 2207 3897 lit.

679 3945 800 3990 tera!
825 3934 1202 4006 confessoribus
1229 3931 1402 3986 utiles.
1427 3929 1794 4002 Exspectanda
1823 3932 2068 3990 Ecclesia:
2100 3952 2208 4006 pax

677 4035 724 4079 et
754 4025 1062 4078 constitutus
1089 4023 1404 4094 Episcopus,
1436 4035 1707 4092 antequam
1734 4025 1893 4096 lapsis
1908 4043 2008 4096 pas:
2035 4028 2204 4082 detur.

679 4117 895 4172 Pulsent
936 4116 1182 4171 Ecclesia:
1227 4121 1362 4188 fores
1390 4117 1560 4187 lapsi,
1585 4117 1674 4171 sed
1723 4135 1824 4172 non
1856 4121 2204 4193 confringant.

676 4282 716 4336 l.
750 4282 1083 4349 Quamquam
1114 4278 1253 4332 bene
1281 4275 1381 4331 sibi
1411 4277 1666 4331 conscius
1697 4276 1936 4344 animus,
1953 4288 2006 4332 et
2026 4281 2202 4336 Evan-

601 4373 789 4443 gelic;e
818 4371 1121 4439 disciplinae
1150 4369 1336 4440 vigore
1367 4369 1660 4435 subnixus,
1712 4381 1766 4425 et
1793 4388 1954 4427 verus
1997 4375 2099 4430 sibi
2152 4377 2203 4432 in

604 4467 625 4498 ⁵
647 4466 877 4519 decretis
905 4463 1220 4519 cmleslibus
1252 4464 1405 4516 testis
1453 4462 1696 4528 cllectus,
1731 4467 1903 4521 soleat
1951 4470 2066 4523 solo
2097 4471 2204 4525 Deo

597 4556 781 4628 judice
811 4569 930 4608 esse
956 4563 1264 4619 contentus,
1302 4569 1402 4607 nec
1429 4555 1654 4608 alterius
1683 4567 1774 4609 aut
1806 4558 1990 4614 laudes
2021 4574 2203 4630 petere

602 4659 693 4702 aut
721 4649 1088 4700 accusationes
1119 4647 1533 4715 pertimescere,
1569 4655 1745 4701 tamen
1774 4654 2045 4719 geminata
2077 4666 2204 4708 sunt

600 4729 758 4797 laude
790 4739 1064 4810 condigui,
1095 4739 1187 4809 qui
1240 4753 1363 4794 cum
1405 4739 1792 4796 conscientiam
1841 4743 2017 4799 sciant
2039 4745 2059 4775 ⁵
2090 4745 2204 4802 Deo
2232 4739 2276 4802 C

2312 3480 2474 3532 etiam
2525 3481 2593 3535 ab
2647 3481 2776 3550 ipsis
2820 3485 2930 3536 suis
2963 3481 3218 3539 fratribus
3249 3485 3611 3556 comprobari.
3643 3487 3797 3552 Quod
3837 3497 3915 3555 te,

2309 3570 2475 3626 frater
2522 3571 2814 3643 Cypriane,
2845 3573 3022 3630 facere
3052 3592 3158 3630 non
3189 3578 3382 3632 mirum
3424 3590 3504 3633 est
3528 3595 3544 3643 ;
3571 3578 3657 3648 qui
3690 3594 3786 3648 pro
3820 3591 3916 3637 tua

2311 3667 2635 3720 verecundia
2683 3677 2738 3722 et
2784 3669 2804 3699 ⁷
2835 3669 3069 3740 ingenita
3099 3670 3378 3737 industria,
3412 3673 3762 3728 consiliorum
3798 3684 3919 3728 tuo-

2311 3773 2428 3813 rum
2463 3774 2561 3813 nos
2587 3775 2696 3816 non
2725 3769 2830 3816 tam
2858 3763 3069 3832 judices
3093 3765 3305 3820 voluisti
3338 3781 3496 3836 quam
3528 3768 3818 3838 participes
3840 3771 3923 3824 in-

2313 3851 2526 3907 veniri:
2558 3855 2690 3908 utin
2721 3857 2825 3909 tuis
2876 3857 3038 3912 rebus
3088 3860 3256 3930 gestis
3290 3860 3504 3915 laudem
3561 3872 3761 3929 tecum,
3791 3863 3918 3918 dum

2312 3945 2428 4000 illas
2464 3949 2776 4017 probamus,
2803 3950 3190 4019 inveniremus,
3222 3966 3272 4010 et
3306 3965 3520 4010 tuorum
3552 3957 3911 4013 consiliorum

2313 4037 2576 4093 bonorum
2609 4041 2928 4109 coheredes,
2957 4045 2977 4073 ⁸
3006 4046 3129 4112 quia
3148 4054 3203 4101 et
3230 4047 3613 4114 at'tirinauires,
3642 4063 3764 4103 esse
3789 4063 3921 4118 pos-

2309 4130 2498 4185 simus.
2535 4131 2680 4187 ldem
2726 4134 2869 4188 enim
2921 4151 3113 4192 omnes
3162 4139 3438 4193 credimur
3467 4139 3698 4209 operati.
3728 4139 3783 4193 in
3811 4155 3924 4210 quo

2312 4218 2772 4290 deprehendimur
2804 4226 2995 4282 eadem
3044 4243 3234 4284 omnes
3269 4246 3515 4285 censurae
3538 4242 3592 4286 et
3616 4231 3921 4300 disciplina:

2314 4317 2673 4372 censensione
2705 4320 2915 4376 sociati.
2947 4322 3082 4388 Quid
3134 4324 3276 4377 enim
3333 4326 3505 4396 magis
3542 4336 3634 4379 aut
3682 4325 3736 4378 in
3787 4342 3922 4394 pace

2313 4412 2422 4459 tam
2453 4417 2659 4476 aptum,
2691 4421 2784 4466 aut
2827 4413 2878 4466 in
2908 4413 3064 4468 bellis
3097 4417 3490 4483 persecutionis
3518 4426 3626 4470 tam
3656 4431 3916 4472 necessa-

2311 4500 2472 4568 rium,
2505 4519 2664 4578 quam
2716 4504 2950 4560 debitam
3002 4509 3345 4563 severitatem
3395 4510 3562 4564 divini
3598 4510 3795 4580 rigoris
3826 4521 3912 4566 te-

2312 4598 2475 4651 nere?
2497 4614 2654 4666 quam
2683 4601 2772 4670 qui
2803 4602 3094 4669 remiserit,
3113 4601 3346 4658 instabili
3376 4620 3555 4659 rerum
3584 4619 3747 4659 cursu
3773 4614 3920 4660 erret

2310 4703 2528 4759 semper
2555 4707 2777 4749 necesse
2805 4705 2888 4750 est
2908 4738 2922 4765 ,
2954 4705 3007 4752 et
3056 4696 3160 4752 huc
3208 4710 3369 4770 atque
3401 4698 3529 4754 illuc
3561 4700 3726 4756 variis
3750 4710 3808 4756 et
3833 4701 3917 4755 iu-

1967 4885 2330 4947 VARIORUM
2369 4893 2600 4951 ΝΟΤΑΞ.

670 5022 942 5078 "Diaconi.
978 5018 1669 5088 Diaconesedit.Spircnsis
1691 5021 1822 5080 {Hi
1852 5032 1905 5078 et
1929 5035 2080 5082 vetus
2111 5029 2193 5084 in-

595 5101 892 5152 noniinuta.
929 5095 991 5164 Et
1022 5095 1123 5164 sic
1150 5092 1459 5146 inscribitur
1491 5091 1734 5164 (cpistola
1762 5111 1891 5160 xxx,
1923 5098 2051 5153 edit.
2089 5101 2193 5155 Ba-

594 5169 724 5238 luz.)
777 5166 916 5236 apud
964 5163 1316 5238 Cyprianum.
1355 5163 1602 5238 Utroque
1649 5167 1808 5238 modo
1858 5172 2193 5238 scripserunt

593 5235 863 5312 auctores-
898 5235 1249 5312 ecclesiastici
1287 5253 1298 5288 :
1329 5246 1381 5312 et
1414 5251 1515 5312 voti
1554 5235 1850 5312 diaconibtts
1881 5235 2192 5312 [rettueutet‘

592 5316 826 5367 OCCIH‘l‘ll.
853 5309 904 5362 in
935 5307 1182 5376 epistolis
1211 5306 1566 5376 Cyprianicis.
1598 5306 1854 5365 JACKsO-N.

667 5383 704 5435 Ι.
725 5378 1072 5432 —'Decretis
1100 5379 1400 5432 cazlestibus.
1432 5378 1579 5452 llauc
1614 5380 1899 5436 lectionem
1933 5387 2108 5452 reperi
2139 5388 2191 5441 in

590 5464 712 5507 octo
762 5452 1039 5508 codicibus
1094 5452 1352 5518 antiquis.
1407 5450 1563 5520 Angli
1623 5466 1847 5509 mouent
1898 5457 1948 5510 in
1997 5450 2196 5514 codice

589 5524 852 5580 Vaticano
903 5524 1004 5592 legi
1056 5521 1241 5576 castris
1305 5522 1608 5576 caelestibus.
1678 5529 1846 5592 Quam
1908 5528 2196 5586 lectionem

589 5599 783 5652 merito
831 5597 906 5649 ait
955 5595 1214 5665 ttigaltius
1247 5593 1348 5665 sibi
1380 5611 1485 5649 non
1512 5601 1740 5664 placere.
1778 5597 1981 5657 BALUZ.

663 5665 681 5694 °
719 5667 826 5727 Deo
855 5665 954 5722 soli
979 5661 1156 5722 debere
1176 5679 1231 5719 se
1249 5661 1436 5730 judici.
1463 5661 1770 5726 Ced.Vcrn.
1797 5674 1940 5740 apud
1968 5674 2197 5740 Fellotn,

2297 5032 2395 5112 Dei
2425 5035 2582 5112 solias
2610 5035 2789 5112 debere
2809 5055 2862 5093 se
2881 5041 3102 5109 judicio.
3129 5041 3363 5112 Conjicit
3387 5043 3688 5100 Jacksonus
3728 5046 3917 5112 legen-

2300 5105 2462 5172 dum,
2512 5107 2622 5160 Deo
2668 5111 2763 5187 soli
2796 5105 2974 5187 debere
3002 5115 3187 5186 subjici
3241 5105 3345 5170 Sed
3390 5116 3678 5172 leetiouem
3724 5105 3914 5187 vulga-

2301 5188 2406 5229 tam
2444 5181 3043 5258 c_«_un_pr0bare_videtur
3091 5181 3323 5256 ipSentet
3371 5191 3697 5257 auctor.qui
3748 5181 3912 5258 paulo

2301 5258 2425 5302 ante
2451 5248 2611 5318 dixit,
2653 5251 2763 5306 solo
2795 5253 2900 5309 Deo
2918 5248 3236 5326 judico-esse
3266 5271 3555 5386 contentis.
3587 5248 3909 5316 C'ous'rsrrr.

3532 5348 3762 5386 ALLAND.

3532 5348 3762 5387 ALLAND.

2377 5393 2393 5420 ⁷
2424 5389 2852 5472 lngenitaﬁeest
2877 5400 2991 5453 hrec
3013 5415 3114 5472 vox
3147 5402 3198 5455 in
3226 5401 3346 5457 cod.
3378 5401 3564 5456 Lincul
3591 5402 3765 5458 Paulo
3791 5415 3915 5472 post

2303 5462 2456 5518 deeSt
2489 5470 2612 5541 item
2651 5467 2702 5520 in
2749 5469 2940 5524 eodem
2991 5471 3114 5526 Cod.
3148 5484 3203 5527 et
3232 5475 3283 5526 in
3312 5473 3442 5528 edit.
3494 5474 3640 5541 Spir.
3684 5462 3909 5530 vox-bo-

2307 5551 2511 5588 norum.
2560 5535 2858 5612 Utrumque
2901 5555 3050 5599 recte
3100 5544 3383 5611 omissum,
3415 5555 3472 5600 ut
3498 5535 3730 5603 videtur.
3765 5546 3914 5602 GAL-

2308 5621 2468 5663 LAND-

2383 5681 2404 5710 δ
2426 5679 2575 5747 Quia.
2604 5681 2863 5742 Cod.Vat.
2879 5686 3120 5756 nubilos
3143 5686 3356 5746 Lincel.
3377 5690 3605 5760 operari.
3627 5690 3737 5748 Sed
3761 5700 3910 5748 recte
