4256 6250
353 249 456 308 965

1491 246 1582 301 ΑΙ)
1625 247 1681 302 s.
1711 237 2115 302 evastarunt
2155 232 2510 302 EPISTULA.

3549 245 3656 302 966

349 365 510 421 certis
538 363 876 433 negotiorum
911 362 1320 432 tempestatibus
1369 361 1679 432 dissipetur,
1712 370 1767 417 et
1795 359 1946 431 quasi
1975 361 2024 420 A
2053 375 2212 430 quam
2239 361 2282 415 si
2303 360 2368 414 ad
2401 359 2638 415 iiefarias
2667 373 2792 416 aras
2831 360 3208 426 accessissent,
3236 360 3336 416 hoc
3365 360 3482 430 ipso
3511 363 3652 433 quod

351 471 562 517 extorto
593 459 659 512 de
711 458 958 512 manibus
987 458 1338 512 consiliorum
1371 456 1758 525 gubernaculo,
1797 456 1810 484 ¹
1849 469 1941 508 na-

351 556 451 610 vim
482 553 860 609 ecclesiastici:
909 553 1099 606 salutis
1154 552 1324 605 illidat
1357 552 1406 604 in
1441 551 1691 619 scopulos
1722 566 1734 602 :
1768 557 1823 600 ut
1849 563 1944 615 ap-

352 657 532 718 pareat
564 662 669 700 non
701 647 859 699 aliter
900 645 1061 699 saluti
1091 644 1478 699 ccclesiasticm
1504 643 1711 697 consuli
1763 656 1941 710 posse,

355 743 453 796 nisi
477 741 522 796 si
549 741 640 810 qui
667 748 720 794 el
751 749 936 794 contra
967 741 1134 808 ipsam
1157 739 1179 768 ²
1208 738 1407 792 faciunt
1436 738 1585 808 quasi
1615 735 1830 806 quidam
1849 735 1944 789 ad-

349 837 481 892 versi
514 833 730 891 ﬂuctus.
766 832 1128 901 repellantur;
1163 840 1217 885 et
1247 831 1544 900 disciplina:
1578 829 1743 897 ipsius
1788 843 1931 881 sem-

350 943 438 997 per
469 924 737 979 custodita
768 925 930 987 ratio,
962 923 1113 993 quasi
1164 922 1398 976 salutare
1441 919 1656 990 aliquod
1685 921 1944 989 guberna-

347 1019 518 1074 culum
549 1018 600 1071 in
635 1025 973 1085 tempestate,
1007 1017 1269 1070 servetur.

414 1111 476 1167 ll.
510 1111 618 1166 Nec
650 1109 752 1164 hoc
795 1110 950 1164 nobis
984 1108 1004 1139 ⁸
1038 1124 1179 1162 nunc
1229 1123 1399 1176 nuper
1419 1107 1707 1162 consilium
1735 1107 1940 1176 cogita-

346 1216 454 1262 tum
480 1214 582 1269 est,
618 1219 716 1257 nec
747 1201 861 1256 lucc
884 1199 1026 1271 apud
1058 1215 1156 1255 nos
1181 1199 1438 1255 adversus
1471 1201 1746 1269 improbos
1776 1198 1939 1252 nimio

343 1306 770 1368 supervenerunt
804 1294 1081 1366 repentina
1115 1293 1374 1356 subsidia,
1405 1292 1500 1348 sed
1531 1291 1550 1324 ⁵
1581 1294 1795 1361 antiqua
1825 1292 1938 1345 base

344 1394 479 1465 apud
525 1409 622 1446 nos
662 1389 946 1454 severitas,
993 1389 1209 1457 antiqua
1241 1387 1396 1448 ﬁdes,
1426 1386 1704 1455 disciplina
1741 1384 1936 1456 legitur

341 1489 574 1557 antiqua.
592 1485 856 1554 Quoniam
877 1497 975 1538 nec
994 1491 1080 1536 tan
1093 1491 1172 1536 tas
1184 1482 1251 1537 de
1267 1480 1421 1535 nobis
1444 1480 1630 1535 laudes
1647 1479 1935 1549 Apostolus

339 1581 650 1652 protulisset
667 1577 932 1633 dicendo:
957 1575 1088 1640 Quia
1107 1575 1233 1644 ﬁdes
1257 1584 1417 1628 uestra
1435 1573 1807 1642 praedicaturin
1825 1581 1932 1625 toto

339 1673 725 1747 mundo(Rom.
751 1689 789 1738 t,
817 1670 896 1742 8),
930 1671 1029 1724 nisi
1057 1669 1166 1740 jam
1193 1668 1389 1724 exinde
1419 1669 1569 1736 vigor
1596 1669 1698 1722 iste
1726 1667 1933 1721 radices

2054 455 2226 524 ipsum
2260 455 2544 509 contestati
2577 456 2806 517 fuerant,
2840 463 3152 510 tenerentur
3179 473 3192 520 ;
3222 455 3316 510 sed
3361 457 3524 511 etiam
3555 456 3650 509 ad-

2051 563 2241 603 versus
2273 549 2393 601 illos
2432 549 2521 618 qui
2553 552 2573 580 ³
2602 559 2821 618 accepta
2879 548 3158 613 fecissent,
3193 550 3314 604 licet
3359 559 3652 618 prmsentcs

2050 658 2170 697 cum
2222 645 2410 698 tierent
2442 660 2547 697 non
2599 642 2922 709 adfuissent,
2956 659 3076 698 cum
3124 645 3462 713 prtesentian't
3494 660 3650 700 Suam

2051 736 2260 803 utique,
2314 744 2370 789 ut
2410 737 2488 790 sic
2531 735 2902 790 scriberentur
2932 735 2975 766 ¹⁹
3006 736 3334 798 ntandando,
3372 737 3644 792 fecissent.

2046 829 2164 884 Non
2195 839 2278 884 est
2303 830 2446 885 enim
2480 832 2734 885 immunis
2763 847 2790 882 a
2824 831 3049 895 scelere,
3079 831 3168 900 qui
3213 840 3267 885 ttt
3298 831 3449 884 lieret
3480 832 3516 861 “
3549 831 3646 885 im—

2049 927 2294 996 peravit;
2326 941 2426 980 nec
2471 935 2555 980 est
2601 926 2809 980 alienus
2836 943 2864 978 a
2897 925 3143 988 crimine,
3173 924 3325 994 cujus
3353 939 3642 991 consensu,

2045 1021 2172 1076 licet
2205 1037 2307 1076 non
2337 1037 2364 1074 a
2391 1037 2449 1075 se
2479 1022 2773 1074 admissum
2805 1022 3035 1087 crimen,
3063 1031 3242 1075 tamen
3275 1020 3487 1088 publice
3515 1019 3645 1090 legi-

2044 1121 2164 1174 tur;
2217 1122 2272 1168 et
2299 1128 2421 1167 cum
2457 1123 2625 1166 totum
2660 1112 2780 1166 lidei
2809 1121 3204 1167 sacramentum
3222 1111 3274 1165 in
3303 1111 3642 1166 confessione

2043 1204 2246 1259 Christi
2280 1205 2514 1258 nominis
2548 1204 2888 1274 intelligatur
2911 1219 3034 1259 esse
3063 1205 3350 1274 digestum,
3379 1205 3469 1274 qui
3499 1203 3643 1258 falla-

2044 1311 2136 1351 ces
2163 1297 2214 1350 in
2241 1297 2590 1350 excusatione
2621 1297 2917 1366 praestigias
2941 1298 3155 1367 qua-rit,
3185 1297 3399 1367 negavit
3431 1308 3519 1353 :et
3549 1296 3640 1366 qui

2041 1391 2156 1442 vult
2179 1387 2345 1442 videri
2375 1389 2668 1458 propositis
2683 1387 2944 1443 adversus
2969 1387 3313 1458 Evangelium
3344 1388 3425 1442 vel
3450 1387 3639 1444 edictis

2039 1480 2132 1534 vel.
2152 1481 2361 1549 legibus
2390 1479 2742 1543 satisfecisse,
2776 1480 2879 1536 hoc
2902 1482 3018 1550 ipso
3037 1480 3148 1551 jam
3178 1481 3352 1550 paruit
3387 1479 3528 1550 quod
3560 1478 3637 1534 vi-

2039 1571 2152 1627 deri
2189 1573 2429 1642 paruisse
2457 1588 2517 1628 se
2554 1572 2740 1627 voluit.
2783 1572 3026 1628 Necnon
3080 1574 3246 1629 etiam
3291 1585 3478 1629 contra
3518 1574 3636 1629 illos

2038 1683 2254 1736 quoque
2271 1668 2359 1737 qui
2379 1666 2578 1721 illicitis
2590 1666 2872 1720 sacrificiis
2888 1682 3077 1721 manus
3095 1683 3222 1721 suas
3237 1677 3396 1736 atque
3412 1683 3505 1724 ora
3523 1668 3638 1736 poi-

336 1767 456 1821 iidei
484 1767 551 1821 de
591 1764 924 1834 temporibus
957 1763 1060 1816 illis
1113 1772 1385 1816 mutuatus
1440 1761 1659 1822 fuisset,
1707 1774 1932 1830 quarum
1964 1765 2011 1825 Β
2042 1759 2283 1825 inerant,
2313 1759 2530 1828 pollutis
2565 1767 2690 1812 ante
2719 1759 2987 1813 mentibus
3016 1761 3269 1829 propriis,
3293 1760 3434 1814 unde
3475 1761 3636 1816 etiam

335 1860 552 1914 laudum
586 1870 635 1912 et
661 1857 844 1927 gloria:
873 1857 892 1887 ⁸
928 1857 1252 1926 degenerem
1276 1853 1462 1920 inisse,
1499 1853 1796 1907 maximum
1829 1853 1932 1905 cri-

335 1967 460 2008 men
501 1959 602 2006 est.
650 1949 821 2003 Minus
877 1959 959 2004 cst
1004 1949 1146 2002 enim
1200 1947 1486 2001 dedeCoris
1541 1962 1832 2015 nutnqnam
1865 1945 1932 2000 ad

333 2043 659 2113 pra'cmiium
692 2042 864 2096 laudis
896 2042 1216 2106 accessisse,
1239 2056 1400 2110 quam
1425 2039 1493 2094 de
1521 2038 1736 2108 fastigio
1760 2039 1932 2093 laudis

334 2138 520 2191 ruisse.
561 2136 737 2190 Minus
764 2144 848 2191 est
873 2135 1119 2190 criminis
1157 2134 1477 2187 honoratum
1511 2133 1654 2186 bono
1684 2133 1930 2188 testimo-

333 2231 419 2284 nio
451 2245 560 2284 non
595 2229 782 2295 fuisse,
813 2245 972 2299 quam
1000 2227 1258 2282 honorem
1294 2227 1557 2281 bonorum
1594 2226 1932 2280 testimonio-

332 2339 445 2376 rum
477 2322 795 2392 perdidisse.
823 2321 998 2375 Minus
1045 2329 1146 2383 est,
1178 2321 1298 2374 sine
1347 2318 1730 2389 praedicatione
1759 2319 1928 2372 virtu-

332 2425 438 2470 tum
465 2417 749 2485 ignobilem
781 2417 899 2471 sine
932 2415 1089 2470 laude
1116 2415 1371 2484 jacuisse,
1391 2429 1552 2485 quam
1581 2412 1928 2467 exlueredem

330 2508 444 2563 lidei
477 2509 672 2562 factum
695 2508 882 2564 laudes
910 2509 1154 2577 proprias
1176 2507 1513 2576 perdidisse:
1548 2522 1608 2560 ea
1635 2507 1778 2560 enim
1806 2521 1928 2575 qua:

327 2601 377 2655 in
403 2602 629 2672 alicujus
657 2601 880 2672 gloriam
904 2601 1274 2671 proferuntur,
1305 2601 1404 2654 nisi
1429 2600 1589 2652 anxio
1615 2609 1667 2652 ct
1693 2597 1930 2652 sollicito

333 2695 515 2752 labore
570 2706 858 2751 serventur
892 2737 907 2762 ,
985 2697 1038 2749 in
1094 2694 1348 2749 invidiam
1409 2693 1628 2747 maximi
1685 2691 1930 2747 criminis

327 2793 711 2848 intumescunt.

395 2885 485 2940 111.
519 2885 629 2941 lioc
669 2899 766 2939 nos
818 2900 924 2938 non
955 2883 1087 2938 falso
1128 2881 1310 2938 dicere
1339 2883 1359 2911 ‘
1387 2879 1698 2952 superiores
1726 2885 1928 2933 nostra:

321 2981 521 3036 litterze
570 2971 949 3050 probaverunt,
982 2979 1033 3034 in
1066 2979 1261 3049 quibus
1291 2977 1444 3031 vobis
1472 2975 1794 3032 sententiam
1824 2988 1924 3028 no-

320 3083 484 3128 stram
516 3073 750 3128 dilucida
788 3070 1124 3142 expositione
1155 3069 1479 3140 protulimus
1533 3069 1799 3123 adversus
1830 3083 1926 3123 eos

2041 1862 2170 1906 sum
2201 1853 2328 1921 ipsa:
2360 1868 2550 1906 manus
2586 1863 2750 1921 atque
2797 1867 2890 1906 ora
2921 1851 3145 1921 polluta,
3181 1852 3340 1907 ﬁdem
3395 1861 3634 1906 nostram

2036 1962 2474 2016 consensumque
2503 1947 2941 2001 monstravimus.
2961 1946 3119 2001 Absit
3143 1949 3287 2001 enim
3307 1947 3374 2000 ab
3393 1947 3634 2003 Ecclesia

2037 2039 2279 2094 Romana
2310 2041 2549 2108 vigorem
2590 2055 2745 2093 suum
2791 2055 2900 2094 tam
2934 2040 3153 2109 profana
3181 2037 3433 2094 facilitate
3456 2039 3637 2094 dimit-

2037 2141 2171 2197 tere,
2197 2142 2250 2186 et
2274 2149 2470 2187 nervos
2494 2134 2800 2187 severitatis
2828 2147 3014 2187 eversa
3044 2133 3165 2186 lidei
3201 2132 3481 2202 majestate
3525 2132 3636 2188 dis-

2035 2227 2283 2292 solvere;
2320 2238 2375 2282 ut
2419 2244 2539 2282 cum
2582 2229 2758 2282 adhuc
2787 2244 2892 2282 non
2943 2238 3147 2282 tantum
3191 2229 3427 2297 iaceant,
3458 2227 3634 2283 sedet

2035 2321 2232 2375 cadant
2262 2335 2574 2376 eversqrum
2606 2319 2827 2375 fratrum
2853 2321 3043 2388 ruinis,
3066 2330 3349 2390 properata
3371 2321 3530 2376 nimis
3546 2335 3634 2374 re-

2035 2415 2212 2468 inedia
2233 2416 2809 2480 conuuuuicationum,
2832 2415 3015 2485 utique
3039 2432 3144 2469 non
3176 2414 3476 2484 profutura,
3501 2430 3634 2484 prte-

2036 2520 2271 2576 stentnr,
2305 2519 2360 2564 et
2385 2525 2522 2563 nova
2557 2525 2651 2578 per
2679 2508 3108 2563 misericordiam
3167 2508 3358 2563 falsam
3409 2508 3636 2564 vulnera

2033 2604 2306 2658 veteribus
2349 2603 2798 2674 transgressionis
2852 2603 3168 2656 vulneribus
3222 2601 3623 2672 imprimamur,

2033 2706 2091 2749 ut
2127 2695 2338 2749 miseris
2367 2694 2430 2748 ad
2482 2695 2819 2749 eversionem
2852 2694 3116 2763 majorem
3147 2695 3409 2764 eripiatur
3437 2702 3493 2748 et
3521 2709 3635 2764 poe-

2034 2789 2280 2844 nitentia.
2311 2789 2410 2844 Ubi
2469 2789 2613 2843 enim
2671 2790 2866 2858 poterit
2916 2787 3262 2860 indulgentiae
3289 2787 3556 2842 medicina
3584 2789 3626 2818 ί*

2033 2887 2316 2956 prolicere,
2348 2886 2393 2940 si
2425 2887 2583 2940 etiam
2619 2886 2734 2956 ipse
2764 2887 3006 2941 medicus
3035 2888 3332 2957 intercepta
3362 2887 3633 2956 peniten-

2033 2981 2103 3033 tia
2136 2981 2377 3051 indulget
2416 2980 2690 3050 periculis,
2718 2981 2763 3035 si
2794 2982 3164 3036 tantummodo
3195 2983 3373 3051 Oper-it
3412 2980 3628 3047 vulnus,

2032 3088 2133 3128 nec
2165 3073 2292 3126 sinit
2331 3073 2636 3128 necessaria
2669 3075 2923 3143 temporis
2971 3074 3208 3129 remedia
3250 3074 3524 3130 obducere
3553 3075 3631 3128 ci-

321 3166 406 3236 qui
433 3182 493 3222 se
539 3168 687 3236 ipsos
717 3164 963 3219 inﬁdeles
1011 3163 1194 3218 illicita
1249 3162 1577 3216 nefariorum
1613 3161 1918 3214 libellorum
1947 3166 1996 3229 ο
2028 3166 2280 3220 catricem
2313 3166 2335 3217 ?
2367 3165 2478 3220 lloc
2508 3181 2615 3220 non
2642 3175 2726 3220 est
2760 3182 2970 3233 curare,
2998 3167 3115 3234 sed,
3150 3168 3196 3222 si
3225 3167 3408 3224 dicere
3438 3184 3624 3224 verum

319 3261 661 3330 professione
708 3258 1078 3329 prodiderant,
1113 3257 1264 3328 quasi
1321 3256 1535 3311 evasuri
1564 3256 1582 3286 ⁷
1613 3255 1920 3310 irretientes

317 3353 438 3412 illos
491 3355 703 3412 diaboli
750 3355 971 3426 laqueos
1027 3352 1370 3420 viderentur,
1407 3353 1428 3383 ⁸
1457 3367 1564 3422 quo
1593 3367 1701 3405 non
1744 3351 1924 3405 minus

2031 3258 2300 3323 volumus,
2329 3259 2600 3315 occidere.

2093 3351 2179 3407 iV.
2209 3353 2545 3424 Quamquam
2574 3352 2959 3410 Confessorum
2989 3370 3224 3427 quoque,
3253 3371 3390 3428 quos
3420 3355 3509 3414 hic
3534 3358 3633 3414 ad-

1671 3492 2034 3550 VARIURUM
2074 3493 2306 3551 NOTAE.

308 3631 502 3701 aperati
534 3639 758 3702 propter
788 3644 1019 3701 sequens
1052 3629 1231 3684 sociati
1258 3629 1448 3683 eadem
1480 3630 1908 3754 cqnstrnetione.

1549 3716 1768 3754 ACKSON.

1549 3716 1768 3756 ACKSON.

386 3772 894 3837 ’Navim,ete.Cnd.
923 3773 1089 3825 sancti
1125 3771 1346 3835 Remigii
1383 3771 1756 3832 lientensisfet
1789 3772 1917 3826 Liti-

302 3846 441 3913 col.)
467 3862 646 3899 navent
670 3846 1025 3898 ecclesiastica:
1053 3844 1339 3910 disciplina:
1363 3842 1552 3895 illitlat.
1577 3843 1913 3899 Divionensis

303 3928 356 3972 et
389 3919 666 3970 rcCenlinr
712 3917 1039 3970 Victorinus.
1075 3931 1249 3966 navent
1287 3913 1528 3967 Ecclesia:
1556 3915 1714 3984 [ιιιδοδ
1741 3916 1911 3968 illidat

300 3989 350 4042 in
377 3990 650 4056 scopulos.
705 3988 901 4041 BALUZ.
927 4017 999 4026 -—-
1021 3985 1181 4055 Magis
1233 3985 1402 4048 pla-et
1455 3987 1722 4053 posterior
1755 3988 1911 4040 lectio

300 4075 526 4130 propter
555 4060 838 4128 sequentia
872 4058 1025 4112 saluti
1055 4057 1428 4121 ecclesiasticw,
1465 4072 1533 4111 ne
1585 4057 1798 4111 inconci
1827 4076 1910 4112 ina

298 4133 548 4200 videatur
577 4131 780 4187 oratio.
823 4130 1100 4185 GALLAND.

363 4199 650 4257 ’Faciunt
683 4203 828 4269 quasi
869 4202 1076 4272 quidam
1102 4199 1303 4272 adversi
1332 4201 1540 4269 ﬂuctus,
1571 4200 1906 4268 repellantur.

292 4275 378 4329 Sic
433 4275 837 4345 distinguimus
881 4270 1006 4325 cum
1053 4270 1460 4345 Jaijksono._.»\l.
1517 4272 1733 4339 faciunt,
1765 4273 1914 4342 quasi

286 4349 507 4416 quidam
535 4342 751 4399 adfersi
773 4346 960 4413 ﬂuctus
986 4344 1316 4410 repellantur.
1345 4342 1622 4416 GALLAND.

359 4419 538 4474 11.-³
563 4418 730 4472 Nunc
759 4433 938 4480 nuper.
967 4416 1174 4469 Omittit
1197 4431 1331 4465 nunc
1350 4415 1468 4467 cod.
1505 4415 1707 4468 Lincol.
1738 4415 1907 4469 GALL.

359 4490 382 4519 ⁸
402 4493 720 4560 Antiqua...
755 4459 1011 4541 sev’eritas.
1044 4485 1145 4540 Ista
1177 4527 1190 4548 ,
1221 4501 1340 4560 quin
1365 4486 1542 4560 addita
1567 4498 1690 4560 sunt
1719 4485 1771 4539 in
1805 4490 1911 4542 edi-
1939 4459 1992 4518 D

284 4563 432 4615 tione
464 4557 798 4616 Maritimam
820 4601 832 4618 ,
865 4559 1058 4610 desunt
1093 4560 1142 4608 in
1175 4557 1409 4626 antiquis
1436 4558 1759 4611 editionibns
1785 4571 1834 4611 et
1862 4561 1912 4612 in

281 4633 501 4686 duobus
530 4633 782 4702 antiquis
801 4629 1449 4702 coddallahenturautem
1480 4632 1528 4682 in
1559 4631 1693 4702 aliis.
1715 4630 1912 4684 Bawz.

356 4700 761 4778 ’Degmerém.
794 4701 924 4778 (ioci.
963 4701 1166 4778 Lincol.
1203 4700 1492 4778 degeneres.
1513 4700 1616 4778 Sed
1637 4705 1914 4778 sequentia

277 4772 643 4841 honera'tum,
695 4773 987 4845 ignobilem,
1035 4772 1375 4835 omittendam,
1415 4773 1700 4826 lectioiiem
1732 4774 1918 4844 vulga-

279 4856 388 4900 tam
423 4852 802 4903 confirmant.
840 4845 1093 4898 Jacxsou.

2025 3633 2221 3708 inquit,
2254 3633 2306 3708 in,
2339 3634 2716 3708 Beneventano
2746 3638 3043 3708 exemplari
3079 3649 3132 3694 et
3165 3640 3218 3695 in
3247 3640 3484 3697 editione
3513 3643 3628 3697 Ro-

2022 3719 2178 3780 mana
2213 3705 2424 3780 legitur,
2460 3707 2547 3770 qui
2581 3719 2788 3780 accepta
2819 3705 3053 3778 fecissent
3073 3729 3091 3765 :
3127 3712 3229 3766 hoc
3249 3725 3356 3776 est,
3389 3716 3481 3780 qui
3507 3715 3628 3772 sub-

2021 3776 2216 3854 missos
2249 3777 2461 3854 libellos
2479 3776 2831 3854 accepissent
2857 3797 2870 3843 ;
2903 3781 2980 3854 sic
3001 3784 3144 3854 enim
3184 3776 3419 3854 accepto
3437 3795 3490 3840 et
3517 3797 3632 3840 rato

2020 3845 2322 3900 habuerant
2367 3848 2621 3917 quidquid
2668 3850 2770 3900 illis
2801 3852 3199 3906 continebatur.
3231 3845 3624 3911 Continehatur

2017 3918 2389 3996 antetn__illuin
2443 3919 2860 3996 (Lilielltilitgttin)
2900 3923 3008 3996 _illo
3057 3924 3142 3977 dic
3199 3926 3249 3978 in
3298 3926 3627 3996 Capito.ium

2020 3989 2350 4064 asct-ndisse,
2383 3989 2681 4064 ac'dedisse
2706 3990 2860 4044 thura
2889 3991 3005 4047 .lnvi
3066 4011 3080 4042 :
3106 3997 3248 4064 quod
3273 3989 3492 4052 etsi‘ille
3521 4015 3624 4052 non

2021 4060 2265 4137 fecerat,-
2287 4070 2538 4137 attamen
2570 4060 2893 4137 fece_rat,_ut
2922 4078 2980 4118 se
3011 4060 3199 4120 fecisse
3241 4068 3449 4136 publice
3478 4069 3626 4137 lege-

2019 4142 2169 4210 retur
2203 4150 2232 4210 :_
2254 4131 2390 4184 lecto
2427 4133 2630 4210 scilicet
2679 4133 3015 4210 libello,_quo
3039 4137 3206 4191 videri
3227 4131 3392 4210 voluit
3427 4131 3627 4210 propo-

2021 4202 2137 4283 sitis
2169 4203 2433 4283 qu}'lerll§-
2461 4203 2805 4283 Evangelia":
2844 4207 3038 4283 edictis
3079 4202 3448 4283 satisfecisse}
3480 4202 3624 4283 quod

2017 4282 2154 4332 erat.
2183 4273 2341 4328 iidem
2375 4274 2592 4328 tlhristo
2615 4274 2794 4329 datam
2824 4277 3148 4333 deseruisse.
3184 4300 3201 4329 ι
3238 4273 3512 4338 ϐλιιλαυξ

2094 4345 2473 4399 1°.ltandando.
2495 4345 2582 4401 Sic
2616 4347 2817 4404 Natalis
2841 4356 2907 4404 ab
2929 4349 3039 4405 (Ea
3063 4355 3380 4409 sententiam
3411 4359 3541 4410 dixit
3573 4356 3623 4411 iu

2020 4419 2254 4498 (inite-ilio
2304 4417 2714 4498 Carthaginensi
2768 4422 2870 4498 sub
2916 4425 3188 4498 Cypriane
3241 4442 3335 4495 pro
3365 4439 3501 4482 seet
3529 4445 3625 4498 pro

2023 4487 2278 4570 Pompeio
2322 4487 2644 4570 Δδίιὴνειῐυιιῇ
2692 4501 2745 4544 et
2803 4487 2976 4564 Dioga'
3002 4487 3455 4568 'Leptimagnensi
3481 4540 3496 4567 ,
3529 4487 3625 4570 ἰιιιὶ

2020 4561 2146 4612 mihi
2178 4566 2559 4616 mandaverunt.
2601 4563 2802 4618 BALUZ.

2098 4633 2132 4662 ¹¹
2157 4631 2459 4709 Imperavit.
2477 4635 2601 4709 ιιι-ᾳ
2620 4637 2777 4709 lectio
2807 4637 3017 4692 videtur
3041 4641 3340 4709 optima.Et
3357 4651 3532 4697 tamen
3553 4643 3619 4698 ilo

2021 4703 2128 4756 lam
2182 4722 2286 4759 non
2322 4706 2497 4759 inveni
2555 4707 2655 4759 nisi
2698 4707 2749 4760 in
2781 4724 2888 4762 uno
2919 4703 3093 4764 Veteri-
3133 4712 3290 4768 libro.
3318 4712 3514 4770 Cu-teri
3568 4726 3624 4771 et

2023 4775 2288 4856 glitiones
2335 4777 2638 4832 Pameliana
2684 4782 3007 4856 vetustiores
3043 4783 3245 4856 habent
3307 4787 3618 4856 impetravit.

2023 4844 2295 4925 Patnelius
2321 4860 2498 4925 autem
2546 4853 2766 4904 mutavit
2793 4865 3014 4925 secutus
3031 4844 3395 4925 conjwtumui
3425 4861 3617 4912 Caste-

2029 4919 2116 4995 rii.
2144 4926 2388 4995 quamvis
2418 4923 2644 4995 fateatur
2663 4938 2721 4976 se
2753 4923 2945 4992 ubique
2981 4919 3171 4995 legisse
3196 4931 3506 4995 impetravit.
3531 4930 3620 4986 Sic

2030 4989 2079 5067 in
2122 4994 2350 5067 i-pbtola
2378 5008 2499 5046 κων
2526 4993 2724 5067 Codicis
2753 4989 2982 5067 encyclii
3032 4989 3292 5066 scriptum
3323 5012 3404 5052 est
3449 5003 3497 5054 in
3527 5017 3619 5055 co-

2025 5060 2144 5140 dice
2173 5064 2538 5140 Bellmlu‘eusi
2574 5063 2754 5134 quibus
2786 5060 3061 5134 impetrare
3088 5060 3257 5122 diuino
3287 5071 3483 5138 iudicio
3523 5089 3620 5140 pro

2023 5132 2296 5206 imperare.
2333 5134 2525 5187 Facilis
2570 5132 2742 5200 error,
2804 5132 2892 5206 qui
2941 5141 3208 5194 admissus
3235 5132 3317 5195 est
3367 5132 3532 5196 etiam
3563 5145 3615 5198 itt

2023 5203 2126 5276 alio
2158 5207 2321 5257 veteri
2357 5206 2540 5259 codice
2587 5203 2833 5273 ejusdeui
2858 5210 3133 5276 Ecclesim,
3165 5213 3215 5265 in
3249 5213 3512 5268 breviario
3536 5216 3619 5269 ni-

2022 5275 2211 5354 mirum
2248 5276 2478 5354 [abet-ali
2509 5293 2626 5354 Cap.
2654 5279 2752 5354 _l8,
2784 5282 2870 5334 ubi
2905 5297 3000 5349 pro
3028 5275 3158 5336 nihil
3180 5285 3508 5354 impetrantes
3539 5289 3620 5341 di-

2033 5347 2188 5420 misit,
2217 5351 2288 5400 uti
2310 5347 2510 5420 habent
2537 5347 2802 5405 editiones
2828 5366 2880 5406 et
2906 5347 3014 5408 tres
3038 5357 3153 5408 lihri
3182 5347 3412 5420 veieres,
3445 5359 3616 5414 Codex

2028 5415 2284 5498 Ecclesiae
2336 5419 2932 5498 Be_l_l_ov:_tcensis-habet
2980 5427 3305 5496 imperantes.
3340 5415 3433 5485 Sic
3477 5431 3620 5498 apud

2025 5486 2364 5570 Fulgentiiun
2393 5491 2692 5570 Placiadem
2719 5493 2793 5570 lib
2819 5510 2850 5548 ιι
2883 5486 3104 5570 Mytboi.
3133 5501 3222 5553 ubi
3251 5507 3357 5570 agit
3391 5501 3460 5556 de
3488 5486 3622 5557 Vul—

2021 5573 2158 5614 c:ino
2186 5562 2526 5646 ct-h'l-inerva,
2560 5565 2840 5646 legendum
2871 5562 3200 5646 e.~t_Jupiter
3226 5562 3497 5642 im'perauit
3527 5590 3625 5646 pro

2019 5635 2255 5708 ecquod
2291 5635 2358 5688 ibi
2396 5637 2590 5708 legitur
2620 5635 2927 5708 impetravit.
2950 5635 3147 5696 BAan.

2093 5705 2134 5734 ”
2154 5703 2431 5773 Pro/icere.
2461 5705 2532 5760 lla
2551 5703 2952 5767 emendandum
2981 5729 3104 5768 esse
3129 5713 3452 5772 existimavi
3477 5731 3642 5770 secu-

2015 5782 2098 5833 tus
2123 5780 2499 5838 auctoritatem
2531 5794 2774 5840 veterum
2797 5785 3188 5854 exemplarium
3216 5797 3280 5847 et.
3313 5785 3656 5854 editionum,

347 4919 441 4975 lli.
476 4917 929 4986 ——‘Snperiores
975 4925 1162 4969 nostra?
1202 4914 1400 4967 littera.
1435 4913 1531 4968 Hre
1581 4914 1920 4973 intercidisse

267 4991 567 5046 videnlur.
608 4990 900 5046 GALLAND.

342 5065 363 5093 "
389 5062 750 5116 Irretientes.
781 5061 833 5113 lu
870 5075 976 5111 uno
1010 5058 1145 5109 lihro
1175 5072 1296 5109 meo
1327 5058 1518 5122 veteri,
1543 5059 1831 5111 retinentes.
1865 5058 1917 5112 ln

263 5133 538 5189 REIIIt‘Ihi
579 5135 770 5187 Sancti
806 5131 1063 5201 Dionysii,
1090 5131 1141 5181 in
1173 5129 1450 5201 retinendis
1479 5131 1583 5182 illis
1614 5131 1808 5184 diaboli
1836 5131 1918 5183 la-

258 5209 428 5274 queis.
462 5208 777 5260 BALUZ.-—-
804 5203 934 5256 (10d.
974 5201 1353 5274 Liucol.quasi
1393 5200 1488 5254 hoc
1519 5205 1718 5254 evasuri
1758 5206 1808 5255 in
1838 5219 1918 5254 re-

257 5271 495 5332 tinendis
528 5279 669 5331 illus
697 5274 889 5328 diaboli
922 5275 1124 5343 laqueos
1155 5271 1460 5339 viderentur,
1490 5275 1648 5343 quod.
1684 5274 1833 5326 Bodl.
1873 5291 1910 5326 ι.

249 5348 476 5404 Ρηκδεη.
513 5362 576 5404 et
623 5347 777 5402 edit.
801 5356 952 5400 vetus
994 5344 1344 5407 innoiniisata,
1370 5347 1514 5413 quasi
1554 5346 1648 5397 hoc
1689 5345 1935 5399 evasuri.

240 5419 418 5475 FELL.

315 5495 339 5524 ⁸
361 5494 510 5558 Quo.
546 5491 650 5547 Al.
688 5489 864 5558 quod.
896 5489 1136 5543 Latinius
1163 5488 1388 5554 quando.
1423 5487 1698 5541 GALLAND.

316 5569 338 5596 τ’
367 5569 624 5629 Accepta
659 5564 956 5634 fecissent:
979 5559 1054 5634 lla
1076 5560 1466 5634 cotidrldncol.
1495 5560 1646 5634 Bodl.
1680 5576 1717 5634 l.
1748 5560 1917 5634 Bene-

243 5647 404 5691 vent.
439 5637 626 5691 editl.
659 5630 883 5686 Manut.
921 5632 1056 5686 Fell.
1090 5631 1301 5686 Welch.
1335 5640 1388 5684 ct
1413 5630 1670 5684 Jacksou.
1697 5633 1763 5684 At
1817 5632 1914 5685 Pa-

241 5711 456 5764 melius
490 5723 684 5781 quem
717 5714 941 5759 secutus
966 5714 1048 5781 est
1077 5703 1488 5781 B.tlt_i_z_ius,_acta
1518 5703 1907 5781 fecissent._Le.

238 5774 529 5836 ctionem-
552 5779 828 5850 priorcm
853 5778 1135 5832 confirmat
1180 5774 1478 5844 Rigaltius:
1513 5791 1532 5826 α
1563 5775 1904 5846 Rectissime,
