4256 6250
675 229 778 286 967

2143 221 2517 279 NOVATIANI

3883 225 3992 284 968

676 351 780 404 huc
806 349 857 402 in
888 361 1158 403 carcerem
1186 345 1419 415 dignitas
1449 357 1560 399 suae
1580 340 1938 398 confessionis
1969 341 2183 396 inclusit
2211 350 2265 396 et
2294 342 2340 400 Α
2375 339 2546 409 possit
2568 354 2687 393 cum
2717 338 3044 394 auctoritate
3083 346 3140 393 et
3177 339 3406 394 consilio
3443 338 3646 398 habere
3693 342 3984 398 rationem.

674 444 740 498 ad
766 454 1039 499 certamen
1067 441 1436 510 evangelicum
1461 455 1554 492 sua
1577 439 1707 493 lidcs
1737 439 1786 492 in
1806 436 2271 503 cunfessionejam

674 536 906 607 gloriosa
941 533 1109 590 semel
1150 534 1447 597 coronavit,
1480 532 1683 586 litteras
1727 529 1926 583 habeas
1950 530 2268 597 eonSpiran-

677 637 759 683 tes
786 643 908 682 cum
940 627 1140 681 litteris
1192 624 1410 682 nostris,
1441 623 1634 693 quibus
1663 623 2017 676 severitatem
2037 637 2268 691 evange—

673 721 788 775 lica:
820 719 1118 788 disciplinae
1169 717 1530 789 protulerunt,
1562 725 1614 770 et
1633 715 1844 768 illicitas
1891 713 2177 784 petitiones
2199 712 2267 766 ab

675 813 934 868 Ecclesize
967 810 1170 881 pudore
1216 820 1556 866 revocarunt.
1589 807 1699 862 Nisi
1733 806 1835 862 hoc
1886 806 2162 869 fecissent,
2197 805 2274 858 di-

674 907 916 978 sciplina:
959 906 1284 975 evangelicae
1329 906 1346 936 ⁸
1389 904 1541 958 ruina
1592 919 1696 956 non
1751 900 1910 956 facile
1955 901 2266 965 sarciretur,

675 1000 1139 1072 prtesertimrcum
1180 998 1312 1052 nulli
1361 999 1528 1067 magis
1559 1007 1664 1049 tam
1691 1009 1986 1064 congruum
2020 1003 2164 1046 esset
2191 1002 2271 1047 te-

674 1109 862 1149 norem
918 1090 1211 1162 evangelici
1256 1089 1451 1160 vigoris
1489 1091 1508 1119 ⁸
1543 1088 1802 1141 illibatum
1847 1083 2270 1155 dignitaten‘ique

673 1201 914 1251 scrvare,
938 1201 1096 1255 quam
1124 1185 1296 1256 quise
1315 1182 1704 1243 excruciandos
1732 1191 1786 1236 et
1810 1179 2270 1236 excarnilicandos

676 1296 772 1352 pro
811 1279 1106 1348 Evangelio
1157 1276 1458 1331 furentibus
1509 1275 1896 1338 tradidissent,
1931 1291 1995 1329 ne
2023 1273 2269 1344 martyrii

678 1375 939 1428 honorem
970 1370 990 1400 ³
1036 1371 1228 1424 merito
1261 1368 1567 1438 perderent,
1595 1367 1639 1420 si
1671 1367 1721 1420 iii
1751 1367 2034 1422 occisione
2064 1374 2269 1436 marty-

673 1466 758 1532 rii,
791 1465 1231 1536 prtevaricatores
1273 1461 1544 1531 Evangelii
1594 1475 1713 1514 esse
1763 1461 2064 1514 voluissent
2099 1477 2110 1511 :
2143 1474 2268 1513 nam

672 1559 761 1628 qui
794 1556 934 1625 quod
969 1555 1150 1620 habet,
1180 1569 1284 1609 non
1316 1553 1551 1606 custodit
1580 1553 1630 1606 in
1655 1567 1719 1605 eo
1757 1566 1820 1605 ex
1847 1567 1953 1620 quo
1987 1549 2110 1603 illud
2147 1564 2268 1618 pos—

670 1649 832 1712 sidet,
861 1648 986 1702 dum
1037 1646 1088 1700 id
1137 1660 1203 1700 ex
1246 1659 1354 1714 quo
1389 1642 1624 1714 possidet
1652 1643 1854 1708 violat,
1901 1643 2098 1696 amittit
2138 1642 2266 1696 illud

668 1742 810 1814 quod
843 1742 1169 1812 possidebat.

743 1837 806 1892 γ.
842 1836 894 1889 In
943 1851 1050 1904 quo
1097 1835 1214 1886 loco
1248 1831 1509 1884 maximas
1539 1829 1632 1884 tibi
1655 1840 1813 1900 atque
1844 1830 2037 1885 uberes
2061 1831 2262 1901 gratias

667 1929 876 1986 referre
902 1927 1162 1980 debemus
1191 1934 1246 1977 et
1274 1923 1570 1982 reddimus,
1606 1921 1745 1992 quod
1789 1922 2000 1976 illorum
2029 1922 2263 1975 careeris

668 2020 920 2078 tenebras
949 2019 1143 2074 litteris
1171 2018 1276 2071 tttis
1308 2015 1643 2079 illuminasti,
1675 2015 1816 2084 quod
1847 2015 1912 2067 ad
1960 2013 2082 2068 illos
2112 2014 2261 2068 veni-

665 2115 732 2169 sti
776 2112 1048 2182 quomodo
1093 2110 1316 2162 introire
1348 2107 1585 2176 potuisti,
1615 2107 1754 2175 quod
1806 2106 2016 2160 illorum
2050 2107 2258 2161 animos

663 2223 758 2264 sua
799 2205 902 2260 ﬁde
951 2214 1004 2258 ct
1041 2187 1384 2257 confessione
1413 2203 1665 2256 robustos
1713 2202 1814 2254 tuis
1843 2201 2260 2256 allocutitmibus

660 2300 959 2368 litterisque
984 2295 1261 2360 recreasti,
1285 2293 1426 2364 quod
1451 2293 1737 2347 felicitates
1765 2309 1948 2346 eorum
1973 2294 2258 2362 condignis

660 2391 906 2446 laudibus
925 2388 944 2418 ⁵
964 2397 1275 2457 persecutus
1299 2385 1587 2439 aceendisti
1611 2383 1677 2438 ad
1701 2384 1870 2438 multo
1897 2385 2256 2440 ardentiorem

662 2483 901 2539 caelestis
939 2480 1126 2550 gloriae
1177 2477 1548 2547 cupiditatem,
1574 2476 1714 2547 quod
1747 2492 1944 2545 pronos
1974 2477 2252 2546 impulisti,

658 2579 822 2652 quod.
856 2588 913 2634 ut
943 2575 1215 2632 credimus
1243 2583 1296 2629 et
1337 2582 1605 2642 optamus,
1631 2571 1862 2626 victores
1893 2572 2098 2628 futuros
2123 2574 2254 2627 viri-

659 2676 762 2732 bus
810 2673 885 2728 tui
929 2669 1196 2728 sermonis
1225 2669 1245 2700 ⁸
1277 2669 1523 2723 animasti
1556 2683 1568 2719 :
1603 2676 1659 2720 ut
1687 2683 2010 2737 quamquam
2047 2677 2146 2723 hoc
2175 2681 2254 2724 to-

656 2779 768 2825 tum
801 2769 869 2823 de
901 2765 1003 2821 lide
1030 2763 1401 2819 conﬁtentium
1428 2760 1574 2814 etde
1594 2761 1776 2814 divina
1800 2760 2129 2831 indulgentia
2161 2778 2253 2815 ve-

657 2863 775 2918 nire
799 2859 1062 2927 videatur,
1095 2865 1273 2910 tamen
1313 2856 1364 2909 in
1418 2853 1674 2924 martyrio
1724 2869 1822 2907 suo
1855 2854 1944 2908 tibi
1975 2871 2040 2909 ex
2074 2855 2252 2924 aliquo

654 2955 928 3011 debitores
975 2951 1098 3004 facti
1130 2964 1253 3003 esse
1278 2948 1580 3002 videantur.
1605 2945 1708 3002 Sed
1740 2963 1796 3000 υι
1824 2946 1890 3000 ad
1923 2949 1972 3001 id
2005 2948 2143 3003 unde
2169 2948 2252 3002 di-

654 3060 874 3119 gressus
921 3057 1102 3099 sermo
1148 3040 1432 3095 videbatur
1484 3053 1640 3104 esse,
1699 3055 1888 3094 rursus
1927 3051 2242 3104 revertatur,

653 3141 838 3211 quales
864 3138 885 3169 ⁸
913 3137 1121 3191 litteras
1153 3134 1205 3190 in
1231 3133 1470 3190 Siciliam
1516 3149 1729 3203 quoque
1761 3135 2088 3200 t'niseriinus,
2123 3135 2252 3189 sub-

647 3235 820 3306 jectas
847 3229 1088 3285 habebis.

723 3325 815 3382 Vl.
847 3327 1179 3393 Quamquam
1208 3319 1364 3375 nobis
1389 3317 1700 3373 dill‘ercnda:
1752 3318 1910 3388 hujus
1938 3320 2015 3373 rei
2059 3337 2246 3376 neces-

653 3419 784 3474 sitas
823 3416 992 3486 major
1025 3415 1328 3476 incumbat,
1357 3412 1572 3481 quibns,
1604 3420 1723 3480 post
1763 3428 2044 3467 excessum
2103 3415 2248 3467 nobi-

652 3513 872 3568 lissima:
905 3509 1178 3564 memoria!
1209 3505 1306 3560 viri
1339 3506 1358 3536 ⁷
1379 3503 1618 3568 Fabiani,
1649 3504 1884 3558 nondum
1917 3515 1998 3558 est
2037 3507 2250 3573 episco-

652 3620 753 3677 pus
778 3614 996 3672 propter
1011 3609 1256 3655 rerumet
1284 3595 1949 3666 temporumdifﬁcultates
1985 3599 2247 3653 constitu-

653 3706 757 3764 tus,
774 3694 1176 3768 quiotnniaista
1199 3690 1801 3756 ittoderctur,eteorum
1831 3693 1920 3762 qui
1953 3691 2086 3761 lapsi
2119 3703 2245 3748 sunt

2378 434 2399 463 ⁸
2420 433 2755 502 Quamquam
2776 432 2929 487 nobis
2954 432 3004 485 in
3029 440 3135 486 tam
3161 432 3361 503 ingenti
3393 435 3606 504 negotio
3623 435 3987 504 placeatquod

2373 536 2426 579 et
2461 534 2515 579 tu
2558 527 2670 593 ipse
2705 525 2944 579 tractasti
2976 540 2990 588 ;
3020 527 3041 558 ⁸
3085 526 3236 596 prius
3293 525 3552 580 Ecclesia:
3582 542 3771 596 pacem
3821 529 3990 585 susti-

2375 617 2629 681 nendam,
2663 616 2859 671 deinde
2904 616 2981 670 sic
3011 617 3302 670 collatione
3334 617 3687 673 consiliorum
3710 635 3841 685 eum
3865 621 3982 690 epi-

2373 713 2566 780 scopis,
2599 712 2951 780 presbyteris,
2978 709 3240 774 diaeonis,
3269 711 3675 768 eonfessoribus
3699 715 3904 782 pariter
3923 731 3985 772 ac

2381 805 2648 859 stantibus
2703 805 2856 859 lairis
2889 803 3356 874 facta,lapsornm
3416 814 3650 862 tractare
3693 809 3980 866 rationem.

2374 897 2640 968 Perqnam
2671 899 2814 952 enim
2840 897 2994 953 nobis
3017 909 3071 952 et
3089 897 3413 952 invidiosum
3437 908 3493 954 et
3519 915 3807 956 onerosum
3832 902 3986 958 vide-

2374 1000 2482 1052 tur,
2512 1008 2615 1045 non
2645 1007 2741 1061 per
2772 992 2969 1046 multos
2992 991 3460 1060 examinareqnod
3488 1008 3585 1061 per
3609 993 3800 1048 multos
3828 1011 3983 1050 com-

2374 1087 2595 1141 missum
2627 1085 2874 1140 videatur
2925 1085 3108 1150 fuisse,
3143 1095 3197 1139 et
3227 1101 3390 1140 unum
3423 1088 3744 1141 sententiam
3787 1087 3980 1145 dicere

2372 1195 2493 1235 cum
2527 1187 2632 1232 tam
2661 1178 2865 1248 grande
2902 1179 3107 1234 crimen
3141 1193 3236 1246 per
3261 1178 3460 1232 multos
3483 1178 3731 1234 dill'nsum
3757 1192 3980 1237 nmetur

2372 1273 2590 1337 exisse;
2625 1272 2878 1342 quoniam
2915 1286 3014 1325 nee
3043 1272 3250 1324 ﬁrmum
3280 1271 3557 1326 decretum
3608 1282 3786 1342 potest
3829 1288 3974 1343 esse,

2371 1363 2512 1434 quod
2545 1381 2650 1418 non
2685 1364 3039 1434 plurimorum
3060 1363 3328 1417 videbitur
3351 1363 3605 1418 habuisse
3622 1379 3972 1420 consensum.

2372 1456 2567 1525 ASpice
2622 1465 2790 1509 totum
2833 1455 3019 1510 orbem
3055 1471 3193 1526 pene
3239 1463 3530 1520 vastatum,
3564 1467 3619 1511 et
3671 1458 3868 1528 ubique
3892 1457 3977 1528 ja-

2372 1564 2496 1602 eerc
2525 1547 2858 1615 dejeetorum
2883 1549 3140 1618 reliquias
3170 1547 3212 1578 ²⁰
3240 1557 3291 1602 et
3323 1549 3528 1613 ruinas,
3558 1560 3612 1602 et
3641 1548 3710 1602 ἰὼ
3731 1551 3843 1603 ireo
3866 1560 3973 1606 tam

2371 1643 2573 1713 grande
2603 1645 2777 1712 expeti
2829 1643 3116 1697 consilium
3149 1658 3310 1713 quam
3363 1643 3467 1698 late
3510 1645 3970 1714 propagatnmvi-

2291 1739 2338 1798 B
2366 1737 2522 1792 detur
2552 1752 2674 1792 esse
2719 1737 2997 1791 delictum.
3031 1737 3148 1791 Non
3181 1738 3252 1791 sit
3283 1737 3460 1791 minor
3487 1737 3756 1792 medicina
3802 1753 3964 1807 quam

2367 1831 2565 1885 vulnus
2589 1840 2700 1892 est,
2725 1847 2832 1884 non
2861 1835 2968 1886 sint
2998 1830 3207 1885 minora
3236 1831 3474 1886 remedia
3503 1847 3661 1900 quam
3684 1832 3724 1862 “
3745 1831 3966 1886 funera:

2367 1935 2423 1977 ut
2452 1939 2557 1993 quo
2581 1923 2740 1977 modo
2770 1926 2858 1992 qui
2895 1932 3138 1987 ruerunt,
3171 1923 3241 1978 ob
3267 1923 3367 1978 hoc
3395 1935 3622 1979 ruerunt
3644 1925 3788 1994 quod
3816 1940 3958 1980 eteca

2366 2019 2672 2073 temeritate
2716 2019 2877 2073 nimis
2911 2019 3106 2072 incauti
3139 2017 3395 2083 fuerunt;
3429 2019 3497 2072 ita
3529 2018 3617 2086 qui
3645 2019 3747 2072 hoe
3772 2019 3966 2091 dispo-

2364 2127 2493 2165 nere
2522 2112 2787 2176 nitnntttr,
2818 2111 2964 2166 omni
3006 2111 3359 2166 consiliorum
3392 2110 3754 2166 moderamine
3792 2123 3965 2166 utan-

2364 2213 2471 2270 tur,
2509 2220 2574 2259 ue
2602 2204 2751 2273 quid,
2782 2221 2886 2257 non
2937 2214 2991 2256 ut
3021 2213 3236 2272 oportet
3266 2203 3482 2269 factum,
3510 2215 3774 2275 tamquam
3830 2205 3964 2258 irri-

2361 2306 2473 2352 tum
2527 2298 2593 2353 ab
2642 2299 2892 2352 onmibus
2940 2297 3231 2367 jttdicetttr.
3287 2297 3407 2354 Uno
3447 2298 3603 2368 igitur
3652 2299 3967 2370 eodemque

2360 2391 2608 2455 consilio,
2657 2391 2846 2446 iisdem
2901 2392 3152 2462 precibus
3197 2401 3254 2446 et
3306 2393 3542 2459 ﬂetibus,
3578 2404 3684 2448 tam
3741 2409 3840 2448 nos
3868 2397 3961 2464 qui

2359 2501 2526 2556 usque
2558 2485 2731 2540 adlmc
2768 2485 3012 2540 videmur
3041 2487 3301 2554 temporis
3351 2488 3505 2539 istius
3537 2487 3720 2540 ruinas
3746 2488 3963 2541 subter-

2359 2578 2581 2648 fugisse,
2609 2596 2768 2650 quam
2799 2580 2871 2634 illi
2903 2582 2994 2650 qui
3023 2581 3075 2633 in
3110 2579 3205 2634 has
3229 2583 3486 2650 temporis
3508 2579 3757 2636 videntur
3775 2581 3963 2637 clades

2358 2672 2637 2732 incidisse.
2687 2672 2921 2727 divinam
3012 2671 3321 2743 majetatcm
3373 2673 3732 2744 deprecantes
3769 2690 3957 2744 pacem

2363 2765 2405 2794 ¹²
2425 2764 2796 2818 ecclesiastico
2827 2765 3029 2819 nomini
3059 2766 3389 2835 postulcnius
3415 2785 3429 2819 :
3461 2768 3661 2822 mutuis
3691 2768 3830 2821 votis
3856 2781 3960 2822 nos

2355 2855 2586 2910 invicem
2630 2856 2924 2923 faveamus,
2957 2858 3349 2923 custodiamus,
3381 2874 3653 2914 armemus
3685 2876 3697 2912 :
3733 2876 3956 2916 oremus

2355 2965 2452 3018 pro
2500 2949 2681 3018 lapsis,
2739 2957 2796 3002 ιιι
2843 2951 3119 3019 erigantur
3150 2968 3163 3003 :
3193 2966 3414 3005 oremus
3453 2967 3548 3021 pro
3578 2953 3866 3019 stantibus,
3898 2964 3960 3010 ut
4018 2966 4032 2975 ‘

2353 3056 2460 3094 non
2490 3040 2555 3094 ad
2588 3043 2771 3095 ruinas
2810 3056 2979 3112 usque
3011 3050 3287 3097 tententur
3319 3060 3333 3096 :
3365 3059 3580 3098 oremus
3609 3053 3667 3098 ut
3694 3047 3780 3115 qui
3814 3045 3959 3100 ceci-

2278 3136 2323 3200 C
2357 3132 2503 3186 disse
2528 3132 2856 3200 referuntur,
2887 3133 3068 3188 delicti
3092 3134 3176 3188 sui
3205 3135 3624 3204 magnitudinem
3656 3151 3960 3206 agnoscen-

2355 3239 2459 3294 tes,
2492 3229 2794 3299 intelligant
2827 3245 2936 3284 non
2970 3240 3404 3285 momentaneam
3435 3247 3610 3300 neque
3642 3249 3959 3304 praeprope-

2358 3341 2472 3379 ram
2506 3323 2548 3354 ¹³
2577 3324 2893 3379 desiderare
2925 3324 3246 3379 medicinam
3286 3342 3299 3378 :
3356 3340 3572 3379 oremus
3625 3336 3684 3380 ut
3731 3326 3958 3384 t-ﬂ'ectus

2352 3417 2700 3487 indulgentiae
2732 3418 3002 3486 lapsorum
3057 3418 3421 3488 subsequatur
3451 3431 3508 3474 et
3539 3418 3580 3450 “
3609 3419 3953 3489 paznitentia,

2352 3520 2412 3564 ut
2461 3510 2736 3565 intellecto
2778 3526 2876 3565 suo
2905 3511 3129 3566 crimine
3158 3511 3324 3566 velint
3368 3512 3522 3567 nobis
3573 3513 3956 3582 interim'pm—

2349 3616 2494 3662 stare
2524 3609 2855 3678 patientiam,
2889 3624 2989 3664 nec
3027 3608 3205 3662 adhuc
3235 3607 3582 3665 ﬂuctuantem
3612 3612 3824 3665 turbent
3844 3611 3952 3666 Ec-

2349 3700 2529 3754 clesise
2583 3711 2824 3769 statum;
2861 3716 2930 3757 ne
2969 3700 3285 3758 interiorem
3327 3705 3483 3760 uoltis
3512 3706 3953 3776 persecutionem

1991 3829 2351 3891 VARIORUM
2392 3836 2623 3892 NOTAE.

652 3975 750 4031 pro
793 3971 860 4031 eo
890 3954 1032 4031 quod
1066 3950 1390 4031 posteriores
1419 3947 2029 4031 editionesprazfcrtmt
2059 3966 2240 4019 proce-

651 4020 789 4086 dere.
825 4020 929 4084 Sed
961 4028 1097 4080 hanc
1127 4033 1303 4090 tamen
1337 4021 1575 4074 ultimam
1603 4020 1885 4073 lectionem
1918 4035 2018 4088 ego
2045 4038 2128 4074 me
2157 4039 2240 4074 re-

650 4104 855 4173 perisse
914 4101 1084 4153 fateor
1117 4096 1169 4148 in
1219 4092 1428 4173 duobus
1481 4092 1631 4173 libris
1674 4091 1808 4173 meis
1857 4091 2151 4173 veteribus,
2186 4093 2241 4173 iu

649 4161 1147 4240 Ci'atianopolitano
1195 4177 1249 4221 et
1280 4167 1497 4240 in_uno_
1520 4161 1817 4240 Victorino,
1853 4171 1960 4240 tttm
1995 4165 2151 4240 etiam
2188 4166 2238 4240 in

649 4246 885 4302 editione
911 4235 1235 4303 Manutiaua,
1266 4236 1434 4290 codex
1467 4235 1748 4288 Bernensis
1777 4235 1948 4287 sancti
2001 4235 2239 4305 Dionysii

649 4328 703 4372 et
725 4315 1085 4371 Lamonianus
1116 4310 1316 4364 habent
1348 4307 1608 4374 prodesse,
1642 4307 1831 4360 eodem
1859 4320 2037 4359 sensu.
2073 4307 2237 4361 BALU.

2417 3955 2438 3985 ³
2472 3954 2864 4021 Quamquam...
2901 3965 3122 4012 tractare
3148 3958 3417 4013 rationem.
3452 3959 3602 4014 Hunc
3657 3961 3833 4014 locum
3863 3979 3954 4020 re-

2343 4026 2797 4096 citattlyprianns
2823 4029 2873 4081 in
2904 4031 3064 4096 epist.
3103 4045 3170 4084 LII
3199 4031 3330 4084 edit.
3367 4031 3548 4085 Baluz.
3579 4031 3642 4084 ad
3681 4036 3949 4089 Autoiiia-

2347 4113 2493 4153 nmn.
2529 4098 2659 4174 Eam
2695 4102 2860 4154 babes
2898 4099 3033 4174 infra
3081 4103 3220 4156 inter
3246 4103 3615 4174 Cornelianas.
3642 4100 3951 4174 Sithditque

2345 4178 2566 4242 sanctus
2607 4168 2847 4242 Martyt‘:
2880 4171 3124 4226 Additum
3183 4184 3255 4228 est
3296 4175 3450 4228 etiam
3494 4173 3785 4229 Novatiano
3825 4168 3950 4234 tunc

2346 4239 2614 4312 scribente,
2649 4251 2696 4294 et
2746 4239 2887 4312 quod
2917 4245 3190 4312 scripserat
3239 4263 3331 4299 sua
3383 4263 3499 4298 voce
3548 4249 3812 4310 recitante,
3835 4261 3946 4306 etc.

2347 4311 2485 4390 Quae
2509 4311 2767 4390 gypriani
2791 4314 2951 4390 verba
2999 4311 3287 4390 descripsit
3319 4320 3580 4373 Paeiauus
3634 4320 3685 4373 in
3716 4319 3949 4390 cpistola

726 4387 920 4443 IV,—1
948 4381 1490 4440 Ruina...sarciretur.
1511 4377 1657 4454 Unus
1671 4378 1918 4454 Baluzius
1943 4377 2244 4454 etl_tdit,rni-_
2273 4383 2326 4443 Ι)
2356 4377 2388 4436 tt
2421 4383 2486 4454 ad
2515 4377 2989 4454 syuipronianum.
3015 4377 3185 4442 GALL.

657 4477 754 4515 me.
769 4499 804 4514 ..
825 4459 1134 4514 sarcircntur
1159 4467 1293 4520 :qua
1317 4466 1443 4505 vero
1457 4450 1794 4510 auctoritate,
1813 4449 1954 4502 silet.
1973 4448 2094 4502 Mox
2109 4450 2250 4518 apud

655 4531 902 4588 eumdem
937 4540 1236 4598 congruens.
1280 4532 1338 4576 ut
1386 4521 1548 4576 habet
1586 4521 1752 4575 editio
1780 4521 2122 4575 Uxouieusis.
2161 4524 2245 4576 Al.

654 4618 956 4676 congruum.
999 4601 1276 4676 ϐΔξιιιΑῗωο
1750 4662 1785 4676 η
1847 4663 1858 4676 .
1900 4661 1944 4676 π
1987 4671 1996 4676 _

726 4661 1032 4727 ’"lttibutum
1064 4670 1461 4739 dignitatemque
1496 4679 1712 4717 servare.
1746 4661 2249 4739 Qotl._V_at._illibata

653 4746 899 4816 άῇρηίιαιε
931 4733 1149 4797 servare:
1182 4739 1350 4816 Quam
1379 4733 1667 4790 loctiOnem
1697 4734 1912 4788 retinuit
1932 4733 2247 4816 “Telchina-

654 4807 757 4873 mis
791 4817 921 4873 :sed
954 4815 1094 4870 male
1123 4809 1263 4880 apud
1298 4813 1492 4877 ipsum,
1521 4822 1780 4862 catenatum
1803 4807 2015 4862 sevvari.
2057 4807 2247 4862 Statim

650 4906 783 4946 vero
837 4888 1138 4958 suSpicatur
1171 4881 1310 4938 idem
1339 4880 1514 4935 editor
1545 4880 1826 4949 legendum
1869 4895 2022 4958 quam
2053 4881 2113 4931 iis
2140 4883 2245 4949 qui.

1970 4948 2139 5004 GALL.

722 5035 742 5065 ³
766 5031 972 5086 Merito.
1021 5029 1178 5084 Deest
1217 5028 1333 5083 bzee
1359 5040 1460 5079 vox
1501 5025 1553 5078 in
1577 5037 1680 5076 ms.
1709 5021 1913 5076 Lineol.
1941 5021 2059 5075 Mox
2104 5021 2246 5076 idem

647 5106 819 5163 codex
842 5103 1098 5159 occisione
1126 5101 1359 5172 martyrii
1389 5114 1407 5151 :
1428 5096 1712 5161 mendose,
1761 5104 1817 5148 ut
1843 5095 2060 5218 quidam
2095 5105 2244 5163 puto.

2019 5181 2138 5218 ALL.

2019 5181 2138 5219 ALL.

718 5249 784 5304 ν.
812 5279 884 5289 -
913 5248 932 5278 ⁸
953 5243 1277 5300 Persecutus.
1313 5243 1451 5300 Cod.
1488 5239 1641 5294 Bodl.
1677 5255 1689 5290 ι
1718 5249 2010 5309 prosecutus
2040 5254 2057 5290 :
2087 5247 2248 5309 atque

646 5320 786 5377 hanc
814 5319 1108 5375 lectionem
1139 5317 1190 5371 in
1221 5328 1426 5371 textum
1458 5313 1637 5367 intulit
1665 5309 1916 5364 Baluzius
1964 5308 2136 5364 GALL.

716 5395 736 5425 ⁵
763 5391 1035 5447 Animasti.
1071 5388 1227 5444 Bodl.
1259 5405 1295 5454 t,
1327 5399 1380 5442 et
1405 5386 1527 5439 Vat.
1554 5383 1783 5454 nrntasti.
1816 5382 1984 5454 GALL.

713 5467 733 5496 ⁶
754 5463 1044 5520 Litteras...
1072 5451 1328 5529 subjecta;
1360 5458 1584 5529 Itubept's.
1620 5453 1934 5523 llttjUStnodi
1966 5451 2246 5509 Novatiani

633 5531 832 5594 littera:
865 5550 1125 5603 nusquam
1157 5528 1440 5598 apparent.
1473 5528 1642 5603 GaLL.

710 5607 904 5668 νιν-γ
923 5595 1160 5660 Fabiani.
1187 5595 1448 5674 Mai-tyrio
1461 5602 1701 5656 Sublatns
1719 5607 1794 5651 est
1817 5595 2087 5674 Fabianus
2104 5610 2246 5674 anno

613 5667 831 5742 ,Cltrisii
874 5692 990 5739 CCL,
1028 5678 1093 5733 l3
1118 5674 1237 5732 kal.
1291 5667 1451 5740 fe'br.,
1482 5675 1639 5739 eique
1669 5669 1926 5742 successit
1957 5669 2246 5732 Cornelius

600 5738 776 5820 Men.)
790 5765 851 5814 te
871 5738 1022 5819 junio
1049 5749 1178 5814 anni
1206 5756 1352 5814 ccu,
1385 5738 1518 5807 utex
1549 5738 1712 5818 Pagio
1732 5738 2040 5817 erudimur,
2075 5743 2239 5799 ut“.

2425 4457 2444 4486 θ
2463 4453 2618 4508 Prius
2641 4453 2900 4530 Ecclesiae.
2920 4458 3240 4530 Cyprianus,
3267 4459 3302 4513 ι.
3328 4475 3376 4516 c.
3398 4462 3540 4530 prius
3557 4477 3663 4517 esse
3676 4462 3946 4522 Ecclesiaz.

2354 4525 2419 4579 Et
2449 4543 2591 4591 mox,
2618 4528 2933 4582 diacontbus.
2958 4525 3128 4584 GaLL.

2427 4597 2469 4627 ¹⁰
2495 4598 2555 4670 Et
2587 4602 2785 4654 ruinas.
2833 4602 3006 4655 Editio
3035 4602 3308 4670 Spirensis
3337 4612 3391 4656 et
3441 4614 3551 4660 tres
3579 4606 3701 4662 libri
3731 4619 3948 4664 veteres

2356 4684 2462 4723 non
2497 4669 2687 4725 habent
2725 4672 2839 4725 lia-c
2867 4672 2975 4726 duo
3009 4669 3288 4728 vocabula.
3333 4674 3535 4730 Veneta
3565 4689 3718 4733 vetns
3758 4681 3945 4736 habet.

2355 4740 2469 4795 Duo
2498 4741 2588 4795 alii
2636 4743 2760 4798 libri
2791 4753 3002 4800 veteres
3042 4750 3334 4815 praeierunt
3366 4748 3573 4818 laqueos
3602 4766 3697 4819 pro
3740 4752 3944 4807 ruinas.

3528 4820 3725 4876 Bawz.

2427 4886 2470 4963 “_
2485 4883 2905 4963 It’un‘eroﬂodex
2923 4890 3094 4943 saneti
3114 4889 3374 4963 Arnulphi
3401 4890 3561 4943 habet
3575 4894 3944 4963 vulnera.Qu:e

2350 4955 2510 5031 lectio
2543 4959 2672 5011 mihi
2703 4961 2910 5013 videtur
2941 4976 3061 5014 esse
3099 4955 3327 5015 melior':
3357 4977 3584 5026 eamme
3637 4955 3939 5031 posuissem

2350 5027 2402 5080 in
2427 5038 2701 5090 contextu,
2733 5031 2775 5084 si
2807 5041 2916 5084 tum
2939 5046 3059 5085 cuin
3088 5032 3173 5086 hic
3202 5037 3349 5087 locus
3371 5027 3693 5101 cndebatu-r,
3721 5036 3941 5092 habuis-

2349 5115 2462 5152 sem
2499 5101 2739 5175 codicem
2775 5103 2946 5156 ilium.
2978 5105 3046 5157 At
3073 5106 3114 5157 si
3143 5105 3264 5174 quis
3295 5106 3628 5160 retinendam
3660 5118 3808 5175 putat
3841 5125 3934 5165 vo-

2350 5186 2465 5250 ei-m
2500 5175 2699 5243 funera,
2731 5173 3056 5250 intelligere_
3087 5173 3299 5244 oportet
3357 5188 3580 5240 mortes,
3613 5173 3708 5235 seu
3753 5183 3940 5250 potius

2350 5242 2608 5296 cadavera
2642 5242 2992 5300 mortuorum.
3027 5242 3219 5301 ΒΑιξυῑ.

2424 5315 2464 5345 ¹¹
2487 5314 2842 5370 Ecclesiastico
2875 5318 3087 5370 nomini.
3113 5318 3186 5371 Ita
3220 5334 3318 5372 nos
3350 5322 3708 5388 reposuimus,
3742 5324 3939 5379 editioc

2350 5401 2472 5440 nem
2521 5388 2871 5458 Anglicanam
2923 5399 2977 5442 et
3003 5391 3374 5444 auctoritatem
3408 5395 3761 5458 quornunlam
3795 5410 3939 5452 vete—

2349 5473 2486 5536 rum_
2523 5457 2777 5512 librorum
2831 5462 3128 5536 secuti._Si
3180 5463 3300 5530 quis
3349 5457 3525 5518 tamen
3561 5467 3740 5536 legere
3789 5469 3939 5522 malit

2350 5531 2572 5602 nomine,
2608 5547 2710 5583 non
2745 5547 3002 5602 repugno.
3036 5534 3231 5588 BALUZ.

2425 5601 2468 5675 $3
2507 5601 2827 5658 Desidet-are.
2867 5605 2977 5656 Duo
3006 5605 3127 5658 libri
3156 5615 3364 5661 veteres
3391 5606 3620 5675 habent,
3648 5610 3939 5665 desiderare

2348 5672 2526 5727 debere
2564 5675 2885 5730 medicinam.
2920 5675 3122 5732 Bawz.

2361 5813 2372 5821 _
2426 5745 2469 5780 ³⁸
2487 5743 2810 5806 Ρωηὶιεηιὶα.
2828 5749 3001 5807 Antea
3015 5751 3290 5823 legebatur
3304 5753 3651 5824 penitentiam
3672 5770 3689 5808 :
3709 5769 3941 5827 eamque
