4260 6266
410 319 514 377 969

1491 320 1577 377 DE
1619 322 1675 379 S.
1716 320 1924 380 LUCIO
1961 319 2240 379 NOTlTlA
2283 322 2666 382 lilSTORICA.

3608 337 3715 394 970

409 436 510 507 ipsi
563 432 874 489 incendisse
920 430 1233 496 videantur,
1264 442 1320 488 et
1368 433 1590 488 accedat
1632 434 1697 489 ad
1729 436 2011 492 criminum
2043 440 2091 498 Α
2125 436 2280 491 Patre
2306 455 2416 492 meo
2445 449 2491 492 et
2508 455 2681 493 coram
2708 438 2916 509 Angelis
2931 442 3062 511 ejus.
3096 440 3239 497 Deus
3268 442 3412 499 enim
3436 454 3496 501 ut
3524 460 3607 503 est
3630 452 3718 507 in.

408 516 686 583 cumulum
716 525 861 595 quod
905 526 1066 580 etiam
1099 526 1323 595 inquieti
1353 525 1586 581 fuerunt.
1617 527 1849 583 Maxime
1869 532 2012 584 enim

413 621 523 676 illis
553 619 800 688 congruit
829 618 1179 684 verecundia,
1211 634 1436 689 quorum
1482 620 1534 672 in
1562 619 1774 674 delictis
1796 619 2016 675 damna-

417 723 505 769 tur
536 728 690 767 mens
720 709 1113 765 inverecunda.

494 805 602 860 Vl].
628 804 845 859 Pulsent
876 818 1009 858 sane
1050 803 1216 870 fores,
1259 803 1356 860 sed
1411 821 1517 861 non
1560 808 1744 875 utique
1779 805 2018 862 confrin-

414 906 557 969 gant.
596 895 807 951 Adeant
857 894 924 950 ad
970 896 1134 951 limen
1190 894 1450 951 Ecclesiae
1480 939 1494 965 ,
1528 898 1623 953 sed
1676 914 1781 954 non
1833 899 2019 968 utique

417 989 744 1047 transiliunt.
783 988 1097 1043 Castrorum
1146 988 1450 1043 coeleStium
1503 990 1773 1045 excubent
1826 991 2017 1060 portis,

417 1085 515 1142 sed
564 1084 756 1140 armati
812 1081 1095 1146 modestia,
1128 1098 1231 1152 qua
1277 1083 1582 1155 intelligant
1625 1100 1684 1140 se
1712 1084 2023 1140 desertores

421 1177 604 1233 fuisse.
629 1176 930 1231 Resumant
949 1189 1165 1244 precum
1193 1189 1410 1230 suarum
1443 1177 1646 1242 tubam,
1672 1178 1764 1232 sed
1786 1194 1889 1248 qua
1915 1193 2021 1232 non

425 1270 675 1327 bellicum
704 1270 975 1338 clangant.
1004 1269 1234 1324 Arment
1278 1284 1339 1325 se
1388 1269 1606 1341 quidem
1638 1272 1915 1326 modestia:
1948 1282 2026 1328 te-

426 1364 514 1429 lis,
541 1371 596 1418 et
626 1376 783 1433 quem
837 1360 1084 1431 negando
1136 1363 1325 1417 mortis
1358 1372 1502 1418 metu
1550 1363 1671 1418 ﬁdei
1709 1364 2028 1422 dimiserant

426 1456 673 1528 clypeum
707 1463 984 1509 resumant
1014 1470 1028 1521 ;
1061 1455 1157 1510 sed
1205 1464 1263 1510 ut
1291 1466 1476 1511 contra
1511 1456 1720 1513 bouem
1751 1458 2025 1514 diabolum

425 1552 507 1605 vel
538 1567 678 1605 nunc
710 1550 923 1616 armati,
976 1564 1082 1604 non
1112 1561 1302 1605 contra
1334 1549 1632 1606 Ecclesium
1662 1568 1783 1622 quae
1813 1552 2027 1608 illorum

428 1643 575 1700 dolet
625 1659 804 1710 casus,
836 1651 1075 1698 armatos
1104 1658 1226 1698 esse
1277 1658 1337 1698 se
1367 1644 1611 1698 credant.
1653 1644 1875 1699 Multum
1928 1646 2032 1701 illis

432 1738 675 1809 proﬁciet
705 1738 892 1807 petitio
934 1738 1200 1803 modesta,
1250 1740 1543 1807 postulatio
1570 1741 1897 1808 verecunda,
1934 1742 2037 1795 hu-

2118 528 2365 598 dulgens,
2394 529 2462 583 ita
2488 542 2569 585 est
2592 539 2983 599 prtrceptorum
3007 549 3226 587 suorum
3256 548 3500 605 exactor,
3525 550 3579 595 ct
3599 543 3721 611 qui-

2119 619 2490 689 demdiligens
2516 632 2602 685 ;et
2636 624 2776 677 sicut
2804 621 3018 694 (Matth.
3049 641 3177 693 xxtt,
3213 626 3267 699 3)
3314 628 3378 683 ad
3412 634 3720 690 convivium

2122 725 2295 779 vocat,
2330 714 2408 769 sic
2445 715 2683 769 habitum
2719 718 3025 787 nuptiarum
3065 736 3169 772 nou
3203 720 3513 791 habentem,
3543 728 3724 798 ligatis

2123 805 2370 859 manibus
2416 816 2471 860 et
2508 807 2733 875 pedibus
2778 820 2930 863 extra
2970 822 3282 868 sanctorum
3333 827 3531 871 coitum
3581 820 3727 877 foras

2117 897 2306 967 jactat.
2324 899 2539 954 Paravit
2554 901 2775 967 coelum,
2794 904 2885 958 sed
2902 907 3110 973 paravit
3134 918 3189 963 et
3213 918 3491 968 tartarum.
3512 915 3731 973 Paravit

2124 990 2533 1059 rel'rigeria,sed
2565 994 2773 1061 paravit
2800 998 2960 1063 etiam
2980 1008 3179 1053 aeterna
3206 1002 3487 1071 supplicia.
3512 1006 3733 1064 Paravit

2125 1081 2554 1139 inaccessibilem
2602 1085 2776 1141 lucem
2808 1131 2821 1154 ,
2874 1090 2969 1145 sed
3016 1094 3227 1163 paravit
3264 1097 3426 1151 etiam
3459 1113 3735 1170 perpetua:

2128 1176 2302 1229 noctis
2321 1177 2550 1231 vastam2
2569 1188 2938 1252 arternamque
2960 1185 3443 1261 caliginemﬁujus
3459 1204 3734 1265 tempera-

2129 1268 2295 1322 menti
2334 1268 2681 1325 moderamen
2724 1290 2821 1329 nos
2848 1274 2969 1331 beic
2995 1288 3180 1334 tenere
3206 1295 3513 1349 quwrcntes
3541 1287 3655 1355 diu,
3683 1298 3740 1345 et

2131 1361 2347 1431 quidem
2380 1364 2557 1427 multi,
2591 1374 2642 1420 et
2670 1367 2885 1436 quidem
2918 1386 3038 1424 cum
3086 1374 3408 1441 quibusdam
3467 1382 3737 1452 episc0pis

2133 1452 2152 1481 ³
2172 1453 2361 1508 vicinis
2396 1456 2547 1509 nobis
2579 1466 2631 1510 et
2658 1461 3236 1529 appropinquantibus,
3266 1475 3319 1520 et
3345 1469 3594 1537 quios‘ex
3620 1472 3743 1528 aliis

2133 1547 2430 1615 provinciis
2461 1548 2620 1618 lenge
2640 1552 2828 1618 positis
2859 1556 3254 1622 persecutionis
3270 1558 3424 1613 istius
3445 1562 3610 1617 ardor
3633 1563 3747 1634 eje-

2134 1647 2304 1703 cerat,
2341 1649 2464 1693 ante
2494 1642 2937 1698 constitutionem
2990 1646 3232 1717 episcopi
3286 1649 3422 1704 nihil
3479 1653 3742 1711 innovan-

2136 1734 2262 1788 dnm
2299 1734 2604 1803 putavimus
2634 1776 2647 1801 ,
2700 1737 2794 1791 sed
2846 1738 3117 1809 lapsorum
3167 1756 3352 1797 curam
3397 1747 3746 1805 mediocriter

436 1829 635 1884 militas
657 1829 986 1896 necessaria,
1014 1828 1273 1899 patientia
1305 1830 1321 1860 ¹
1354 1845 1461 1883 non
1492 1830 1687 1885 otiosa.
1721 1830 1934 1886 Mittant
1962 1833 2036 1888 le-
2067 1836 2115 1895 B
2144 1827 2549 1897 temperandam
2598 1843 2721 1883 esse
2748 1830 2769 1859 ⁵
2797 1828 3163 1897 credidimus;
3216 1843 3272 1888 ut
3326 1836 3563 1907 interim,
3616 1840 3745 1896 dum

435 1930 588 1994 gatos
616 1936 713 1993 pro
738 1922 849 1994 suis
875 1922 1154 1977 doloribus
1186 1922 1454 1993 lacrymas
1484 1939 1499 1987 ;
1532 1923 1887 1979 advocatione
1919 1924 2038 1979 lun-

435 2027 631 2088 gantur
660 2032 725 2072 ex
774 2016 962 2071 intimo
993 2027 1210 2086 pectore
1265 2017 1456 2085 prolati
1502 2018 1753 2087 gemitus,
1793 2018 2036 2073 dolorem

437 2110 730 2179 probantes
760 2109 1036 2165 commissi
1077 2109 1319 2164 criminis
1369 2120 1423 2163 et
1473 2109 1758 2179 pudorem.
1792 2110 1963 2165 Immo
1994 2111 2040 2166 si

434 2203 719 2259 dedeciiris
767 2203 989 2257 admissi
1048 2202 1471 2273 magnitudinem
1504 2203 1959 2273 perhorrescunt,
1994 2206 2041 2259 si

436 2299 674 2368 pectoris
719 2304 775 2352 et
818 2297 1167 2352 conscientia:
1193 2312 1304 2351 suac
1351 2296 1608 2352 lethalem
1636 2298 1843 2369 plagam
1877 2308 1933 2353 et
1962 2300 2039 2353 si-

437 2391 593 2445 nuosi
626 2390 865 2445 vulneris
897 2390 1033 2445 altos
1062 2405 1312 2445 recessus
1340 2405 1466 2444 vere
1497 2388 1707 2444 medica
1746 2405 1907 2445 manu
1935 2402 2043 2445 tra-

439 2489 609 2546 ctant,
643 2481 969 2537 erubescant
1018 2490 1071 2537 et
1129 2492 1351 2551 petere;
1383 2483 1487 2535 nisi
1517 2482 1640 2552 quia
1691 2481 1912 2551 majoris
1961 2493 2045 2538 est

436 2592 653 2632 rursum
677 2586 730 2632 et
760 2575 1057 2646 periculiet
1082 2575 1323 2646 pudoris,
1349 2575 1606 2630 auxilium
1638 2577 1781 2646 pacis
1811 2593 1916 2632 non
1947 2593 2043 2648 pc-

438 2672 607 2728 tiisse.
643 2671 750 2728 Sed
783 2671 888 2726 hoc
939 2679 1110 2726 totum
1158 2671 1209 2724 iu
1242 2680 1608 2738 sacramento,
1642 2670 1739 2726 sed
1770 2671 1822 2725 in
1875 2672 2046 2742 ipsius

436 2763 816 2835 postulationis
847 2764 964 2833 lege
994 2764 1255 2831 temporis
1305 2764 1446 2818 facto
1470 2772 1920 2832 temperamento,
1949 2765 2045 2820 sed

437 2857 799 2928 postulatione
812 2854 1169 2918 demissa,sed
1185 2872 1343 2927 prece
1356 2856 1567 2911 subdita
1588 2875 1600 2910 :
1618 2858 1869 2928 quoniam
1888 2866 1943 2913 et
1955 2844 2047 2928 qui

438 2950 638 3019 petitur
661 2948 801 3005 ﬂecti
828 2949 1009 3013 debet,
1029 2966 1135 3004 non
1155 2949 1368 3006 incitari
1394 2967 1409 3016 ;
1434 2959 1489 3005 et
1513 2950 1866 3020 sicutrespici
1889 2949 2049 3006 debet

436 3042 617 3098 divina
631 3044 939 3107 clementia,
957 3043 1033 3097 sic
1047 3043 1241 3112 respici
1270 3043 1433 3098 debet
1445 3052 1498 3097 ct
1518 3042 1697 3098 divina
1713 3059 1942 3099 censura
1964 3062 1977 3108 ;
1994 3052 2050 3099 et

435 3134 574 3191 sicut
586 3134 846 3206 scriptum
864 3144 947 3190 est
961 3134 1175 3208 (Matth.
1197 3135 1445 3205 xvut,52)
1461 3134 1684 3190 :Donavi
1697 3136 1787 3190 tibi
1799 3155 1948 3192 autne
1960 3138 2049 3192 de-

2140 1919 2433 1990 episcopus
2463 1919 2579 1973 dari
2608 1936 2637 1973 a
2663 1921 2775 1976 Deo
2800 1922 2955 1977 nobis
2988 1925 3305 1993 sustinetur,
3344 1928 3395 1981 in
3424 1944 3692 2001 suspenso
3722 1935 3744 1964 ³

2141 2027 2325 2067 eorum
2356 2013 2444 2082 qui
2468 2028 2649 2067 moras
2682 2025 2902 2082 possunt
2930 2015 3209 2072 dilationis
3259 2021 3550 2086 sustinere,
3577 2040 3742 2081 causa

2142 2115 2427 2172 teneatur;
2458 2122 2645 2163 eorum
2673 2119 2853 2163 autem
2882 2125 3112 2179 quorum
3150 2113 3271 2167 vita:
3316 2127 3427 2168 sua:
3456 2116 3620 2172 tinem
3651 2135 3745 2174 ur-

2142 2214 2275 2268 gens
2305 2199 2482 2254 exitus
2522 2199 2844 2255 dilationem
2879 2215 2983 2256 non
3032 2212 3211 2271 potest
3243 2204 3405 2272 ferre,
3436 2218 3553 2262 acta
3578 2213 3750 2278 paeni-

2146 2295 2310 2348 tentia
2340 2303 2395 2347 et
2425 2294 2665 2363 professa
2695 2294 3007 2365 frequenter
3037 2311 3257 2353 suorum
3286 2299 3651 2363 detestatione
3666 2304 3749 2359 fa-

2145 2394 2377 2452 ctorum,
2408 2387 2451 2440 si
2482 2386 2761 2457 lacrymis,
2791 2388 2835 2440 si
2861 2388 3172 2458 gemitibus,
3203 2391 3247 2444 si
3276 2390 3491 2448 ﬂetibus
3517 2395 3751 2452 dolentis

2146 2492 2209 2532 ac
2252 2493 2379 2533 vere
2436 2478 2747 2547 pmtiitentis
2800 2479 2964 2532 animi
3025 2480 3176 2549 signa
3209 2482 3582 2553 prodiderint,
3626 2502 3749 2544 cum

2146 2588 2270 2643 spes
2313 2573 2527 2627 vivendi
2568 2573 2866 2628 secundum
2914 2574 3189 2630 hominem
3245 2579 3390 2633 nulla
3424 2583 3749 2652 substiterit,

2148 2666 2219 2721 ita
2270 2666 2486 2721 demunt
2533 2675 2690 2721 caute
2744 2676 2799 2722 et
2846 2668 3079 2724 sollicite
3125 2670 3439 2741 subveniri,
3494 2676 3605 2731 Deo
3632 2678 3753 2749 ipso

2148 2760 2356 2815 sciente
2398 2759 2526 2829 quid
2558 2759 2626 2814 de
2652 2760 2848 2814 talibus
2876 2760 3058 2826 faciat,
3090 2772 3145 2817 et
3184 2765 3629 2835 qualiterjndicii
3668 2770 3752 2825 sui

2148 2854 2429 2909 examinet
2456 2853 2731 2923 pondera;
2761 2855 2917 2909 nobis
2943 2866 3121 2911 tamen
3150 2859 3307 2913 anxie
3333 2862 3670 2929 curantibus,
3690 2872 3754 2919 ut

2150 2962 2249 3002 nec
2270 2962 2495 3017 pronam
2541 2956 2780 3003 nostram
2816 2948 3048 3018 improbi
3093 2950 3339 3007 homines
3369 2952 3591 3009 laudent
3616 2957 3750 3011 laci-

2149 3040 2378 3108 litatem,
2410 3056 2510 3097 nec
2541 3058 2669 3097 vere
2692 3041 3016 3112 poenitentes
3045 3056 3303 3101 accusent
3328 3059 3565 3103 nostram
3597 3052 3753 3121 quasi

2150 3135 2338 3189 duram
2390 3135 2787 3191 crudelitatem.
2818 3136 3079 3207 Optamus
3109 3148 3181 3202 te,
3207 3138 3516 3197 beatissime
3545 3157 3609 3198 ac
3637 3144 3755 3215 glo-

434 3229 753 3300 bitum,quia
778 3228 2049 3302 merogasti;sicscriptumest(Luc.xn,9):Qui
2075 3241 2120 3303 ρ
2154 3229 2451 3285 riosissime
2479 3246 2637 3301 papa,
2666 3231 2718 3286 in
2776 3231 3005 3288 Domino
3052 3247 3267 3304 semper
3318 3235 3454 3290 bene
3486 3236 3669 3294 valere
3698 3248 3754 3294 et

434 3341 511 3379 me
529 3325 789 3395 negaverit
813 3338 988 3377 coram
1016 3322 1329 3389 hominibus,
1348 3322 1542 3393 negabo
1567 3331 1615 3377 et
1636 3339 1728 3394 ego
1743 3339 2044 3378 euntcoram

2153 3324 2327 3378 nostri
2356 3324 2691 3378 meminisse.

1721 3434 2083 3492 VARIORUM
2122 3435 2352 3491 NOT/E.

431 3538 719 3596 lectionem
762 3536 1095 3592 confirmant
1153 3542 1368 3588 veteres
1420 3531 1692 3588 editiones
1720 3541 1775 3586 et
1824 3538 2035 3603 septem

432 3621 618 3667 vetera
648 3609 1001 3677 exemplaria.
1024 3605 1272 3677 Nostram
1296 3620 1416 3676 quae
1436 3605 1659 3677 videtur
1682 3618 1804 3660 esse
1821 3605 2034 3670 melior,

431 3685 753 3737 confirmant
781 3675 890 3735 ue..-
920 3678 1124 3748 antiqni
1164 3675 1400 3732 codices.
1435 3675 1639 3748 Blitea.

504 3752 615 3807 VII.
634 3782 705 3792 —
724 3754 739 3784 ¹
767 3747 1404 3806 ΡαιὶεηιὶαίΡωηὶιεηιία.
1431 3749 1561 3801 Cod.
1599 3747 1847 3802 Lincoln.

505 3826 525 3854 ²
556 3822 946 3891 Αῖιενηαηιᾳυε.
978 3821 1069 3876 Sic
1093 3820 1221 3875 editi
1256 3819 1425 3891 ferme
1456 3834 1669 3891 omnes.
1696 3818 1831 3873 Cod.
1858 3817 2033 3891 Vat‘ic.

431 3905 479 3948 et
502 3903 684 3948 tetram
707 3910 724 3948 :
752 3888 911 3963 quam
938 3892 1235 3963 lectionem
1256 3890 1538 3963 in_textum
1570 3888 1773 3944 inferre
1800 3904 1908 3943 non
1937 3889 2035 3943 du-

430 3965 674 4022 bitarunt
694 3960 933 4020 editores
955 3962 1260 4031 Anglicani.
1286 3960 1457 4017 GALL.

529 4037 551 4068 ³
589 4036 780 4090 Vicinis
826 4035 989 4090 nobis.
1032 4029 1106 4089 Ita
1160 4032 1340 4087 Fellus
1389 4042 1444 4089 et
1476 4029 2039 4087 Baluzius.0mittunt

431 4109 573 4163 nobis
600 4107 991 4165 Welchmanus
1019 4115 1075 4161 et
1095 4104 1420 4161 Jacksonus.

426 4180 522 4246 Lf
548 4180 618 4235 Et
651 4196 800 4249 quos.
827 4178 1282 4249 Conjunctionem
1313 4186 1359 4230 et
1392 4173 1695 4231 redundare
1716 4181 1869 4245 putat
1889 4172 2040 4228 Wcl-

2140 3531 2427 3609 climanus.
2460 3531 2908 3609 Jalgsonoautem
2952 3548 3146 3609 sensus
3175 3534 3388 3609 videtur
3414 3545 3605 3609 etcum
3632 3540 3750 3609 qui-

2142 3603 2355 3657 busdam
2380 3620 2525 3673 quos.
2552 3603 2673 3659 Mox
2699 3604 2852 3658 deest
2880 3605 3058 3673 positis
3083 3605 3132 3657 in
3156 3606 3277 3660 cod.
3309 3605 3549 3663 Lincoln.
3578 3603 3751 3667 GA'LL.

2216 3675 2236 3705 ⁸
2268 3674 2614 3747 Credidimus.
2651 3675 2725 3730 Ita
2776 3691 2839 3747 ex
2872 3676 2994 3729 cod.
3031 3675 3185 3732 Bodl.
3223 3694 3257 3731 ι.
3291 3676 3497 3747 Fellus,
3529 3678 3752 3736 Welch-

2142 3761 2337 3801 manus
2356 3756 2411 3800 et
2439 3745 2733 3801 Jaksonus.
2763 3745 2851 3801 At.
2882 3747 3160 3801 credimus.
3197 3747 3367 3804 GALL.

2215 3817 2235 3847 ⁸
2267 3815 2336 3892 In
2389 3833 2729 3892 suspiciam...
2764 3833 3027 3872 moras...
3086 3820 3353 3892 sustinere.
3389 3819 3466 3892 _In
3507 3838 3754 3892 suspenso

2141 3887 2453 3961 emendavit
2474 3888 2765 3961 _liiorc|l_ius
2792 3903 2890 3955 pro
2918 3903 2983 3942 eo
3005 3890 3152 3961 quod
3196 3900 3354 3945 antea
3388 3887 3668 3961 legebatur
3697 3895 3754 3948 in

2142 3958 2439 4031 suspendio.
2474 3957 2797 4031 Unusjliber
2825 3974 2977 4031 meus
3002 3958 3166 4031 habet
3195 3970 3311 4013 voto
3339 3957 3607 4031 suspenso.
3628 3965 3750 4020 Mox

2142 4028 2953 4099 cod.Gratianopolitanus,qui
2996 4030 3123 4099 [oris
3173 4041 3383 4099 possunt
3422 4028 3748 4089 dilectionem

2143 4100 2414 4155 sustinere.
2439 4098 2780 4170 Yetustiores
2809 4098 3094 4164 editiones,
3117 4098 3246 4169 foris
3262 4112 3474 4170 possunt
3502 4105 3752 4160 dilatione

2146 4171 2402 4227 sustineri.
2444 4168 2647 4225 BALUZ.

434 4280 3721 4313 Mm“

1617 4361 1793 4406 'ANNO
1840 4360 2073 4404 DOMINI
2118 4356 2541 4403 CCLIl-CCLIII.

1124 4463 1213 4548 S.
1275 4458 1744 4561 LUCIUS,
1807 4458 1879 4566 Ι,
1931 4456 2233 4592 Ψ
2291 4454 2441 4536 ΕΤ
2499 4451 3025 4593 ΜΑΒΤᾙΒ.

1654 4623 1989 4687 ΝΟΤΙΤΙΑ
2032 4616 2489 4682 HISTORICA.

1751 4743 2457 4770 _______________

431 4837 435 4841 ’
498 4831 685 4889 Lucius
732 4831 977 4902 Pontifex
1016 4828 1303 4893 ordinatur,
1348 4840 1471 4879 ann.
1513 4819 1645 4885 252,
1674 4831 1843 4872 mense
1891 4808 2101 4880 Sep—D
2126 4807 2284 4902 data.
2319 4805 2372 4861 id
2419 4815 2588 4902 totum
2628 4814 2897 4902 constat:
2938 4825 2955 4857 ‹
2980 4804 3162 4902 {Super
3214 4808 3428 4879 quidem
3451 4832 3495 4877 ι,
3551 4808 3736 4871 scribit

425 4930 603 4985 tembri
624 4928 700 4983 vel
732 4927 957 4982 Octobri.
974 4955 1046 4967 —-
1068 4924 1195 4979 Post
1217 4918 1450 4977 Cornelii
1474 4913 1811 4985 martyrium,
1831 4906 2029 4964 Lucius

424 5024 479 5079 in
508 5022 626 5093 ejus
655 5022 831 5077 locum
875 5018 1156 5075 ordinatus
1193 5013 1266 5070 25
1295 5008 1623 5082 septembris
1644 5049 1659 5073 ,
1704 5005 1779 5059 uti
1829 5000 2027 5069 Pagius

421 5127 475 5174 et
528 5115 755 5173 Maurini
806 5114 1136 5169 arbitrantur
1184 5107 1284 5179 (1),
1334 5106 1420 5159 vel
1466 5102 1537 5157 28
1587 5097 1822 5155 octobris
1876 5093 2028 5163 juxta

420 5209 739 5274 Biancbini;
770 5208 1066 5261 Romanam
1097 5201 1281 5259 sedem
1310 5198 1401 5252 vix
1435 5195 1689 5265 adeptus,
1717 5190 1900 5261 jussus
1946 5190 2030 5238 est

417 5303 688 5362 exsulare.
712 5298 849 5353 Hinc
864 5313 985 5351 cum
1006 5294 1307 5367 Cyprianus
1321 5288 1513 5346 eodem
1539 5295 1782 5352 tempore
1810 5277 2027 5334 ordina-

417 5396 617 5451 tionem
641 5393 781 5462 ejus,
800 5405 863 5444 ac
887 5388 1135 5443 exsilium
1155 5384 1412 5447 audisset,
1430 5370 1940 5462 communicatorias
1960 5380 2023 5420 ac

414 5460 830 5559 gratulatorias,
870 5498 970 5537 suo
1019 5480 1451 5549 collegarumque
1496 5482 1716 5526 suorum
1769 5460 2025 5559 nomine,

413 5554 675 5650 epistolas
703 5577 769 5632 ad
796 5592 923 5632 eum
954 5574 1133 5637 misit,
1177 5586 1294 5641 qute
1322 5568 1420 5623 etsi
1450 5562 1732 5636 perierint,
1766 5571 1829 5611 ex
1860 5554 2028 5654 altera

417 5646 619 5738 tamen,
649 5687 769 5742 qua:
810 5670 988 5725 adhuc
1014 5674 1189 5724 chtat
1212 5706 1226 5730 ,
1260 5660 1325 5717 ad
1357 5657 1605 5714 eumdem
1633 5658 1756 5723 post
1798 5646 2031 5702 reditum

491 5783 570 5855 (1)
600 5783 752 5855 Pag.,
776 5782 842 5838 ad
873 5797 1000 5836 ann.
1031 5777 1158 5844 252,
1192 5774 1221 5846 §
1254 5774 1355 5839 M;
1387 5770 1517 5827 l’Art
1545 5769 1608 5823 de
1650 5760 1882 5832 Veri/Ser,
1918 5758 2023 5815 loc.

420 5856 518 5916 cit.
806 5894 809 5897 -
1430 5902 1447 5913 ..

783 5949 1061 6015 ΡΛτιιοι..
1096 5941 1221 6028 111.

2130 4899 2426 4971 Cyprianus
2455 4900 2534 4974 (2)
2562 4919 2578 4950 ί
2604 4899 2696 4956 tibi
2720 4942 2733 4967 ,
2764 4901 2929 4956 frater
2958 4900 3273 4957 charissime
3294 4945 3307 4969 ,
3350 4906 3600 4975 gratulati
3639 4922 3728 4962 su-

2128 5008 2269 5060 mus,
2297 5008 2419 5048 cum
2452 5002 2504 5047 te
2529 4994 2734 5047 honore
2756 4994 3028 5064 geminato
3058 4993 3110 5047 in
3141 4992 3395 5049 Ecclesia:
3421 5011 3531 5051 suae
3558 4997 3729 5053 admi-

2130 5088 2447 5143 nistratione
2476 5086 2844 5141 confessorem
2876 5087 3077 5154 pariter
3120 5096 3175 5140 et
3219 5088 3555 5144 sacerdotem
3593 5104 3728 5145 con-

2130 5181 2299 5233 stituit
2320 5164 2499 5234 divina
2527 5178 2767 5249 dignatio
2786 5218 2801 5242 ,
2827 5177 2920 5232 sed
2948 5186 3001 5231 et
3030 5194 3172 5233 nunc
3201 5194 3304 5233 non
3335 5182 3510 5235 minus
3543 5182 3635 5236 tibi
3675 5192 3732 5239 et

2128 5270 2416 5325 comitibus
2452 5269 2577 5337 tuis,
2606 5278 2770 5339 atque
2795 5271 3060 5324 universa:
3106 5270 3447 5327 Fraternitati
3487 5275 3729 5343 gratula-

2129 5379 2271 5428 mur,
2317 5360 2461 5432 quod
2501 5377 2622 5415 cum
2663 5362 2852 5415 eadem
2905 5360 3093 5430 gloria,
3144 5372 3197 5417 et
3240 5363 3488 5419 laudibus
3537 5368 3733 5422 veSIris

2130 5455 2356 5510 reduces
2382 5467 2476 5507 vos
2497 5452 2677 5506 denuo
2699 5452 2766 5505 ad
2797 5466 2923 5505 suos
2954 5450 3140 5507 fecerit
3172 5453 3397 5523 benigna
3424 5456 3630 5510 Domini
3678 5468 3735 5513 et

2132 5548 2276 5618 larga
2308 5545 2587 5616 protectio,
2614 5555 2669 5598 ut
2719 5544 2983 5614 pascendo
3026 5547 3171 5614 gregi
3226 5557 3427 5616 pastor,
3458 5550 3730 5620 ctguber-

2132 5638 2320 5696 nanda:
2343 5636 2465 5691 navi
2485 5636 2833 5707 gubernator,
2860 5643 2913 5690 et
2934 5637 3183 5707 regenda:
3210 5639 3356 5709 plebi
3398 5649 3577 5697 rector
3606 5642 3732 5698 red-

2132 5884 2149 5895 η,
2204 5822 2289 5897 (Ξ)
2315 5820 2593 5897 Cypriau.,
2629 5820 2725 5895 Ep.
2758 5818 2850 5887 61,
2875 5819 2943 5873 ad
2972 5817 3209 5973 Lugium,
3235 5821 3307 5876 al.
3335 5819 3423 5879 58.

3081 5912 3110 5973 1

3081 5912 3110 5976 1
