4260 6266
409 287 512 344 977

409 492 620 549 Consec.
652 492 771 547 dist.
816 507 854 546 ι.
894 492 1144 546 Jubemus
1194 494 1476 557 apostolica
1544 495 1925 563 auctoritate),
1959 505 2019 549 ut

409 605 626 660 semper
693 597 861 643 testes
928 588 1204 644 vobiscum
1275 589 1584 646 sacerdotes
1652 598 1707 644 et
1759 589 2018 644 diaconos

410 682 672 739 habeatis.
745 680 810 735 Et
904 680 1031 735 licet
1111 683 1440 736 conscientia
1525 682 1777 736 sufficere
1852 683 2020 752 possit

410 775 626 849 propria
649 817 662 839 ,
694 783 874 829 tamen
907 783 1124 844 propter
1151 776 1473 842 malevtilos,
1499 776 1650 845 juxta
1678 775 2017 846 Apostolum,

409 869 568 923 etiam
599 867 944 920 testimonium
974 881 1062 920 vos
1085 877 1282 937 aportet
1314 868 1498 922 habere
1520 867 1704 922 bonum
1735 869 1798 920 ab
1837 867 1915 922 Itis
1934 869 2022 939 qtti

410 965 535 1037 {oris
563 971 681 1018 sunt
707 962 761 1036 (l
784 961 922 1018 Tim.
951 961 1062 1033 ιιι).
1089 962 1368 1033 Quoniam;
1386 971 1440 1017 et
1463 963 1513 1016 in
1535 961 1637 1017 hac
1657 971 1840 1016 sancta
1879 961 2021 1017 Sede

410 1055 761 1111 Constitututn
793 1052 1092 1118 habemus,
1143 1062 1202 1106 ιιι
1247 1052 1355 1106 duo
1399 1053 1734 1124 presbyteri,
1783 1052 1866 1108 vel
1912 1062 2021 1108 tres

412 1147 628 1203 diaconi
661 1146 714 1201 in
758 1146 902 1200 omni
937 1146 1057 1199 loco
1082 1147 1396 1215 episcopum
1431 1161 1535 1200 non
1569 1146 1865 1215 deserant,
1895 1161 2021 1218 pro—

414 1252 532 1311 pter
555 1239 921 1295 testimonium
952 1238 1402 1294 ecclesiasticum.

483 1332 549 1387 ll.
581 1332 830 1401 Episcopi
876 1346 1005 1402 ergo
1030 1346 1135 1385 non
1192 1343 1318 1384 sunt
1360 1331 1552 1385 leviter
1600 1330 1891 1386 accusandi
1939 1332 2022 1387 vel

409 1423 763 1490 detrahendi,
813 1425 936 1493 quia
997 1424 1189 1495 injuria
1236 1439 1424 1479 eorum
1481 1422 1663 1497 (Greg.
1699 1424 1870 1494 Epist.
1913 1425 2018 1493 52,

409 1519 496 1574 lib.
532 1516 643 1589 xu)
683 1519 750 1572 ad
805 1515 1078 1572 Christum
1129 1517 1390 1585 pertinet,
1435 1517 1592 1586 cujus
1631 1516 1748 1570 vice
1784 1526 1838 1571 et
1883 1516 2027 1587 lega-

412 1614 558 1666 tione
598 1612 894 1681 funguntur
924 1611 976 1664 in
1003 1610 1264 1665 Ecclesia.
1297 1609 1451 1664 Unde
1490 1610 1644 1665 nobis
1683 1619 1737 1664 et
1774 1610 2024 1665 omnibus

409 1705 499 1773 qui
545 1703 827 1758 nobiscum
870 1711 996 1756 sunt
1025 1703 1076 1756 in
1129 1710 1312 1755 nostro
1338 1701 1570 1768 solatio,
1621 1701 1760 1754 sicut
1801 1711 1853 1756 et
1892 1702 2021 1756 olim

1263 283 1620 342 EPISTOLIE
1662 285 1752 342 ET
1794 285 2118 343 DECRETA
2157 289 2212 344 ς.
2258 289 2462 348 LUCIO
2489 291 2894 352 ADSCRIPTA.

406 399 461 455 in
497 398 598 452 hac
644 403 829 452 saneta
898 390 1141 453 Ecclesia
1196 399 1542 454 constitutum
1602 400 1862 457 habemus
1907 400 2100 474 (DeA

3619 304 3729 362 978

2201 405 2286 460 IV.
2319 406 2577 466 Similiter
2632 411 2828 484 (Hadr.
2874 413 2996 469 coll.
3045 431 3090 469 c.
3120 414 3234 488 14),
3268 417 3588 474 auctoritate
3611 418 3734 476 fulti

2121 502 2440 570 apostolica,
2469 506 2812 574 praecipimus
2836 515 2892 560 ut
2924 507 3104 562 nullus
3128 510 3575 580 metropolitauns
3619 513 3738 582 epi~

2122 607 2338 663 scOpus,
2363 597 2564 667 absque
2591 607 2909 654 exterarum
2935 602 3173 654 omnium
3199 599 3749 672 coniprovincialium'

2123 687 2499 757 episc0pornm
2551 690 2822 756 instantia,
2855 692 3151 762 aliquorum
3195 692 3378 748 audiat
3420 709 3610 750 causas
3636 709 3732 750 eoo

2123 795 2263 842 rum;
2291 781 2416 851 quia
2437 782 2582 836 irrita
2611 793 2789 847 erunt,
2818 793 2869 838 ct
2894 783 3008 852 ipse
3029 799 3246 840 causam
3279 801 3375 856 pro
3400 785 3540 841 facto
3557 787 3735 842 dabit.

2198 870 2262 925 V.
2302 873 2550 942 Episcopi
2579 889 2708 928 vero
2737 889 2834 943 per
2881 875 3126 946 singulas
3184 880 3488 947 provincias
3542 879 3733 935 obser-

2124 971 2250 1017 vent
2297 977 2364 1017 ne
2409 965 2737 1032 posteriores
2789 980 2847 1020 se
2903 967 3174 1037 prioribus
3224 970 3334 1023 suis
3389 971 3731 1039 praeferant;

2125 1068 2225 1108 nee
2254 1055 2333 1109 eis
2365 1055 2680 1111 inconsultis
2725 1056 2958 1128 (Concil.
3012 1059 3186 1114 Milev.
3238 1078 3353 1132 cap.
3413 1063 3511 1128 15;
3563 1063 3740 1119 Codex

2126 1147 2288 1218 Afric.
2319 1165 2434 1218 cap.
2476 1148 2606 1218 86),
2663 1151 2761 1204 nisi
2811 1163 3068 1222 quantum
3099 1155 3164 1207 ad
3195 1157 3466 1226 propriam
3500 1157 3738 1227 pertinet

2126 1242 2455 1311 parochiam,
2509 1242 2707 1312 aliquid
2754 1253 2914 1314 agant
2958 1264 2970 1300 :
3014 1246 3104 1301 sed
3159 1262 3348 1304 omnes
3380 1249 3445 1304 de
3487 1265 3734 1305 commu-

2125 1335 2284 1389 nibus
2322 1349 2509 1389 eorum
2536 1335 2711 1391 causis
2752 1351 3045 1392 consonam
3096 1342 3416 1395 sententiam
3463 1343 3740 1413 proferant

2126 1437 2179 1483 et
2209 1427 2594 1491 determinent,
2646 1429 2898 1499 quoniam
2918 1431 3076 1485 aliter
3105 1441 3220 1486 acta
3257 1434 3430 1488 nullas
3457 1436 3600 1490 vires
3633 1436 3733 1491 ha-

2129 1520 2348 1585 bebant,
2397 1535 2495 1575 nec
2522 1520 2890 1576 ecclesiastica
2920 1526 3315 1594 reputabuntur
3342 1526 3540 1599 (Hadr.
3592 1528 3729 1585 Coll.

2130 1629 2245 1683 cap.
2278 1612 2356 1683 3).
2391 1611 2595 1666 Bonum
2625 1623 2789 1680 esset,
2821 1613 3036 1681 fratres,
3070 1626 3121 1671 et
3149 1619 3306 1673 valde
3339 1619 3504 1673 Deum
3540 1622 3738 1676 timcn-

2131 1707 2270 1761 tibus
2298 1715 2352 1761 et
2381 1707 2468 1776 pie
2497 1707 2678 1761 vivere
2726 1708 3032 1763 volentibus
3076 1715 3464 1780 necessarium,
3512 1715 3556 1769 si
3592 1716 3733 1770 intra

409 1798 610 1850 factum
659 1795 990 1860 invenimus,
1024 1795 1279 1849 constitui
1334 1794 1532 1864 placuit
1577 1802 1634 1848 ut
1687 1794 2015 1849 criminatio-
2057 1804 2100 1863 Β
2128 1799 2446 1856 catholicam
2493 1800 2790 1856 Eeclesiam
2839 1801 3036 1857 nullius
3063 1804 3210 1870 mali,
3241 1815 3331 1859 aut
3370 1807 3733 1862 infestationis

411 1905 509 1946 nes
556 1889 816 1959 majorum
859 1901 984 1943 natu
1045 1904 1138 1959 per
1193 1888 1330 1942 alios
1378 1902 1482 1942 non
1517 1888 1644 1942 fiant
1701 1888 1871 1961 (‘2,q.
1905 1887 2018 1962 7),

412 1983 514 2037 nisi
559 1998 654 2052 per
699 1984 842 2052 ipsos
888 1983 976 2052 qui
1022 1982 1246 2036 crimina
1280 1981 1560 2036 intendunt
1592 1981 1868 2052 (Anianus,
1902 1999 2018 2052 cap.

408 2073 515 2140 ‘25,
547 2077 624 2129 tit.
663 2091 713 2142 ι,
741 2075 858 2128 libri
885 2091 936 2129 ix
962 2117 975 2140 ,
1010 2072 1138 2129 Cod.
1173 2072 1417 2145 Theod.),
1454 2075 1496 2128 si
1535 2083 1712 2128 tamen
1745 2075 1843 2145 ipsi
1875 2075 2022 2146 digni

406 2177 460 2223 et
508 2169 1015 2238 irreprehensibiles
1068 2169 1452 2238 apparuerint,
1489 2177 1543 2224 et
1577 2171 1712 2224 actis
1738 2171 2022 2226 docuerint

404 2263 636 2333 publicis
659 2262 842 2335 (Cone.
873 2264 1067 2318 Arelat.
1101 2281 1146 2317 ι’.
1181 2264 1270 2335 15)
1331 2265 1476 2318 omni
1528 2279 1588 2319 se
1623 2280 1811 2320 carere
1842 2267 2020 2336 suspi-

405 2361 562 2414 cione
594 2367 754 2430 atque
785 2359 1062 2413 inimicitia
1085 2399 1098 2421 ,
1127 2368 1181 2414 et
1217 2358 1748 2428 irreprehensibilem
1776 2360 1933 2414 ﬁdem
1956 2375 2020 2416 ac

405 2453 872 2508 conversationem
892 2451 1090 2506 dueere
1123 2449 1318 2522 (Hadr.
1366 2450 1498 2505 Coll.
1553 2468 1670 2520 cap.
1715 2450 1807 2521 9).
1862 2451 2019 2509 Unde

403 2545 606 2615 placuit
650 2553 708 2599 ut
759 2560 786 2597 a
834 2544 1260 2615 quibuscumque
1299 2544 1570 2612 judicihus
1636 2545 2019 2601 ecclesiasticis

404 2637 583 2710 (Conc.
639 2637 889 2710 Carthag.
934 2653 1028 2703 tn,
1071 2655 1186 2709 cap.
1240 2635 1330 2706 10)
1377 2639 1443 2691 ad
1495 2638 1630 2690 alios
1674 2637 1887 2706 judices
1927 2653 2018 2694 ec-

400 2731 766 2800 clesiaSIicos,
799 2731 887 2786 ubi
940 2740 1024 2787 est
1064 2731 1236 2800 major
1275 2730 1601 2799 auctoritas,
1629 2730 1674 2784 si
1706 2731 1863 2786 fuerit
1895 2747 2018 2803 ιιι-ο-

403 2839 683 2895 vocatum,
716 2827 988 2884 audientia
1014 2842 1118 2881 non
1154 2834 1398 2895 negetur.

479 2919 716 2975 ll|.Item
732 2921 1113 2975 constituimus
1134 2921 1210 2988 (5,
1243 2935 1294 2988 q.
1329 2919 1396 2982 ὅς
1422 2916 1598 2971 nullus
1629 2929 1795 2971 autent
1826 2921 2016 2989 primas

403 3012 496 3065 sub
518 3013 720 3066 nomine
747 3012 948 3066 Callisti
974 3012 1181 3082 ponitur
1210 3009 1323 3080 ibi),
1356 3009 1494 3062 sicut
1521 3021 1569 3063 el
1595 3023 1623 3060 a
1652 3012 1856 3066 sanctis
1874 3014 2017 3082 Apo-

400 3105 556 3160 stolis
601 3121 897 3176 eorumque
923 3105 1327 3161 successoribus
1358 3103 1634 3157 decretum
1672 3107 1974 3174 reperimus
1997 3151 2011 3175 ,

2126 1893 2370 1964 alicujus,
2402 1909 2528 1964 erga
2553 1895 2760 1949 Domini
2791 1895 3122 1963 sacerdotes,
3149 1907 3240 1951 aut
3260 1898 3406 1966 justc
3438 1910 3492 1954 et
3522 1899 3605 1970 pie
3637 1901 3731 1954 'vo-

2125 1990 2298 2044 lentes
2324 1988 2527 2055 vivere,
2555 2003 2775 2059 germen
2809 1998 3148 2059 exsurgeret.
3184 1990 3289 2045 Sed
3347 1991 3488 2059 quia,
3529 2007 3735 2060 prim-a-

2125 2083 2270 2138 lente
2302 2081 2525 2146 invidia,
2557 2081 2698 2152 quod
2733 2080 2971 2136 deterius
3001 2091 3083 2136 est
3114 2082 3285 2152 surgit
3317 2091 3370 2137 et
3399 2084 3615 2150 crescit,
3651 2095 3734 2139 at.

2123 2191 2227 2244 que
2274 2175 2432 2228 nimis
2461 2189 2520 2228 se
2550 2173 2602 2227 in
2636 2188 2823 2228 omnes
2866 2181 3047 2244 partes
3077 2175 3342 2241 extendit,
3391 2176 3596 2231 idcirco
3638 2193 3735 2232 ne-

2122 2282 2275 2322 cesse
2319 2278 2404 2324 est
2457 2266 2587 2322 illud
2637 2268 3006 2323 ecclesiastico
3047 2277 3102 2322 et
3145 2269 3444 2338 apostolico
3488 2270 3735 2326 abscindi

2124 2377 2402 2427 mucrone,
2434 2377 2502 2416 ne
2531 2370 2556 2398 τι
2588 2361 2764 2415 servis
2811 2361 2902 2414 Dei
2945 2375 3010 2415 ac
3051 2360 3264 2416 Domini
3294 2361 3320 2400 ι)
3352 2362 3734 2419 sacerdOtibus

2123 2453 2298 2506 valeat
2322 2468 2518 2508 nocere
2539 2460 2631 2506 aut
2649 2453 2903 2523 perdere.
2931 2452 3282 2508 Exhonoravit
3300 2457 3434 2509 enim
3459 2454 3733 2528 Dominus,

2124 2557 2178 2600 ιιι
2211 2551 2260 2601 in
2290 2546 2673 2601 Ecclesiastico
2706 2546 2899 2615 legitur
2929 2545 3097 2612 libro,
3137 2559 3415 2602 conventus
3449 2551 3727 2617 malorum,

2121 2650 2167 2694 et
2191 2639 2439 2694 destruxit
2464 2638 2604 2693 Deus
2642 2655 2726 2692 eos
2746 2654 2903 2702 usque
2926 2639 2978 2691 in
3009 2640 3182 2706 ﬁnem.
3219 2639 3380 2694 Sedes
3409 2641 3597 2694 ducunt
3641 2658 3732 2697 su-

2123 2733 2392 2801 perborum
2418 2731 2667 2785 destruxit
2698 2730 2854 2796 Deus,
2907 2741 2954 2784 et
2993 2732 3165 2785 sedere
3191 2735 3310 2801 fecit
3339 2735 3483 2786 mites
3509 2752 3603 2804 pro
3629 2736 3724 2790 eis.

2127 2826 2340 2882 Radices
2365 2826 2590 2896 gentium
2615 2826 2946 2895 superbarum
2976 2825 3181 2893 arefecit
3215 2823 3374 2887 Detts,
3401 2836 3448 2880 et
3473 2828 3728 2896 plantavit

2121 2918 2334 2972 humiles
2351 2935 2413 2972 ea:
2430 2918 2553 2986 ipsis
2579 2915 2828 2988 gentibus.
2881 2915 3065 2970 Terras
3103 2917 3326 2986 gentium
3352 2918 3523 2971 evertit
3541 2917 3727 2972 Domi-

2120 3028 2236 3076 nus,
2266 3022 2312 3065 et
2339 3010 2558 3081 perdidit
2586 3027 2671 3063 eas
2701 3025 2856 3077 usque
2880 3008 2949 3061 ad
2969 3009 3380 3079 fundamentum.
3415 3010 3636 3081 Arefecit
3664 3026 3731 3063 ea:

2119 3105 2263 3174 ipsis,
2289 3115 2334 3158 ct
2355 3104 2656 3175 disperdidit
2679 3119 2784 3168 eos,
2803 3111 2850 3156 et
2875 3118 3074 3156 cessare
3090 3104 3207 3172 fecit
3230 3106 3528 3158 memoriam
3554 3120 3729 3158 eorum

398 3198 443 3255 si
483 3197 606 3268 quis
637 3197 1086 3267 metropolitanus
1118 3197 1436 3266 episc0pns,
1495 3195 1596 3248 nisi
1637 3196 1778 3265 quod
1820 3200 2016 3254 solum.
2041 3196 2085 3258 C
2120 3198 2182 3249 de
2209 3207 2364 3250 terra.
2397 3195 2630 3249 Perdidit
2662 3195 2801 3249 Deus
2828 3195 3122 3248 memoriam
3151 3196 3504 3264 superborum,
3535 3206 3580 3251 et
3603 3199 3728 3252 reli-

400 3290 563 3345 modo
604 3290 669 3344 ad
714 3291 986 3361 prepriam
1012 3295 1242 3360 pertinet
1281 3287 1591 3360 parochiam
1616 3328 1631 3353 ,
1680 3289 1796 3345 sine
1826 3291 2006 3346 consi-

399 3382 472 3437 lio
517 3391 572 3438 et
618 3382 900 3437 voluntate
941 3382 1179 3437 omnium
1235 3388 1773 3456 comprovincialium
1803 3388 2011 3456 episeo-

400 3492 590 3547 porum
653 3476 864 3549 (Hadr.
913 3478 1032 3532 coll.
1091 3496 1136 3534 ε.
1194 3480 1334 3552 46),
1404 3492 1555 3536 extra
1607 3483 1808 3554 aliquid
1849 3496 2012 3552 agere

400 3571 719 3637 tentaverit,
753 3572 950 3641 gradus
992 3574 1073 3627 sui
1118 3575 1356 3642 periculo
1391 3576 1715 3645 snbjaccbit;
1767 3587 1821 3631 et
1868 3576 2009 3646 quod

399 3665 800 3734 egeritirritnm
846 3667 1107 3722 habeatur
1137 3677 1190 3721 et
1244 3685 1491 3724 vacuum.
1526 3670 1631 3725 Sed
1662 3671 1913 3742 quiequid
1941 3671 2010 3727 de

401 3759 933 3826 comprovincialium
948 3760 1390 3829 coepiscopomm
1409 3763 1606 3826 causis,
1622 3778 1915 3832 eorumque
1929 3778 2010 3819 ec-

399 3851 686 3906 clesiarum
715 3862 768 3906 et
806 3853 1128 3908 clericorum
1153 3863 1312 3923 atque
1353 3855 1691 3908 SIPClllall‘llllll
1720 3856 2010 3909 necessita-

400 3947 566 4010 tibus,
599 3956 688 4000 aut
715 3947 781 4000 de
808 3946 1233 4017 quibuscumque
1259 3947 1636 4002 communibus
1671 3948 1848 4002 mmsis
1879 3963 2004 4018 age-

397 4054 490 4105 re,
520 4049 614 4093 aut
644 4039 931 4110 disponere
963 4054 1188 4095 necesse
1230 4039 1428 4103 fuerit,
1478 4039 1578 4093 hoc
1605 4054 1724 4093 cum
1767 4041 2006 4094 omnium

397 4146 668 4187 consensu
698 4133 1239 4202 comprovincialium
1281 4144 1472 4204 agatur
1515 4131 1826 4202 pontificum
1849 4176 1862 4197 ,
1899 4149 2005 4189 non

397 4226 578 4296 aliquo
642 4226 1028 4280 dominatiOnis
1094 4225 1268 4291 fastu,
1330 4226 1424 4281 sed
1499 4225 1755 4280 concordi
1807 4235 1860 4280 el
1910 4226 2008 4279 hu-

399 4319 622 4373 millima
671 4319 1169 4384 administratione,
1226 4321 1363 4372 sicut
1419 4317 1680 4373 Dominus
1726 4319 1800 4372 ait
1836 4337 1847 4372 :
1883 4317 2006 4373 Non

396 4414 509 4467 veni
539 4414 862 4477 ministrari,
892 4414 981 4466 sed
1011 4413 1304 4466 ministrare
1338 4411 1550 4483 (Matth.
1584 4428 1676 4474 xx;
1716 4411 1880 4466 Marc.
1909 4428 1942 4467 ι
1962 4412 2002 4484 ).

401 4506 466 4561 Ει
495 4507 621 4561 alibi
651 4529 662 4562 :
697 4506 796 4572 Qui
839 4507 1006 4576 major
1035 4517 1107 4560 est
1153 4518 1396 4571 vestrum,
1439 4507 1533 4558 erit
1589 4505 1817 4559 minister
1847 4514 2007 4560 vester

2117 3290 2226 3356 quit
2247 3289 2540 3343 memoriam
2563 3287 2832 3341 humilium
2858 3303 3030 3341 sensu.
3059 3286 3109 3339 Ν
3115 3303 3180 3341 οη
3209 3298 3279 3341 est
3307 3298 3479 3342 creata
3509 3289 3730 3343 homini-

2117 3382 2211 3436 bus
2235 3381 2493 3450 superbia,
2518 3396 2678 3451 neque
2701 3379 2970 3433 iracundia
2997 3380 3194 3433 nationi
3222 3381 3512 3436 mulierum.
3542 3381 3729 3437 Semen

2118 3479 2382 3532 ltontinum
2408 3476 2743 3531 Itouorabitur
2763 3475 2858 3528 hoc
2885 3474 3021 3545 quod
3041 3477 3184 3530 timet
3213 3473 3412 3540 Deum;
3443 3492 3610 3530 semen
3632 3494 3733 3530 au-

2117 3581 2212 3626 tem
2243 3571 2338 3624 hoc
2367 3568 2765 3624 cxhonorabitur
2782 3569 3046 3620 hominum
3072 3568 3209 3638 quod
3231 3568 3454 3637 pra’terit
3483 3568 3730 3624 mandata

2117 3661 2347 3718 Domini.
2381 3662 2448 3715 1η
2480 3660 2644 3714 medio
2672 3664 2914 3732 fratrum,
2957 3669 3126 3714 rector
3161 3661 3370 3714 illortun
3399 3661 3451 3714 in
3483 3661 3676 3714 honore
3711 3680 3723 3715 :

2115 3769 2160 3812 et
2184 3759 2269 3827 qui
2303 3751 2480 3810 timent
2520 3754 2822 3819 Dominum,
2856 3763 3004 3807 erunt
3045 3754 3099 3806 itt
3147 3754 3308 3808 oculis
3334 3751 3499 3808 illius.
3546 3751 3725 3809 Gloria

2115 3852 2347 3914 divitum,
2377 3852 2745 3903 honoratorum
2772 3855 2819 3898 et
2847 3861 3150 3915 pauperum,
3181 3846 3333 3900 timor
3358 3846 3452 3900 Dei
3475 3856 3568 3900 est.
3598 3845 3726 3900 Noli

2113 3944 2373 4007 despicere
2400 3941 2655 3993 hominem
2696 3939 2898 4008 justum
2927 3954 3230 4006 pauperem,
3262 3947 3308 3991 et
3338 3939 3444 3992 noli
3476 3939 3722 4010 magniﬁ-

2113 4051 2230 4088 care
2267 4035 2432 4086 virum
2463 4037 2779 4101 peccatorem
2820 4029 3042 4082 divitem.
3079 4029 3326 4100 Magnus,
3372 4041 3417 4084 et
3455 4032 3643 4100 judex,
3675 4043 3724 4083 et

2114 4137 2289 4197 potens
2317 4136 2388 4180 est
2418 4125 2470 4177 in
2499 4124 2691 4177 honore
2735 4137 2752 4176 :
2799 4130 2845 4175 et
2892 4137 2993 4174 non
3033 4131 3104 4174 est
3147 4121 3315 4189 maior
3343 4121 3434 4175 illo
3464 4121 3551 4190 qui
3580 4121 3724 4175 timet

2111 4222 2299 4276 Deum.
2333 4219 2491 4274 Servo
2522 4224 2725 4272 sensato
2758 4215 2901 4268 liberi
2930 4215 3166 4280 servient,
3220 4224 3267 4268 et
3298 4215 3375 4268 vir
3421 4212 3643 4280 prudens
3672 4225 3721 4268 et

2111 4313 2470 4384 disciplinatus
2501 4326 2602 4363 non
2638 4308 2977 4362 murmurabit
3003 4316 3289 4378 correptus,
3311 4317 3356 4360 et
3382 4306 3573 4360 inscius
3617 4323 3721 4361 non

2111 4405 2467 4460 Itouorabitur.
2505 4400 2634 4456 Noli
2677 4411 2724 4456 te
2753 4401 2994 4456 extollere
3019 4402 3070 4454 in
3105 4400 3340 4472 faciendo
3371 4411 3392 4436 ο
3425 4415 3580 4470 Opera
3607 4408 3720 4466 tua,

2109 4511 2157 4554 et
2196 4499 2304 4553 noli
2348 4496 2575 4551 cunctari
2621 4494 2674 4548 in
2723 4504 2948 4565 tempore
2986 4495 3257 4564 angustiae.
3301 4492 3488 4548 Melior
3515 4500 3588 4547 est
3632 4493 3723 4563 qui

397 4598 414 4669 (
441 4598 626 4652 Matth.
669 4614 799 4652 xxut
819 4598 838 4665 )
859 4639 873 4662 ,
919 4606 973 4653 et
1020 4597 1247 4667 reliqua.
1295 4597 1554 4653 Similiter
1605 4597 1703 4665 ipsi
1751 4613 2004 4668 cotnpro-
2035 4592 2084 4652 Ι)
2112 4602 2354 4664 aperatur
2383 4600 2431 4644 et
2458 4587 2686 4643 abundat
2714 4589 2767 4642 in
2797 4587 3058 4652 omnibus,
3091 4603 3242 4658 quam
3273 4586 3360 4656 qui
3389 4586 3641 4656 gloriatur
3667 4595 3720 4640 et

398 4691 657 4745 vinciales
707 4691 949 4761 episcopi
1006 4699 1196 4744 cuncta
1246 4705 1367 4743 cum
1415 4689 1532 4757 ejus
1589 4687 1856 4753 consilio,
1900 4688 2005 4743 nisi

398 4793 658 4854 quantum
713 4785 778 4838 ad
833 4785 1080 4856 proprias
1130 4785 1364 4853 pertinet
1422 4783 1743 4853 parochias,
1803 4793 2000 4853 agant,

396 4878 550 4948 juxta
591 4886 902 4932 sanctorum
948 4877 1239 4932 constituta
1274 4876 1517 4939 Patrum,
1557 4883 1613 4928 ut
1658 4889 1765 4929 uno
1798 4877 2001 4940 animo,

402 4988 508 5027 uno
545 4987 640 5028 ore
680 4972 1025 5028 concorditer
1061 4980 1245 5026 sancta
1291 4968 1626 5041 glorificetur
1665 4967 1907 5023 Trinitas
1949 4969 2002 5021 in

471 5132 711 5189 l.-—Duo
743 5129 1023 5202 presbyteri
1051 5131 1127 5183 vel
1153 5138 1252 5202 tres
1276 5127 1481 5181 diaconi
1509 5127 1561 5178 in
1588 5123 1727 5202 omni
1753 5124 1864 5202 loco
1892 5122 1998 5202 epi-

397 5223 608 5275 sc0pum
649 5193 753 5276 non
822 5193 1076 5276 deserant.
1152 5201 1469 5276 Decernitur
1516 5206 1573 5250 nt
1630 5193 1995 5276 adieritaonda

396 5267 753 5332 detractionis
782 5284 838 5328 et
866 5274 1098 5327 infantiae
1123 5271 1358 5342 perienla
1389 5279 1611 5339 propter
1633 5267 1999 5342 testimonium

396 5349 656 5404 Ecclesia:
687 5361 949 5415 nusquam
974 5337 1136 5400 eant.-
1154 5343 1253 5416 nisi
1283 5337 1512 5416 duorum
1537 5337 2000 5416 .ptfshyterprnm

396 5432 449 5474 et
476 5421 635 5474 trium
669 5404 1022 5472 diaconorutu
1071 5415 1326 5469 comitatu
1367 5404 1575 5481 stipati;
1611 5404 1816 5481 Decreti
1843 5404 2002 5473 hujus

395 5491 676 5546 sanciendi
707 5490 990 5544 calumnia:
1033 5488 1085 5541 in
1117 5479 1499 5539 Cornelitunra
1530 5479 1830 5534 NovatiOno
1869 5490 2000 5529 con-

399 5563 559 5618 ficta'.
614 5562 681 5616 de
724 5561 919 5631 quibus
968 5575 1152 5628 supra,
1203 5569 1420 5631 causam
1471 5549 1685 5606 dedisse
1729 5547 1997 5601 videntur.

401 5633 676 5699 Baronius,
704 5627 846 5687 anno
870 5631 1001 5698 257,
1032 5645 1178 5684 num.
1208 5627 1262 5682 5.

2108 4699 2214 4760 eget
2270 4703 2422 4757 pane.
2470 4683 2601 4749 Fili,
2639 4684 2693 4737 in
2719 4681 3106 4736 mansuetudine
3126 4697 3269 4734 serva
3297 4681 3522 4734 animam
3547 4689 3712 4747 tuam,

2108 4792 2156 4838 et
2175 4780 2242 4835 da
2267 4780 2346 4836 illi
2371 4779 2614 4833 honorem
2643 4775 2920 4830 secundum
2951 4774 3367 4827 meritumsnum.
3402 4770 3713 4826 Peccantem

2108 4877 2160 4929 in
2188 4875 2412 4928 auintant
2438 4887 2586 4925 suam
2609 4869 2720 4938 quis
2735 4866 3080 4938 justi/icabit?
3113 4865 3174 4917 Et
3209 4866 3323 4935 quis
3348 4863 3714 4932 honoriﬁcabit

2105 4967 2506 5021 exhonorantem
2549 4960 2775 5013 animam
2822 4957 3011 5011 suam?
3055 4953 3267 5024 Pauper
3312 4956 3565 5024 gloriatur
3619 4969 3711 5024 per

2108 5057 2434 5129 disciplinant
2457 5062 2502 5108 et
2532 5053 2762 5105 timorem
2803 5066 2952 5104 suum
2983 5065 3001 5102 :
3032 5061 3078 5102 et
3110 5057 3182 5102 est
3213 5047 3362 5100 homo
3387 5047 3472 5117 qui
3501 5046 3712 5100 honori-

2107 5153 2290 5218 ﬁcatur
2319 5156 2526 5218 propter
2551 5142 2888 5197 substantiam
2918 5157 3086 5196 suam.
3120 5139 3220 5207 Qui
3245 5147 3417 5192 autem
3458 5138 3714 5208 gloriatur

2102 5244 2155 5296 in
2188 5229 2505 5312 paupertate,
2535 5243 2724 5306 quanto
2755 5235 2917 5305 magis
2946 5234 2997 5286 iu
3029 5232 3357 5286 substantia?
3389 5230 3455 5284 Et
3479 5231 3569 5299 qui
3591 5230 3711 5302 glo-

2102 5335 2267 5387 riatur
2310 5333 2361 5384 in
2407 5328 2712 5391 substantia,
2759 5334 3111 5397 paupertatem
3152 5335 3404 5379 vereatur.
3439 5323 3712 5394 Sapientia

2106 5423 2362 5479 humiliuti
2405 5420 2649 5475 exaltabit
2676 5427 2828 5485 caput
2858 5418 3019 5484 illius,
3069 5427 3113 5472 et
3161 5423 3214 5472 in
3243 5417 3411 5471 medio
3443 5425 3711 5482 inagitata-

2106 5535 2219 5573 ruut
2249 5516 2513 5570 considere
2540 5514 2686 5568 illum
2713 5513 2882 5582 faciet.
2917 5510 3036 5566 Non
3059 5511 3239 5566 laudes
3261 5512 3424 5565 uirum
3449 5511 3503 5564 in
3545 5511 3714 5580 specie

2104 5629 2222 5676 sua,
2257 5625 2412 5679 neque
2442 5623 2654 5679 spernas
2683 5607 2938 5660 hominem
2964 5607 3018 5660 in
3043 5606 3153 5661 visu
3183 5621 3296 5660 suo.
3333 5602 3503 5658 Brevis
3533 5603 3586 5657 in
3615 5618 3710 5660 vo-

1619 5707 1996 5769 LECTIONES
2035 5699 2453 5764 VARIANTES.

464 5800 491 5826 ³
526 5792 663 5846 Alias
689 5795 892 5845 Servos.

466 5859 493 5895 δ
530 5862 563 5909 Α
577 5856 665 5907 has
685 5859 808 5906 Sacr-
819 5859 1003 5907 rrlntcs.

2174 5804 2196 5834 ο
2236 5797 2373 5852 Alias
2404 5806 2559 5860 Opere
2588 5802 2669 5846 tuo
2692 5790 2765 5845 vel
2787 5804 2912 5856 opus
2935 5799 3090 5842 tuum.
