4260 6266
569 280 675 338 979

1912 272 2258 330 APPENDIX
2303 272 2530 330 UNICA.

3783 277 3894 334 980

565 395 802 450 latilibus
821 395 954 464 apis,
986 403 1032 447 et
1054 393 1253 447 initium
1282 391 1507 446 dulcoris
1530 391 1675 446 habet
1701 391 1904 461 fructus
1931 390 2089 444 illius.
2110 385 2178 442 In
2203 391 2258 452 Α
2282 390 2672 457 abscinduntur
2702 391 2870 448 verbo
2898 391 3101 448 divino.
3144 391 3332 446 Beatus
3358 400 3525 448 autem
3553 399 3631 449 est
3669 393 3761 448 ille
3800 395 3896 462 qui

561 491 742 544 vestitu
769 486 1097 557 ne‘glorieris
1126 503 1390 554 umquam,
1424 503 1514 540 nec
1544 487 1594 539 in
1627 486 1710 540 die
1748 484 1954 538 honoris
1982 486 2053 538 tui
2082 501 2170 538 ea:-

563 582 798 647 tollaris;
823 580 1065 650 quoniam
1096 579 1351 632 mirabilia
1400 595 1556 650 Opera
1609 578 1857 632 Altissimi
1910 578 2091 644 solius,
2127 586 2174 631 et

559 675 810 747 gloriosa,
843 680 888 724 et
921 672 1188 737 absconsa,
1230 681 1276 725 et
1308 671 1468 724 invita
1497 687 1652 740 opera
1681 670 1844 723 illius.
1895 667 2052 722 Multi
2095 678 2174 739 ty-

562 767 714 820 ranni
743 765 981 819 sederunt
1011 764 1065 816 in
1096 763 1296 828 throno,
1325 773 1368 816 et
1392 763 1770 833 insuspicabilis
1799 762 2017 831 portavit
2059 761 2172 815 dia-

563 861 734 914 dema.
772 857 922 910 Multi
973 866 1196 927 potentes
1226 858 1459 925 oppressi
1485 866 1604 910 sunt
1651 855 1817 920 valde,
1870 863 1916 910 et
1965 854 2174 924 gloriosi

563 953 740 1008 traditi
771 961 889 1006 sunt
917 953 968 1005 in
997 968 1177 1005 manus
1205 953 1503 1005 alterorum.
1531 951 1842 1020 Priusquam
1871 951 2170 1022 interroges,

561 1063 626 1102 ne
653 1047 906 1114 vituperes
937 1061 1238 1113 quemquam
1270 1062 1288 1098 :
1316 1055 1365 1099 et
1389 1062 1506 1098 cum
1536 1044 1948 1114 interrogaveris,
1974 1044 2174 1109 corripe

555 1143 715 1213 juste.
743 1138 1057 1210 Priusquam
1087 1140 1292 1206 audias,
1323 1156 1415 1192 nec
1441 1139 1751 1210 respondeas
1774 1137 2000 1202 verbum,
2029 1147 2076 1190 et
2119 1137 2174 1189 in

560 1236 729 1289 medio
752 1235 1008 1288 seniorum
1039 1250 1100 1286 ne
1125 1233 1340 1303 adjicias
1364 1233 1523 1301 loqui.
1567 1231 1645 1286 De
1675 1248 1733 1285 ea
1758 1248 1812 1284 re
1851 1246 1966 1300 qua:
1996 1240 2043 1284 te
2074 1246 2174 1284 non

560 1329 812 1390 molestat,
836 1344 897 1380 ne
923 1327 1148 1392 certeris,
1173 1337 1219 1379 et
1249 1327 1303 1379 in
1320 1326 1519 1396 judicio
1547 1325 1864 1396 peccantium
1894 1341 1956 1378 ne
2001 1324 2173 1378 consi-

559 1433 685 1479 stas.
719 1419 830 1473 Fili
863 1421 949 1483 mi,
983 1437 1044 1473 ne
1067 1421 1119 1473 in
1149 1420 1318 1473 multis
1337 1420 1436 1472 sint
1462 1429 1606 1472 actus
1633 1419 1726 1484 tui,
1755 1426 1803 1474 et
1827 1418 1869 1471 si
1897 1417 2033 1471 dives
2059 1417 2171 1484 fue-

561 1518 656 1581 ris,
683 1530 783 1568 non
810 1513 909 1567 eris
926 1513 1169 1566 immunis
1199 1530 1230 1565 a
1256 1513 1462 1568 delicto.
1516 1510 1577 1566 Si
1610 1511 1740 1566 enim
1763 1520 1963 1564 secutus
1995 1509 2169 1578 fueris,

561 1627 667 1665 non
696 1609 1084 1679 apprehendes;
1119 1617 1162 1662 et
1193 1623 1294 1661 non
1336 1605 1567 1676 effugies,
1615 1608 1657 1660 si
1700 1604 2047 1674 prcecurreris.
2080 1602 2174 1658 Est

561 1692 716 1758 homo
769 1702 1005 1755 laborans
1053 1710 1101 1754 et
1155 1701 1420 1772 festinans,
1473 1708 1519 1752 et
1567 1697 1744 1751 dolens
1777 1698 2074 1767 impietate;
2128 1705 2173 1750 et

2278 501 2378 537 non
2408 493 2480 538 est
2504 485 2680 555 lapsus
2705 485 2757 539 in
2786 487 2934 541 verbo
2953 501 3016 539 ea:
3039 500 3126 539 ore
3152 501 3265 550 suo,
3289 495 3336 538 et
3367 501 3465 539 non
3496 493 3572 540 est
3597 486 3895 544 stimulatus

2275 581 2328 633 in
2357 579 2566 634 tristitia
2595 580 2786 634 delicti.
2820 579 2974 635 Felix
3000 580 3085 648 qui
3109 594 3210 632 non
3239 578 3388 632 habet
3415 580 3576 633 animi
3605 580 3684 636 sui
3729 582 3893 635 tristi-

2278 673 2421 737 tiam,
2451 682 2498 726 et
2525 689 2627 728 non
2645 683 2668 720 Β
2689 673 2914 728 abscedit
2943 689 2976 725 α
3002 689 3092 743 spe
3109 689 3200 726 sua
3227 671 3426 744 (Eccle.
3456 671 3591 743 xxv).
3619 672 3891 745 Scriptum

2277 775 2349 822 est
2373 767 2508 819 enim
2531 783 2550 821 :
2579 767 2767 821 Melior
2789 777 2860 821 est
2882 783 3012 822 unus
3035 767 3214 820 timens
3237 765 3424 830 Deum,
3455 784 3610 837 quant
3637 769 3893 823 millein:—

2278 859 2351 928 pii
2376 857 2492 930 (Ib.
2524 859 2663 930 xw).
2693 859 2923 928 Sapiens
2949 873 3080 912 vero
3109 875 3215 912 non
3253 858 3273 932 (
3306 858 3446 915 Sixti
3473 859 3620 914 Sent.
3648 860 3758 916 9.92
3785 879 3798 925 ;
3831 865 3888 926 6,

2277 969 2327 1022 q.
2364 953 2417 1014 1,
2450 951 2671 1023 Sapiens
2710 970 2810 1006 non
2840 962 2910 1006 est
2945 968 2960 1017 ;
2990 960 3036 1006 et
3065 969 3223 1024 supra
3251 954 3306 1007 in
3347 951 3550 1008 Deci-et.
3577 951 3801 1010 Cornelii
3832 957 3892 1028 6)

2279 1057 2362 1099 est
2391 1047 2568 1100 omnis
2591 1046 2682 1115 qui
2703 1056 2878 1102 nocet.

2357 1139 2440 1194 Vl.
2469 1139 2574 1194 Res
2598 1157 2813 1210 quoque
2839 1141 3191 1198 ecclesiarum
3213 1149 3515 1196 vestrarum
3545 1140 3710 1208 (Sinti
3741 1142 3890 1197 Sent.

2277 1231 2407 1302 “292)
2464 1241 2517 1286 et
2567 1233 2896 1289 oblationem
2941 1234 3210 1299 ﬁdelium;
3279 1250 3414 1305 quas
3464 1236 3805 1302 signiticastis
3860 1253 3890 1292 a

2277 1323 2601 1393 quibusdam
2649 1326 2978 1382 irruentibus
3026 1328 3231 1394 vexari,
3274 1327 3534 1398 vobisque
3561 1338 3617 1384 et
3644 1328 3892 1385 ecclesiis

2287 1416 2483 1469 vestris
2529 1417 2765 1480 auferri,
2812 1418 3178 1473 indubitanter
3231 1421 3526 1474 maximum
3573 1431 3658 1474 est
3703 1436 3891 1490 pecca-

2279 1516 2686 1566 tumztestante
2715 1510 2815 1583 (S.
2865 1511 3044 1583 Bouif.
3095 1511 3264 1580 Epist.
3313 1510 3401 1584 l9)
3451 1513 3563 1581 ipsa
3592 1512 3889 1582 Scriptura,

2279 1617 2398 1670 qua:
2430 1603 2501 1656 ait
2528 1619 2540 1654 :
2591 1602 2694 1670 Qui
2743 1605 3006 1660 abstulerit
3037 1604 3171 1674 (13,
3201 1621 3252 1675 q.
3298 1603 3354 1669 Ξ,
3393 1604 3495 1672 Qui
3537 1605 3800 1660 abstulerit
3831 1606 3847 1675 )
3875 1649 3888 1673 ,

2279 1693 2476 1758 aliquid
2503 1693 2636 1762 patri
2669 1697 2745 1750 vel
2773 1698 2940 1762 matri,
2975 1706 3020 1752 et
3051 1698 3173 1752 dicit
3200 1697 3295 1751 hoc
3321 1713 3422 1750 non
3452 1714 3562 1752 esse
3600 1708 3885 1767 peccatum,

564 1805 705 1849 tanto
731 1794 894 1864 magis
923 1810 1022 1846 non
1050 1791 1348 1846 abundabit.
1400 1789 1495 1845 Est
1524 1793 1674 1843 homo
1719 1788 1997 1852 marcidus,
2027 1805 2176 1859 egens
2205 1798 2254 1857 B
2283 1789 2553 1844 homicida:
2583 1791 2835 1862 particeps
2865 1802 2938 1846 est
2971 1793 3156 1863 (Prov.
3181 1789 3398 1862 xxvut).
3421 1791 3585 1847 Pater
3609 1807 3738 1863 ergo
3757 1809 3889 1848 nos-

562 1891 966 1960 recuperatione,
1001 1888 1118 1955 plus
1146 1887 1386 1956 deficiens
1419 1887 1618 1952 virtute,
1667 1893 1714 1938 et
1743 1884 2010 1938 abundans
2047 1901 2177 1952 pau-

561 1993 800 2052 pertate;
829 1992 874 2035 et
901 1981 1079 2034 oculus
1122 1980 1214 2034 Dei
1245 1979 1464 2048 respexit
1491 1979 1634 2032 illum
1662 1979 1713 2030 in
1746 1977 1897 2044 bono,
1925 1987 1974 2032 et
2016 1978 2176 2031 erexit

565 2092 681 2131 eum
706 2075 768 2128 ab
794 2075 1083 2128 humilitate
1107 2073 1286 2143 ipsius,
1319 2081 1365 2127 et
1389 2072 1630 2126 exaltabit
1653 2081 1804 2139 caput
1829 2072 1941 2142 ejus
1970 2086 1987 2124 .'
2016 2081 2060 2125 et
2085 2073 2178 2124 nti-

562 2168 668 2221 rati
697 2177 812 2220 sunt
839 2166 890 2219 in
921 2166 1009 2219 illo
1035 2165 1203 2229 multi,
1230 2174 1276 2217 et
1299 2165 1675 2217 honoraverunt
1717 2163 1905 2217 Deum.
1957 2161 2103 2216 Bona
2129 2173 2176 2216 et

563 2260 723 2326 mala,
771 2259 873 2312 vita
903 2267 948 2312 et
975 2274 1131 2320 mors,
1166 2266 1440 2326 paupertas
1491 2264 1536 2308 et
1579 2256 1813 2309 honestas
1845 2271 1876 2306 a
1901 2254 2006 2307 Deo
2036 2262 2171 2308 sunt.

563 2351 724 2406 Datio
753 2351 850 2405 Dei
879 2358 1135 2420 permanet
1156 2350 1349 2419 justis;
1377 2358 1422 2402 et
1452 2347 1708 2417 profectus
1754 2347 1892 2401 illius
1913 2363 2174 2402 successus

561 2445 762 2499 habebit
789 2446 840 2497 in
867 2453 1134 2497 veternum.
1166 2440 1258 2494 Est
1290 2441 1377 2511 qui
1407 2440 1746 2506 locupletatur
1777 2455 1927 2507 parce
1953 2439 2171 2509 agendo,

561 2549 611 2596 et
638 2541 744 2594 hcec
777 2555 896 2608 pars
927 2536 1168 2590 mercedis
1199 2536 1335 2588 illius
1365 2538 1418 2587 in
1447 2551 1503 2587 eo
1529 2535 1663 2603 quod
1687 2533 1810 2585 dicit
1841 2531 1908 2586 :1
1917 2533 2061 2586 nveni
2091 2549 2173 2586 re-

556 2636 726 2705 quiem
750 2633 895 2699 mihi,
915 2641 982 2697 et,
1003 2630 1155 2683 Nunc
1181 2627 1500 2683 manducabo
1521 2626 1581 2680 de
1607 2626 1752 2680 bonis
1774 2626 1896 2679 meis
1920 2627 2078 2679 solus.
2106 2623 2174 2678 Et

559 2728 721 2782 nescit
759 2728 894 2794 quod
942 2736 1136 2793 tempus
1169 2730 1433 2792 prietereat
1462 2719 1630 2786 illum,
1679 2727 1724 2772 et
1753 2718 1963 2788 reliquet
2006 2717 2175 2771 omnia

562 2819 699 2886 aliis,
733 2829 777 2873 et
801 2819 1060 2872 morietur.
1094 2816 1190 2870 Sta
1217 2818 1268 2866 in
1299 2821 1592 2866 testamento
1616 2821 1722 2876 tuo,
1755 2821 1799 2865 et
1825 2811 1875 2864 in
1896 2810 1987 2863 illo
2011 2810 2174 2864 collo-

563 2929 737 2982 quare,
771 2921 818 2966 et
844 2912 897 2965 in
920 2919 944 2946 ει
971 2925 1125 2978 opera
1151 2907 1506 2960 mandatorum
1535 2914 1739 2958 tuorum
1782 2913 2048 2956 veterasce.
2092 2899 2176 2955 Ne

566 3006 816 3062 manseris
833 3007 884 3058 in
913 3003 1147 3066 operibus
1170 3009 1508 3071 peccatorum.
1535 2996 1750 3067 Conﬁde
1773 3007 1940 3051 autent
1965 2997 2016 3050 in
2040 2995 2171 3063 Deo,

565 3113 613 3157 et
635 3117 783 3154 mane
800 3099 854 3152 in
877 3099 986 3152 loco
1009 3106 1115 3149 tuo.
1144 3093 1323 3148 Facile
1343 3104 1414 3149 est
1439 3093 1569 3146 enini
1591 3093 1641 3144 in
1670 3091 1828 3144 oculis
1876 3089 1967 3144 Dei
2012 3091 2175 3144 subito

2283 1890 2365 1936 ter
2407 1883 2522 1936 sine
2545 1882 2709 1938 dubio
2742 1884 2883 1939 Deus
2911 1895 3013 1951 est,
3047 1884 3139 1955 qui
3169 1900 3267 1939 nos
3313 1887 3555 1949 creavit;
3607 1895 3664 1940 et
3713 1896 3886 1941 mater

2281 1983 2462 2028 nostra
2493 1974 2734 2030 Ecclesia
2760 2019 2776 2043 ,
2823 1992 2944 2046 qua:
2987 1992 3086 2032 nos
3124 1977 3176 2031 in
3224 1977 3498 2045 Baptismo
3535 1979 3889 2047 Spiritualitcr

2279 2068 2574 2137 generavit.
2613 2068 2678 2122 Et
2706 2068 2846 2136 ideo,
2889 2070 2976 2140 qui
3004 2070 3204 2125 Christi
3235 2072 3486 2140 pecunias
3513 2071 3602 2141 etii
3621 2071 3888 2127 Ecclesia:

2280 2160 2474 2226 aufert,
2505 2161 2716 2216 fraudat
2743 2173 2796 2218 et
2821 2165 2960 2233 rapit
2998 2163 3018 2236 (
3049 2164 3138 2230 17,
3169 2181 3218 2234 q.
3249 2167 3303 2226 4,
3335 2164 3436 2231 Qui
3455 2165 3621 2237 rapit)
3646 2165 3884 2220 homici-

2279 2253 2347 2308 da
2396 2256 2448 2308 in
2487 2265 2777 2324 conspectu
2821 2254 2841 2326 (
2884 2257 2945 2310 S.
2998 2256 3152 2326 Greg.
3185 2256 3336 2326 epist.
3366 2257 3456 2320 56,
3485 2257 3570 2310 lib.
3615 2255 3698 2328 ιι)
3747 2257 3886 2324 justi

2275 2345 2470 2415 judicis
2523 2363 2643 2402 esse
2707 2348 3067 2418 deputabitur.
3101 2348 3259 2404 Unde
3305 2349 3564 2417 scriptum
3601 2359 3718 2406 est:
3782 2350 3890 2417 Qui

2279 2439 2413 2509 rapit
2457 2442 2725 2508 pecuniam
2763 2441 2985 2509 proximi
3031 2441 3151 2507 sui,
3181 2442 3498 2511 iniquitatem
3547 2441 3888 2514 facit‘(.loan.

2283 2531 2396 2605 xm)
2430 2533 2518 2602 qui
2568 2542 2749 2587 autem
2779 2534 3036 2603 pecunias
3068 2533 3151 2588 vel
3203 2549 3290 2588 res
3332 2535 3590 2591 Ecclesia:
3649 2537 3889 2592 abstule-

2279 2628 2372 2693 rit,
2424 2627 2765 2698 sacrilegium
2817 2628 2941 2682 tacit
2991 2627 3188 2700 (llier.
3242 2629 3391 2698 epist.
3447 2628 3484 2683 2
3527 2627 3567 2701 ).
3629 2629 3785 2685 Unde
3833 2640 3894 2684 et

2277 2719 2460 2786 Judas,
2493 2720 2584 2790 qui
2615 2719 2893 2788 pecuniam
2923 2718 3204 2785 fraudavit,
3239 2736 3358 2790 quae
3391 2721 3582 2781 usibus
3609 2721 3888 2787 Ecclesiae,

2281 2811 2333 2864 id
2365 2820 2448 2865 est
2498 2811 2862 2880 pauperibus,
2917 2826 3050 2881 quos
3105 2811 3346 2867 Ecclesia
3396 2829 3619 2882 pascere
3679 2814 3883 2875 debet,

2280 2903 2699 2958 distribuebatur
2724 2905 2879 2973 jussu
2919 2904 3256 2976 Salvatoris(
3286 2906 3442 2975 cujus
3469 2907 3640 2962 vicem
3672 2908 3882 2977 episco—

2281 2999 2332 3069 pi
2383 2999 2656 3070 tenent),
2711 3013 2815 3052 non
2848 2997 3020 3052 solum
3069 2997 3192 3064 fur,
3223 2998 3318 3053 sed
3371 2997 3456 3053 fur
3506 3001 3603 3072 et(
3634 3000 3694 3056 S.
3742 3001 3878 3071 Aug.

2284 3094 2457 3150 Tract.
2505 3111 2554 3161 ι,
2588 3095 2641 3148 in
2681 3092 2957 3160 Joannem,
3006 3093 3024 3163 )
3088 3094 3383 3165 sacrilegus
3427 3095 3598 3151 tactus
3650 3105 3752 3152 est.
3799 3097 3880 3152 De

564 3187 862 3245 honestarib
880 3184 1558 3257 paupertatem.Benedictio
1577 3183 1671 3237 Dei
1691 3183 1741 3236 in
1756 3183 2032 3236 merccdth
2046 3181 2175 3252 justi
2201 3191 2246 3253 ο
2283 3186 2478 3242 talibus
2519 3186 2684 3251 enim,
2717 3184 2769 3240 id
2802 3195 2884 3238 est
2912 3186 3002 3256 qui
3025 3184 3303 3240 facultates
3344 3187 3599 3243 Ecclesite
3643 3188 3880 3258 rapiunt,

561 3283 790 3354 festinat,
827 3291 871 3334 et
899 3280 951 3332 in
983 3280 1174 3332 honore
1205 3278 1360 3331 veloci
1393 3291 1654 3346 processus
1680 3273 1819 3328 illius
1851 3284 1871 3310 ο
1896 3274 2166 3341 justificat.

563 3374 652 3429 Ne
695 3373 840 3427 dicas
866 3389 883 3428 :
922 3373 1058 3438 Quid
1102 3382 1175 3425 est
1208 3371 1332 3423 mihi
1363 3368 1531 3438 opus?
1562 3377 1606 3421 et
1633 3383 1746 3436 qua:
1773 3376 1914 3420 erunt
1946 3366 2069 3419 mihi
2111 3382 2174 3420 ea:

566 3469 662 3521 hoc
690 3465 866 3522 bona?
899 3464 980 3518 Ne
1011 3465 1153 3518 dicas
1188 3479 1204 3516 :
1239 3462 1507 3532 Sufficiens
1538 3460 1661 3512 mihi
1705 3477 1835 3526 sum,
1872 3469 1914 3512 et
1961 3459 2083 3528 quid
2113 3475 2174 3513 ex

567 3560 662 3614 hoc
687 3556 1044 3630 pessimabor?
1078 3553 1143 3607 In
1174 3555 1252 3606 die
1284 3555 1551 3616 bonorum,
1586 3568 1646 3604 ne
1674 3552 1934 3604 immemor
1961 3551 2031 3604 sis
2061 3567 2173 3603 ma-

566 3655 750 3716 lorum,
787 3660 832 3704 et
863 3652 916 3703 in
962 3648 1044 3702 die
1090 3648 1343 3700 malorum
1387 3661 1449 3700 ne
1477 3645 1742 3698 immemor
1781 3644 1849 3697 sis
1885 3643 2172 3711 bonorum;

566 3745 808 3816 quoniam
857 3741 1009 3812 facile
1052 3748 1124 3793 est
1155 3755 1325 3792 coram
1373 3737 1476 3791 Deo
1509 3738 1560 3790 in
1592 3737 1673 3790 die
1703 3737 1866 3791 obitus
1901 3737 2174 3790 retribuere

565 3836 839 3904 unicuique
867 3831 1145 3886 secundant
1173 3830 1279 3884 vias
1306 3846 1444 3884 suas.
1475 3828 1677 3899 Malitia
1706 3829 1845 3882 hora:
1874 3826 2174 3881 oblivionem

569 3926 694 3997 facit
744 3925 960 3978 ludicrica
998 3938 1198 3996 magna:
1238 3938 1255 3976 :
1288 3931 1332 3975 et
1384 3922 1436 3974 in
1466 3920 1569 3989 fine
1609 3920 1849 3985 hominis,
1901 3919 2174 3973 denudatio

569 4035 784 4090 operum
822 4018 979 4071 illius.
1014 4017 1143 4071 Ante
1183 4025 1396 4069 mortem
1422 4030 1484 4067 ne
1513 4013 1691 4066 laudes
1721 4013 1972 4067 hominem
1999 4029 2170 4081 quem-

568 4131 744 4186 quam,
772 4112 1013 4184 quoniam
1043 4113 1096 4165 in
1127 4111 1249 4180 ﬁliis
1273 4111 1376 4165 suis
1406 4109 1700 4180 agnoscitur
1724 4109 1817 4162 vir.
1838 4107 1959 4162 Non
1977 4125 2175 4162 onmem

571 4211 828 4263 hominem
857 4209 1070 4262 inducas
1099 4210 1152 4260 in
1179 4206 1385 4259 domum
1412 4213 1590 4267 luant;
1620 4201 1793 4256 multa:
1820 4203 1952 4255 enim
1978 4202 2177 4256 insidia:

565 4313 684 4356 sunt
713 4302 894 4355 dolosi.
923 4301 1070 4356 Sicut
1102 4299 1232 4352 enim
1261 4307 1492 4351 eructant
1525 4296 1812 4366 praecordia
1832 4293 1857 4331 ἀ
1884 4296 2172 4367 fetantium,

572 4405 620 4447 et
651 4393 779 4446 sicut
812 4392 992 4460 perdia:
1023 4389 1280 4441 inducitur
1311 4389 1362 4442 in
1392 4405 1616 4452 caveant,
1649 4399 1692 4442 et
1725 4395 1777 4441 ut
1806 4403 1989 4458 caprea
2014 4387 2067 4440 in
2100 4387 2175 4439 la-

569 4505 755 4560 queunt
778 4502 794 4549 ;
821 4487 892 4539 sic
923 4495 966 4536 et
997 4499 1084 4535 cor
1114 4483 1463 4549 superborum,
1482 4491 1527 4535 et
1544 4482 1672 4535 sicut
1691 4491 1978 4552 perspector
2004 4480 2175 4536 videns

2281 3276 2531 3331 fraudant
2555 3277 2635 3329 vel
2652 3275 2921 3343 auferunt,
2945 3276 3222 3343 Dominus,
3245 3280 3577 3334 comminans
3595 3281 3871 3343 omnibus,

2279 3386 2376 3441 per
2406 3370 2724 3440 Prophetam
2750 3370 3002 3438 loquitur,
3026 3369 3246 3424 dicens:
3275 3369 3430 3436 Deus,
3463 3388 3526 3424 ne
3555 3380 3724 3424 taceas
3761 3372 3881 3438 tibi,

2279 3479 2341 3516 ne
2379 3461 2550 3527 sileas,
2585 3471 2631 3515 et
2663 3477 2760 3515 non
2789 3461 3040 3531 quiescas,
3096 3461 3273 3516 Deus:
3323 3462 3452 3528 Quia
3503 3476 3614 3516 ecce
3671 3463 3876 3517 inimici

2279 3555 2352 3607 tui
2377 3554 2670 3607 tmnultuati
2701 3565 2838 3614 sunt,
2867 3562 2913 3606 et
2937 3554 3024 3622 qui
3061 3555 3275 3608 oderunt
3303 3564 3346 3608 te
3387 3555 3666 3608 levaverunt
3691 3566 3870 3625 caput.

2281 3645 2470 3698 Contra
2496 3645 2740 3715 populum
2771 3655 2910 3698 tuum
2944 3645 3172 3714 nequiter
3202 3655 3542 3700 tractaverunt
3575 3686 3589 3710 ,
3649 3657 3692 3699 et
3743 3648 3882 3700 inie-

2278 3746 2393 3790 runt
2422 3737 2687 3790 consilium
2715 3737 2981 3791 adversum
3008 3754 3256 3791 arcanum
3284 3748 3444 3791 tuum.
3476 3737 3723 3792 Dixerunt
3747 3738 3875 3793 :Ve—

2280 3831 2381 3884 nite
2412 3827 2436 3864 ιι
2466 3839 2510 3882 et
2563 3827 2889 3884 Conteramus
2951 3848 3035 3886 eos
3099 3832 3162 3884 de
3213 3841 3380 3902 gente,
3416 3841 3464 3886 et
3514 3849 3616 3886 non
3663 3834 3728 3886 sit
3778 3850 3884 3887 me-

2281 3922 2440 3976 moria
2470 3923 2687 3975 nominis
2710 3921 2877 3976 lsrael
2920 3924 3055 3978 ultra
3085 3942 3103 3977 :
3130 3924 3370 3994 quoniam
3399 3933 3663 3978 tacuerunt
3693 3925 3879 3994 corde,

2281 4017 2469 4086 pariter
2525 4014 2538 4050 ί
2597 4026 2775 4070 contra
2841 4027 2887 4070 te
2951 4019 3113 4088 foedus
3188 4017 3490 4087 pepigerunt
3558 4018 3881 4072 tabernacula

2279 4108 2513 4163 idumaeas
2557 4116 2602 4161 et
2658 4107 3038 4164 lsmaelitarum
3070 4150 3086 4176 ,
3149 4107 3302 4162 Moab
3333 4119 3378 4163 et
3409 4108 3659 4181 Agareni,
3720 4109 3882 4165 Gebal

2279 4208 2328 4253 et
2395 4200 2654 4266 Ammon,
2707 4209 2753 4253 et
2807 4200 3032 4253 Amalec.
3109 4199 3376 4255 Palestina
3452 4217 3568 4255 cum
3623 4203 3881 4257 habitato-

2279 4291 2416 4344 ribus
2449 4292 2460 4341 i
2501 4289 2641 4362 Tyri.
2687 4292 2792 4346 Sed
2830 4302 2872 4345 et
2905 4294 3062 4347 Assur
3117 4293 3296 4362 junan't
3345 4310 3397 4348 se
3448 4310 3562 4347 cum
3591 4296 3660 4348 eis
3691 4336 3708 4363 ,
3762 4301 3888 4367 facti

2280 4394 2395 4436 sunt
2449 4382 2712 4438 brachium
2768 4385 2992 4453 ﬁliorum
3043 4384 3196 4439 Loth.
3251 4384 3361 4439 Fac
3415 4387 3518 4440 illis
3575 4388 3704 4440 sicut
3761 4387 3884 4442 Ma-

2282 4479 2422 4544 dian,
2457 4479 2583 4532 sicut
2626 4478 2836 4545 Sisarcv,
2871 4481 2998 4533 sicut
3048 4478 3203 4534 Jabin
3249 4481 3301 4534 in
3353 4489 3570 4535 torrente
3612 4480 3785 4535 Cisson
3830 4481 3881 4536 ⁵⁵.

564 4595 742 4636 casum
772 4576 993 4646 proximi
1013 4575 1110 4628 sui.
1156 4572 1303 4626 Bona
1333 4575 1385 4626 in
1441 4582 1464 4608 θ
1522 4573 1712 4626 malum
1766 4573 2009 4627 convertit
2049 4572 2177 4624 insi-
2204 4584 2258 4644 1)
2286 4571 2500 4626 Contriti
2535 4581 2650 4624 sunt
2700 4572 2751 4625 in
2795 4571 3001 4637 Endor,
3053 4572 3259 4640 fuerunt
3316 4574 3462 4642 quasi
3511 4574 3882 4642 sterquilinium

570 4674 782 4743 diutor,
839 4677 883 4722 et
942 4670 992 4722 in
1043 4667 1210 4721 electis
1267 4675 1417 4736 ponet
1496 4668 1772 4720 maculam.
1853 4667 1895 4719 A
1955 4665 2180 4720 scintilla

570 4778 679 4816 una
731 4770 944 4832 augetur
1000 4760 1152 4832 ignis,
1187 4769 1234 4813 et
1260 4761 1322 4812 ab
1348 4774 1447 4811 ttuo
1488 4757 1664 4811 doloso
1707 4768 1921 4829 augetur
1947 4759 2177 4831 sanguis.

576 4854 749 4910 Homo
801 4870 915 4906 vero
990 4863 1222 4923 peccator
1290 4850 1531 4922 sanguini
1599 4848 1891 4904 insidiatur.
1965 4850 2181 4905 Attende

573 4950 663 5005 tibi
695 4966 725 5002 a
771 4948 1035 5020 pestifero,
1069 4948 1286 5018 fabricat
1318 4944 1450 4998 enim
1478 4942 1635 5008 mala,
1674 4959 1736 4996 nc
1787 4947 1918 5014 forte
1971 4942 2180 4997 inducat

574 5060 729 5115 super
773 5052 819 5096 te
865 5040 1311 5095 subsannationem
1354 5038 1403 5090 in
1444 5045 1760 5106 perpetuum.
1824 5036 2046 5090 Admitte
2110 5036 2178 5088 ad

572 5145 622 5191 te
653 5137 1014 5205 alienigenam,
1069 5141 1112 5184 et
1159 5130 1406 5184 subvertet
1447 5129 1498 5182 in
1544 5127 1764 5194 turbine,
1800 5138 1844 5182 et
1873 5128 2177 5183 abalienabit

575 5242 624 5286 te
651 5248 682 5286 a
719 5229 736 5268 ί
774 5231 874 5282 tuis
905 5227 1128 5298 propriis
1177 5223 1342 5298 (Eccl.
1385 5239 1438 5289 x,
1471 5221 1572 5296 XI).
1621 5222 1800 5290 Tales,
1843 5221 2169 5289 cltarissiini,

571 5324 731 5380 valde
758 5333 883 5378 sunt
909 5319 1160 5385 cavendi,
1192 5317 1492 5391 usquedum
1532 5326 1625 5374 aut
1669 5328 2052 5374 convertantur
2081 5327 2172 5372 aut

2286 4674 2449 4718 terra’.
2479 4661 2624 4719 Pone
2648 4663 2799 4718 duces
2827 4680 3000 4717 eorum
3029 4665 3155 4717 sicut
3189 4664 3324 4719 Dreb
3374 4675 3418 4718 ct
3463 4664 3586 4728 Zeb,
3623 4668 3747 4720 sicut
3785 4664 3888 4719 Ze-

2287 4758 2371 4810 bee
2402 4764 2446 4809 et
2477 4754 2748 4810 Salmana.
2785 4756 2972 4809 Omnes
3005 4757 3264 4828 principes
3303 4772 3475 4810 eorum
3499 4757 3586 4827 qui
3611 4758 3885 4811 dixerunt:

2283 4850 2646 4904 Possideamus
2679 4850 2820 4906 nobis
2874 4851 3308 4922 pulchritudinem
3338 4851 3434 4906 Dei
3463 4868 3481 4904 :
3524 4850 3662 4905 Deus
3715 4869 3883 4918 meus,

2285 4960 2412 5014 pone
2445 4943 2560 4997 illos
2587 4955 2640 4996 ut
2670 4953 2854 5003 rotam,
2886 4946 3029 5014 quasi
3060 4943 3302 5012 stipulam
3348 4955 3462 4998 ante
3500 4945 3682 5014 facient
3730 4944 3881 4998 venti.

2286 5037 2550 5103 Quomodo
2579 5037 2710 5106 ignis
2740 5038 2985 5090 comburit
3011 5037 3203 5107 sglvam
3236 5047 3280 5089 et
3309 5037 3436 5090 sicut
3477 5037 3687 5105 flamma
3733 5035 3890 5089 devo-

2279 5140 2360 5183 rat
2412 5137 2625 5194 montes,
2686 5129 2758 5183 sic
2808 5130 3119 5198 persequeris
3167 5145 3250 5182 eos
3272 5131 3322 5182 in
3352 5136 3644 5191 tempestate
3694 5139 3781 5180 tua
3843 5137 3890 5180 et

2279 5223 2331 5276 in
2371 5231 2456 5275 tuo
2499 5222 2692 5274 turbine
2734 5220 2956 5274 turbabis
2999 5237 3101 5274 eos.
3136 5220 3303 5291 Imple
3330 5219 3485 5291 facies
3513 5235 3686 5273 eorum
3741 5220 3891 5289 igno-

2278 5315 2456 5383 minia,
2490 5325 2535 5370 et
2562 5324 2786 5386 qua'rent
2812 5331 2993 5370 nomen
3035 5325 3198 5386 tuum,
3242 5313 3470 5371 Domine.
3557 5311 3896 5386 Confundet!-

1769 5432 2151 5491 LECTIONES
2189 5433 2603 5491 VARIANTES.

637 5533 665 5562 ³
700 5526 838 5592 Alias
860 5543 1038 5592 opere.

635 5592 666 5629 ι)
689 5591 828 5643 Alias
855 5591 1136 5640 honestare.

638 5657 662 5686 °
700 5653 838 5704 Alias
861 5652 1132 5702 l‘ructiﬁcat.

638 5715 667 5754 d
700 5713 838 5766 Alias
852 5715 1146 5763 faetentium.

639 5775 838 5838 ¢_Atias
855 5775 988 5838 inata
1010 5781 1308 5838 convertens
1331 5772 1606 5838 insidiatur.
1635 5778 1729 5824 Ms.
1773 5772 1962 5838 collegii
2004 5773 2166 5826 Paris.

548 5829 1114 6142 ἐἵκω
1156 5832 1436 5892 Harduino,
1469 5838 1595 5886 bona
1619 5839 1750 5886 enim
1774 5834 1824 5882 in
1848 5829 2044 5886 malum.

2341 5522 2362 5561 τ
2401 5521 2539 5576 Alias
2565 5525 2670 5574 viis.

2343 5591 2367 5628 Β
2404 5587 2539 5638 Alius
2574 5586 2780 5636 Excidit.

2340 5649 2372 5689 h
2407 5653 2435 5700 Ι
2440 5653 2492 5699 tl.
2518 5663 2608 5699 ms.
2634 5649 2992 5710 disnergamus.

2349 5713 2366 5752 ί
2408 5712 2605 5762 Id.ms.
2630 5720 2794 5761 contra
2823 5725 2956 5769 eos.;

2343 5776 2356 5825 i
2405 5775 2477 5823 td.
2504 5787 2593 5823 ms.
2623 5773 2967 5828 habitantibus.

2343 5838 2370 5875 κ
2403 5833 2541 5885 Alias
2565 5837 2723 5886 Cisou.
