4260 6266
448 263 546 322 981

1692 250 2017 309 DECRETA
2052 250 2235 311 LUC]!
2265 250 2518 327 “parm.

3662 256 3769 322 982

444 391 529 438 tur
561 390 612 439 et
646 382 1011 438 conturbantur
1052 390 1210 450 usque
1251 378 1309 431 in
1354 383 1618 440 internum,
1682 382 1729 427 et
1762 372 2054 427 moneant
2080 373 2131 431 A
2156 374 2398 430 triticum.
2454 374 2566 447 Ego
2614 383 2782 432 autem
2805 393 2898 450 pro
2927 383 2974 433 te
3027 382 3241 451 rogavi,
3296 392 3353 437 ut
3401 398 3503 437 non
3555 384 3762 452 deﬁciat

444 478 494 530 et
540 484 750 547 pereant
791 491 810 530 :
859 483 908 529 et
956 471 1119 527 sciant
1168 471 1288 540 quia
1337 484 1517 523 nomen
1579 477 1721 520 tuum
1764 463 2052 519 Dominus:

443 572 585 627 solus
612 580 666 624 tu
690 570 918 625 excelsus
945 583 1098 639 super
1120 581 1320 620 omnem
1361 574 1546 617 terram
1573 558 1808 631 (Psalm.
1842 575 2047 625 Lxxxu,

443 677 508 716 ea:
530 663 744 731 interpr.
778 660 840 716 S.
875 657 1178 729 Hieronymi
1236 656 1437 711 diversa
1480 671 1513 708 α
1574 650 1863 724 Vulgata).
1925 652 2052 707 Hinc

443 756 558 812 ﬁeri
609 752 928 829 PrOphette,
990 754 1107 809 haec
1170 750 1445 824 Apostoll.
1510 750 1626 804 ha~c
1709 759 2049 804 successores

438 870 624 912 eorum
679 862 734 910 et
761 853 1004 908 omnium
1033 848 1415 905 catholicorum
1459 846 1677 901 Patrum
1730 852 1910 899 vetant
1953 843 2049 899 de-

440 956 586 1005 creta
640 963 654 1001 :
722 954 780 1001 et
853 945 991 1001 tales
1073 940 1517 1013 praesumptiones
1550 980 1564 1006 ,
1622 936 1958 1007 sacrilegium
2019 944 2046 971 ι

444 1050 567 1094 esse
641 1035 957 1109 dijudicaut.
1034 1035 1270 1103 Quorum
1332 1046 1429 1087 nos
1503 1037 1788 1101 sequentes
1866 1042 2046 1083 exem-

440 1130 528 1201 pla
557 1171 574 1198 ,
646 1144 836 1185 omnes
888 1127 1024 1183 tales
1074 1132 1510 1195 praesumptores,
1540 1132 1594 1179 et
1647 1119 1899 1179 Ecclesia:
1928 1118 2039 1191 (l7,

442 1239 493 1290 q.
527 1225 582 1288 4,
643 1222 833 1277 Omnes
880 1231 1111 1292 raptores
1152 1219 1171 1292 )
1236 1228 1513 1288 raptores,
1573 1216 1591 1288 (
1636 1214 1847 1269 Hiucm.
1890 1214 2039 1280 epist.

441 1331 551 1382 vm,
597 1316 741 1370 editt.
812 1314 957 1385 Mog.
1008 1312 1202 1368 Concil.
1258 1309 1602 1366 Carisiacense
1667 1309 1719 1362 in
1771 1308 1920 1379 epist.
1975 1306 2043 1360 ad

439 1410 705 1481 episcopos
764 1408 951 1463 Gallice
986 1405 1006 1480 )
1048 1417 1208 1478 atque
1257 1420 1474 1460 suarum
1530 1402 1843 1458 facultatum
1912 1400 2043 1455 alie~

438 1511 693 1569 natores,
740 1517 847 1557 una
891 1501 1164 1556 vobiscum
1195 1514 1225 1553 a
1275 1497 1551 1553 liminibus
1600 1504 1801 1549 sanctae
1854 1493 2042 1548 matris

438 1596 695 1651 Ecclesiae
766 1596 1294 1657 anathematizatos,
1350 1591 1648 1663 apostolica
1721 1588 2040 1644 auctoritate

435 1690 733 1760 pellimus,
804 1698 858 1744 et
893 1689 1250 1755 damnamus,
1330 1696 1492 1757 atque
1561 1683 1850 1753 sacrilegos
1921 1695 2040 1736 esse

2156 466 2283 535 ﬁdes
2323 478 2449 534 tua;
2478 482 2525 524 et
2578 480 2631 524 tu
2660 472 2935 541 aliquando
2987 491 3293 541 conversus,
3347 477 3597 545 conﬁrma
3648 481 3764 549 fra-

2156 567 2255 613 tres
2306 575 2418 619 tuos
2471 561 2491 634 (
2544 562 2673 618 Luc.
2729 581 2843 619 xxu
2899 564 2943 635 ).
3001 565 3320 623 Consideret
3365 569 3544 639 itaque
3584 578 3766 628 vestra

2153 642 2435 709 excellens
2490 658 2765 726 prudentia
2814 674 2971 729 quam
3043 660 3239 715 bonum
3323 663 3393 716 sit
3472 663 3763 731 persiStere

2152 747 2205 802 in
2256 744 2653 819 dispensatione
2683 748 2833 805 vobis
2865 752 3067 807 credita
3101 761 3154 808 et
3188 755 3238 808 in
3270 754 3372 810 lidc
3393 766 3560 821 recta,
3592 766 3756 827 atque

2152 841 2419 897 ltreretieis
2444 851 2498 897 et
2526 843 2732 899 tetuulis
2752 844 2949 900 Christi
2980 862 3300 917 repugnare,
3333 858 3387 902 et
3411 864 3700 920 numquam
3723 866 3757 905 a

2149 937 2392 992 veritatis
2458 939 2673 991 tramite
2722 940 3035 1005 declinare;
3086 942 3341 1011 quoniam
3392 942 3650 999 Dominus
3699 953 3755 998 et

2150 1031 2395 1088 Salvator
2459 1036 2733 1102 omnium,
2802 1036 2957 1108 cujus
2991 1037 3123 1093 fides
3178 1047 3279 1105 est,
3314 1039 3404 1109 qui
3464 1055 3561 1109 pro
3594 1039 3754 1094 nobis

2150 1126 2286 1179 mori
2337 1142 2442 1181 non
2487 1128 2790 1194 dubitavit,
2851 1142 2904 1184 et
2956 1131 3172 1201 praprio
3224 1146 3323 1185 nos
3358 1146 3457 1186 suo
3526 1131 3758 1187 redemit

2147 1219 2427 1287 sanguine,
2450 1219 2608 1274 (idem
2642 1220 2782 1276 beati
2813 1223 2960 1278 Petri
2992 1238 3096 1278 non
3130 1222 3459 1279 defecturam
3488 1223 3758 1294 promisit,

2147 1310 2545 1365 etconlirmare
2612 1329 2733 1367 eum
2790 1315 2981 1369 fratres
3037 1328 3163 1370 suos
3218 1315 3496 1370 admonuit
3544 1334 3558 1370 :
3613 1316 3755 1386 quod

2145 1401 2469 1471 apostolicos
2500 1402 2813 1474 Pontiﬁces,
2863 1421 2999 1461 metu
3048 1407 3355 1478 exiguitatis
3383 1407 3755 1479 praedecesso-

2145 1510 2257 1558 res,
2289 1496 2626 1551 conﬁdenter
2648 1497 2840 1555 fecisse
2869 1515 2979 1555 sem
2992 1515 3086 1570 per
3111 1502 3318 1555 cunctis
3345 1511 3429 1556 est
3452 1503 3746 1573 cognitum.

2146 1587 2383 1655 Quorum
2432 1599 2485 1646 et
2539 1591 2807 1663 pusillitas
2841 1610 2975 1661 mea,
3034 1594 3158 1650 licet
3203 1596 3373 1666 impar
3402 1605 3458 1651 et
3487 1597 3705 1651 minima
3732 1640 3747 1667 ,

2144 1696 2242 1751 pro
2268 1692 2523 1753 suscepto
2575 1693 2768 1750 tamen,
2806 1685 2983 1740 divina
3015 1686 3326 1758 dignatione
3352 1729 3367 1754 ,
3402 1688 3742 1755 ministerio,

431 1780 754 1851 judicamus.
773 1780 841 1835 Et
862 1796 966 1835 non
991 1781 1164 1833 solum
1192 1794 1307 1845 eos,
1338 1777 1431 1833 sed
1460 1791 1647 1831 onmes
1699 1773 2041 1829 consentien-
2069 1772 2117 1834 B
2148 1775 2472 1847 pedissequa
2531 1779 2679 1848 cupit
2722 1779 2978 1834 existere.
3033 1779 3126 1834 Va:
3196 1781 3340 1836 enim
3387 1782 3493 1837 erit
3544 1781 3700 1838 nobis
3733 1824 3749 1847 ,

438 1881 519 1928 tes
542 1873 621 1928 eis
642 1890 655 1935 ;
676 1872 808 1940 Quia
834 1888 936 1927 non
965 1872 1129 1926 solum
1158 1872 1241 1938 qui
1267 1870 1459 1941 faciunt
1488 1869 1562 1922 rei
1596 1866 1923 1939 judicantur,
1955 1866 2044 1920 sed

438 1965 590 2019 etiam
614 1965 700 2035 qui
723 1965 1041 2019 consentiunt
1070 1961 1410 2035 facientibus(
1441 1961 1589 2016 Rom.
1633 1976 1649 2015 t
1681 1962 1720 2031 ).
1755 1960 1857 2015 Par
1900 1960 2042 2015 enim

433 2070 590 2127 paena
614 2064 669 2109 et
697 2065 917 2126 agentes
941 2065 992 2108 et
1027 2054 1426 2108 consentientes
1473 2050 1903 2121 comprehendit.
1946 2048 2044 2104 Vos

432 2166 572 2221 ergo,
596 2149 805 2220 fratres,
831 2149 1037 2220 vigilate
1072 2157 1118 2203 et
1165 2156 1326 2203 orate.
1367 2144 1596 2201 Viriliter
1628 2146 1783 2217 agite,
1828 2155 1874 2200 et
1922 2161 2039 2199 eon-

434 2241 694 2315 fortamini
740 2243 793 2296 in
846 2240 1087 2309 Domino,
1139 2250 1183 2293 et
1240 2238 1412 2293 omnia
1461 2248 1642 2305 vestra,
1692 2237 1842 2305 juxta
1898 2235 2043 2308 Apo-

433 2336 649 2402 stolum,
681 2334 735 2389 in
765 2335 1013 2389 charitatc
1067 2335 1193 2401 ﬁant
1216 2333 1235 2407 (
1262 2332 1282 2386 Ι
1307 2331 1428 2388 Cor.
1460 2347 1568 2386 xw.
1596 2333 1615 2403 )
1665 2332 1706 2383 Α
1737 2340 1879 2385 recta
1913 2346 2041 2401 ergo

435 2428 546 2500 (l4,
578 2445 625 2497 ᾳ.
662 2428 713 2497 1,
766 2430 808 2481 Α
852 2438 991 2482 recta
1040 2443 1193 2499 ergo;
1223 2436 1267 2480 et
1314 2426 1367 2479 in
1409 2425 1593 2478 decret.
1631 2421 1819 2477 Felicis
1848 2422 2038 2493 papw)

430 2524 537 2581 lide
586 2533 642 2580 et
701 2525 999 2595 apostolico
1062 2525 1276 2579 tramite
1354 2531 1571 2593 propter
1626 2522 1789 2576 ullam
1856 2537 2041 2593 perse-

430 2618 703 2673 cutionem
784 2618 949 2673 nolite
1014 2616 1304 2683 recedere,
1360 2615 1594 2670 scientes
1664 2614 1829 2685 quia,
1889 2614 2037 2685 juxta

430 2707 725 2765 Salvatoris
755 2709 1071 2765 sententiam
1094 2751 1109 2776 ,
1161 2708 1292 2763 beati
1328 2716 1441 2762 sunt
1466 2707 1554 2777 qui
1583 2707 1979 2777 persecutionem
2006 2706 2035 2745 δ

435 2802 698 2872 patiuntur
765 2811 970 2872 propter
1018 2801 1267 2869 iustitiam
1331 2798 1556 2872 (Matth.
1628 2798 1733 2869 ν).
1776 2798 1902 2854 Huic
1957 2808 2039 2856 est

435 2893 816 2961 Apostolorum
879 2895 993 2948 viva
1082 2893 1295 2948 traditio
1357 2891 1606 2963 (Agatho
1664 2892 1732 2944 ad
1798 2893 2034 2962 imperat.

435 2981 611 3039 Const.
640 2993 742 3039 act.
790 3000 863 3051 vt,
918 2983 1120 3039 concilii
1165 2980 1274 3040 ΟΡ.
1319 2983 1559 3037 adversus
1597 2976 1961 3037 Monothelitas
1992 2980 2030 3055 ),

433 3076 550 3133 haec
576 3093 702 3133 vera
728 3066 963 3132 Charitas
988 3094 1128 3149 quae,
1165 3076 1502 3147 praedicanda
1531 3085 1633 3145 est,
1684 3085 1739 3132 et
1767 3076 2035 3148 przecipue

2145 1868 2236 1938 qui
2290 1867 2449 1939 hujus
2498 1869 2781 1926 ministerii
2822 1886 2959 1927 onus
3004 1882 3309 1943 susceptum
3360 1873 3656 1941 habemus,
3707 1876 3757 1929 si

2145 1962 2429 2019 veritatem
2496 1965 2789 2019 Salvatoris
2866 1965 3037 2020 nostri
3094 1965 3220 2020 Jesu
3277 1965 3521 2031 Christi,
3587 1981 3753 2037 quam

2153 2057 2395 2126 Apostoli
2465 2058 2941 2128 prmdicaverunt,
2999 2060 3290 2129 prtedicare
3355 2063 3754 2135 neglexerimus

2147 2149 2198 2221 (l
2244 2147 2365 2204 Cor.
2398 2162 2497 2217 ix).
2570 2150 2663 2206 Va:
2724 2154 2827 2208 erit
2885 2153 3077 2221 nobis,
3112 2154 3155 2208 si
3203 2155 3418 2209 silentio
3466 2154 3750 2212 veritatem

2146 2243 2606 2310 oppresserimus,
2635 2260 2795 2314 quam
2824 2259 3049 2316 erogare
3077 2246 3450 2300 nummulariis
3471 2247 3748 2316 jubemur,

2146 2332 2197 2385 id
2224 2341 2307 2387 est
2335 2332 2667 2389 Christianos
2695 2334 2921 2405 populos
2951 2336 3191 2392 imbuere
3221 2347 3275 2392 et
3304 2336 3502 2394 docere
3529 2338 3548 2410 (
3577 2339 3750 2397 Matii.

2146 2439 2254 2477 xxv
2304 2425 2345 2497 ).
2450 2425 2583 2493 Quid
2646 2427 2696 2480 in
2764 2426 2933 2497 ipsius
3004 2428 3204 2484 Christi
3301 2429 3481 2484 futuro
3552 2430 3751 2487 dicturi

2144 2531 2328 2571 sumus
2357 2518 2624 2584 examine,
2676 2519 2723 2573 si
2767 2534 3076 2574 sermonum
3135 2520 3251 2591 ejus
3301 2524 3578 2578 veritatem
3622 2539 3753 2581 con-

2144 2609 2421 2666 fundimur
2476 2610 2807 2682 praadieare?
2837 2612 2974 2681 Quid
3031 2618 3133 2669 erit
3187 2615 3254 2670 de
3305 2616 3458 2671 nobis
3503 2633 3623 2673 cum
3675 2618 3745 2675 de

2142 2704 2446 2760 commissis
2497 2705 2653 2760 nobis
2697 2707 2978 2762 animabus
3035 2716 3089 2762 et
3139 2706 3206 2762 de
3248 2707 3427 2763 ofﬁcio
3488 2720 3745 2779 suscepto

2141 2796 2408 2850 rationem
2460 2795 2638 2865 justus
2685 2796 2855 2868 judex
2909 2793 3157 2852 Christus
3216 2798 3477 2853 Dominus
3553 2810 3741 2855 noster

2139 2890 2429 2945 disuictam
2459 2892 2697 2961 exegerit
2729 2890 2879 2965 (an.
2905 2891 3051 2962 im)?
3076 2892 3224 2956 Ideo,
3289 2890 3501 2957 fratres,
3562 2890 3752 2949 hortor

2141 2980 2227 3055 (S.
2262 2981 2365 3037 Leo
2395 3025 2410 3049 ,
2466 2983 2635 3056 Epist.
2698 3000 2717 3038 1
2768 2985 3009 3039 adversus
3055 2981 3285 3039 Manio/1.
3327 2984 3346 3055 )
3397 2983 3750 3042 dilectionem

2136 3085 2394 3145 vestram,
2461 3076 2732 3133 obstestor
2782 3086 2836 3132 ct
2888 3093 3082 3133 moneo
3143 3088 3199 3132 ut
3256 3092 3358 3149 qua
3409 3076 3616 3133 debetis
3693 3086 3752 3135 et

431 3169 700 3240 diligenda
730 3186 793 3226 ac
818 3170 1068 3237 fovenda,
1111 3180 1270 3241 atque
1300 3169 1616 3224 liducialiter
1668 3170 1735 3225 ab
1790 3168 2111 3229 omnibusC
2147 3171 2372 3239 potestis
2437 3170 2800 3227 sollicitudine
2831 3211 2844 3236 ,
2910 3171 3144 3242 vigiletis
3213 3171 3282 3225 ad
3347 3170 3750 3242 investigandos

433 3261 682 3318 tenenda.
740 3262 865 3317 Hzec
895 3272 1078 3318 sancta
1134 3272 1187 3319 et
1239 3261 1532 3332 apostolica
1585 3264 1757 3317 mater
1791 3263 2030 3317 omnium

432 3355 782 3412 ecclesiarum
827 3354 1027 3412 Christi
1079 3355 1351 3423 Ecclesia,
1401 3372 1520 3427 qua:
1574 3372 1667 3426 per
1721 3357 1810 3411 Dei
1857 3356 2033 3413 omni-

435 3453 668 3522 potentis
726 3452 950 3521 gratiam
1020 3467 1050 3506 a
1102 3453 1314 3507 tramite
1377 3452 1687 3516 apostolica:
1729 3452 2033 3507 traditionis

432 3560 721 3614 numquam
752 3556 965 3600 errasse
994 3544 1274 3615 probatur,
1294 3559 1392 3599 nec
1411 3543 1680 3599 haereticis
1708 3544 2032 3599 novitatibus

435 3636 771 3705 depravantla
806 3648 827 3675 ο
856 3637 1133 3692 succubuit
1159 3654 1172 3690 :
1220 3635 1339 3701 sed,
1368 3645 1422 3689 ut
1450 3635 1500 3689 in
1532 3635 1754 3689 exordio
1782 3650 2028 3691 normam

437 3733 563 3790 ﬁdei
588 3735 892 3805 apostolica:
944 3734 1179 3805 percepit
1236 3734 1303 3788 ab
1345 3733 1652 3789 auctoribus
1695 3732 1838 3801 suis,
1882 3733 2031 3800 Apo-

436 3828 695 3884 stolorum
744 3828 943 3884 Christi
1007 3828 1375 3900 principibus,
1445 3826 1643 3881 illibata
1722 3827 1829 3882 line
1873 3835 2031 3882 tenus

434 3928 635 3987 manet,
669 3919 960 3976 scenndmn
990 3920 1156 3990 ipsius
1200 3918 1408 3974 Domini
1459 3917 1756 3975 Salvatoris
1783 3919 2024 3973 divinam

435 4012 872 4082 pollicitationem
905 4054 921 4079 ,
972 4013 1060 4083 qui
1102 4011 1485 4080 discipulorum
1532 4026 1748 4067 suorum
1802 4012 2028 4082 principi

433 4104 488 4158 in
531 4106 640 4159 suis
691 4104 833 4160 fatus
881 4112 965 4160 est
1009 4104 1342 4173 Evangeliis:
1392 4102 1565 4169 Petre,
1602 4103 1885 4173 inquiens,
1917 4118 2030 4158 ecce

434 4192 656 4251 Satanas
703 4196 939 4268 expetivit
996 4204 1050 4249 ut
1115 4193 1356 4249 cribraret
1404 4212 1510 4262 vos,
1560 4196 1687 4250 sicut
1735 4197 1820 4267 qui
1846 4195 2032 4250 cribrat

2136 3262 2419 3318 hmreticos
2446 3273 2501 3319 et
2526 3265 2775 3319 inimicos
2802 3273 3000 3319 sancta:
3046 3265 3135 3320 Dei
3169 3265 3429 3321 Ecclesiae
3461 3273 3513 3319 et
3540 3278 3567 3318 a
3601 3265 3749 3321 sanis

2137 3356 2425 3421 mentibus,
2468 3373 2535 3413 ne
2566 3358 2731 3453 pestis
2762 3358 2875 3412 huic
2898 3358 3059 3413 latius
3100 3357 3420 3429 divulgetur,
3452 3357 3747 3414 severitate

2136 3467 2239 3521 qua
2294 3453 2519 3522 potestis
2567 3451 2662 3523 pro
2709 3452 2911 3507 viribus
2971 3452 3288 3521 exurpetis;
3348 3451 3640 3520 quoniam,
3694 3459 3753 3507 ut

2135 3544 2409 3600 ltabebita
2455 3545 2565 3600 Deo
2594 3546 2769 3616 digna:
2824 3544 3275 3600 remunerationis
3326 3543 3603 3614 prmmium
3658 3542 3755 3614 qui

2137 3633 2469 3706 diligentius,
2521 3635 2663 3707 quod
2722 3634 2787 3691 ad
2820 3637 3050 3692 salutem
3082 3636 3388 3693 commissa:
3428 3636 3531 3691 sibi
3571 3634 3750 3706 plebis

2136 3728 2401 3798 proficiat,
2444 3729 2603 3784 fuerit
2643 3741 2898 3784 executus
2923 3770 2937 3795 ,
2974 3730 3041 3783 ita
3086 3741 3211 3784 ante
3256 3727 3491 3784 tribunal
3530 3725 3743 3783 Domini

2133 3819 2202 3876 de
2240 3831 2391 3876 reatu
2421 3821 2759 3891 negligentiae
2782 3834 2841 3875 se
2868 3838 2972 3875 non
3006 3822 3199 3891 poterit
3225 3836 3486 3877 excusare
3510 3821 3754 3891 quicum-

2132 3930 2235 3986 que
2298 3915 2506 3984 plebem
2574 3926 2724 3969 suam
2781 3923 2968 3969 contra
3023 3914 3301 3985 sacrilegae
3385 3910 3755 3984 persuasionis

2132 4016 2380 4062 auctores
2447 4006 2680 4061 noluerit
2739 4006 3030 4061 custodire.
3100 4005 3230 4060 Data
3275 4004 3522 4060 kalendis
3567 4003 3754 4074 aprilis

2135 4116 2278 4156 anno
2300 4100 2429 4166 252,
2463 4099 2638 4155 adhuc
2668 4100 2878 4155 vivente
2905 4097 3179 4167 Cornelio,
3198 4096 3352 4154 Gallo
3375 4104 3431 4152 et
3458 4094 3756 4152 Volusiano

2137 4193 2266 4249 viris
2299 4192 2611 4248 clarissimis
2636 4191 2965 4249 consulibus.
3454 4206 3459 4211 '

1672 4287 2056 4347 LECTIONES
2095 4285 2404 4345 VARIANT
2414 4286 2516 4344 ES.

503 4361 529 4423 9
566 4355 705 4423 Alias
730 4348 1061 4423 Sacrilegium
1078 4360 1313 4422 judicant.

497 4419 527 4460 1)
560 4421 697 4475 Alias
734 4419 1187 4473 l’erturbation'em.

473 4525 769 4545 *βων-..ι

2221 4384 2246 4413 ο
2283 4380 2422 4434 Alias
2443 4382 2731 4447 depravata.

776 4524 3751 4555 Μ

1418 4595 1978 4680 DECRETA
2033 4599 2366 4685 LUCII
2430 4601 2787 4704 PAPzE,

1632 4733 1727 4790 EX
1769 4734 2123 4796 GRATIANO
2162 4738 2563 4797 DESUMPTA.

436 4910 476 4968 l.
543 4911 719 4986 Ofﬁcio
772 4924 818 4968 et
870 4912 1113 4982 beneﬁcio
1165 4911 1392 4984 privetur
1450 4911 1736 4985 episcOpus,
1791 4912 2124 4983 presbyter!)

508 4985 584 5038 vel
640 4985 906 5053 diaconus,
972 5001 1181 5041 uxorem
1250 4986 1550 5057 suscipiens,
1624 4986 1700 5039 vel
1757 4994 2044 5055 susceptam

510 5057 753 5112 retinens.

504 5149 730 5220 Ministri
759 5148 919 5219 (Dist.
950 5148 1056 5220 8t),
1076 5148 1281 5214 altaris,
1314 5148 1615 5220 presbyteri
1648 5150 1766 5203 sive
1793 5146 2041 5215 diaconi,

432 5221 498 5275 ad
523 5218 795 5276 dominica
827 5221 965 5275 tales
991 5218 1260 5289 eligantur
1289 5218 1494 5282 ofﬁcia,
1518 5222 1605 5290 qui
1647 5221 2041 5276 continentiam

431 5302 671 5347 servent.
725 5291 782 5345 Si
807 5306 937 5347 vero
988 5302 1108 5362 post
1138 5290 1533 5347 ordinationem
1582 5306 1732 5345 suam
1764 5292 2044 5362 ministros

431 5363 723 5433 contigerit
774 5361 1006 5433 propriae
1057 5362 1242 5418 uxoris
1294 5364 1547 5418 invadere
1591 5362 1790 5426 cubile,
1824 5361 2047 5417 sacrarii

434 5452 542 5489 non
575 5437 780 5490 intrent
826 5435 1037 5497 limina,
1092 5448 1267 5503 neque
1300 5435 1522 5488 sacrarii
1554 5433 1848 5502 portitores
1892 5433 2043 5498 liant,

434 5521 615 5575 neque
647 5506 820 5560 altare
850 5508 1188 5573 contingant,
1225 5520 1399 5573 neque
1430 5507 1496 5558 ab
1518 5503 1870 5575 olferentibus
1899 5504 2051 5558 bolo-

435 5574 615 5630 causti
644 5577 975 5633 oblationem
1005 5575 1323 5644 suscipiant,
1362 5590 1536 5643 neque
1562 5574 1626 5628 ad
1650 5574 1914 5628 Dominici
1936 5590 2052 5630 cor-

442 5648 596 5716 poris
625 5649 931 5717 portionem
958 5649 1240 5704 accedant.
1277 5662 1450 5716 neque
1475 5647 1854 5715 propinquent,
1877 5661 2052 5717 neque

440 5719 564 5773 sine
594 5716 812 5789 majoris
851 5731 981 5775 natu
1037 5719 1357 5774 auctoritate
1408 5717 1607 5786 majora
1640 5716 2050 5789 geruntnllicia,

441 5787 835 5852 urceuut’saue
858 5794 927 5850 ad
956 5791 1125 5851 altare
1155 5789 1241 5848 vel
1267 5790 1490 5849 calicem
1514 5803 1623 5851 non
1646 5787 1927 5848 suﬂ‘eram.

1852 4853 2372 4879 ‘—-——-—-v

2634 4936 2705 4975 EX
2748 4934 2938 4977 EISDEM
2978 4934 3253 4977 DECRETIS.

2218 5031 2281 5156 εἰ.
2309 5029 2537 5088 Clericus
2566 5042 2916 5090 matronarum
2945 5035 3205 5091 domicilia
3237 5038 3566 5108 frequentans
3595 5041 3752 5114 depo-

2230 5118 2320 5156 sur.

2147 5118 2320 5156 natur.
3755 5133 3761 5155 ;

2220 5215 2465 5292 Clericus
2496 5218 2654 5291 (Dist.
2692 5220 2785 5292 81)
2808 5223 2957 5276 solus
2983 5222 3049 5277 ad
3099 5224 3312 5279 lumina:
3345 5225 3765 5285 tabernaculum

2150 5303 2256 5342 non
2288 5291 2747 5368 accedatpneque
2774 5291 3105 5368 frequenter
3121 5311 3217 5364 pro
3230 5306 3379 5365 peret
3408 5299 3524 5354 sine
3546 5302 3769 5368 majoris

2150 5368 2277 5441 natu
2292 5361 2592 5441 sacerdotis
2610 5363 2878 5441 jussione.
2892 5365 3005 5441 _l\_lec
3030 5361 3184 5441 solus
3203 5361 3492 5441 presbyter
3509 5361 3768 5427 cum'sola

2151 5432 2349 5512 femina
2374 5431 2581 5512 fabulas
2606 5431 3001 5512 _misceat.__Nec
3039 5431 3480 5512 archidiaconus,
3509 5443 3610 5495 Sub
3636 5456 3772 5512 prte-

2156 5511 2302 5579 te_x_tu
2334 5504 2648 5561 humilitatis
2679 5516 2771 5560 aut
2815 5505 3004 5579 allii-ii,
3035 5506 3356 5579 frequenter
3411 5504 3575 5567 intret
3606 5504 3777 5570 domi-

2154 5573 2275 5627 cilia
2305 5584 2694 5642 matronarum,
2721 5586 2813 5632 aut
2857 5577 2996 5634 forte
3024 5596 3116 5647 per
3141 5573 3381 5636 'clericos
3430 5595 3522 5638 aut
3550 5584 3774 5642 domes-

2158 5647 2833 5725 ticos_mat_rona2__mandet
2862 5650 3063 5721 aliquid
3087 5652 3417 5725 secrete.VSi
3458 5656 3585 5725 quid
3612 5657 3778 5725 agni-

2160 5727 2277 5845 :3";
2295 5716 2477 5846 fixerit,
2506 5729 2561 5776 et
2583 5720 2672 5776 ille
2692 5716 3012 5792 deponatur,
3041 5724 3204 5780 etilla
3228 5716 3512 5784 liminibus
3528 5716 3783 5787 ecclésite

2221 5804 2247 5845 c
2283 5805 2310 5846 a
2340 5804 2421 5846 ur.

2157 5802 2421 5847 arceatur.
