4256 6250
538 246 642 298 985

1047 377 1112 416 ΒΧ
1153 375 1342 417 ειευειι
1383 377 1660 418 ιιεειιετιε.

1046 433 1131 488 ΙΙΙ.
1169 433 1244 486 De
1271 434 1445 487 eodem
1470 435 1638 487 titulo.

615 507 720 566 Sed
769 503 816 577 si
870 514 1007 559 .orte
1051 504 1317 577 (Distinet.
1350 503 1409 558 8t
1445 545 1460 570 ,
1497 505 1604 560 Sed
1655 508 1699 558 si
1743 504 1918 577 forte)
1969 507 2144 577 aliqua

539 576 860 648 intercessio
905 574 1197 648 luet-itii)
1225 578 1516 648 episcopo.
1571 574 1906 648 suggeratur.
1971 574 2073 631 Et‘
2101 579 2146 633 si

543 653 667 708 talis
695 660 772 706 est
799 647 863 701 ad
891 664 1050 718 quam
1093 647 1173 700 ire
1228 647 1460 702 debeant
1492 689 1506 711 ,
1561 647 1689 716 ipse
1725 665 1818 716 per
1869 650 2144 705 interven-

545 737 656 779 tum
686 723 915 791 pergat.
949 720 1040 775 Sin
1086 728 1287 784 autem,
1339 718 1406 773 de
1458 721 1622 772 latere
1661 735 1759 774 suo
1805 719 2144 788 dirigateom

543 795 755 850 duobus
783 803 869 847 aut
909 794 1080 845 tribus
1128 791 1375 850 testibus,
1420 807 1580 846 nemo
1647 801 1824 846 tamen
1884 807 2004 845 cum
2053 807 2148 846 ex-

546 878 728 920 tranea
761 863 964 918 habitet
987 862 1204 924 femina,
1231 863 1332 914 nisi
1380 877 1536 914 soror
1566 872 1656 916 aut
1693 862 1931 930 proxima
1962 861 2142 928 fuerit,

542 948 600 992 et
675 937 776 990 hoc
845 950 966 989 ctnn
1029 947 1217 1002 magna
1271 932 1630 987 sollicitudine
1675 935 1783 1002 ﬁat.
1833 933 1950 988 Non
2003 936 2144 987 enim

543 1011 854 1082 ignoramus
893 1001 1131 1060 malitias
1155 1004 1366 1057 Satanm
1398 1002 1462 1072 (Il
1489 1004 1602 1057 (Sor.
1638 1001 1722 1074 ιι.)

859 1137 871 1146 ¹
1087 1091 1158 1129 EX
1202 1089 1392 1128 EISDEM
1423 1090 1700 1129 DECRETIS.

619 1148 726 1222 (Ex
779 1160 886 1204 vet.
921 1146 1312 1222 Ptenitentiali,
1340 1146 1477 1222 apnd
1507 1146 1802 1222 Cattis-ium.
1835 1155 1964 1200 vett.
2026 1150 2144 1202 lect.

549 1232 589 1278 t.
629 1215 696 1282 ἰι.
732 1229 870 1289 part.
901 1236 957 1282 tt,
992 1236 1042 1286 p.
1071 1219 1195 1280 151,
1228 1215 1359 1289 edit.
1404 1216 1682 1286 Basnagii;
1742 1232 1804 1270 ex
1868 1232 1992 1272 nov.
2026 1234 2152 1289 sup-

549 1291 713 1361 pletlt.
736 1288 955 1355 Mansi.,
992 1302 1029 1344 1.
1064 1307 1098 1355 I,
1133 1307 1183 1358 p.
1222 1288 1332 1356 M.)

551 1382 640 1440 1V.
680 1382 831 1451 Quod
869 1385 932 1436 sit
979 1384 1286 1436 simoniacns
1340 1383 1642 1453 quicumque
1693 1385 2157 1438 reconciliationem

622 1472 716 1523 pro
747 1471 953 1508 munere
981 1455 1056 1508 υει
1088 1454 1256 1524 dignis
1300 1456 1579 1524 negaverit,
1627 1456 1703 1508 vel
1754 1456 1979 1526 indignis
2033 1472 2154 1509 con—

625 1545 694 1601 Ut
741 1563 898 1601 nemo
937 1548 1373 1620 presbyterorum
1407 1548 1621 1601 xenium
1663 1548 1748 1602 vel
1781 1547 2157 1618 quodcumque

1524 245 1954 306 ROMANORUM
1996 248 2411 306 PONTlFlCUM
2450 249 2831 308 EPISTOLAE.

3741 256 3850 312 981

2167 368 2222 426 Α
2246 366 2668 445 emolumentum
2711 369 3031 445 temporale,
3069 373 3236 424 immo
3284 370 3667 445 detrimentum
3695 373 3855 445 spiri-

2251 438 2445 492 tnalea
2475 454 2816 510 quocumque
2860 439 3070 510 publice
3116 451 3372 508 peccante
3419 444 3503 498 vel
3546 438 3858 502 incestuoso

2249 510 2494 584 accipiat,
2546 520 2602 565 ιιι
2655 512 2909 580 episcopo
2959 513 3040 566 vel
3089 513 3355 568 ministris
3388 524 3666 584 peccatum
3709 517 3855 572 illius

2250 582 2505 644 reticeat;
2533 593 2816 657 _nec,_pro
2863 593 3107 657 respectu
3151 582 3409 657 cujusque
3438 601 3708 657 personae.
3766 599 3862 644 aut

2249 653 2738 722 Consanguinitatis
2794 654 2874 708 vel
2922 653 3335 722 familiaritatis,
3371 653 3566 712 alienis
3609 673 3858 714 comma.

2248 723 2433 777 nicans
2460 725 2709 793 per-catis,
2752 724 2858 780 hoc
2884 726 3141 795 episc0po
3169 727 3506 784 innotescere
3560 728 3859 798 detrectet;

2251 809 2350 848 nec
2377 809 2404 847 a
2431 810 2698 865 quoquam
2731 799 3022 871 posuilente
3045 806 3138 850 aut
3164 799 3412 864 gratiam,
3466 809 3557 853 aut
3597 804 3858 871 favorem,

2251 877 2340 919 aut
2385 883 2585 945 munus
2628 870 3269 945 suscipere‘prtesumat;
3300 880 3413 945 aut
3461 872 3638 926 minus
3687 870 3850 945 digne

2252 938 2600 1006 poenitentem
2623 940 2688 991 ad
2720 939 3214 994 reconciliationem
3248 940 3501 999 adducat.
3525 952 3579 996 et
3608 938 3857 999 testimo-

2254 1011 2401 1082 nium
2449 1010 2903 1082 reconciliationis
2944 1010 3113 1072 ferat;
3157 1012 3238 1065 vel
3291 1027 3633 1082 quocumque
3684 1016 3860 1073 livore

2253 1081 2414 1132 alium
2437 1079 2732 1150 quemlibet
2752 1081 2966 1150 dignius
2991 1079 3338 1150 ptenitentem
3366 1099 3395 1136 a
3415 1079 3854 1144 reconciliatione

2255 1163 2551 1232 removeat;
2582 1154 2705 1220 quia
2732 1156 2832 1207 hoc
2855 1156 3232 1218 simoniacam,
3256 1162 3312 1207 et
3337 1157 3445 1210 Deo
3469 1165 3520 1210 et
3547 1157 3855 1215 hominibus

2254 1233 2583 1278 contrarium
2615 1235 2716 1278 εει.

2329 1405 2412 1475 (1)
2443 1405 2662 1476 Hocest
2681 1405 2977 1461 Clementis
2997 1405 3158 1476 epist.
3182 1404 3240 1472 2,
3257 1406 3325 1461 ad
3347 1405 3866 1476 Jacobueratrem

2261 1477 2495 1531 Domini.
2533 1475 2866 1533 “sanemus.
3038 1475 3045 1476 7
3109 1529 3114 1533 ,
3167 1527 3187 1533 ..
3411 1524 3416 1530 .

1700 1735 1904 1792 ANNIS
1947 1734 2174 1792 DOMINI
2214 1731 2694 1790 CCLlll-CCLVII.

1153 1865 1240 1944 S.
1277 1862 1972 1945 STEP‘HANUS
2029 1859 2099 1953 Ι,
2155 1862 2160 1942 ξ

2263 1861 2453 1943 \PA
2526 1860 2676 1942 ET
2731 1859 3232 1943 MARTYR
3269 1918 3291 1959 ,

1589 1986 1810 2062 VlTA,
1848 1981 2264 2044 EPISTOLE
2309 1983 2411 2044 ET
2453 1980 2850 2045 DECRETA.

2018 2111 2378 2126 ﬂ

1173 2173 1594 2231 PROOEMIUM.

860 2313 940 2368 Et:
965 2316 1093 2368 libro
1123 2312 1409 2382 pontiﬁcali
1439 2312 1654 2368 Damasi
1683 2329 1852 2384 pttpt'B.

631 2455 939 2525 Stephanus
967 2453 1182 2508 natione
1231 2452 1523 2515 Romanus,
1551 2467 1615 2508 ex
1649 2462 1797 2523 patre
1824 2452 1966 2506 .Iulio
1997 2462 2042 2519 ει,
2079 2467 2162 2509 se-

2193 2173 2240 2232 B
2269 2171 2347 2229 dit
2371 2188 2544 2229 annos
2595 2183 2827 2244 septem,
2861 2186 3075 2228 menses
3103 2172 3362 2244 quinque.
3397 2173 3514 2228 dies
3541 2171 3694 2227 duos.
3725 2172 3867 2226 Mar—

2270 2267 2411 2337 tyrio
2439 2273 2750 2322 coronatur.
2784 2264 2907 2319 Fuit
2939 2263 3272 2334 temporibus
3313 2263 3582 2320 Valeriani
3633 2273 3690 2319 et.
3741 2263 3875 2319 Gal-

2268 2358 2426 2414 licani
2473 2368 2526 2415 et
2569 2358 2807 2423 Maximi,
2838 2372 3009 2427 usque
3059 2357 3127 2411 ad
3173 2357 3520 2412 Valerianum
3571 2367 3785 2427 quarto,
3818 2366 3876 2412 et

2267 2450 2600 2508 Gallicanum
2633 2451 2792 2507 tertio
2816 2450 2867 2507 δ.
2901 2451 2998 2505 llic
3022 2450 3316 2518 constituit,
3347 2449 3661 2506 sacerdotes
3681 2458 3737 2505 et
3762 2449 3865 2505 Le-

1783 2543 2165 2602 LECTIONES
2207 2544 2619 2602 VARIANTES.

625 2645 652 2674 ⁸
675 2643 818 2694 Jobio
849 2645 1087 2707 quinque.

2303 2639 2333 2675 τι
2355 2640 2561 2690 Gallieni
2585 2640 2720 2691 Coss.

1925 2723 2276 2781 VARIORUM
2316 2724 2544 2780 NOTAE.

638 2824 950 2893 Stephanus.
989 2820 1294 2890 Stephanus
1324 2821 1490 2889 patria
1519 2819 1796 2893 Bonnanns
1819 2862 1832 2883 ,
1867 2829 2151 2893 postquam

565 2895 638 2952 35
672 2891 864 2950 diebus
897 2893 1068 2948 Sedes
1096 2893 1366 2960 pontiﬁcia
1401 2901 1616 2957 pastore
1650 2891 1903 2946 destituta
1929 2891 2114 2945 luisset
2138 2933 2153 2956 ,

566 2982 707 3021 nona
741 2967 962 3034 Aprilis,
988 2978 1131 3016 anno
1159 2963 1357 3016 Christi
1387 2963 1515 3034 257.
1545 2964 1632 3030 qui
1663 2974 1747 3016 est
1768 2972 1989 3032 quartus
2019 2961 2155 3018 Galli

566 3047 623 3091 et
651 3033 968 3096 Vnius-iani,
1004 3034 1266 3089 Valeriani
1307 3045 1362 3088 et
1389 3033 1616 3089 Gallieni
1671 3036 1894 3098 tertius,
1947 3036 1997 3087 in
2030 3035 2158 3088 sede

568 3107 842 3177 pontiﬁcia
861 3107 1174 3160 collocatur.
1201 3105 1356 3177 Initio
1383 3106 1536 3177 hujus
1564 3105 1923 3177 pontiﬁcatus,
1948 3104 2159 3158 duobus

569 3175 842 3247 prtedictis
871 3177 1284 3244 imperatoribus
1314 3175 1468 3232 Gallo
1495 3189 1545 3229 et
1585 3175 1874 3247 Volusiano
1896 3219 1908 3237 ,
1946 3184 2102 3245 prout
2129 3190 2157 3227 a

570 3246 840 3319 Cypriano
871 3248 1181 3317 praedittum
1214 3247 1404 3319 fuerat.
1434 3247 1646 3308 occisis,
1679 3246 1913 3300 Ecclesia
1953 3255 2164 3319 paeeet

571 3317 802 3384 quadam
839 3318 1221 3387 tranquillitate
1253 3317 1468 3379 fruitur,
1514 3334 1681 3387 usque
1717 3319 1781 3370 ad
1827 3333 2026 3370 annum
2053 3317 2161 3372 Va-

569 3391 760 3446 leriani
792 3386 1129 3458 imperatoris
1179 3389 1461 3454 quintum,
1521 3386 1821 3452 ct’Chuisti
1877 3388 2007 3450 239,
2057 3404 2163 3457 quo

573 3462 868 3530 imperator
928 3459 1242 3514 Valerianus
1293 3459 1556 3527 principio
1611 3458 1820 3526 imperii
1883 3462 1968 3530 sui
2037 3475 2160 3529 erga

2259 2821 2466 2874 nomine
2489 2819 2682 2880 Patris,
2713 2831 2760 2874 et
2803 2819 2950 2882 Filii,
2983 2829 3028 2875 et
3060 2819 3294 2886 Spiritus
3314 2820 3499 2883 sancti,
3544 2820 3867 2887 contulisset,

2259 2893 2516 2946 invalidus
2543 2893 2643 2955 sit,
2674 2892 2889 2962 ideoque
2915 2892 3180 2946 iterandus
3199 2933 3215 2955 ,
3257 2893 3393 2960 quod
3434 2908 3465 2943 α
3493 2892 3728 2962 ministro
3762 2893 3874 2947 Ine—

2263 2965 2417 3016 retico
2447 2961 2834 3018 administratas
2862 2964 2969 3017 sit?
3012 2964 3320 3033 Cyprianus
3373 2977 3492 3016 cum
3552 2961 3876 3018 Ftrmiliano

2262 3034 2441 3100 Asize,
2489 3034 2717 3104 aliisque
2766 3035 3012 3104 plurimis
3053 3033 3409 3089 orientalibus
3452 3035 3764 3102 episcopis,
3820 3035 3873 3089 id

2266 3121 2370 3158 non
2405 3105 2564 3159 modo
2595 3105 2902 3170 afﬁrmavit,
2930 3120 3116 3159 verum
3147 3106 3306 3158 etiam
3357 3104 3557 3158 habitis
3591 3105 3693 3159 hac
3722 3105 3791 3158 de
3813 3122 3872 3160 re

2269 3176 2512 3244 plurimis
2544 3177 2595 3230 in
2628 3176 2805 3231 Africa
2834 3177 3080 3231 eonciliis
3130 3175 3272 3231 idem
3326 3176 3616 3243 aliquoties
3663 3179 3866 3231 contir-

2269 3248 2453 3312 tnavit,
2487 3263 2648 3300 ttntnn
2681 3263 2802 3303 esse
2827 3248 3183 3314 Baptismnm,
3209 3248 3297 3316 qui
3329 3258 3478 3301 extra
3506 3263 3662 3301 unam
3689 3247 3875 3304 Eccle-

2268 3318 2402 3371 siatn
2451 3318 2770 3373 catholicam
2832 3335 2938 3372 non
2995 3318 3316 3373 inveniatur.
3390 3317 3695 3386 Stephanus
3744 3334 3873 3373 vero

2269 3388 2528 3446 Romanze
2559 3390 2812 3444 Ecclesiae
2840 3387 3110 3460 pontifex,
3157 3389 3360 3444 docens
3411 3391 3680 3458 antiquam
3737 3405 3866 3458 apo‘

2271 3462 2517 3514 stolicatn
2550 3462 2888 3515 traditionem
2919 3475 3063 3526 esse,
3095 3477 3197 3528 qua
3226 3460 3857 3526 baptizatiabhawreticis,

575 3529 916 3588 Christianos
948 3531 1511 3592 benevolentissimus,
1571 3533 1772 3598 optime
1815 3529 2038 3584 allectus
2062 3571 2074 3588 .
2133 3546 2160 3582 a
2194 3539 2237 3600 ρ
2272 3531 2385 3584 sola
2417 3547 2668 3584 manuum
2718 3533 3062 3594 impositiOne
3117 3531 3542 3599 recipiebuntnr,
3593 3531 3857 3599 ideoque,

575 3604 810 3674 quodam
838 3618 992 3672 mago
1017 3601 1349 3674 Egyptinin
1378 3600 1596 3654 eosdem
1642 3603 1874 3656 vicissim
1931 3602 2169 3655 Concita—

578 3671 684 3740 tur,
713 3687 872 3744 atque
903 3673 968 3726 ad
999 3671 1379 3727 rcsuinendum
1430 3685 1615 3744 contra
1667 3687 1761 3727 eos
1788 3688 1933 3726 arma
1964 3673 2168 3744 induci-

576 3753 688 3816 tur.
719 3742 1005 3816 Dienysius
1038 3744 1297 3797 Alcxand.
1334 3743 1472 3816 apud
1496 3743 1807 3816 Ettselnlib.
1836 3760 1929 3802 vn.
1959 3759 2077 3812 cap.
2111 3742 2162 3809 9;

576 3815 777 3871 BarOn.
810 3815 953 3869 anno
975 3815 1106 3878 257,
1136 3829 1359 3868 numero
1405 3815 1437 3867 ϐ
1468 3825 1521 3868 et
1577 3817 1628 3869 7.
1675 3815 1810 3868 Cum
1866 3816 2023 3884 igitur
2069 3831 2167 3883 pax

577 3886 786 3942 reddita
816 3886 1064 3941 diuturna
1094 3902 1198 3939 non
1227 3894 1371 3940 esset
1399 3887 1570 3940 futura
1603 3928 1618 3950 ,
1664 3884 1965 3957 Cyprianus
1994 3901 2055 3939 ac
2087 3901 2170 3940 re-

576 3958 710 4029 liqui
739 3957 1006 4013 Alricanze
1036 3957 1292 4029 Ecclesia:
1315 3957 1577 4028 episcopi,
1618 3961 1800 4010 multis
1841 3957 2083 4029 conciliis
2117 3958 2168 4011 itt

579 4027 760 4086 Africa
794 4029 990 4083 habitis
1015 4028 1422 4089 convenientes,
1482 4027 1693 4082 summo
1720 4040 1913 4082 conatu
1962 4027 2170 4081 labora-

579 4112 729 4164 runt.
761 4112 818 4155 ut
840 4101 910 4166 id,
936 4101 1078 4169 quod
1111 4115 1140 4153 a
1171 4100 1275 4153 ﬁde
1317 4099 1582 4154 catholica
1636 4111 1690 4154 et
1737 4099 1888 4154 bonis
1934 4101 2171 4154 moribus

581 4172 818 4228 alienum
849 4173 900 4228 in
933 4172 974 4226 Ε
999 4173 1227 4226 -c|esiatn
1262 4172 1585 4238 irrepserat,
1620 4171 1966 4225 emendarem
1989 4211 2002 4230 ,
2058 4171 2170 4223 bte-

583 4259 734 4300 reses
758 4245 1086 4310 extirparent
1109 4284 1122 4305 ,
1157 4242 1284 4294 vitia
1327 4241 1694 4310 Corrigerent,
1727 4257 1790 4295 ac
1838 4241 2052 4294 demum
2083 4259 2172 4295 or-

583 4314 839 4370 thodoxm
895 4312 1014 4368 litlei
1064 4313 1314 4379 dogmata
1361 4314 1764 4366 eonlirtnarcnt.
1813 4312 2168 4380 Aquariorunt

584 4386 839 4451 haeresin,
865 4401 1056 4452 aquam
1103 4385 1379 4437 dumtaxat
1411 4384 1462 4437 in
1493 4383 1757 4437 sacriﬁcio
1807 4382 2167 4446 offerentium,

583 4455 884 4529 Cyprianus
905 4454 1246 4525 epistola63,
1295 4454 1360 4506 ad
1388 4453 1609 4529 Caelium
1664 4457 1892 4522 scripta.
1944 4454 2168 4520 refutat,

585 4526 805 4596 dicens,
853 4528 950 4581 hos
974 4529 1342 4596 persecutione
1372 4526 1583 4596 vigente
1609 4540 1819 4580 summa
1851 4539 2027 4582 mane.
2076 4541 2170 4580 seu

584 4600 765 4670 potius
796 4613 1057 4654 nocturno
1084 4607 1356 4666 tempore,
1381 4596 1446 4650 ad
1475 4611 1685 4670 sacram
1714 4596 1939 4670 synaxin
1971 4611 2168 4670 eonvef

586 4667 821 4735 iticntes,
852 4671 972 4725 loco
993 4670 1097 4722 vini
1130 4683 1321 4728 aquam
1349 4669 1631 4734 OltttlilSsc,
1663 4683 1728 4721 ne
1751 4667 2168 4722 scilicetChristi

585 4741 899 4807 sanguinem
925 4742 976 4794 in
1001 4740 1180 4809 specie
1207 4739 1310 4791 vini
1343 4737 1586 4809 bibentes
1610 4778 1625 4802 ,
1657 4738 1823 4792 odoz-e
1850 4739 1954 4791 vini
1980 4780 1990 4793 .
2025 4739 2174 4793 velut

587 4815 820 4882 quodam
857 4809 1271 4882 Christianitatis
1302 4808 1923 4882 indicio,proderentur.
1975 4811 2169 4865 Barou.

585 4880 730 4938 anno
789 4881 913 4944 257,
948 4898 1095 4936 nunt.
1127 4881 1180 4942 9,
1216 4881 1283 4932 10
1313 4892 1366 4934 et
1395 4882 1477 4935 ll.
1499 4881 1631 4935 Cum
1665 4880 1950 4934 Martianus
1983 4881 2174 4935 Arela-

1121 4932 1180 5005 i'n'
1221 4932 1412 5006 Galliai
1437 4932 1832 5019 hoe—tempore
1869 4932 2172 5024 Nova—lianc
2197 4932 2251 4997 Ῑ)

584 5023 877 5096 plurimum
907 5026 1168 5096 studeret.
1219 5024 1413 5076 multos
1435 5025 1606 5096 etiam
1648 5025 1698 5075 in
1730 5023 1968 5089 ejusdem
2018 5037 2169 5076 erro-

584 5093 702 5153 i'etn
745 5097 1072 5159 induxisset,
1118 5093 1406 5148 Faustinus
1463 5095 1834 5164 Lugdunensis
1887 5096 2171 5163 cpisc0pus

585 5185 708 5224 cum
739 5169 1010 5240 Cypriane
1034 5177 1088 5221 et
1121 5166 1338 5240 reliquis
1367 5163 1700 5240 coepiscopis
1724 5163 1937 5240 Gallias,
1971 5179 2064 5230 per
2088 5164 2172 5240 tit-

584 5250 733 5296 teras
757 5234 1172 5308 adSIepbanum
1202 5234 1429 5307 scriptas
1463 5237 1734 5308 (Cypriani
1764 5236 1900 5308 inira
1935 5234 2171 5308 exstant)

584 5311 817 5366 sollicite
844 5306 1048 5381 petivit,
1068 5316 1125 5381 ttt
1150 5306 1196 5362 is
1217 5323 1279 5362 ex
1311 5306 1488 5381 ofﬁcio
1513 5306 1567 5362 et
1599 5323 1830 5381 munere
1847 5306 2167 5381 Martialium

581 5379 862 5438 Novattani
889 5380 1176 5437 sector-ium
1204 5398 1234 5433 e
1264 5379 1390 5435 sede
1432 5379 1680 5448 deponat,
1713 5389 1766 5432 et
1788 5380 1947 5431 alium
1974 5379 2026 5431 in
2049 5379 2167 5445 ejus

581 5453 764 5508 locum
786 5453 1088 5508 subsﬁtnat.
1125 5450 1321 5504 Baron.
1359 5464 1502 5504 anno
1525 5450 1650 5513 258,
1673 5465 1820 5503 num.
1859 5449 1915 5511 8,
1943 5465 1977 5520 9
2001 5457 2054 5503 et
2076 5451 2161 5504 10.

581 5523 696 5594 Sub
723 5527 823 5580 hoc
852 5524 1102 5594 pontiliee
1133 5520 1271 5593 apud
1297 5521 1574 5576 catholicae
1597 5521 1852 5577 Ecclesiae
1883 5524 2166 5594 episcopos

581 5602 638 5644 et
664 5592 914 5651 doctores
959 5592 1274 5664 gravissima
1304 5595 1667 5664 centroversia
1722 5596 1926 5645 moveri
1960 5607 2023 5645 ae
2051 5592 2166 5664 dis-

581 5668 754 5736 putari
779 5677 951 5736 empta
968 5663 1057 5719 est
1075 5707 1088 5728 ,
1116 5667 1232 5736 haec
1260 5667 1376 5736 :_An
1403 5663 1697 5736 Baptistnus
1740 5679 1889 5733 quem
1940 5663 2169 5721 minister

575 5727 838 5810 {{‘F’retictts
862 5727 1137 5810 Eccum/nm
1182 5732 1463 5810 legitimum
1484 5727 1739 5810 Ecclesia:
1752 5727 2031 5810 catholica;
2062 5737 2170 5810 for-

569 5806 703 5854 mam
728 5849 743 5875 ,
791 5826 852 5864 ηε
900 5806 1115 5865 deum",
1167 5803 1397 5862 ministri
1436 5807 1797 5873 intentionem,
1830 5803 2074 5887 scilicet,
2120 5807 2172 5858 ἱη

2275 3612 2332 3654 ttt
2385 3603 2555 3668 inquit
2587 3603 2898 3658 Vincentius
2929 3603 3228 3657 Lirinensis
3249 3645 3262 3667 ,
3298 3614 3478 3656 contra
3511 3600 3702 3653 hau-cs.
3735 3616 3860 3670 cap.

2274 3674 2326 3730 9.
2355 3673 2483 3727 nihil
2517 3674 2613 3727 hac
2646 3675 2698 3727 in
2726 3690 2783 3728 re
2811 3674 3196 3737 innovandum,
3231 3674 3323 3726 sed
3374 3674 3590 3727 ontuino
3625 3672 3678 3725 id
3719 3672 3867 3742 quod

2273 3745 2341 3796 ab
2369 3745 2640 3811 Apostolis
2694 3744 2944 3799 traditum
2989 3755 3072 3798 est
3119 3745 3408 3800 tenendum
3463 3759 3584 3797 esse
3634 3744 3867 3809 docens,

2274 3816 2638 3885 Apestolicam
2701 3818 3042 3871 traditionem
3085 3817 3230 3870 velut
3299 3815 3584 3884 quemdam
3657 3830 3871 3868 murum

2276 3886 2775 3956 inexpugnabilem,
2835 3903 3022 3942 eorum
3075 3888 3360 3941 sententiis
3391 3887 3668 3956 opposuit,
3701 3902 3872 3953 eaque

2275 3956 2388 4012 fere
2414 3962 2529 4012 sola
2563 3960 2747 4023 fretus,
2782 3959 2929 4011 illum
2979 3959 3306 4025 Baptismum
3358 3970 3554 4024 rattnn,
3614 3956 3868 4021 validum,

2274 4040 2328 4082 et
2354 4043 2687 4098 nequaqu-tn't
2712 4030 3074 4084 reiterandum
3115 4043 3235 4084 esse
3279 4028 3543 4092 deﬁnivit,
3575 4045 3733 4097 quem
3765 4029 3868 4081 mi-

2277 4101 2443 4154 nister
2471 4101 2754 4156 bmreticos
2777 4101 2928 4168 juxta
2963 4101 3190 4154 fortnam
3237 4117 3263 4152 a
3314 4099 3531 4152 Christo
3584 4101 3876 4169 pr:cscrip—

2276 4179 2405 4230 tam.
2435 4182 2488 4224 et
2517 4175 2584 4224 ab
2617 4172 2848 4226 Ecclesia
2875 4179 3202 4239 usurpatum,
3231 4170 3565 4226 contulisset.
3613 4172 3691 4223 Ad
3738 4171 3877 4227 hanc

2278 4244 2602 4296 sententiam
2675 4243 2934 4311 Stephani
3004 4243 3272 4309 pontiﬁcis
3317 4259 3423 4296 non
3475 4241 3636 4295 tnodo
3683 4257 3880 4298 omnes

2278 4313 2389 4366 fere
2418 4323 2597 4382 patres
2625 4313 2864 4368 Al'riCani
2885 4357 2898 4374 ,
2949 4329 3138 4367 verum
3193 4315 3352 4367 etiam
3388 4314 3418 4365 ii
3447 4315 3534 4381 qui
3568 4329 3879 4382 propugna-

2279 4392 2425 4438 tores
2446 4395 2598 4439 erant
2622 4387 2876 4440 contrarii
2901 4384 3166 4452 dogmatis
3186 4384 3874 4454 Firtnilianus,Dionysius,

2276 4465 2327 4508 et
2349 4455 2647 4525 Cyprianus
2676 4466 3053 4519 accesserunt,
3097 4456 3239 4526 quod
3271 4471 3334 4509 ex
3361 4456 3680 4524 Augustino,
3711 4457 3878 4524 epist.

2277 4527 2366 4590 68,
2415 4527 2480 4580 ad
2525 4527 2767 4582 Vincent.
2820 4537 2874 4581 et
2924 4526 2993 4579 de
3046 4528 3302 4596 Baptism.
3351 4539 3536 4580 contra
3584 4527 3776 4580 llonat.
3821 4527 3880 4590 6,

2279 4613 2397 4664 cap.
2425 4598 2482 4663 ἓ,
2508 4597 2632 4652 item
2655 4613 2718 4652 ex
2754 4598 3076 4667 Hieronymo
3093 4611 3280 4652 contra
3314 4596 3706 4667 Luciferirtnos,
3728 4599 3881 4652 aliis-

2276 4683 2381 4738 que
2413 4669 2708 4723 rationibus
2759 4666 3251 4738 probat’Baronins
3305 4684 3446 4722 anno
3485 4666 3684 4722 Christi
3739 4667 3878 4732 238,

2279 4756 2427 4812 num.
2466 4739 2558 4802 49,
2590 4740 2683 4802 50,
2708 4741 2794 4794 51.
2821 4741 2898 4812 _|)e
2927 4740 3026 4794 hac
3062 4739 3427 4794 controversia
3479 4739 3724 4808 legantur
3763 4739 3880 4812 Cy-

2277 4811 2450 4880 priani
2479 4813 2721 4879 epistolae
2776 4810 2864 4876 70,
2918 4827 3037 4865 cum
3088 4819 3292 4877 septem
3343 4813 3708 4880 sequentibus.
3764 4810 3882 4866 Au-

2277 4887 2522 4950 gusunus
2561 4884 2626 4936 de
2657 4883 2916 4951 Baptism.
2946 4893 3130 4937 contra
3160 4882 3482 4937 Donatistas.
3512 4880 3884 4953 Hieronymus

2277 4964 2461 5006 contra
2489 4953 2876 5017 Lucifertanos,
2911 4953 3192 5018 Barooius,
3223 4953 3384 5023 prard.
3410 4967 3554 5006 anno
3572 4955 3877 5017 ntnnero2,

2277 5033 2330 5076 et
2366 5026 2738 5092 sequentibus.
2774 5023 3002 5079 Notetur
3029 5027 3189 5078 etiam
3239 5034 3435 5092 quanta
3494 5025 3574 5077 vis
3635 5023 3884 5079 traditio-

2277 5109 2404 5148 nnm
2426 5097 2878 5164 Apostolicartun,
2909 5107 3215 5166 quantaque
3241 5095 3381 5150 Petri
3414 5095 3717 5150 successori
3752 5098 3884 5150 insit

2276 5178 2598 5230 auctoritas,
2649 5167 2738 5235 qui
2793 5167 2954 5220 nullis
2983 5167 3104 5221 aliis
3129 5168 3297 5221 ferme
3337 5167 3501 5220 armis
3521 5210 3536 5231 ,
3567 5181 3729 5235 quam
3761 5183 3883 5221 ma-

2274 5236 2448 5306 jorum
2506 5237 2791 5291 traditione
2843 5239 3102 5300 vallatus,
3159 5252 3374 5292 omnem
3422 5239 3767 5292 orientalium
3823 5249 3883 5294 et

2275 5308 2687 5362 occidentalium
2755 5309 3133 5378 episcoporum
3203 5310 3459 5375 impetum
3519 5312 3880 5372 sustinuerit,

2275 5394 2570 5449 eorumque
2597 5381 2733 5444 tela,
2766 5395 2830 5434 ex
2859 5381 3056 5434 divinis
3093 5380 3386 5448 Scripturis
3436 5379 3724 5434 c0nl'ertitn
3775 5395 3876 5451 pe-

2274 5452 2388 5516 tita,
2422 5457 2582 5506 unico
2613 5451 2959 5505 traditionum
2990 5452 3182 5522 clypeo
3201 5458 3424 5518 excepta
3454 5453 3760 5506 retorserit.

3196 5522 3399 5577 Seven.
3443 5523 3642 5578 antus.

2343 5592 2640 5662 Stephano,
2671 5603 2728 5646 ut
2759 5592 3040 5658 Eusebius,
3074 5594 3169 5650 lib.
3203 5609 3296 5651 vn.
3324 5610 3373 5647 c.
3398 5593 3453 5659 2,
3481 5595 3737 5664 loquitur,
3772 5594 3884 5648 Ln—

2273 5663 2388 5718 eius
2411 5665 2646 5736 moriens
2665 5665 2970 5734 episcopale
2992 5665 3226 5719 ofﬁcium
3248 5663 3561 5733 dereliquit.
3584 5676 3636 5720 et
3655 5667 3884 5736 quidem

2274 5745 2427 5805 prout
2459 5735 2700 5804 ejusdem
2730 5736 2945 5792 Eusebii
2973 5736 3259 5791 (Iltronicon
3287 5745 3342 5789 et
3379 5735 3752 5790 Bucheriatius
3776 5753 3882 5790 ρει-

2274 5805 2487 5877 talogus
2524 5807 2720 5864 docent
2742 5851 2755 5876 ,
2791 5806 3070 5862 Volusiano
3110 5816 3158 5861 et
3199 5806 3517 5870 Maximino,
3551 5821 3646 5862 seu
3695 5807 3880 5877 potius
