4260 6266
360 316 465 376 9S5

1230 316 1448 374 EPIST.
1488 316 1629 373 NON
1673 315 2018 374 EXSTANT.
2047 314 2391 373 STEPHANI
2437 316 2455 371 l
2497 315 2797 383 NOTITIA.

3560 312 3663 370 986

356 437 499 492 vitas
531 434 768 491 vestibus
798 434 1024 490 sacratis
1053 434 1107 491 in
1136 450 1235 491 usu
1281 435 1592 507 quotidiana
1623 450 1727 489 non
1769 437 1872 502 uti,
1904 443 1958 490 et
1987 439 2033 498 Α
2063 435 2121 499 5,
2150 434 2436 505 episcopos
2490 450 2589 505 per
2617 434 2829 490 diversa
2874 433 2993 489 loca
3036 440 3166 487 tres.
3214 430 3469 497 Sepultus
3501 440 3582 488 est
3607 431 3663 487 in

353 528 460 585 nisi
486 529 540 584 in
572 527 812 585 Ecclesia
847 537 1077 583 tantum.
1126 527 1221 583 Hic
1253 526 1379 583 fecit
1410 528 1777 583 ordinationes
1819 527 1954 582 duas

354 634 455 692 per
484 636 726 679 mensem
775 620 1144 689 decembrem,
1170 621 1517 692 presbyteros
1546 636 1660 685 sex,
1695 620 1953 677 diaconos

2060 529 2374 585 cmineterio
2400 528 2609 585 Callisti
2637 528 2721 582 via
2764 526 2958 599 Appia,
2990 534 3182 596 quarto
3208 539 3380 582 nonas
3410 523 3677 608 Augustin

2058 625 2127 680 Et
2153 628 2385 681 cessavit
2414 626 2758 697 episcopatus
2781 624 2898 680 dies
2926 621 3019 676 22.

1662 713 2033 775 VARIORUM
2062 717 2293 773 NUTIE.

353 812 620 876 Maximo,
652 811 947 866 consulibus
970 853 986 877 ,
1022 812 1122 864 hoc
1158 817 1242 864 est
1271 823 1413 863 anno
1443 805 1637 862 Christi
1684 808 1810 863 255.
1854 808 1947 865 Ille

351 882 834 946 laudatigEusebio
875 892 1010 937 teste
1040 880 1130 937 lib.
1176 896 1270 944 vit.
1300 896 1350 952 c.
1384 879 1437 934 5.
1476 881 1573 952 cui
1600 889 1655 933 et
1686 881 1945 952 lberony-

353 969 474 1011 mus
501 955 738 1009 concinit
783 954 834 1008 in
875 953 1161 1018 Chronico,
1199 951 1495 1007 Ecclesiam
1530 951 1744 1005 biennio
1772 951 1947 1005 admi-

356 1025 622 1081 nistravit.
655 1024 1023 1080 Bucherianns
1047 1024 1341 1093 eatalogus,
1373 1022 1498 1076 licet
1523 1024 1570 1075 ci
1606 1023 1752 1076 sedis
1778 1039 1950 1079 annos

356 1112 430 1164 tv,
462 1111 680 1153 menses
710 1112 767 1156 ιι.
800 1096 914 1150 dies
942 1111 1053 1159 χχι,
1082 1097 1359 1158 attribuat,
1388 1093 1453 1146 ad
1483 1093 1843 1148 Eusebianuni
1871 1104 1951 1149 ta-

356 1184 480 1224 men
505 1170 771 1223 calculum
813 1167 1057 1234 accedit,
1085 1174 1349 1234 quatenus
1390 1164 1507 1235 ejus
1547 1165 1749 1218 obitum
1802 1164 1951 1221 Vale-

354 1241 507 1294 riano
532 1255 592 1295 ιιι
623 1250 667 1293 et
698 1237 933 1293 Gallieno
961 1254 996 1293 II
1023 1238 1334 1299 consulibus,
1356 1236 1456 1290 hoc
1481 1247 1726 1291 essauno
1751 1237 1952 1293 Christi

354 1310 486 1375 255,
515 1312 809 1380 consignat.
844 1311 901 1365 lu
925 1309 1100 1380 fronte
1137 1307 1453 1380 kalendarii,
1494 1308 1636 1380 quod
1669 1307 1954 1380 praedictus

354 1378 964 1450 Bucherius'vulgavit,
993 1381 1051 1436 S.
1082 1379 1346 1450 Stephani
1397 1378 1663 1449 depositio
1688 1395 1741 1433 tv
1775 1378 1956 1450 Nonas

353 1454 560 1525 augusti
587 1453 641 1506 in
672 1449 874 1525 Callisti
903 1449 1216 1525 cmmeterio
1255 1461 1490 1525 notatur.
1523 1449 1723 1525 Eodem
1750 1451 1838 1506 die
1873 1449 1954 1507 fe-

353 1522 649 1579 stivitatem
676 1523 815 1591 ejus,
844 1535 902 1577 ιιι
931 1539 1093 1587 nuue.
1124 1524 1193 1576 ita
1222 1531 1277 1577 et
1304 1523 1431 1576 olim
1474 1522 1803 1578 celebratam
1835 1537 1958 1579 esse

349 1606 534 1651 vetera
565 1604 912 1649 monumenta
935 1594 1095 1649 ﬁdem
1120 1592 1342 1649 faciunt.
1372 1593 1429 1649 Si
1459 1603 1637 1648 tamen
1666 1594 1955 1648 concilium

350 1666 769 1736 Carthagineuse
801 1680 879 1732 ιιι,
912 1666 979 1721 de
1007 1666 1093 1729 iis,
1123 1666 1211 1736 qui
1240 1667 1309 1719 ab
1337 1664 1951 1736 hieresiadEcclesiam

350 1734 611 1803 veniunt,
657 1736 798 1806 quod
856 1734 1158 1806 epistolam'
1187 1735 1446 1807 Stephani
1493 1735 1560 1790 ad
1616 1734 1947 1807 Cyprianum

350 1807 601 1933 proxime
628 1811 856 1878 ext-epit,
888 1823 1030 1862 anno
1056 1807 1185 1874 256,
1214 1816 1274 1862 ut
1300 1808 1458 1931 vul‘go
1486 1807 1682 1862 eruditi
1724 1816 1944 1878 putant,

389 1880 594 1933 abitum
623 1888 725 1933 est.
756 1879 1013 1933 Stephani
1047 1894 1192 1933 mors
1224 1894 1329 1933 non
1415 1878 1646 1933 aleriano
1676 1895 1733 1933 ιιι
1754 1890 1799 1933 et
1823 1878 1944 1933 Gal-

389 1880 594 1934 abitum
623 1888 725 1942 est,
756 1879 1013 1947 Stephani
1047 1894 1192 1933 mors
1224 1894 1329 1934 non
1373 1878 1646 1933 Valeriano
1676 1895 1733 1934 ιιι
1754 1890 1799 1933 et
1823 1878 1947 1933 Gal-

352 1951 488 2005 lieno
518 1966 591 2017 ιι,
624 1951 695 2003 uti
726 1950 1097 2005 Bucherianus
1139 1950 1415 2020 catalogus
1458 1965 1565 2019 prec
1597 1965 1655 2006 se
1682 1948 1820 2015 fert,
1854 1949 1949 2004 sed

359 2020 637 2075 Valeriano
667 2036 717 2074 tv
747 2030 795 2076 et
825 2020 1061 2075 Gallieno
1089 2036 1166 2085 ιιι,
1199 2032 1255 2075 ιιι
1278 2024 1328 2075 in
1361 2022 1648 2091 pontificali
1692 2022 1831 2077 libro
1857 2037 1953 2077 ex-

349 2100 473 2159 stat,
509 2092 612 2147 hoc
635 2099 719 2146 est
741 2107 884 2147 anno
910 2091 1016 2147 257
1041 2093 1403 2162 consignanda
1443 2094 1565 2147 erit.
1602 2094 1666 2148 Et
1697 2108 1817 2147 cum
1851 2092 1950 2147 hac

349 2164 564 2233 quidem
602 2165 808 2234 epoclia
850 2164 1057 2218 facilius
1083 2174 1481 2234 componuntur
1510 2175 1621 2219 tum
1668 2165 1758 2235 qui
1786 2165 1949 2234 Papae

2054 810 2175 867 huic
2211 812 2551 867 Bucheriauo
2580 811 2630 865 in
2661 812 2904 880 catalogo
2937 809 3250 865 tribuuntur
3269 817 3499 879 quatuor
3528 825 3661 877 pon-

2053 883 2285 937 tificatus
2314 885 2437 937 anui
2460 925 2475 945 ,
2511 894 2620 936 tum
2660 884 2800 952 quod
2833 883 2901 936 de
2931 881 3072 935 illius
3120 882 3378 951 martyrio
3406 881 3655 937 traditur.

2051 953 2210 1009 Anno
2240 955 2435 1025 quippe
2460 954 2590 1018 255,
2625 954 2894 1014 Ecclesia,
2930 961 2986 1025 ut
3017 952 3303 1025 [liouysius
3331 952 3659 1025 Alexaner

2053 1042 2153 1080 nus
2177 1022 2367 1078 auctor
2391 1036 2493 1091 est,
2526 1040 2733 1079 summa
2764 1040 2893 1093 pace
2926 1023 3219 1078 fruebatur.
3253 1022 3516 1088 Quocirca
3549 1026 3659 1078 An-

2053 1098 2231 1151 tonius
2260 1095 2472 1164 Pagins,
2506 1094 2882 1150 Tillemontius
2909 1096 3107 1164 aliique
3137 1094 3396 1164 Stephani
3422 1104 3653 1150 mortem

2054 1168 2106 1222 iti
2135 1181 2335 1221 annum
2361 1167 2466 1221 257
2493 1167 2770 1221 dilferunt.
2795 1164 3098 1220 Consum.

2132 1238 2279 1293 Sedit
2310 1255 2471 1291 annos
2493 1248 2702 1307 septem,
2742 1254 2934 1291 menses
2960 1240 3199 1307 quinque,
3231 1237 3338 1292 dies
3367 1236 3517 1292 duos.
3542 1237 3659 1292 An-

2058 1325 2158 1363 nos
2186 1320 2546 1373 tres,menses
2574 1318 2704 1373 tres,
2733 1309 2851 1364 dies
2877 1309 2966 1371 22,
2993 1309 3092 1362 sub
3120 1317 3330 1377 quarto.
3381 1308 3659 1363 consulatu

2063 1380 2352 1446 Valeriani,
2382 1380 2472 1449 qui
2508 1382 2557 1432 in
2592 1382 2740 1433 fastis
2778 1379 3065 1450 appooitttr
3114 1394 3254 1432 anno
3300 1377 3496 1433 Christi
3524 1378 3652 1446 260,

2061 1453 2321 1523 martyrio
2342 1460 2679 1523 coronatum
2707 1465 2828 1506 esse
2867 1452 3242 1523 Stephantnn,
3295 1450 3431 1504 liber
3471 1452 3650 1523 ponti-

2060 1521 2229 1579 fiCalis
2277 1534 2332 1576 et
2368 1532 2485 1577 acta
2533 1521 2792 1590 Stephani
2851 1532 3135 1575 testantur.
3195 1521 3375 1591 Itaque
3422 1522 3654 1590 repetito

2059 1593 2205 1648 sedis
2234 1594 2350 1663 ejus
2389 1593 2645 1657 exordio,
2679 1592 2823 1648 dicto
2860 1592 3118 1659 temporis
3147 1593 3352 1661 spatio,
3403 1608 3523 1663 cum
3568 1606 3657 1647 se-

2061 1664 2207 1720 disse
2244 1662 2502 1735 eporluit.
2536 1663 2733 1719 Barea.
2791 1678 2931 1717 anno
2966 1662 3094 1728 260,
3154 1679 3302 1734 num.
3357 1664 3412 1716 2.
3445 1662 3630 1718 δινειι

2059 1736 2260 1792 Βιιιιυε.

2139 1807 2466 1862 Valerianum
2511 1816 2710 1878 quarto,
2753 1814 2860 1862 etc.
2908 1805 3110 1863 Eodem
3140 1815 3329 1878 quarto
3371 1805 3655 1861 consulatu

2056 1878 2353 1938 Valeriani.
2399 1877 2527 1932 acta
2558 1879 2728 1933 sancti
2770 1878 3028 1947 Stephani
3080 1877 3445 1931 emendatiora
3476 1878 3654 1932 consi-

2053 1963 2214 2019 gnata
2271 1958 2415 2004 sunt.
2487 1949 2640 2017 Quod
2706 1958 2884 2003 autem
2945 1950 2997 2001 in
3050 1946 3369 2019 quibusdam
3429 1956 3656 2017 ponatur

2058 2018 2325 2077 Valeriani
2372 2024 2683 2076 consulatus
2759 2021 2969 2084 tertius,
3033 2018 3261 2073 Gallieni
3314 2021 3585 2073 secundus
3618 2061 3635 2083 ,

2053 2094 2376 2149 mendosum
2414 2107 2535 2148 esse
2594 2092 2784 2161 probat
2821 2091 3082 2146 Baronius
3113 2105 3257 2145 anno
3285 2089 3489 2145 Christi
3516 2092 3645 2158 260,

2051 2182 2201 2220 num.
2226 2165 2282 2220 2.
2313 2165 2512 2220 Snus.
2558 2163 2756 2218 BINIUS.

1762 2343 2251 2429 NOTITIA

810 2456 1301 2517 EPISTOLARUM
1340 2458 1477 2517 NON
1516 2457 1962 2517 EXSTANTIUM
2002 2461 2169 2528 ρυλε
2210 2462 2303 2517 AD
2342 2463 2762 2523 STEPHANUM
2800 2466 3165 2525 ATTINENT.

1516 2546 1758 2588 AUGTORE
1797 2549 1849 2587 ι).
1890 2547 2221 2589 (ιουδτΑΝτιο
2246 2549 2298 2590 0.
2343 2550 2389 2590 S.
2432 2553 2481 2591 Β.

418 2792 494 2864 LA
527 2792 771 2849 Faustini
816 2792 1191 2863 Lugdunensis
1215 2794 1454 2864 episcopi
1505 2809 1569 2850 ac
1621 2805 1940 2851 cancrorum

345 2861 589 2935 ejusdem
632 2861 922 2931 provincite
954 2865 1333 2935 episcoporum
1373 2861 1438 2920 ad
1477 2865 1806 2934 Stephanum
1851 2881 1943 2935 pa-

344 2947 469 3001 pam
509 2934 725 3007 litterie,
767 2935 960 3007 quibus
994 2934 1337 2992 ’Marciantnn
1384 2937 1753 2992 Arelatensem
1818 2934 1934 3005 epi—

344 3019 571 3076 scopum
603 3004 900 3061 Novati'ano
929 3022 1050 3064 sese
1090 3008 1471 3076 conjttnxisse.
1496 3023 1558 3063 ac
1599 3004 1937 3063 durissimam

346 3075 570 3131 haeresis
618 3077 763 3133 illius
798 3088 983 3151 tenere
1020 3075 1372 3147 pravitatem,
1416 3089 1578 3151 atque
1616 3080 1682 3134 ab
1725 3081 1939 3151 episco-

2048 2707 2177 2777 quin
2220 2707 2335 2759 haec
2379 2706 2494 2779 ipsa
2528 2705 2895 2779 controversia
2942 2708 3210 2779 posterior
3258 2708 3328 2761 sit
3387 2709 3647 2779 epistola,

2047 2775 2207 2846 quam
2235 2777 2581 2848 postmodum
2619 2775 2922 2848 Cyprianus
2947 2780 3013 2831 ad
3056 2777 3384 2846 Stephanum
3415 2775 3482 2833 de
3509 2775 3651 2833 Mar-1

2047 2850 2185 2904 ciaui
2214 2863 2373 2903 causa
2424 2847 2676 2917 scripsit;
2711 2849 2856 2903 lianc
2882 2858 3062 2903 autem
3094 2865 3310 2903 causam
3356 2849 3421 2903 ad
3454 2865 3648 2905 secun-

2046 2920 2172 2975 dum
2207 2919 2463 2987 Stephani
2506 2935 2704 2973 annum
2748 2920 2858 2987 jam
2901 2921 3138 2974 adultum
3194 2923 3464 2990 pertinere
3510 2936 3649 2990 pric-

2046 2992 2220 3046 dictus
2270 2991 2548 3045 Annalium
2605 2991 2900 3062 Cypriunic.
2963 2994 3196 3059 scriptor
3242 2992 3449 3061 probat.
3491 2991 3646 3048 Unde

2046 3066 2324 3133 Sequitur,
2388 3071 2456 3134 uti
2499 3063 2543 3116 si
2594 3078 2728 3128 qtias
2781 3062 3045 3117 suadebat
3089 3062 3390 3134 Cyprianus
3443 3064 3649 3118 litteras

343 3162 533 3216 porum
560 3150 918 3204 consensione
945 3128 1260 3206 disreessisse
1293 3128 1628 3204 nuntiabant.
1654 3152 1727 3205 Eo
1752 3128 1931 3205 autem

2045 3128 2350 3216 Stepliaiius
2394 3133 2461 3187 ad
2502 3134 2853 3216 Arelatenses
2902 3128 3149 3216 miserit,
3172 3128 3274 3189 'hm
3344 3148 3451 3188 non
3491 3135 3650 3190 citius

343 3218 582 3292 audaciai
621 3230 940 3292 proruperat
964 3220 1283 3283 Marcianus,
1317 3232 1371 3275 ut
1399 3222 1466 3276 de
1496 3221 1723 3291 collegio
1753 3237 1936 3277 sacer-

342 3290 550 3365 dotum,
582 3292 669 3362 qui
699 3290 882 3365 lapsis,
917 3293 1292 3365 postdehitam
1325 3290 1717 3363 painitcntiain.
1750 3308 1935 3365 pacem

342 3360 573 3437 dandam
600 3360 931 3430 censebant,
962 3362 1212 3437 judicare
1248 3360 1450 3437 eosque
1491 3381 1521 3418 a
1561 3381 1621 3420 se
1652 3360 1939 3437 segregare

342 3446 448 3487 non
478 3434 723 3502 timeret,
765 3448 887 3489 cum
923 3436 990 3489 ab
1022 3434 1104 3488 his
1143 3435 1256 3503 ipse
1285 3434 1510 3490 necdum
1547 3434 1831 3493 abSIentus
1863 3436 1941 3489 vi-

344 3503 584 3559 deretur.
632 3505 707 3559 De
746 3506 934 3561 eadem
961 3521 1019 3560 re
1049 3504 1332 3559 Faustinus
1366 3508 1504 3562 idem
1551 3509 1716 3563 semel
1747 3521 1799 3563 et
1834 3510 1938 3563 ite-

343 3576 551 3649 rum‘ad
576 3576 900 3649 Cyprianum
939 3576 1150 3644 scripsit
1180 3576 1371 3649 (Epist.
1408 3594 1457 3643 ι,
1492 3578 1561 3631 ad
1602 3581 1811 3649 Steph.,
1881 3595 1934 3630 η.

344 3646 425 3716 1).
452 3646 765 3713 ριιοάίίόυο
790 3647 985 3703 factum
1022 3646 1361 3716 suspicantur
1401 3649 1637 3703 nonnulli
1664 3646 1704 3712 ,'
1727 3663 1782 3704 ut
1816 3664 1937 3705 cum

391 3719 635 3772 austinus
675 3733 737 3773 ac
782 3719 914 3774 socii
958 3718 1090 3772 nihil
1132 3733 1161 3772 a
1215 3718 1492 3788 Stephano
1545 3722 1936 3788 obtinuissent,

341 3787 463 3865 ejus
492 3802 656 3857 opera
685 3790 1015 3865 vel‘tnonilis
1052 3787 1335 3865 suppetias
1350 3790 1639 3865 Catholicis
1672 3787 1940 3865 episcopis

342 3858 717 3931 impetrarent.
775 3860 976 3930 Nempe
1013 3858 1368 3930 quisummis
1416 3862 1576 3916 rebus
1617 3858 1937 3931 praesident,

341 3929 436 3984 ubi
467 3930 759 4003 nonnullas
802 3932 885 3985 vel
914 3929 1039 4001 pra:
1079 3932 1238 3986 nimia
1306 3929 1657 3998 occupatione
1715 3936 1796 3987 vel
1847 3953 1942 4003 pro

342 4000 630 4070 prudentia
660 4002 878 4074 differre
905 4004 1322 4071 compelluntur,
1363 4018 1508 4073 saepe
1547 4000 1857 4074 culpantur
1880 4016 1938 4060 tit

343 4086 568 4142 segnes,
621 4073 706 4128 ubi
766 4090 897 4128 vero
931 4074 1265 4143 diligentiam
1310 4076 1599 4138 adhibent,
1640 4073 1727 4128 vix
1772 4079 1940 4133 vitare

343 4153 547 4217 queunt
579 4146 867 4215 prmcipilis
896 4147 1057 4198 animi
1087 4147 1469 4216 suspicionem.
1504 4147 1581 4201 Ad
1616 4148 1939 4217 Cyprianum

342 4216 487 4288 quod
527 4218 750 4279 attinet,
790 4217 927 4271 adeo
968 4234 1070 4271 non
1119 4218 1413 4280 dubitavit,
1461 4219 1586 4288 quin
1637 4216 1942 4288 Stephanus

341 4285 509 4355 ipsius
538 4289 764 4342 censilio
805 4300 859 4342 et
899 4288 1105 4343 hortatu
1146 4288 1349 4344 litteras
1393 4285 1837 4357 ad'provinciam
1886 4301 1941 4345 et

342 4358 554 4429 plebem
592 4360 962 4414 Arelatensem
994 4362 1263 4425 mitteret,
1296 4362 1486 4429 quibus
1512 4370 1566 4415 et
1610 4361 1937 4416 Marcianum

342 4427 623 4491 abstineri,
649 4442 702 4485 et
732 4430 895 4483 alium
928 4432 1236 4500 epis-captiin
1268 4427 1453 4500 iii—ejus
1486 4434 1657 4487 locum
1687 4434 1936 4487 substitui

2041 3220 2184 3260 anno
2206 3205 2313 3260 254
2340 3215 2571 3261 exeunte
2597 3207 2924 3275 conscripta:
2945 3206 3073 3261 sint.

2828 3320 2894 3375 Il.

2113 3436 2164 3511 3.
2188 3434 2473 3511 Basilides,
2514 3435 2850 3511 Legionisct
2875 3437 3141 3493 Asturicre
3181 3439 3485 3511 episcopus,
3523 3454 3646 3494 cum

2043 3505 2112 3581 oh
2151 3507 2466 3561 idololatrize
2504 3509 2683 3581 scelus
2716 3508 2928 3579 aliaque
2970 3505 3639 3581 eriniina'ahepiscOpatu

2043 3577 2298 3646 depulsus
2334 3592 2508 3644 esset,
2548 3578 2771 3649 ejusque
2801 3577 2919 3634 loco
2962 3582 3193 3636 Sabinus
3223 3577 3410 3636 fuisset
3445 3577 3641 3637 suffec-

2047 3658 2150 3723 tus,
2186 3664 2307 3723 sese
2336 3649 2562 3704 Romam
2605 3650 2669 3723 ad
2702 3651 3034 3720 Stephanum
3075 3654 3333 3718 contulit,
3371 3669 3397 3704 a
3435 3668 3541 3723 quo
3584 3662 3640 3707 ut

2044 3720 2097 3774 in
2125 3720 2310 3775 sedem
2343 3737 2492 3774 suam
2521 3721 2896 3777 restitueretur
2923 3725 3169 3777 obtinuit.
3197 3726 3269 3778 De
3302 3724 3402 3777 hac
3431 3720 3488 3778 re
3518 3724 3641 3790 quid

2045 3794 2268 3865 sentiret
2288 3792 2589 3865 Cyprianus
2614 3793 2681 3845 ita
2698 3794 2907 3865 aperuit
2922 3792 3328 3865 (EmCypriono,
3346 3795 3496 3859 epist.
3517 3795 3609 3865 68)
3626 3811 3640 3849 τ

2051 3881 2070 3913 ι
2112 3862 2219 3916 Nec
2265 3864 2576 3936 rescindere
2612 3862 3154 3936 ordinationemjn't'e
3185 3864 3474 3936 perfectam
3519 3862 3644 3936 (ἑά.)

2046 3942 2257 4002 potest,
2297 3933 2438 4000 quod
2484 3933 2746 3988 Basilides
2788 3943 2908 4002 post
2941 3935 3166 3988 crimina
3191 3951 3285 3988 sua
3316 3935 3555 4000 detecta,
3591 3933 3646 3992 et

2045 4004 2431 4057 conscientiam
2473 4006 2632 4057 etiam
2688 4005 2903 4073 propria
2945 4004 3285 4060 confessione
3341 4008 3593 4061 nudatam
3623 4049 3638 4072 ,

2045 4073 2271 4128 Romam
2295 4089 2545 4143 pergens,
2572 4074 2905 4146 Stephanum
2929 4076 3189 4146 collegam
3218 4090 3462 4130 nostrum
3489 4079 3644 4145 longe

2047 4146 2312 4214 pOsitum,
2351 4156 2404 4198 et
2458 4155 2624 4213 gestae
2671 4145 2746 4200 rei
2791 4161 2853 4199 ac
2899 4145 3085 4200 tacitae
3117 4148 3356 4201 veritatis
3399 4147 3642 4216 ignarum

2044 4215 2250 4275 fefellit,
2300 4227 2353 4269 ut
2385 4217 2692 4271 exainhiret
2751 4219 2936 4286 reponi
2981 4233 3040 4272 se
3082 4218 3280 4285 injuste
3330 4220 3380 4272 in
3428 4215 3641 4287 episco-

2046 4296 2262 4353 patum,
2302 4288 2371 4359 de
2409 4302 2519 4359 quo
2560 4286 2734 4343 fuerat
2768 4288 2914 4359 juste
2950 4288 3243 4358 depositus.
3287 4289 3400 4344 Hoc
3429 4304 3494 4344 eo
3521 4303 3642 4357 pcr-

2046 4359 2209 4431 _tinet,
2243 4368 2303 4431 ut
2329 4358 2578 4413 Basilidis
2601 4376 2709 4431 non
2733 4358 2838 4414 tam
2868 4361 3062 4414 abolita
3091 4362 3229 4427 sint,
3259 4377 3417 4431 quam
3451 4376 3641 4414 cumu-

2042 4427 2147 4503 lata
2201 4429 2428 4503 delicta,
2482 4440 2539 4483 ut
2576 4430 2641 4484 ad
2688 4432 2967 4503 superiora
3018 4443 3235 4503 peccata
3277 4427 3425 4502 ejus,
3468 4433 3636 4503 etiam

380 4501 689 4580 acciperet,
733 4510 793 4554 ut
827 4511 882 4556 et
920 4503 1052 4580 quis
1086 4503 1245 4580 luer_it
1286 4502 1609 4580 substitutus
1635 4504 1735 4557 sibi
1764 4503 1932 4580 signi-
1961 4521 2015 4580 ι)
2041 4500 2264 4580 fallacia:
2302 4510 2355 4555 et
2381 4500 3080 4580 circumventimii_s__scelus
3108 4500 3420 4580 acceSserit.
3456 4502 3641 4580 Neque

341 4512 689 4624 ﬁrmetperet.
733 4512 793 4554 ut
827 4512 882 4556 et
921 4518 1041 4583 quis
1086 4512 1245 4555 luerit
1286 4512 1609 4586 substitutus
1635 4512 1735 4557 sibi
1766 4512 1932 4586 signi-

379 4575 688 4645 carrsimul
728 4581 882 4645 roget
912 4570 1072 4645 (Ibid.
1105 4589 1156 4626 η.
1186 4574 1239 4645 5,
1272 4584 1319 4626 et
1357 4574 1431 4644 5).
1483 4573 1795 4645 Hlljlbmmll
1837 4591 1937 4629 an-

342 4649 454 4695 tem
503 4641 708 4699 litteras
758 4641 1102 4713 aStephano
1152 4644 1344 4698 miss:ts
1390 4641 1575 4699 fuisse
1599 4647 1701 4701 hoc
1741 4646 1953 4701 indicio

341 4720 459 4785 est,
477 4713 618 4781 quod
654 4717 706 4785 in
733 4714 1139 4769 Arelatensibus
1171 4714 1463 4785 diptychis,
1499 4718 1571 4769 uti
1601 4719 1709 4785 jam
1748 4719 1937 4772 obser-

342 4784 625 4856 vavimus,
665 4784 915 4840 Marciani
962 4803 1155 4841 nomen
1207 4784 1310 4839 non
1356 4784 1650 4856 comparet.
1689 4788 1839 4854 Quod
1884 4790 1934 4842 in

341 4855 562 4927 negotio
585 4853 884 4926 Cyprianus
911 4872 1067 4911 suum
1105 4858 1217 4927 ipse
1264 4873 1359 4926 pro
1393 4853 1644 4913 omnibus
1673 4853 1931 4915 ECclesiis

341 4925 577 5000 studium
607 4925 670 4981 ac
700 4925 1518 5000 sollicitudinemcomprobans,
1545 4929 1767 4984 Romani
1805 4946 1938 5000 pon-

342 4996 503 5051 tilicis
536 5011 645 5051 tum
681 4999 745 5051 ad
777 4998 1155 5053 dimovendum
1183 4996 1409 5055 desede
1448 5015 1542 5054 sua
1569 4996 1932 5057 Arelatensem

338 5067 687 5138 episcopum,
731 5081 839 5123 tum
871 5072 935 5123 ad
976 5071 1137 5124 alium
1176 5072 1224 5124 ei
1259 5073 1658 5140 Subrogandum
1699 5076 1935 5127 auctori-

340 5148 501 5214 tatem
556 5140 695 5214 haud
730 5142 904 5214 dubio
939 5142 1247 5196 testimonio
1286 5145 1531 5214 agnovit:
1567 5143 1746 5214 Neque
1790 5147 1931 5199 enim

340 5210 641 5268 audiendus
691 5212 903 5286 videtur
946 5227 1134 5268 recens
1179 5210 1447 5286 annalium
1493 5210 1932 5286 CyprianiCorum

336 5286 589 5351 scriptor,
640 5283 793 5355 cujus
833 5287 1097 5338 sententia
1154 5285 1285 5338 nihil
1323 5304 1342 5336 ι
1384 5283 1595 5338 ιιίιιιιέι
1654 5286 1927 5355 Stephano

410 5355 643 5408 stulabat
684 5354 988 5426 Cyprianus
1053 5375 1070 5407 ι
1120 5356 1285 5424 (cum
1338 5356 1412 5410 illi
1463 5364 1650 5409 auctor
1699 5354 1813 5410 erat
1879 5366 1937 5410 ut

362 5427 548 5480 itteras
590 5426 656 5479 ad
691 5426 1019 5497 provinciam
1067 5428 1358 5495 mitteret),
1394 5446 1411 5475 ι
1453 5427 1591 5493 quod
1646 5427 1758 5495 ipse
1800 5443 1937 5495 pra:-

335 5506 483 5552 stare
522 5506 741 5564 paratus
787 5511 890 5551 non
931 5507 1072 5561 erat,
1124 5515 1140 5549 ι
1188 5497 1288 5550 nisi
1335 5498 1715 5564 snbaudiatur,
1756 5515 1773 5547 ι
1809 5497 1932 5550 siin

337 5566 528 5623 eadem
561 5568 691 5622 sede
712 5583 773 5622 ac
806 5569 925 5623 loco
952 5570 1160 5623 fuisset.
1207 5588 1225 5619 ι

408 5637 467 5691 2.
521 5636 762 5711 Faustini
816 5640 884 5694 ad
939 5639 1268 5711 Stephanum
1328 5637 1534 5711 litteras
1583 5638 1933 5711 adriprimnm

338 5709 503 5776 hujus
530 5709 798 5778 pontificis
819 5709 1248 5765 annum—referri
1278 5710 1411 5764 nihil
1452 5718 1617 5764 vetat.
1654 5710 1757 5765 Eas
1786 5721 1936 5765 certe

336 5793 465 5835 ante
496 5781 739 5836 obortam
784 5783 851 5837 de
884 5781 1160 5851 Baptismo
1206 5781 1583 5837 haereticorum
1625 5792 1934 5838 controver-

338 5852 475 5907 siam
509 5854 739 5923 scriptas
777 5868 900 5908 esse
938 5853 1126 5924 liquet.
1167 5853 1491 5921 Ambiguum
1535 5853 1677 5908 enim
1719 5867 1823 5908 non
1852 5862 1937 5909 est

2040 4574 2184 4625 enim
2230 4583 2335 4627 tam
2374 4574 2671 4643 culpandus
2703 4583 2787 4628 est
2829 4574 2917 4628 ille
2960 4575 3045 4627 cui
3087 4575 3421 4644 negligenter
3447 4573 3642 4643 obrep-

2043 4652 2154 4697 tum
2221 4655 2334 4707 est,
2394 4660 2553 4715 quam
2608 4646 2694 4699 hic
2737 4644 3074 4699 execrandos
3130 4643 3219 4713 qui
3269 4643 3640 4699 fraudulenter

2039 4715 2282 4784 obrepsit
2316 4733 2328 4767 :
2370 4734 2390 4767 ι
2424 4725 2479 4769 ut
2517 4716 2726 4769 scilicet
2758 4717 2967 4786 litteras
3002 4716 3305 4777 obtineret,
3346 4716 3542 4786 quibus
3585 4725 3642 4771 et

2039 4788 2351 4841 communio
2377 4798 2430 4842 et
2460 4787 2617 4841 sedes
2653 4789 2750 4856 ipsi
2781 4785 3156 4841 redderentur.
3197 4785 3454 4841 Neutrum
3494 4788 3639 4842 enim

2039 4857 2140 4926 ipsi
2171 4860 2289 4911 sine
2319 4856 2535 4923 litteris,
2569 4874 2689 4926 qua:
2730 4867 2782 4912 et
2819 4857 3002 4926 judicii
3031 4858 3311 4927 Stephani,
3342 4869 3397 4913 et
3426 4858 3526 4912 sibi
3571 4860 3637 4916 ab

2038 4941 2105 4983 eo
2152 4929 2375 4982 indulta:
2418 4929 2810 4982 counnnnionis
2844 4938 3008 4982 testes
3055 4940 3270 4992 essent,
3313 4930 3636 4998 Sperandum

2039 4998 2232 5054 fuerat.
2271 5000 2405 5053 Eum
2427 5008 2606 5053 autem
2650 5014 2755 5054 non
2784 5011 2987 5053 tantum
3013 4999 3270 5070 Stephani
3304 5016 3639 5054 eommnuio-

2039 5085 2185 5135 nem,
2206 5072 2298 5125 sed
2326 5081 2381 5125 et
2407 5072 2794 5139 episcopatum,
2843 5081 2896 5124 et
2922 5086 3044 5125 eum
3067 5072 3281 5141 quidem
3314 5088 3419 5141 quo
3452 5072 3637 5139 dejec-

2040 5151 2147 5213 tusi
2198 5144 2408 5206 fuerat,
2463 5144 2786 5213 examinisse
2844 5143 3090 5209 proxime
3157 5145 3320 5196 relata
3377 5141 3634 5213 Cypriani

2038 5212 2200 5266 verba
2247 5212 2591 5281 persuadent.
2635 5212 2903 5283 Quorsum
2961 5217 3103 5266 enim
3142 5213 3325 5269 Sabini
3375 5212 3435 5267 in
3469 5218 3636 5283 ipsius

2039 5283 2214 5337 locum
2249 5280 2521 5350 Subrogati
2551 5280 2941 5335 ordinationem
2975 5285 3283 5338 rescindere
3304 5325 3318 5345 ,
3364 5283 3439 5336 rei
3467 5280 3635 5353 gestae

2039 5363 2197 5410 taeita
2253 5355 2508 5418 veritate,
2565 5362 2823 5406 tentasset
2858 5395 2872 5419 ,
2913 5355 3012 5408 nisi
3076 5366 3131 5408 ut
3176 5358 3239 5408 ad
3289 5371 3406 5408 eam
3448 5356 3632 5409 sedem

2035 5425 2237 5479 rediret
2267 5465 2280 5486 ,
2335 5424 2475 5477 unde
2522 5440 2580 5477 se
2635 5424 2830 5491 injuste
2881 5424 3152 5493 dejectnm
3210 5428 3633 5481 mentiebatur?

2111 5496 2163 5549 4.
2195 5492 2750 5549 ΟΙιεοΓνςιῑΡειιιιυΙιιιε
2795 5513 2812 5545 ι
2853 5495 2993 5550 hunc
3041 5497 3214 5551 locum
3265 5514 3358 5565 pro
3407 5498 3634 5553 liornani

2039 5567 2305 5635 pontilicis
2355 5566 2673 5639 auctoritate
2724 5567 2931 5639 facere,
2989 5580 3174 5639 utpote
3226 5586 3332 5639 quo
3387 5578 3631 5633 constet,

2036 5652 2325 5707 episc0pos
2363 5637 2491 5690 sede
2521 5636 2760 5706 dejectos
2790 5638 2840 5691 in
2876 5636 3145 5705 Hispaniis
3175 5636 3351 5694 solere
3388 5643 3453 5693 ad
3486 5640 3634 5695 illum

2036 5724 2339 5766 recurrere.
2381 5725 2399 5758 ι
2444 5707 2540 5781 Cui
2582 5711 2942 5781 observationi
2987 5726 3184 5765 novum
3236 5713 3444 5781 pondus
3479 5726 3635 5767 acce-

2037 5784 2189 5838 deret
2222 5795 2235 5832 :
2280 5782 2323 5832 si
2352 5788 2406 5835 et
2440 5779 2733 5853 Martialem
2774 5780 3166 5837 Emeritcnsem
3199 5779 3511 5853 episeoputn
3540 5797 3633 5839 eo—

2037 5854 2158 5909 dem
2209 5859 2451 5921 tempore
2485 5851 2551 5905 ab
2591 5852 2898 5921 episcopatu
2942 5851 3272 5919 submotuni,
3324 5851 3481 5925 quem
3531 5856 3607 5927 (Ly
