4256 6250
608 316 710 373 991

1610 323 2037 383 ROMANORUM
2080 325 2494 386 PONTIFICUM
2525 327 2906 386 EPISTOL/E.

3818 326 3925 385 99?.

613 440 724 489 tam
755 433 822 490 ab
849 447 915 490 eo
949 449 1106 506 quam
1137 451 1166 491 a
1192 437 1401 494 caeteris
1430 441 1764 511 coepiscopis
1810 444 2008 498 nostris
2041 445 2092 498 in
2120 459 2209 500 ca-
2239 453 2283 511 Α
2319 445 2544 499 fovenda
2575 447 2797 500 vulnera
2840 445 3189 500 admittantur
3217 446 3474 500 vulnerati
3505 487 3519 512 ,
3549 445 3644 502 scd
3687 446 3803 501 sine
3827 460 3925 516 spe

611 526 731 583 dem
777 528 1053 597 provincia
1092 531 1429 597 constitutis,
1461 532 1602 603 quod
1645 534 1940 589 Marcianus
1985 537 2200 591 Arelate

609 621 910 676 Consistens
948 620 1244 677 Novatiano
1289 639 1346 679 sc
1379 625 1712 695 cenjunxerit
1739 668 1754 691 ,
1783 636 1838 682 ct
1867 645 1894 681 a
1923 629 2203 685 catholica!

610 710 869 768 Ecclesiae
898 713 1101 770 unitate
1133 723 1296 784 atque
1334 732 1360 770 a
1393 719 1632 787 corporis
1661 720 1826 774 nostri
1870 728 1926 774 et
1954 721 2206 776 sacerdo-

609 812 721 860 tum
748 806 1106 862 consensione
1130 807 1436 864 discesserit
1463 808 1488 846 ι)
1510 853 1524 876 ,
1561 821 1750 866 tenens
1775 812 2042 869 ltmreticre
2073 819 2207 885 prae-

608 899 924 968 sumptionis
951 900 1288 966 durissimam
1316 905 1658 973 pravitatem;
1694 916 1750 960 ut
1771 908 1942 962 servis
1973 910 2061 962 Dei
2093 925 2206 979 pte-

613 992 906 1048 nitentibus
939 1004 960 1032 ε
989 1004 1042 1049 et
1077 995 1412 1064 dolentibus,
1443 1007 1498 1053 et
1533 1000 1828 1056 Ecclesiam
1875 1003 2126 1074 lacrymis
2153 1013 2207 1058 ct

607 1083 811 1153 gemitu
842 1093 896 1138 ct
921 1084 1106 1141 dolore
1136 1088 1491 1157 pulsantibus,
1524 1091 1720 1146 divina)
1753 1094 1967 1162 pietatis
1993 1105 2045 1149 ct
2074 1097 2207 1150 leni-

613 1177 738 1234 tatis
766 1187 1001 1250 paternte
1041 1181 1229 1240 solatia
1270 1191 1323 1240 et
1366 1183 1600 1240 subsidia
1645 1186 1982 1254 claudantur,
2016 1205 2114 1244 nee
2142 1189 2206 1243 ad

2311 555 2343 610 p
2362 541 2454 595 :cis
2485 550 2533 594 et
2560 541 3059 595 communicationis
3083 539 3273 606 relicti,
3302 539 3366 593 ad
3391 540 3636 608 luporum
3666 538 3913 608 rapinam

2311 643 2365 686 ct
2396 632 2626 702 praedam
2657 631 2853 686 diaboli
2887 632 3252 702 projiciantur.
3299 631 3392 684 Cui
3441 632 3517 686 rei
3560 640 3804 685 nostrum
3834 637 3919 685 est

2311 724 2594 779 consulere
2620 724 2995 786 etsubvcnirc,
3030 722 3548 788 fratercharissime,
3568 724 3656 792 qui
3681 723 3919 776 divinam

2311 816 2648 872 clementiam
2687 815 2983 888 cogitantes
3007 857 3019 877 ,
3054 824 3108 868 et
3151 813 3511 884 gubernanda:
3559 813 3821 868 Ecclesize
3852 814 3920 868 li-

2313 908 2464 963 bram
2513 917 2794 974 tenentes,
2843 908 2919 961 sic
2967 921 3249 960 censuram
3294 905 3492 976 vigoris
3541 906 3918 976 peccatoribus

2315 1000 2631 1055 exhibemus
2661 1041 2676 1064 ,
2724 1008 2780 1051 ιιι
2827 1009 3004 1054 tamen
3046 999 3210 1069 lapsis
3237 997 3507 1068 erigendis
3530 1040 3544 1063 ,
3580 1008 3634 1053 et
3671 998 3926 1053 curandis

2318 1091 2625 1154 vulneratis,
2661 1090 2917 1144 bonitatis
2948 1099 3003 1145 et
3031 1089 3417 1145 misericordia:
3457 1089 3650 1144 divinae
3696 1089 3926 1144 medici-

2319 1203 2439 1241 nam
2473 1202 2575 1239 non
2601 1184 2949 1255 denegamus.

1817 1278 2195 1336 LECTIONES
2238 1277 2649 1334 VARIANTES.

675 1363 704 1402 δ
737 1366 1048 1429 Dlsjunxerit
1073 1369 1217 1420 Corb.
1249 1370 1411 1421 Remb.
1441 1374 1628 1424 Erasm.
1656 1371 1723 1421 Se
1746 1372 1968 1424 diviserit
1998 1375 2121 1424 Tur.

2388 1375 2411 1402 °
2450 1370 2744 1420 Dolentibus
2768 1368 3035 1420 Ecelesiam
3063 1367 3285 1433 lacrymis
3315 1373 3434 1419 Ver.
3460 1372 3596 1419 Man.

1941 1458 2301 1514 VARIORUM
2341 1455 2574 1512 NOTAE.

613 1546 904 1618 momentis
938 1545 1127 1618 fultam
1164 1547 1434 1618 Cypriane
1477 1549 1786 1618 abjudicare
1830 1552 2038 1607 nititur.
2082 1553 2210 1607 lude

615 1617 792 1692 potius
819 1617 1102 1692 clarissimi
1137 1611 1293 1688 hujus
1325 1623 1422 1675 viri
1456 1611 1638 1688 opinio
1659 1664 1674 1687 ,
1722 1639 1822 1692 qua
1852 1623 2210 1691 Tr0phimum

612 1688 912 1743 Atelitensi
957 1690 1202 1765 ecclesia:
1244 1692 1503 1765 Stepbani
1553 1688 1890 1762 temporibus
1931 1688 2209 1765 praefuisse

2318 1563 2372 1604 ut
2399 1552 2557 1605 tidem
2605 1549 2803 1603 faciunt
2833 1549 2992 1603 etiam
3032 1547 3273 1618 epistolae
3323 1564 3474 1618 papae
3521 1548 3753 1615 Zosimi,
3786 1551 3930 1606 celeo

2318 1623 2490 1677 bravit
2520 1621 2656 1689 apud
2684 1620 2995 1674 Arausicam
3028 1635 3149 1674 cum
3182 1621 3449 1689 episcopis
3479 1620 3752 1673 civitatum
3798 1623 3931 1676 soli-

2319 1695 2401 1748 dze
2429 1693 2796 1748 Narbonensis
2820 1733 2832 1755 ,
2887 1692 2939 1745 in
2981 1707 3086 1760 quo
3130 1691 3361 1746 concilio
3392 1691 3636 1761 delegata
3685 1708 3810 1746 cura
3847 1702 3931 1746 cst

614 1771 833 1836 censet,
890 1761 1204 1836 corrigenda
1253 1773 1355 1836 est;
1403 1762 1560 1818 Certe
1602 1761 1743 1819 anno
1782 1761 2208 1836 450.'atleoqtte
2242 1761 2286 1820 Β
2315 1765 2361 1820 H
2389 1766 2559 1826 tario,
2605 1773 2786 1830 utpote
2834 1763 3252 1836 metropolitano
3297 1778 3483 1816 eorum
3547 1764 3927 1836 episconorum

615 1830 774 1900 longe
799 1841 922 1908 ante
957 1830 1275 1908 Gregorium
1315 1834 1688 1908 Turonensetn
1713 1879 1725 1895 .
1758 1839 1912 1905 cujus
1944 1838 1993 1891 in
2024 1830 2212 1908 primis

613 1905 931 1976 aucturitate
968 1905 1156 1957 nititur
1189 1905 1496 1972 Launoius,
1537 1908 1774 1976 episcopi
1817 1905 2114 1963 Provinciae
2144 1909 2210 1963 ad

614 1973 850 2046 Leonem
895 1989 1084 2043 papam
1134 1977 1470 2040 scribentes,
1505 1973 1854 2046 Trophimum
1887 1995 1916 2035 a
1947 1980 2008 2034 Β.
2049 1980 2211 2035 Petro

617 2045 1121 2118 Arelateirntissum
1147 2061 1267 2101 esse
1295 2064 1390 2116 pro
1417 2060 1565 2104 certo
1590 2045 1885 2115 habebant;
1919 2067 2212 2118 eormnque

616 2115 1128 2193 opinjouiZosimus
1159 2115 1477 2193 papaepist.
1514 2123 1538 2174 1
1569 2131 1624 2175 et
1649 2121 1682 2174 5
1706 2121 1866 2175 favet.
1899 2122 1974 2176 Ad
2001 2115 2211 2193 tempus

615 2187 758 2257 quod
789 2189 1011 2261 attinet,
1059 2188 1104 2242 si
1151 2189 1218 2242 ab
1250 2191 1415 2245 initiis
1466 2193 1805 2261 p0ntilicatus
1837 2187 2211 2259 Stephaui'ita

618 2269 965 2334 removeatur
995 2259 1110 2314 haec
1134 2261 1384 2327 epistola,
1406 2259 1607 2318 utante
1635 2275 1879 2318 exortam
1911 2265 1978 2318 de
1999 2266 2211 2334 Baptis-

619 2344 723 2406 nto_
742 2331 1113 2406 haereticorum
1137 2338 1569 2389 controversiam
1593 2345 1840 2404 ponatur,
1861 2336 2062 2405 reliqua
2078 2331 2212 2406 qua:

618 2399 944 2468 objiciuntur
983 2403 1242 2458 adversus
1293 2405 1434 2460 illius
1479 2399 1879 2470 sinceritatem,
1915 2399 2068 2461 facile
2099 2399 2208 2462 sol-

617 2483 834 2544 ventur.
860 2472 917 2527 ln
951 2488 1080 2528 mss.
1115 2473 1428 2530 Corbeicusi
1460 2487 1511 2530 et
1538 2476 1848 2532 Colbertino
1878 2479 2209 2544 inscribitur,

617 2541 697 2615 De
726 2543 990 2599 Marciano
1021 2547 1334 2610 Arelatense,
1358 2549 1446 2615 qui
1476 2558 1520 2602 et
1552 2549 1816 2604 haereticos
1850 2553 2058 2612 recepit.
2094 2541 2210 2604 Non

617 2613 948 2688 displiceret,
966 2618 1053 2685 qui
1071 2616 1351 2672 Novatiani
1369 2613 1602 2672 hmresim
1633 2623 1869 2688 suscepit.
1897 2622 2206 2676 Consum.

616 2688 825 2762 τρριιιξ
839 2688 991 2742 etiam
1029 2689 1186 2762 vobis.
1221 2689 1358 2762 Edit.
1399 2689 1569 2745 Oxon.
1616 2708 1730 2758 quae
1758 2693 1876 2762 jam
1918 2693 2050 2746 vobis
2082 2710 2101 2746 :
2130 2710 2215 2748 re-

616 2757 912 2830 nitentibus
970 2774 1100 2814 mss.
1143 2759 1305 2817 Corb.
1359 2762 1512 2815 Colb.
1554 2757 1778 2830 Voronf,
1826 2772 1956 2828 etc.,
2005 2780 2210 2819 necnon

615 2828 744 2903 edit.
769 2829 1057 2903 Patnel._et
1085 2831 1282 2886 Manut.
1312 2833 1402 2900 lis,
1435 2835 1523 2903 qui
1559 2828 2004 2903 malum-aliquod
2033 2838 2210 2890 sanari

617 2900 824 2972 ardenti
870 2901 1049 2956 studio
1091 2905 1334 2972 cupiunt,
1380 2900 1595 2970 semper
1642 2906 1789 2959 tarda
1840 2900 2088 2959 videntur
2130 2924 2214 2961 re-

619 2971 792 3046 media
815 2988 828 3032 ;
863 2973 956 3026 sed
979 2974 1021 3026 is
1043 2971 1195 3046 cujus
1223 2985 1305 3029 est
1335 2976 1558 3038 mederi,
1589 2991 1732 3046 saepe
1759 2978 1968 3045 cogitur
1995 2977 2212 3034 dilierre

616 3042 700 3096 vel
749 3057 858 3111 pra:
898 3045 1304 3114 occupationum
1353 3042 1728 3112 multitudine,
1777 3042 1860 3102 vel
1898 3060 1955 3102 ut
2004 3058 2214 3116 tempus

617 3124 1292 3189 opportunum‘exspectet.
1314 3116 1429 3171 Non
1455 3127 1659 3173 temere
1684 3121 1842 3189 igitur
1866 3122 1950 3176 hic
1973 3122 2213 3189 segnitia}

617 3185 922 3261 arguendos
970 3185 1311 3261 Stephanus,
1359 3205 1517 3256 quem
1568 3185 1724 3244 forte'
1760 3192 1919 3245 etiam
1973 3185 2214 3261 tempora

616 3255 793 3329 minus
843 3267 1026 3329 pacata
1076 3255 1398 3314 Marcianum
1445 3276 1475 3314 e
1520 3261 1648 3315 sede
1699 3277 1791 3314 sua
1835 3255 2214 3329 dejicere'non

615 3325 880 3382 sinebant.
910 3325 1210 3384 COUSTANT.
1245 3362 1312 3370 -—-
1338 3331 1466 3397 Qua:
1501 3333 1672 3385 etiam.
1712 3333 1826 3386 Non
1869 3325 2214 3386 admonerem

617 3411 702 3474 me
729 3399 847 3474 istic
870 3401 1110 3466 posuisse
1131 3401 1280 3455 etiam
1313 3417 1420 3474 pro
1425 3403 1559 3471 jam,
1590 3419 1707 3472 quae
1737 3415 1819 3458 est
1848 3405 2012 3457 editio
2041 3404 2218 3474 Rigal-

616 3468 673 3520 tii
694 3512 708 3533 ,
745 3469 845 3545 nisi
871 3479 1136 3545 putassem
1161 3468 1521 3527 occurend'um
1551 3468 1672 3528 esse
1701 3475 2056 3529 eriminationi
2087 3468 2219 3545 q'uo-

614 3540 859 3617 rumdam
905 3542 995 3609 qui
1053 3546 1627 3617 possentexistimarc
1679 3561 1762 3617 tne
1816 3548 1884 3598 ita
1937 3540 2216 3617 scripsisse

615 3613 888 3683 prurigine
927 3614 1348 3675 contradicendi,
1395 3631 1424 3670 a
1465 3631 1566 3683 qua
1618 3616 1772 3670 valde
1820 3613 2210 3671 alienus'sum.

616 3679 742 3735 Feci
771 3679 921 3752 ergo,
955 3687 1075 3753 quia
1111 3687 1236 3739 mihi
1265 3679 1694 3741 constat'omues
1724 3688 1887 3740 libros
1927 3699 2138 3744 veteres
2165 3701 2218 3742 et

614 3768 806 3828 enines
828 3753 1090 3828 editiones
1119 3755 1414 3826 Rigaltiana
1444 3760 1772 3828 antiquiores
1800 3758 2051 3828 prmferre
2083 3760 2217 3814 hanc

616 3823 920 3900 lectionem.
972 3827 1148 3892 Quare
1191 3823 1401 3898 assequi
1452 3823 1830 3899 non'possum
1881 3846 1978 3884 cur
2023 3832 2212 3900 Angli,

613 3895 810 3968 quibus
854 3896 943 3949 illa
988 3909 1227 3953 veterum
1273 3895 1564 3956 editionum
1594 3895 1878 3954 consensio
1907 3911 2029 3956 nota
2078 3895 2212 3968 erat,

613 3967 702 4038 qui
735 3967 978 4022 sciebant
1009 3981 1264 4038 prieterea
1294 3972 1532 4026 codicem
1563 3971 1922 4026 Veronensem
1964 3990 2080 4025 eam
2109 3974 2216 4028 Icc-

614 4037 830 4113 tionetn_
861 4039 1057 4095 habere
1077 4082 1090 4100 .
1120 4044 1402 4096 maluerint
1444 4043 1594 4109 sequi
1633 4059 1869 4097 errorem
1903 4043 2216 4113 Rigaltiana:

613 4109 884 4185 editionis,
913 4113 1001 4180 qui
1035 4115 1202 4179 potuit
1227 4114 1487 4167 accidisse
1516 4115 1643 4168 vitio
1673 4109 2024 4185 typograplti',
2056 4132 2213 4183 quam

613 4177 808 4233 bonam
837 4177 1158 4249 scripturam
1187 4192 1425 4238 veterum
1450 4177 1765 4239 editionum.
1800 4177 1996 4240 Bauttz.

686 4249 874 4325 LTIn
897 4254 1073 4308 eadem
1091 4255 1368 4318 provincia.
1389 4255 1441 4308 ld
1465 4268 1548 4310 est
1574 4258 1624 4309 iu
1646 4257 1834 4310 eadem
1862 4257 2135 4325 provincia
2161 4258 2212 4312 in

612 4336 714 4397 qua
738 4322 1028 4397 Faustinus
1054 4336 1168 4379 erat
1188 4329 1492 4397 episcopus,
1519 4328 1571 4380 in
1603 4322 1934 4382 Narbonensi
1964 4328 2212 4383 nimirum

612 4393 806 4468 solida,
837 4411 954 4465 qua:
987 4406 1096 4450 tum
1118 4393 1576 4465 complectebatur
1611 4399 1768 4452 etiam
1799 4399 2210 4468 Lugdunensem

613 4472 668 4516 et
699 4463 1076 4521 Viennensem.
1111 4463 1423 4522 Ammianus
1455 4469 1811 4532 Marcellinus,
1841 4463 1928 4524 lib.
1971 4487 2038 4524 xv
2069 4487 2080 4522 :
2111 4472 2207 4526 Re-

2319 1838 2408 1906 qui
2439 1838 2486 1891 ei
2513 1836 2807 1890 eonveuttti
2837 1833 3156 1906 intererant,
3184 1835 3256 1887 uti
3283 1836 3579 1906 episcopos
3610 1837 3712 1906 qui
3739 1835 3928 1888 deluc-

2319 1905 2437 1961 r’aut
2463 1916 2828 1962 commoneret
2861 1920 2926 1959 ue
2965 1905 3218 1975 deinceps
3261 1905 3627 1960 detreﬂarcnt
3656 1905 3849 1959 adesse
3874 1909 3926 1961 in

2314 1979 2568 2049 synodis,
2615 1987 2671 2031 ιιι
2721 1985 2864 2044 patet
2903 1993 2966 2030 ex
3017 1975 3353 2049 canoue29,
3396 1977 3637 2049 ejusdem
3688 1978 3923 2031 concilii.

2320 2047 2500 2118 Itaque
2533 2049 2671 2102 male
2690 2049 2879 2116 scripsi
2909 2049 2958 2101 in
2985 2048 3200 2101 notisad
3227 2047 3567 2116 Agobardum
3592 2048 3922 2102 Marcianum

2319 2138 2423 2174 nou
2479 2121 2643 2174 fuisse
2688 2120 2997 2188 episeopum
3051 2121 3101 2172 in
3155 2119 3344 2172 eadem
3396 2120 3662 2189 provincia
3719 2120 3773 2172 itt
3819 2136 3926 2190 qua

2317 2191 2602 2246 Faustinus
2629 2204 2742 2246 erat
2771 2190 3077 2260 episconus.
3111 2190 3308 2244 BALl'z.

2399 2263 2719 2317 Marcianus.
2753 2259 2918 2315 Vetus
2946 2273 3134 2315 auctor
3171 2260 3515 2314 altercationis
3553 2259 3848 2332 Synaqogte
3877 2271 3933 2315 et

2319 2334 2583 2398 Ecclesiw,
2617 2333 2777 2396 c.20,
2807 2332 3136 2386 Marcianum
3170 2334 3454 2402 quemdam
3483 2343 3746 2386 memorat
3778 2337 3929 2388 inter

2318 2417 2532 2460 veteres
2569 2407 2872 2458 haereticos.
2919 2404 3024 2458 Sed
3059 2419 3162 2458 non
3199 2417 3328 2473 puto
3355 2420 3475 2457 eum
3510 2404 3829 2471 respexisse
3857 2406 3923 2457 ad

2317 2479 2713 2532 Arelatensem.
2740 2477 3045 2546 Legendum
3070 2491 3190 2529 esse
3220 2475 3272 2546 Μ
3282 2476 3539 2529 arcionem
3573 2476 3804 2544 probant
3831 2492 3924 2530 ve—

2320 2561 2462 2604 teres
2516 2547 2785 2602 editiones
2829 2547 3071 2618 cpistolze
3121 2547 3190 2600 ad
3238 2545 3577 2610 Jubaianum,
3639 2547 3691 2598 in
3725 2547 3923 2616 quibus

2317 2622 2573 2688 scriptum
2607 2630 2711 2683 est,
2747 2622 2965 2672 maxime
3003 2635 3118 2671 cum
3163 2619 3213 2671 in
3243 2619 3418 2672 eodem
3467 2618 3926 2671 animadverterint

2316 2693 2465 2745 etiam
2515 2689 2770 2743 Marciani
2795 2691 2904 2755 ﬁeri
2945 2691 3266 2743 mentionem.
3317 2691 3420 2744 Pro
3460 2704 3567 2757 quo
3592 2700 3802 2743 certum
3835 2701 3926 2742 es'.

2319 2763 2508 2830 reponi
2539 2762 2737 2816 debere
2769 2761 3070 2826 Marcionis,
3105 2771 3159 2814 ιιι
3208 2762 3404 2815 habent
3438 2762 3775 2829 poSteriores
3807 2761 3924 2813 cdi-

2321 2835 2513 2888 tiones.
2545 2835 2604 2886 Ει
2640 2846 2814 2886 tmuen
2851 2833 3128 2901 cujusdam
3160 2832 3410 2887 Marciani
3442 2833 3641 2885 veteris
3675 2831 3922 2886 hatretici

2318 2906 2646 2959 ntentiooem
2680 2904 2801 2958 facit
2829 2903 3091 2958 Eusebius
3120 2905 3154 2958 l.
3191 2919 3263 2966 vt,
3297 2920 3345 2957 c.
3379 2905 3464 2956 19..
3497 2903 3702 2957 BALUZ.

2393 2974 2634 3029 Ecclesia:
2662 2977 2947 3028 unitate.—
2975 2973 3136 3028 Corb.
3169 2991 3266 3028 ms.
3303 2977 3544 3037 veritate;
3574 2984 3631 3029 et
3655 2989 3803 3038 mox,
3837 2991 3924 3027 sa-

2321 3049 2539 3100 cerdotis
2574 3048 2914 3116 confessione,
2966 3047 3052 3100 ubi
3106 3047 3155 3098 in
3186 3047 3432 3112 vulgatis,
3478 3046 3756 3099 sacerdotii
3805 3063 3926 3097 con-

2320 3120 2566 3172 sensionc.
2603 3118 2650 3172 M
2672 3119 2766 3187 igis
2803 3120 2970 3186 placet
3009 3132 3128 3170 cunt
3162 3117 3326 3170 Corb.
3358 3118 3681 3170 sacerdotum
3709 3127 3926 3169 consen—

2323 3191 2500 3252 sione;
2545 3190 2774 3243 maxime
2796 3205 2917 3242 cum
2939 3189 3070 3240 infra
3105 3188 3344 3258 legamus
3375 3187 3689 3254 :Copios'um
3739 3205 3926 3257 corpus

2324 3271 2395 3313 est
2435 3263 2796 3324 sacerdotum;
2839 3272 2892 3314 ct
2924 3258 3178 3326 inferius,
3211 3261 3273 3313 de
3309 3260 3526 3329 collegio
3561 3259 3919 3324 sacerdotum,

2322 3347 2426 3384 nui
2459 3333 2748 3385 sacerdotii.
2781 3331 3089 3386 Consum.

2397 3402 2638 3457 Ecclesia:
2685 3405 2899 3456 unitate.
2932 3402 3080 3455 Hanc
3132 3402 3440 3459 lectionem.
3487 3419 3605 3473 qum
3636 3403 3774 3456 bona
3798 3411 3878 3458 est
3906 3442 3921 3463 ,

2322 3489 2427 3527 non
2476 3475 2652 3529 iuveni
2688 3475 2785 3527 nisi
2821 3474 2869 3526 in
2900 3473 3224 3527 cditionibus
3254 3473 3470 3528 Manutii
3501 3485 3552 3528 et
3585 3473 3832 3539 Morellii,
3870 3476 3882 3526 i
3911 3494 3921 3524 I

2321 3546 2505 3598 Codice
2534 3545 2770 3600 Fuxensi
2799 3555 2851 3600 et
2881 3547 2930 3598 in
2953 3544 3292 3598 Caruotensi.
3323 3545 3528 3614 lleliqoi
3556 3545 3674 3597 libri
3703 3554 3921 3598 veteres

2321 3625 2375 3668 ct
2431 3627 2642 3670 veteres
2696 3615 2964 3670 editiciies
2998 3615 3196 3669 habent
3247 3619 3472 3668 veritate.
3501 3615 3690 3668 Bawz.
3727 3614 3916 3668 Oxon.

2321 3687 2496 3740 editor
2541 3688 2699 3742 habet
2747 3687 2993 3741 eamdem
3027 3688 3336 3752 lectionem,
3371 3687 3508 3741 nulla
3533 3687 3792 3738 varietate
3823 3687 3908 3738 al~

2397 3758 2711 3812 Discesserit.
2730 3758 2803 3811 Ita
2822 3759 2961 3813 idem
2982 3758 3117 3811 liber
3140 3757 3405 3813 Fuxensis
3419 3767 3471 3811 et
3486 3758 3648 3812 editio
3670 3756 3919 3810 Manutii.

2321 3829 2501 3883 Codex
2541 3829 2907 3893 Corbeiettsis,
2959 3829 3298 3889 lienibollus,
3352 3840 3406 3882 et
3435 3831 3686 3882 Erasmus
3727 3827 3926 3893 pmth-

2322 3845 2501 3883 htltlt‘x
2541 3845 2907 3893 LornetenSIS,
2959 3845 3298 3889 lientlmlllls,
3352 3845 3406 3882 et
3435 3845 3686 3882 erasmus
3712 3845 3922 3952 (praetc-

2322 3910 2444 3953 rttnt
2471 3902 2796 3972 disjunxerit.
2823 3902 2977 3953 Deest
3002 3911 3179 3953 autem
3199 3909 3424 3969 utraque
3449 3900 3609 3954 lectio
3631 3902 3683 3952 in
3722 3901 3922 3972 _nobus

2320 3969 2556 4039 antiquis
2577 3972 2978 4040 exemplaribus
2999 3982 3052 4024 et
3080 3972 3128 4023 iu
3153 3972 3391 4025 editione
3417 3972 3692 4040 Spirensi.
3721 3969 3778 4024 In
3809 3984 3923 4022 co-

2320 4043 2437 4096 dice
2475 4043 2772 4097 Turouensi
2805 4043 2997 4108 legitur
3022 4059 3074 4095 se
3104 4043 3348 4096 diviserit.
3383 4042 3449 4097 Ut
3483 4044 3563 4096 vel
3601 4042 3719 4094 hinc
3745 4055 3923 4109 ap;a-

2322 4124 2435 4168 reat
2467 4131 2569 4167 non
2601 4129 2757 4182 posse
2785 4114 3034 4166 Constitui
3066 4124 3266 4167 eet-tam
3299 4115 3606 4168 lectioni-tn.
3638 4113 3842 4166 ΒΑιΕΖ.

2396 4184 2660 4240 licerelicre
2724 4186 3134 4255 pracstunptionis
3199 4185 3527 4237 durissimum
3596 4185 3922 4250 pravitate-nt.

2320 4256 2416 4310 Hic
2463 4259 2674 4325 proprie
2721 4257 2932 4325 stringit
2985 4257 3035 4309 in
3093 4256 3449 4320 Novatianos,
3513 4257 3602 4325 qui
3647 4256 3924 4323 lapsorum

2321 4329 2684 4396 paenitentiam
2718 4328 3060 4396 respuebant.
3100 4327 3232 4392 Qua:
3277 4337 3442 4386 secta.
3473 4329 3587 4381 sive
3613 4326 3925 4394 disciplina,

2319 4400 2488 4452 solam
2547 4399 2796 4452 duritiem
2845 4399 3173 4452 continebat.
3230 4398 3623 4468 Proptercaque
3671 4396 3928 4468 homines

2321 4471 2452 4524 istos
2506 4471 2729 4538 epistola
2787 4471 3030 4538 proxime
3073 4479 3330 4538 sequente
3377 4467 3701 4523 durissimos
3749 4467 3925 4522 dicet.

612 4536 862 4604 gebantur
889 4551 1059 4592 autem
1094 4538 1279 4594 Gallia:
1298 4557 1489 4602 onmes,
1517 4552 1759 4609 potestate
1786 4543 1836 4592 in
1864 4554 2029 4610 partes
2051 4542 2211 4595 divisa
2240 4541 2289 4599 D
2319 4540 2443 4595 llarc
2469 4536 2597 4594 vero
2621 4536 2798 4594 forma
2819 4541 3066 4608 loquendi
3091 4536 3389 4593 clarissime
3414 4549 3638 4594 testatur
3665 4537 3923 4607 ejusdem

612 4617 850 4676 quatuor,
883 4627 1097 4675 quarunt
1127 4611 1475 4664 Narbonensis
1503 4630 1601 4665 una
1645 4611 1969 4665 Viennensem
1996 4615 2131 4666 intra
2159 4631 2212 4668 se

613 4679 898 4732 continebat
924 4692 968 4734 et
1001 4680 1410 4752 Lugdunensem.
1446 4682 1579 4736 l-liuc
1606 4699 1819 4753 quoque
1849 4683 1986 4736 suini
2030 4686 2207 4753 eonje-

613 4756 762 4823 ctura
821 4762 996 4818 potest
1048 4753 1364 4823 Lugdunum
1412 4757 1737 4823 pertinuisse
1783 4754 1846 4805 ad
1882 4755 2208 4823 provinciam

613 4816 1014 4899 Narbonensem
1048 4816 1186 4899 quod
1228 4841 1349 4878 cum
1389 4816 1448 4879 ea
1501 4826 1689 4899 civitas
1731 4816 1942 4878 condi-ta
1981 4836 2081 4899 est,
2137 4827 2209 4899 uti

609 4896 846 4966 jusserat
884 4908 1104 4966 senatus
1143 4896 1437 4955 Romanus.
1478 4896 1691 4950 cendita
1741 4907 1821 4948 est
1869 4912 1964 4964 pro
2014 4898 2076 4950 iis
2120 4897 2210 4966 qui

621 4959 820 5036 yiettna
849 4963 917 5019 ab
938 4965 1313 5036 Allobrogibus
1340 4968 1545 5034 expulsi
1569 4980 1739 5020 erant.
1769 4959 2022 5022 Viennam
2054 4959 2211 5034 porro

612 5031 711 5086 Dio
731 5031 969 5102 Cassius,
996 5039 1086 5091 lib.
1123 5031 1264 5103 Μῖνι,
1289 5031 1475 5091 scribit
1505 5038 1666 5092 luisse
1697 5040 1981 5106 provinciae
2008 5031 2209 5094 Narbo-

614 5106 797 5161 nensis
842 5108 1113 5175 oppidum.
1170 5109 1353 5178 Itaque
1398 5110 1524 5163 urbs
1576 5125 1709 5162 nova
1765 5110 1932 5162 vicina
1986 5110 2210 5164 Vientne

613 5178 914 5249 contributa
956 5179 1094 5233 haud
1143 5179 1304 5234 dubie
1340 5190 1420 5234 cst
1463 5183 1509 5235 ei
1556 5182 1842 5249 provincize
1875 5181 1924 5232 in
1957 5197 2058 5249 qua
2109 5183 2209 5236 sita

611 5258 726 5300 erat
755 5248 982 5315 Vienna,
1020 5252 1314 5320 pra-scrtim
1342 5266 1462 5305 cum
1493 5248 1563 5305 ea
1596 5253 1805 5306 condita
1834 5254 1901 5305 sit
1927 5248 2022 5320 pro
2052 5252 2212 5307 Vien-

614 5320 868 5391 nensibus
900 5324 1138 5386 expulsis
1166 5325 1254 5391 qui
1287 5323 1639 5377 c0nsedcrant
1669 5339 1733 5377 eo
1759 5324 1886 5377 'loco
1930 5325 2015 5375 ubi
2071 5340 2209 5379 nunc

611 5389 930 5464 Lugdunum
967 5402 1068 5448 est.
1105 5389 1294 5447 Mirum
1335 5397 1510 5464 itaque
1544 5396 1708 5448 videri
1739 5411 1840 5446 non
1871 5396 2030 5448 debet
2055 5395 2200 5448 Fau-

613 5463 812 5535 stinum
847 5464 1011 5518 fuisse
1051 5467 1334 5519 sollicitum
1378 5463 1443 5520 de
1492 5475 1630 5520 statu
1671 5468 1914 5521 ecclesiae
1955 5482 2075 5535 quas
2107 5466 2205 5520 sita

611 5542 729 5588 erat
761 5533 811 5586 iit
841 5549 901 5588 ca
929 5537 1198 5603 provincia
1232 5537 1280 5590 in
1310 5554 1412 5606 qua
1451 5539 1564 5607 ipse
1592 5537 1875 5605 episcopus
1912 5533 2046 5590 erat.
2077 5537 2209 5592 Pcr-

611 5618 889 5660 severasse
913 5608 1004 5660 ditt
1038 5607 1176 5663 hunc
1207 5609 1447 5662 ordinum
1478 5619 1532 5660 ut.
1556 5609 1868 5676 Lugdunum
1900 5621 2210 5662 censeretur

611 5689 732 5748 esse
762 5678 813 5729 in
844 5680 1115 5743 provincia
1140 5679 1471 5734 Narbonensi
1504 5681 1671 5733 solida
1710 5681 1830 5734 ltinc
1858 5695 2071 5748 quoque
2101 5679 2211 5732 col-

615 5745 700 5812 ligi
728 5761 883 5820 posse
908 5749 1116 5820 videtur
1155 5751 1296 5819 quod
1339 5751 1632 5806 Eucherius
1667 5745 1949 5820 episcopus
1985 5745 2210 5820 Lugdu-

619 5818 800 5893 nensis
846 5816 1087 5893 interluit
1114 5816 1342 5893 concilio
1385 5822 1528 5893 quod
1570 5816 1801 5876 Hilarius
1843 5816 2209 5889 Arelatensis,

620 5885 706 5947 qui
737 5893 847 5936 tum
869 5885 1098 5942 duarum
1125 5885 1551 5944 Narboneu'sium
1592 5893 2036 5960 metropolitanus
2061 5885 2208 5958 erat,

2316 4627 2435 4666 esse
2465 4613 2697 4665 auctoris
2721 4621 3001 4679 utramque
3027 4611 3328 4678 epistolam.
3354 4610 3459 4665 Sed
3489 4623 3541 4665 ct
3571 4612 3668 4664 ista
3693 4626 3812 4680 quae
3833 4609 3927 4664 hic

2320 4685 2514 4748 passim
2556 4691 2867 4748 occurrunt,
2914 4683 3237 4736 Marcianum
3285 4687 3618 4751 pervicacem
3645 4694 3695 4733 ct
3729 4696 3926 4748 super-

2316 4754 2462 4816 bum,
2502 4754 2750 4808 fraterna:
2781 4753 2970 4806 salutis
3009 4755 3304 4814 inimicum,
3351 4763 3423 4817 ct,
3473 4754 3665 4807 fratres
3706 4763 3928 4805 nostros

2316 4824 2605 4879 crudeliter
2634 4825 2861 4892 despici,
2885 4835 2938 4876 et
2970 4825 3265 4878 Marcianus
3296 4826 3505 4892 pictatis
3530 4835 3584 4878 et
3612 4825 3929 4877 misericor-

2317 4896 2419 4948 diic
2447 4898 2784 4949 adversarius
2812 4938 2824 4958 ,
2857 4896 2923 4947 ab
2951 4896 3202 4964 Cypriani
3233 4913 3392 4950 manu
3427 4905 3482 4948 et
3507 4895 3666 4964 genio
3699 4894 3925 4961 procul-

2317 4967 2475 5021 dubio
2519 4976 2660 5020 suut.
2705 4968 2817 5034 Ipse
2863 4967 3029 5034 Epist.
3080 4982 3204 5025 Lvu.
3259 4968 3357 5019 sub
3405 4965 3587 5030 linem,
3636 4966 3924 5019 Novatiaui

2317 5038 2648 5106 disciplinam
2680 5040 2752 5091 ait
2792 5054 2911 5091 esse
2954 5038 3200 5091 duritiam
3256 5038 3503 5091 humana?
3553 5039 3844 5091 crudelitat
3870 5052 3919 5090 s.

2394 5109 2782 5162 Pwnitentibus.
2818 5109 2963 5162 Ilanc
2995 5124 3180 5162 vocem
3242 5126 3345 5162 non
3379 5111 3555 5161 inveni
3588 5110 3685 5160 nisi
3719 5111 3772 5161 in
3802 5109 3926 5161 ραις

2317 5180 2460 5234 tione
2505 5181 2729 5235 Manutii
2762 5191 2814 5234 et
2843 5183 2892 5233 itt
2927 5180 3061 5233 libro
3099 5179 3352 5232 Fttxensi.
3389 5180 3523 5234 l’uto
3551 5189 3729 5233 autem
3763 5179 3918 5232 illam

2317 5266 2421 5305 non
2473 5253 2740 5318 pertinere
2794 5251 2857 5303 ad
2917 5251 3058 5304 hunc
3090 5251 3288 5304 locum.
3324 5250 3533 5313 Melius,
3574 5261 3629 5302 ut.
3658 5251 3921 5313 arbitror,

2317 5324 2506 5386 reliqui
2537 5322 2772 5384 codices,
2807 5327 3054 5390 quamvis
3102 5323 3343 5375 l'llCllthSl
3379 5323 3429 5374 in
3463 5323 3562 5374 hoc
3595 5323 3734 5381 loco,
3757 5323 3920 5374 servis

2316 5391 2413 5446 Dei
2443 5411 2533 5460 pro
2575 5410 2632 5446 eo
2659 5393 2963 5446 dolentibus.
2999 5393 3116 5459 Quo
3149 5396 3306 5446 etiam
3339 5393 3498 5446 modo
3533 5395 3792 5456 scriptum
3837 5401 3924 5445 est

2313 5465 2381 5516 ab
2411 5466 2652 5519 litasmo.
2682 5463 2739 5516 ιιι
2767 5462 2952 5517 codice
2991 5463 3303 5517 Corbeicusi
3333 5474 3381 5517 ct
3408 5465 3457 5517 iu
3501 5464 3802 5517 'l‘monrnsi
3843 5464 3921 5517 lc-

2315 5536 2455 5603 gitnr
2507 5536 2803 5605 facientibus
2855 5551 2948 5602 pro
3001 5534 3283 5588 dolentibus
3317 5578 3330 5599 ,
3382 5535 3665 5589 tttanilesto
3705 5550 3916 5596 errore,

2317 5609 2417 5659 nisi
2443 5607 2650 5674 legatur
2677 5606 3122 5674 sutisfncientibus.
3176 5607 3319 5660 Sane
3375 5608 3673 5659 versiculus
3705 5607 3916 5674 positus

2315 5678 2414 5731 sub
2445 5679 2544 5732 hoc
2573 5680 2830 5731 vocabulo
2860 5679 2909 5730 in
2935 5676 3247 5732 Corbeicusi
3276 5677 3515 5730 indicare
3544 5677 3758 5730 videtur
3786 5691 3912 5731 esse

2315 5748 2625 5803 delendum.
2654 5749 2852 5803 BALUZ.
2898 5747 3094 5803 lterum
3138 5749 3267 5802 edit.
3312 5746 3488 5803 Oxon.
3538 5763 3657 5802 cum
3689 5763 3756 5803 co
3787 5763 3923 5803 cono

2317 5820 2636 5874 sentientem
2670 5819 2921 5889 neglexit.
2950 5819 3127 5874 Baluz.
3162 5819 3295 5874 Enn.

2391 5888 2768 5944 Perratoribus’.
2813 5888 2994 5945 Codex
3036 5889 3318 5954 Fuxensis,
3362 5893 3709 5958 peccatoribus
3747 5891 3922 5944 ini-rr-
