4256 6250
351 295 466 353 995

1347 285 1683 347 EPISTOLA
1714 286 1803 344 AD
1843 282 2261 346 STEPHANUM
2301 289 2318 344 l
2363 281 2612 346 PAPAM.

3557 285 3661 346 99-5

427 408 492 462 ll.
529 406 868 476 Quapropter
890 404 1070 460 facere
1101 413 1152 460 te
1182 413 1393 474 Oportet
1427 404 1768 474 plenissimas
1820 404 1963 459 littc-
1996 410 2034 463 Α
2069 405 2328 460 Catholica
2365 406 2604 460 Ecclesia
2635 405 2701 460 de
2734 405 2824 460 Dei
2854 403 3074 474 judicio,
3106 407 3175 460 et
3217 404 3345 460 cleri
3375 420 3438 461 ac
3489 406 3663 476 plebis

346 515 439 555 ras
470 497 540 554 ad
570 497 923 565 coepisc0pos
973 505 1189 550 nostros
1239 497 1292 550 in
1345 495 1528 550 Galliis
1559 505 1583 531 ιι
1615 495 1957 560 constitutos,

347 611 420 652 ne
474 596 611 650 ultra
664 591 992 647 Marcianum
1055 591 1394 661 pervicacem
1445 599 1498 644 et
1547 590 1859 658 superbum,
1909 598 1963 644 et

346 689 546 746 divinae
603 687 814 757 pictatis
862 701 924 740 ac
949 685 1215 738 fraternae
1245 684 1430 738 salutis
1479 683 1961 747 inimicmn,colle-

348 785 435 854 gio
464 790 652 837 nostro
684 780 944 834 insultare
979 780 1274 849 patiantur,
1319 779 1461 849 quod
1492 779 1717 834 necdum
1743 798 1768 831 a
1807 768 1989 833 nobis

347 876 597 931 videatur
623 873 926 939 abstentus,
959 873 1046 943 qui
1074 873 1185 942 jam
1234 873 1440 943 pridem
1468 874 1636 943 jactat
1665 884 1718 927 ct
1762 873 1957 943 prredi-

353 985 436 1030 cat
457 973 507 1040 δ,
533 972 678 1043 quod
729 971 1028 1026 Novatiano
1083 970 1306 1026 studens
1332 981 1386 1026 et
1435 971 1554 1040 ejus
1606 970 1956 1040 pervicaciam

356 1081 607 1138 sequens,
638 1081 666 1118 a
688 1064 1176 1120 communicatione
1210 1079 1270 1119 se
1299 1073 1480 1117 nostra
1509 1075 1530 1100 ε
1562 1078 1782 1133 segrega
1795 1062 1958 1117 verit:

356 1175 477 1214 eum
504 1156 831 1212 Novatianus
861 1157 995 1226 ipse,
1038 1171 1196 1224 quem
1225 1156 1490 1225 sequitur,
1522 1156 1649 1210 olim
1675 1156 1958 1211 abstentus

358 1261 416 1306 et
446 1247 618 1304 hostis
643 1247 898 1301 Ecclesiae
931 1246 1200 1317 judicatus
1228 1247 1331 1311 sit;
1366 1257 1420 1301 et
1464 1262 1585 1301 cum
1632 1247 1699 1301 ad
1754 1262 1853 1301 nos
1903 1245 1957 1299 in

357 1343 597 1399 Africam
627 1341 830 1410 legatos
867 1341 1120 1407 misisset,
1173 1351 1365 1410 optans
1419 1341 1486 1395 ad
1524 1345 1958 1396 communionem

361 1445 598 1492 nostram
627 1433 860 1501 admitti,
892 1432 1016 1488 hinc
1045 1448 1075 1487 a
1120 1433 1349 1488 concilio
1382 1433 1731 1503 plurimorum
1783 1448 1962 1488 sacer-

362 1527 569 1594 dotum,
602 1526 693 1596 qni
723 1533 1016 1594 praesentes
1043 1540 1258 1580 eramus
1313 1527 1636 1580 sententiam
1695 1526 1956 1592 retulerit,

364 1636 422 1676 se
451 1621 580 1676 foris
603 1616 629 1655 ἀ
663 1635 785 1674 esse
810 1619 1062 1689 coepisse,
1119 1634 1217 1674 nec
1257 1634 1416 1688 posse
1455 1635 1483 1673 a
1515 1635 1782 1689 quoquam
1838 1634 1964 1674 nos—

2065 498 2318 569 suffragio
2350 499 2616 562 ordinato,
2653 497 2934 566 profanum
2965 499 3134 552 altare
3180 498 3407 568 erigere,
3431 505 3485 552 et
3509 499 3662 552 adul-

2065 600 2234 646 teram
2257 591 2562 645 cathedram
2582 591 2867 652 collocare,
2894 600 2949 645 et
2977 592 3232 661 sacrilega
3257 601 3442 645 contra
3475 606 3660 645 verum

2065 687 2397 740 sacerdotem
2444 685 2703 739 sacriﬁcia
2756 682 2951 738 oll‘erre
2994 684 3298 739 tentaverit.
3355 683 3588 739 Proinde
3616 683 3663 740 si

2065 777 2396 845 resipiscere,
2436 785 2490 831 et
2514 776 2580 830 ad
2608 791 2753 831 sanae
2795 775 2993 830 mentis
3025 775 3307 830 consilium
3341 775 3520 831 redire
3548 779 3662 831 vel-

2065 871 2156 936 let,
2186 879 2369 939 ageret
2401 868 2792 938 ptenitentiam,
2828 877 2882 922 et
2902 867 2968 921 ad
2992 867 3290 922 Ecclesiam
3318 869 3542 938 supplex
3578 885 3662 924 rc-

2062 961 2220 1016 diret.
2241 963 2408 1029 Quam
2430 978 2620 1015 vanum
2641 969 2742 1026 est,
2761 961 2926 1015 frater
2945 961 3282 1028 charissime,
3303 972 3357 1015 ut
3373 961 3668 1020 Novatiano

2065 1069 2234 1124 nuper
2264 1065 2444 1108 retuso
2466 1097 2478 1119 ,
2509 1062 2561 1108 et
2593 1055 2843 1118 refutato,
2892 1063 2944 1108 et
2981 1069 3075 1123 per
3106 1064 3273 1108 totum
3298 1054 3484 1110 orbem
3514 1071 3544 1110 a
3573 1071 3662 1111 sa-

2065 1148 2371 1204 cerdotibus
2398 1148 2488 1202 Dei
2517 1147 2784 1212 abstento,
2811 1163 2953 1202 nunc
2983 1147 3289 1203 adulatores
3313 1149 3489 1205 adhuc
3512 1151 3667 1205 nobis

2067 1241 2330 1309 patiamur
2353 1239 2579 1294 illudere
2602 1237 2743 1294 etde
2772 1238 3053 1307 majestate
3098 1253 3160 1293 ac
3194 1239 3454 1312 dignitate
3477 1241 3663 1297 Eccle-

2066 1333 2160 1387 sire
2193 1330 2454 1400 judicare.

2134 1423 2223 1479 Ill.
2256 1424 2557 1494 Dirigantur
2594 1424 2646 1478 in
2682 1423 3018 1478 Provinciam
3072 1433 3126 1480 et
3152 1425 3217 1480 ad
3269 1426 3480 1496 plebem
3531 1429 3670 1483 Are-

2067 1520 2171 1573 late
2197 1520 2582 1574 consistentem
2615 1535 2642 1572 a
2676 1529 2726 1574 te
2753 1521 2965 1587 litteras,
2997 1522 3190 1591 quibus
3230 1523 3480 1578 abstento
3526 1522 3667 1578 Mar-

2068 1614 2225 1667 ciano
2283 1612 2423 1666 alius
2467 1611 2520 1665 in
2566 1612 2743 1666 locum
2796 1613 2913 1684 ejus
2974 1613 3354 1683 substituatur,
3419 1624 3474 1671 et
3539 1630 3672 1686 grex

369 1725 507 1770 [rum
554 1713 654 1768 sibi
705 1713 1116 1778 communicari,
1161 1713 1248 1784 qui
1306 1713 1563 1784 episcopo
1613 1711 1865 1784 Cornelio
1911 1713 1963 1765 in
1996 1707 2042 1765 Β
2070 1705 2494 1784 βιῳ-ειμι-ίιιιιὶιι
2520 1705 2840 1762 hodiernum
2863 1707 2930 1762 ab
2958 1707 3051 1762 illo
3079 1708 3369 1779 dissipatus
3394 1719 3447 1764 ct
3478 1710 3670 1767 vulne-

1628 1783 2009 1840 LECTIONES
2041 1778 2455 1837 VARIANTES.

438 1858 465 1885 ⁸
499 1855 554 1904 In
578 1855 730 1906 Gallia
764 1860 882 1906 Ver.

435 1915 466 1955 b
498 1917 656 1969 Jaclat
680 1927 731 1968 et
757 1919 1004 1982 praedicat,
1033 1918 1186 1968 hostis
1213 1916 1353 1968 Corb.

2139 1853 2161 1881 ο
2198 1851 2265 1899 Se
2289 1857 2451 1898 sancta
2486 1853 2602 1898 Ver.
2643 1854 2650 1911 ξ

2142 1911 2168 1951 d
2204 1913 2271 1961 Se
2296 1912 2424 1960 foras
2448 1911 2619 1962 Btduz.

1695 1977 2056 2036 VARIORUM
2096 1974 2325 2032 NOTAE.

381 2052 566 2124 pandis
593 2053 904 2107 exhibemus.
922 2051 1023 2108 Ubi
1041 2061 1170 2122 puto
1193 2067 1379 2108 vocem
1414 2053 1741 2122 iac-repandis
1771 2069 1892 2108 esse
1913 2068 1981 2108 ex

378 2126 720 2195 glossemate.
751 2125 950 2178 BALUZ.

451 2194 928 2251 ll.-—Ptenissimas
945 2196 1160 2248 litteras.
1178 2194 1290 2249 Non
1309 2211 1427 2264 qum
1449 2210 1626 2249 rerum
1646 2195 1816 2265 capita
1838 2209 1984 2248 sum-

380 2269 562 2323 matim
594 2267 1049 2336 persn'ingunt,et
1075 2265 1245 2322 breres
1272 2267 1542 2330 dicuntur;
1571 2269 1662 2320 sed
1687 2284 1805 2335 quzc
1831 2280 1982 2334 quac-

380 2338 576 2391 stionis
603 2339 781 2391 totius.
819 2339 885 2392 de
932 2339 1132 2406 lapsis,
1177 2348 1372 2390 Statum
1425 2347 1676 2391 accurate
1732 2346 1981 2391 tractant.

382 2409 459 2464 lla
485 2410 535 2462 in
563 2409 776 2462 llonorii
801 2420 854 2463 et
876 2408 1084 2462 Themi.
1119 2410 1234 2475 lege
1259 2410 1322 2462 de
1355 2407 1703 2479 Natviculariis
1724 2427 1815 2477 per
1839 2408 1984 2479 Afri-

382 2497 516 2540 cam,
549 2491 925 2550 cpppntmtur:
958 2495 1054 2548 per
1080 2480 1305 2533 libellum
1332 2481 1492 2534 aditio
1514 2521 1527 2545 ,
1558 2491 1603 2533 et
1644 2478 1874 2550 plenaria
1907 2480 1988 2532 in-

385 2546 692 2618 terpellanti.
722 2546 1027 2606 Covsrstv'r.

456 2623 556 2690 Qui
579 2623 919 2692 jampridem.
954 2622 1076 2676 Haec
1104 2632 1156 2677 ct
1183 2623 1466 2691 sequentia
1521 2637 1688 2692 usque
1731 2622 1794 2676 ad
1825 2623 1986 2676 hostis

381 2694 630 2749 Ecclesite
668 2695 938 2761 judicatus
968 2710 1072 2749 non
1105 2704 1318 2747 exstare
1351 2695 1402 2746 in
1433 2695 1621 2748 codice
1660 2694 1981 2748 Corheiensi

383 2777 534 2820 notat
565 2765 847 2834 Rigaltius.
883 2765 994 2834 Ego
1035 2766 1202 2818 miror
1231 2765 1347 2833 ejus
1380 2765 1768 2834 indiligentiam
1801 2766 1852 2819 in
1883 2766 1984 2819 hoc

385 2837 530 2903 loco,
576 2853 696 2890 cutn
749 2845 956 2889 certum
1008 2835 1076 2889 sit
1119 2852 1180 2890 ea
1232 2837 1413 2890 omnia
1444 2846 1661 2891 exstare
1693 2838 1742 2890 in
1794 2836 1983 2891 codice

388 2906 718 2963 Corheiensi.
755 2907 955 2962 BALUZ.
1403 2960 1410 2967 .

462 2977 676 3048 Legatos
728 2980 966 3035 misisset.
1008 2977 1296 3032 Maximum
1345 2979 1586 3044 scilicet,
1641 2977 1982 3048 Augcntlum,

387 3050 694 3118 Longinum
725 3059 778 3104 ct
809 3049 1100 3102 Machmmn
1125 3092 1138 3114 ,
1172 3066 1307 3118 quos
1352 3051 1581 3119 primmn
1621 3049 1734 3104 Afri
1770 3066 1799 3102 a
1838 3065 1986 3104 cont-

388 3110 752 3177 nnndcaﬂone
777 3135 872 3174 sua
900 3110 1232 3176 cohibendos
1263 3110 1612 3187 cerisuerunt,
1643 3122 1718 3174 uti
1745 3122 1914 3190 Epist.
1947 3137 1981 3185 ι,
2013 3110 2057 3172 C

388 3193 457 3246 ad
486 3190 795 3263 Cornelium
825 3209 877 3245 ιι.
907 3209 943 3245 ι.
973 3201 1199 3246 testatur
1231 3190 1556 3263 Cyprianus,
1591 3193 1788 3262 ‘lttiquc
1828 3192 1984 3259 paulo

391 3275 531 3332 post,
561 3262 831 3323 Cornelio.
867 3265 1033 3332 Epist.
1060 3280 1111 3321 v.
1140 3262 1298 3322 teste.
1327 3263 1651 3331 Carthagine
1681 3264 1814 3331 pulsi
1838 3271 1980 3316 sttnt.

393 3334 546 3391 Unde
573 3335 881 3400 concilium,
908 3335 1044 3403 quod
1068 3334 1150 3387 hic
1175 3349 1522 3395 memoratur,
1550 3346 1673 3389 ante
1701 3335 1824 3388 anni
1876 3334 1979 3390 231

391 3408 592 3462 exitum
626 3406 862 3459 habitum
889 3405 1052 3458 fuisse
1081 3405 1400 3474 Colligimus.
1434 3406 1666 3460 Primam
1699 3406 1844 3460 illam
1873 3406 1983 3460 No-

397 3478 591 3532 vatiani
617 3478 933 3547 legationem
953 3475 1016 3530 ad
1045 3475 1206 3530 Afros
1228 3478 1372 3530 brevi
1396 3478 1563 3530 altera
1583 3488 1764 3532 set-uta
1793 3486 1897 3543 est,
1919 3477 1986 3532 de

392 3565 495 3621 qua
513 3548 814 3621 Cornelius,
836 3548 1005 3621 Epist.
1026 3563 1078 3611 v,
1097 3548 1420 3618 Cyprianum
1456 3560 1662 3621 monet.
1682 3549 1984 3621 Cous'rsafr.

467 3622 510 3673 Λ
544 3619 758 3673 concilio
791 3619 1126 3688 plurimorum
1169 3624 1504 3674 sacerdotum.
1543 3621 1616 3674 De
1656 3620 1737 3672 his
1785 3619 1983 3673 Euseb.

396 3693 530 3755 LVI,
557 3707 605 3746 c.
660 3689 752 3754 45,
796 3693 935 3759 agit:
979 3689 1242 3761 synodum
1283 3694 1558 3760 sexaginta
1605 3692 1985 3759 Episcoporum

393 3765 563 3818 fuisse
590 3762 852 3816 scribens.
911 3761 981 3815 Et
1014 3760 1100 3815 rex
1154 3760 1388 3816 Cornelii
1441 3762 1630 3815 litteris
1661 3762 1726 3814 ad
1766 3761 1986 3814 Fabium

403 3835 790 3888 Antiochenum
813 3843 1093 3904 postquam
1112 3833 1350 3886 meminit
1370 3842 1461 3892 τῆς
1483 3832 1726 3904 Palmam
1745 3831 1988 3897 συνοδου,

393 3905 505 3962 illis
535 3905 823 3973 subjungtt,
856 3907 922 3959 τὰ
952 3901 1169 3968 δόξαντα
1190 3909 1324 3958 πᾶσι
1363 3911 1470 3964 τοῖς
1496 3901 1629 3958 καλε-ὰ
1659 3909 1748 3962 τήν
1780 3904 1989 3957 Ἰταλίαν

402 3981 486 4033 καὶ
513 3977 736 4048 Ἀφρικὴν
763 3978 849 4030 καὶ
871 3978 963 4049 τᾲς
983 3975 1401 4049 -αὐτόθε-χὼρᾳς.
1431 3974 1594 4027 FELL.

473 4045 769 4102 Adulteram
809 4047 1125 4098 cathedram.
1165 4045 1489 4100 Novatimus
1537 4061 1696 4112 supra
1729 4061 1814 4115 ep.
1855 4062 1889 4099 ιι
1922 4045 1989 4099 ad

401 4119 730 4180 Cornelium,
763 4135 815 4170 ιι.
849 4118 900 4179 1,
934 4117 1226 4169 adulterum
1258 4127 1304 4170 et
1333 4117 1644 4170 contrarian:
1667 4127 1820 4184 caput
1849 4133 1988 4169 nun-

401 4199 645 4260 cupatur,
670 4189 864 4260 quippe
893 4189 996 4256 qui,
1035 4196 1090 4240 ut
1119 4188 1350 4257 loquitttr
1379 4187 1676 4260 Cyprianus
1704 4189 1802 4240 sub
1829 4187 1989 4240 linem

402 4257 490 4331 ep.
522 4277 591 4315 LII
619 4259 683 4312 atl
731 4261 1125 4331 Antonianum,
1147 4265 1383 4328 episwpo
1409 4257 1458 4312 in
1486 4257 1721 4311 Ecclesia
1748 4277 1779 4310 a
1808 4260 1990 4312 sexde-

402 4329 501 4387 cim
530 4332 780 4400 episcopis
816 4331 972 4398 facto,
1005 4329 1204 4383 adulter
1235 4341 1385 4400 atque
1424 4342 1692 4383 extraneas
1723 4331 1993 4400 episcopus

405 4405 517 4473 ﬁeri
544 4422 576 4455 a
601 4403 939 4456 desertoribus
969 4417 1057 4471 per
1077 4403 1317 4454 ambitum
1346 4403 1541 4454 nititur.
1572 4401 1876 4456 COUSTANT.

2088 2051 2344 2121 adversus
2359 2063 2538 2121 regem
2563 2063 2767 2121 magum
2786 2047 3376 2121 BritanniaeeBaronius
3399 2051 3497 2105 ista
3513 2052 3672 2121 paulo

2090 2118 2520 2192 magnificentius
2545 2119 2984 2192 disseruit,aiens
3010 2134 3073 2174 ex
3095 2119 3179 2174 his
3209 2119 3461 2192 Cypriani
3492 2118 3673 2179 verbis

2091 2188 2236 2247 cerni
2264 2201 2372 2263 tum
2404 2191 2601 2257 abipSo
2623 2188 2890 2263 Cypriane
2919 2201 3028 2263 tum
3057 2193 3123 2243 ah
3151 2188 3269 2246 aliis
3294 2188 3562 2263 episcopis
3583 2210 3676 2249 c0-

2088 2279 2288 2336 gmtam
2323 2262 2486 2336 fuisse
2514 2263 2736 2336 llontam
2767 2262 3041 2315 Pontiﬁcis
3069 2264 3430 2327 auloritatem,
3461 2262 3586 2320 dum
3620 2267 3674 2321 in

2089 2334 2154 2392 eo
2179 2351 2329 2389 suam
2360 2335 2596 2404 quinque
2620 2344 2672 2386 et
2698 2334 2752 2386 in
2774 2336 3257 2389 communicatione
3283 2338 3462 2390 czeteri
3485 2351 3676 2392 omnes

2091 2410 2326 2477 episcopi
2361 2421 2522 2477 suam
2552 2407 2786 2474 ipsorum
2811 2415 3158 2477 potestatem
3177 2405 3437 2462 limitibus
3459 2420 3675 2463 Coacta-

2094 2475 2197 2533 tam
2242 2476 2598 2550 intellexere,
2645 2475 3082 2550 quandoquidem
3123 2475 3384 2550 Gallicini
3437 2479 3677 2550 episcopi

2091 2551 2231 2606 haud
2264 2560 2466 2603 tantum
2509 2549 2682 2622 virum
2714 2558 2806 2622 aut
2850 2547 3115 2622 facoltatis
3147 2549 3197 2601 in
3240 2565 3298 2604 se
3325 2565 3443 2622 esse
3471 2547 3677 2622 cogno-

2091 2633 2301 2678 scerent
2333 2632 2389 2674 ut
2413 2621 2720 2674 hominibus
2765 2621 2996 2674 invisum
3031 2619 3341 2675 ltazreticum
3373 2619 3674 2687 hominem,

2088 2695 2229 2766 quod
2279 2697 2412 2766 adeo
2464 2699 2742 2760 optarent.
2773 2691 3124 2766 deponerent,
3172 2701 3240 2766 et_
3276 2694 3442 2766 alium
3476 2696 3526 2748 ιιι
3559 2695 3678 2766 ejus

2089 2761 2266 2821 locum
2291 2765 2664 2832 subrogarent,
2707 2762 2801 2834 sed
2827 2773 2935 2816 tum
2963 2761 3036 2815 illi
3069 2770 3179 2834 tum
3193 2761 3500 2834 Cyprianus
3529 2765 3594 2818 ad
3624 2765 3677 2818 id

2090 2838 2453 2908 peragendum
2495 2833 2725 2908 lloitiani
2763 2834 2999 2908 episcopi
3029 2833 3362 2908 appellarent
3387 2836 3678 2908 auctorita-

2090 2904 2352 2978 tequna
2406 2905 2705 2960 Marcianus
2751 2906 3037 2974 episcopus
3066 2904 3393 2978 Novatianus
3437 2906 3673 2975 depone-

2089 2991 2236 3036 retur
2263 2976 2291 3034 τι
2319 2979 2448 3035 sede
2473 2990 2526 3033 et
2552 2979 2688 3032 alius
2717 2978 3016 3033 catholicus
3050 2979 3102 3030 in
3131 2976 3248 3046 ejus
3284 2978 3459 3034 locum
3489 2981 3680 3033 subro-

2090 3063 2306 3122 garetur
2333 3053 2579 3105 antistes.
2615 3049 2825 3122 Contra
2843 3049 3138 3122 adversarii
3186 3051 3352 3103 nostri
3409 3050 3680 3122 invenisse

2091 3120 2149 3178 se
2174 3132 2359 3192 putant
2388 3123 2438 3176 in
2468 3123 2550 3175 his
2577 3120 2828 3192 Cypriani
2859 3121 3036 3176 verbis
3061 3122 3347 3190 quamdam
3394 3121 3677 3191 mqualita-

2091 3205 2198 3250 tem
2232 3197 2372 3249 inter
2398 3195 2711 3262 episc0pum
2747 3195 3042 3246 ltomanmn
3075 3202 3130 3246 et
3176 3192 3676 3263 Carthaginiensem,

2088 3269 2212 3338 quia
2248 3269 2386 3322 sicut
2417 3267 2608 3328 Roma,
2640 3267 2718 3319 sic
2743 3276 2796 3319 et
2815 3263 3106 3338 Carthago.
3140 3264 3218 3318 sic
3237 3273 3414 3338 tamen
3437 3275 3490 3316 ut
3510 3263 3680 3338 Roma

2090 3335 2185 3409 pro
2215 3341 2292 3394 sui
2325 3338 2694 3409 magnitudine
2722 3336 3028 3406 praecedere
3056 3335 3250 3409 debeat
3275 3335 3677 3409 Carthaginem,

2090 3406 2264 3481 neque
2292 3406 2585 3480 agnoscere
2612 3408 2936 3481 Cyprianum
2972 3409 3021 3481 in
3055 3422 3186 3476 papa
3215 3406 3682 3481 Stephanojuset

2091 3478 2462 3536 auctoritatem
2493 3478 2797 3550 deponendi
2847 3479 3192 3544 Marcianmn,
3221 3479 3327 3550 sed,
3363 3489 3567 3550 tantum
3597 3478 3679 3532 fa-

2089 3554 2340 3606 cultat--m
2370 3549 2674 3608 declarandi
2704 3551 2854 3605 illum
2880 3567 3002 3605 esse
3047 3549 3448 3619 depellendum.
3480 3549 3682 3604 Verum

2091 3623 2268 3678 Marca
2315 3625 2388 3677 ait
2434 3625 2569 3676 hanc
2621 3625 3028 3690 responsionem
3075 3636 3194 3675 esse
3251 3622 3483 3681 l'utilem,
3518 3622 3591 3674 uti
3622 3636 3684 3676 re

2093 3710 2218 3749 vera
2249 3707 2328 3750 est
2356 3736 2369 3759 ,
2402 3694 2678 3760 conceptis
2708 3695 2850 3747 enim
2898 3692 3078 3746 verbis
3109 3691 3436 3763 Cyprianum
3465 3695 3685 3761 exigere

2092 3782 2120 3819 ιι
2149 3766 2421 3834 Stephano
2451 3773 2509 3818 ut
2537 3765 2649 3817 suis
2693 3765 2884 3817 litteris
2909 3763 3238 3834 Marcianum
3271 3763 3490 3818 damnet
3521 3774 3685 3832 atque

2093 3833 2404 3890 adeoalium
2429 3835 2858 3888 substituendum
2886 3833 3161 3888 decernat.
3190 3837 3366 3903 Atque
3392 3844 3450 3887 ut
3477 3836 3681 3898 videas,

2094 3907 2280 3970 lector,
2303 3922 2462 3976 quam
2489 3906 2701 3959 diversa
2729 3907 2838 3958 sint
2863 3904 3140 3976 hominum
3160 3904 3386 3976 judicia,
3415 3920 3686 3974 quamque

2094 3975 2330 4032 diversa:
2352 3977 2459 4029 sint
2488 3991 2675 4046 eorum
2722 3975 3077 4046 cogitationes
3124 3985 3178 4028 et
3224 3975 3532 4044 opiniones,
3557 3991 3683 4030 cum

2095 4048 2265 4102 ll‘larca
2297 4063 2362 4101 cx
2417 4048 2496 4100 his
2537 4044 2808 4117 Cypriani
2848 4045 3028 4117 verbis
3073 4046 3379 4116 collegisset
3431 4061 3684 4114 magnum

2090 4121 2199 4188 jam
2247 4131 2355 4172 tum
2399 4116 2834 4172 fuisse’Romani
2868 4116 3136 4188 pontiﬁcis
3187 4117 3587 4183 auctoritatem,
3621 4117 3686 4171 iis

2094 4187 2277 4246 eontra
2325 4192 2374 4243 in
2406 4190 2696 4258 perniciem
2739 4205 2890 4243 suam
2939 4188 3085 4241 abuti
3117 4187 3486 4243 llomauenses
3515 4203 3687 4258 eaque

2089 4262 2331 4332 jugulum
2367 4264 2602 4331 ipsot‘ttttt
2637 4272 2818 4329 petere
2848 4259 3058 4314 censuit
3078 4261 3340 4332 editionis
3370 4259 3684 4332 Anglicana:

2095 4330 2281 4388 auctor
2313 4330 2705 4386 illustrissinms
2733 4333 3019 4402 cpiscopus
3065 4330 3406 4395 Oxoniensis,
3441 4330 3687 4390 scribens

2097 4421 2161 4460 cx
2195 4407 2256 4459 iis
2287 4405 2558 4458 contrario
2586 4419 2749 4458 sensu
2781 4404 2902 4458 elici
2935 4418 3093 4473 posse
3143 4405 3443 4458 Romanum
3474 4402 3687 4471 episc0¢

481 4474 772 4565 Nauatiat‘to.
817 4490 976 4543 nuper
1005 4483 1194 4565 rictu-so.
1213 4473 1373 4565 lAnte
1419 4473 1755 4565 triennium,"
1781 4471 1993 4565 quando
2022 4507 2074 4565 1)
2103 4493 2224 4565 porgi
2260 4476 2423 4565 fujsse
2445 4475 2747 4543 subjectum
2778 4471 3683 4565 Carthaginensi,‘quandoqnidctn

403 4546 554 4602 missi
580 4547 630 4599 in
664 4545 916 4608 Africam,
947 4557 1002 4598 ιιι
1024 4543 1259 4612 Epistola
1285 4558 1388 4602 λιιι,
1419 4545 1680 4608 dicitur,a
1708 4544 1996 4596 Novatiano
2022 4543 2061 4605 ‘f

410 4618 668 4671 Maximus
693 4617 969 4686 presbyter,
993 4625 1038 4669 et
1057 4615 1340 4686 iflugemlus
1366 4615 1610 4668 diaconus
1631 4656 1643 4675 ,
1677 4624 1722 4667 et
1755 4613 1997 4669 illac/reus

407 4688 616 4758 quidam
657 4683 701 4741 et
735 4683 1210 4758 LonginusaFEIJH

483 4758 589 4812 Per
615 4769 772 4811 totum
803 4757 992 4812 orbem.
1023 4757 1168 4810 Istud
1199 4758 1432 4811 maxime
1464 4757 1643 4811 dicere
1670 4757 1816 4810 licuit
1851 4766 1996 4826 post-

409 4847 568 4900 quam
598 4831 822 4899 contigit
875 4828 1014 4897 quod
1046 4829 1112 4881 de
1166 4828 1324 4881 tetins
1353 4829 1587 4900 Orientis
1641 4828 1705 4882 ad
1740 4832 1994 4883 unitatem

408 4899 636 4972 regressi
661 4901 943 4955 concordia
969 4900 1251 4972 Diqnysius
1289 4899 1686 4954 Alexandrinus
1715 4900 1768 4953 in
1817 4915 1902 4968 cp.
1940 4915 1995 4953 ιιι

408 4969 767 5039 subsequente
796 4971 996 5025 scribit.
1028 4969 1191 5024 Fam.

483 5044 814 5101 Adulatores.
853 5041 1100 5095 Fautores
1131 5039 1405 5095 Novatiani
1425 5084 1439 5108 ,
1472 5057 1726 5112 sequaces,
1760 5043 1997 5108 asseclas,

407 5115 575 5187 qualis
592 5125 695 5187 erat
715 5113 1027 5167 Marcianus.
1063 5112 1282 5187 “team.

491 5185 554 5239 IIl
581 5183 956 5256 —Dirigautttr
981 5187 1029 5237 in
1053 5184 1385 5256 provinciam.
1410 5183 1547 5240 Vere
1575 5185 1884 5256 adnotatum
1918 5195 2000 5238 est

413 5274 443 5313 a
474 5256 729 5313 Cicero.se
754 5255 968 5311 Omnem
995 5255 1362 5324 conjecturam
1390 5257 1613 5325 ingeniis
1643 5255 1916 5310 hominum
1947 5256 1995 5308 in

413 5331 710 5386 comrarias
741 5340 919 5399 partes
961 5342 1103 5396 szrpe
1130 5325 1343 5399 deduci.
1380 5327 1573 5381 Libera:
1609 5330 1743 5380 enim
1773 5336 1908 5399 sunt,
1943 5336 1999 5380 ut

415 5401 541 5455 alibi
571 5401 645 5454 ait
668 5398 1026 5463 identCicero,
1045 5398 1371 5468 cogitationes
1395 5410 1598 5459 nostras,
1620 5411 1663 5452 et
1685 5414 1800 5464 qua:
1826 5398 1998 5452 volunt

416 5474 492 5527 sic
517 5477 791 5537 intuemur,
821 5483 874 5524 ut
899 5488 958 5524 ea
985 5471 1237 5524 cernimus
1271 5487 1384 5538 qua:
1409 5470 1649 5523 videmus.
1680 5471 1830 5538 Quod
1881 5470 1998 5524 istic

418 5545 616 5598 evenit.
643 5543 911 5598 Pamelins
939 5543 1082 5596 enim
1113 5539 1237 5594 hinc
1257 5543 1469 5611 collegt
1494 5541 1706 5595 licuisse
1727 5543 1836 5609 jam
1869 5540 1996 5594 olim

421 5616 688 5683 episcopis
713 5614 969 5668 Romanis
996 5615 1278 5681 episeopus
1303 5615 1459 5680 justis
1484 5614 1550 5666 de
1579 5615 1752 5666 causis
1783 5627 1998 5667 excom-

419 5688 726 5748 municare,
781 5685 944 5739 inuno
973 5684 1283 5747 destituere,
1318 5695 1369 5739 et
1400 5699 1566 5740 novos
1590 5685 1638 5738 in
1669 5700 1851 5739 eorum
1879 5685 1999 5738 loco

423 5759 770 5812 Substituerc.
796 5757 963 5824 Quam
991 5757 1431 5823 consequentiam
1462 5765 1676 5810 secutus
1715 5770 1831 5810 esse
1853 5757 1999 5810 vide—

429 5835 515 5885 tur
541 5827 824 5888 cardinalis
855 5827 1142 5885 Perronius
1193 5827 1245 5882 in
1277 5829 1467 5900 pagina
1510 5828 1580 5886 99
1623 5844 1734 5886 suae
1785 5829 1996 5902 replico:

2105 4549 2147 4602 is
2177 4546 2508 4614 Stephanum
2554 4562 2743 4615 papam
2779 4546 2932 4610 jubet
2976 4547 3206 4616 dirigere
3229 4547 3435 4601 litteras
3480 4563 3531 4600 ιιι
3559 4561 3690 4615 ιιι-(ιη

2105 4619 2329 4674 vinciam
2369 4627 2443 4678 ιιι,
2469 4619 2716 4672 abstento
2756 4617 3043 4679 Marciano,
3081 4618 3217 4672 alius
3250 4619 3302 4670 in
3347 4617 3521 4672 locum
3569 4621 3688 4687 ejus

2103 4691 2456 4744 substituatur
2490 4731 2504 4751 ,
2557 4691 2800 4758 adeoque
2847 4689 2976 4742 nihil
3019 4687 3212 4743 fecisse
3261 4689 3564 4743 censendus
3619 4693 3689 4742 sit

2103 4761 2404 4827 Stephanus
2455 4776 2613 4832 quam
2658 4760 2796 4830 quod
2832 4759 3016 4832 jussus
3043 4768 3158 4832 erat
3201 4776 3244 4832 a_
3271 4759 3557 4832 Cypriane.
3597 4759 3689 4814 Sic

2103 4837 2246 4886 enim
2299 4848 2397 4887 nos
2448 4829 2778 4898 explicantus
2833 4846 2953 4897 qua:
3005 4829 3125 4883 heic
3167 4830 3322 4884 valde
3362 4832 3592 4885 obscure
3632 4841 3688 4885 et

2106 4905 2349 4958 intricate
2415 4910 2611 4970 scripta
2665 4911 2788 4955 sunt
2831 4915 2930 4955 nec
2983 4916 3109 4956 vere
3153 4903 3218 4956 ab
3265 4901 3519 4970 episeOpo
3567 4916 3690 4970 pro-

2103 4983 2350 5030 testante.
2386 4973 2638 5040 Quainvis
2690 4973 2831 5027 enim
2882 4987 3018 5026 unus
3063 4973 3132 5026 sit
3180 4974 3516 5042 episcopatus
3538 4971 3689 5039 cujus

2108 5063 2231 5116 pars
2282 5064 2308 5096 a
2366 5046 2588 5113 singulis
2642 5042 2950 5116 inSolidum
2993 5053 3224 5109 tenetur,
3285 5044 3531 5114 quamvis
3579 5057 3689 5096 cae-

2108 5114 2204 5172 teri
2260 5118 2497 5185 episcopi
2537 5116 2822 5170 subvenire
2855 5114 3110 5176 debeant,
3161 5117 3204 5185 si
3241 5117 3353 5185 quis
3400 5129 3462 5166 ea:
3501 5129 3690 5168 eorum

2106 5189 2315 5258 collegio
2342 5184 2573 5240 hteresim
2618 5189 2784 5257 facere
2811 5195 2855 5239 et
2900 5203 3098 5258 gregem
3144 5184 3330 5258 Christi
3367 5185 3598 5258 lacerare
3644 5192 3693 5238 et

2104 5256 2299 5313 vastare
2328 5256 2625 5321 tentaverit,‘
2664 5270 2718 5310 ιιι
2761 5260 2836 5311 ait
2867 5258 2917 5309 itt
2950 5256 3052 5310 hac
3091 5257 3313 5325 epistola
3355 5256 3690 5327 Cyprianus,

2105 5331 2228 5384 inde
2259 5341 2433 5385 tamen
2464 5346 2566 5382 non
2596 5330 2837 5398 sequitur
2857 5328 3154 5381 Romanum
3175 5331 3481 5397 cpiSCOpum
3503 5327 3694 5396 prurci-

2105 5418 2235 5473 puas
2289 5413 2465 5470 partes
2493 5401 2986 5473 ejttsti'todirermn
3033 5415 3130 5466 pro
3177 5416 3274 5454 suo
3314 5401 3540 5473 primatu
3584 5415 3692 5453 non

2104 5471 2440 5527 sustinuisse.
2466 5471 2572 5525 Cur
2594 5473 2735 5526 enim
2761 5471 3086 5542 Stepnanum
3116 5483 3262 5539 rogat
3289 5471 3612 5542 Cyprianus.
3637 5478 3696 5522 ιιι

2106 5545 2286 5600 Gallos
2325 5543 2606 5612 episc0pos
2645 5538 2965 5608 plenissimis
2995 5538 3198 5596 litteris
3227 5543 3294 5596 ad
3323 5538 3702 5612 deponendum

2104 5611 2429 5671 Marcianum
2477 5611 2530 5669 et
2567 5613 2726 5667 alium
2777 5614 2826 5668 ei
2861 5613 3298 5668 substituendum
3338 5613 3562 5675 excitet,
3603 5611 3711 5665 nisi

2107 5689 2231 5760 quia
2260 5687 2463 5744 sciebat
2491 5684 2860 5760 defensionem
2889 5699 3154 5760 canonum
3179 5684 3442 5743 Romam)
3468 5681 3717 5752 cpisset“).

2105 5754 2376 5833 praecipue
2401 5759 2751 5820 commissam
2777 5757 2927 5814 esse?
2957 5754 3152 5812 Βλιυῑ.
