4256 6250
555 299 662 364 995

1530 298 1965 358 ROMANORUM
1994 295 2408 358 PONTlFlCUM
2447 298 2827 358 EPISTOLIE.

3763 297 3879 364 996

557 430 708 478 ratus
735 417 1119 486 contemnitur,
1143 416 1445 487 colligatur.
1494 416 1757 481 Sufficiat,
1817 418 2012 472 mullos
2047 417 2156 472 illic
2183 418 2232 476 A
2261 416 2382 470 dicit
2415 415 2667 469 Dominus
2697 433 2714 470 :
2747 415 2880 470 Ecce
2904 430 2994 487 ego
3020 431 3171 487 super
3221 422 3472 484 pastores,
3519 398 3565 469 et
3614 415 3872 486 inquiram

557 531 621 570 ex
664 513 916 582 frz‘ttribus
945 511 1146 566 nostris
1194 511 1350 564 annis
1378 510 1493 565 istis
1537 510 1920 578 superioribus,
1971 524 2157 564 exces-

558 608 696 662 sisse
751 606 867 661 sine
899 619 1062 673 pace;
1096 603 1179 659 vel
1213 603 1426 658 cmteris
1454 601 1798 656 subveniatur
1828 603 1916 672 qui
1963 615 2156 670 super-

557 711 708 765 sunt,
741 698 998 756 etdiebus
1026 708 1050 735 α
1079 698 1142 754 ac
1174 698 1421 754 noctibus
1443 698 1819 767 ingemiscunt,
1845 705 1899 752 et
1923 696 2157 750 divinam

556 806 620 845 ac
664 801 940 860 paternam
992 789 1418 845 misericordiam
1473 787 1846 858 deprecantes,
1907 787 2157 842 solatium

559 894 759 941 nostrae
790 883 1160 954 opitulationis
1187 891 1503 954 exposcunt.
1530 882 1735 938 Idcirco
1776 882 1941 949 enim,
1994 879 2161 935 frater

556 977 894 1045 cbarissime,
931 976 1208 1045 c0piosum
1253 990 1448 1046 corpus
1491 985 1575 1031 est
1609 974 1976 1038 sacerdotum,
2025 989 2158 1028 con-

557 1071 756 1129 cordiae
786 1079 984 1126 mutua:
1013 1069 1222 1139 glutino
1250 1078 1410 1138 atque
1441 1069 1659 1123 unitatis
1691 1068 1903 1122 vinculo
1931 1067 2160 1137 copula-

558 1172 693 1227 tum,
724 1163 848 1218 utsi
881 1161 999 1232 quis
1030 1177 1094 1216 ex
1113 1161 1340 1232 collegio
1366 1170 1552 1238 nostro
1575 1161 1823 1216 haeresim
1851 1160 2050 1227 facere,
2106 1169 2162 1217 et

557 1273 774 1328 gregem
804 1256 1004 1311 Christi
1041 1255 1278 1312 lacerare
1308 1264 1363 1310 et
1392 1264 1602 1310 vastare
1663 1256 1970 1321 tentaverit,
2025 1255 2156 1311 sub—

559 1352 775 1405 veniant
810 1351 1014 1414 caueri,
1051 1358 1104 1403 et
1125 1350 1274 1417 quasi
1304 1360 1548 1420 pastores
1597 1348 1805 1404 utilesb
1833 1358 1886 1405 et
1939 1349 2155 1404 miseri-

559 1445 770 1507 cordes,
805 1458 933 1498 oves
989 1442 1284 1497 dominicas
1340 1443 1391 1497 in
1454 1458 1669 1514 gregem
1711 1442 1985 1512 colligant.
2019 1441 2158 1508 Quid

561 1538 704 1593 enim
746 1536 790 1590 si
833 1535 887 1590 in
941 1535 1072 1589 mari
1124 1543 1310 1604 portus
1351 1535 1565 1606 aliquis,
1621 1535 2008 1590 munitionibus
2055 1534 2167 1590 suis

561 1631 732 1702 ruptis
760 1629 1008 1696 infestus,
1027 1639 1084 1686 et
1107 1631 1446 1700 periculosus
1476 1646 1596 1686 esse
1619 1631 1844 1686 navibus
1868 1642 1888 1669 ο
1911 1632 2163 1700 οωρονίι;

562 1744 744 1783 nonne
782 1728 1095 1799 navigantes
1150 1726 1215 1781 ad
1265 1728 1400 1782 alios
1446 1727 1722 1797 proximos
1775 1738 1959 1795 portus
2005 1738 2167 1780 naves

2260 524 2372 562 oves
2403 526 2538 562 meas
2565 509 2629 562 de
2671 508 2906 563 manibus
2961 526 3133 562 eorum
3162 520 3208 564 et
3253 519 3477 563 avertam
3523 523 3609 562 eos
3653 518 3708 562 ut
3764 526 3867 564 non

2263 612 2472 671 pascant
2494 618 2608 656 oves
2637 612 2884 656 meas:et
2925 603 3040 672 jam
3083 618 3184 656 non
3223 611 3428 670 poscent
3454 618 3559 666 eae,
3617 611 3664 656 et
3692 612 3873 657 extra-

2262 701 2382 754 ham
2425 719 2509 755 eas
2558 701 2621 756 de
2657 719 2743 756 ore
2792 718 2988 768 eorum,
3035 710 3080 755 et
3132 717 3340 771 pascam
3379 718 3465 755 eas
3516 717 3631 754 cum
3668 700 3876 770 judicio

2264 796 2478 864 (Ezecli.
2514 811 2695 860 xxxrv,
2728 795 2808 866 4).
2841 794 2974 851 Cum
3012 811 3139 865 ergo
3169 794 3471 864 pastoribus
3523 794 3742 860 talibus,
3777 809 3875 863 per

2263 905 2396 959 quos
2425 890 2712 944 Dominica:
2742 904 2870 944 oves
2898 890 3236 959 negliguntur
3257 899 3312 942 et
3343 895 3590 958 pereunt,
3634 887 3714 942 sic
3765 887 3873 942 Do-

2263 982 2441 1036 minus
2467 979 3015 1051 comminetur;quid
3063 995 3163 1035 nos
3211 979 3353 1034 aliud
3395 979 3574 1034 facere
3629 985 3868 1048 oportet,

2264 1074 2429 1130 frater
2481 1075 2818 1141 charissima,
2873 1089 3034 1143 quam
3078 1073 3395 1144 colligendis
3443 1081 3499 1127 et
3561 1069 3871 1126 refovendis

2265 1171 2462 1226 Christi
2499 1170 2688 1225 ovibus
2717 1168 2981 1225 exhibere
3032 1166 3360 1236 diligentiam
3410 1165 3642 1236 plenam,
3671 1173 3725 1219 et
3776 1180 3876 1220 cu-

2266 1263 2449 1319 randis
2478 1265 2749 1333 lapsorum
2774 1261 3086 1316 vulneribus
3106 1269 3343 1330 paterna:
3371 1260 3590 1330 pietatis
3609 1257 3875 1315 adhibere

2268 1357 2613 1422 medicinam,
2651 1354 2866 1426 quando
2923 1353 3180 1409 Dominus
3227 1351 3280 1406 in
3331 1351 3626 1422 Evangelia
3655 1359 3880 1406 moneat

2269 1459 2322 1505 et
2351 1450 2493 1505 dicat
2518 1467 2530 1502 :
2560 1448 2683 1503 Non
2705 1458 2777 1503 est
2809 1465 2937 1518 opus
2963 1448 3102 1502 sanis
3131 1447 3377 1514 medicus,
3401 1445 3491 1499 sed
3517 1445 3650 1500 male
3681 1445 3880 1500 haben-

2272 1543 2404 1615 tibus
2434 1541 2650 1615 (Matth.
2682 1557 2755 1606 ix,
2795 1540 2918 1612 12)?
2935 1538 3067 1594 Nam
3086 1548 3140 1593 et
3161 1539 3204 1592 si
3227 1547 3468 1607 pastores
3492 1537 3646 1591 multi
3669 1550 3881 1602 sumus,

2271 1653 2434 1692 unum
2470 1646 2646 1690 tamen
2689 1648 2905 1703 gregem
2957 1632 3248 1701 pascimus,
3295 1639 3349 1685 et
3395 1645 3527 1685 oves
3579 1630 3882 1693 universas,

2272 1745 2408 1800 quas
2431 1728 2677 1784 Christus
2709 1726 2968 1794 sanguine
2990 1739 3090 1778 suo
3121 1733 3175 1778 et
3205 1723 3455 1792 passione
3472 1721 3744 1791 qmesivit,
3770 1722 3885 1776 eol-

563 1837 687 1876 suas
709 1821 963 1891 dirigunt,
997 1823 1083 1876 tibi
1127 1822 1196 1874 sit
1229 1828 1376 1874 tutus
1403 1829 1457 1873 et
1507 1817 1758 1872 salutaris
1811 1818 2062 1871 introitus
2116 1826 2170 1870 et
2199 1821 2246 1881 B
2275 1822 2442 1893 ligere
2464 1830 2518 1874 et
2542 1817 2722 1873 fovere
2752 1817 3035 1882 debemus,
3067 1830 3166 1870 nec
3192 1816 3301 1885 pati
3330 1814 3600 1884 supplices
3623 1822 3678 1868 et
3699 1813 3887 1867 dolen-

563 1914 723 1968 statio
742 1914 967 1968 secura?
996 1922 1087 1966 aut
1110 1912 1153 1966 si
1187 1913 1239 1965 in
1267 1911 1350 1964 via
1383 1910 1657 1966 stabulum
1698 1909 1914 1980 aliquod
1936 1909 2167 1965 obsideri

564 2015 619 2060 ct
649 2006 816 2061 teneri
850 2021 878 2057 a
904 2005 1204 2058 latronibus
1234 2003 1482 2072 cooperit,
1509 2011 1568 2055 ut
1607 2002 1846 2072 quisquis
1897 2001 2171 2071 ingressus

565 2097 1134 2160 fu~erit,iusidiantium
1160 2095 1269 2150 illic
1299 2095 1645 2149 infestatione
1672 2093 1950 2163 capiatur;
1983 2108 2166 2148 nonne

565 2199 976 2252 commeantes,
1028 2187 1129 2241 hac
1158 2185 1414 2257 opinione
1453 2194 1760 2255 comperta,
1804 2183 2013 2238 stabula
2069 2183 2170 2237 alia

567 2282 620 2335 in
673 2279 868 2336 itinere
922 2289 1182 2349 appetunt
1240 2276 1461 2342 tutiora,
1515 2275 1606 2332 ubi
1654 2276 1761 2331 sint
1815 2275 1918 2330 tida
1986 2274 2174 2344 hospi-

569 2376 638 2428 tia
677 2384 731 2430 et
771 2372 1110 2442 receptacula
1152 2369 1583 2426 commeantibus
1643 2368 1791 2422 tuta?
1835 2368 1987 2436 Quod
2033 2381 2174 2421 nunc

568 2483 688 2523 esse
740 2466 882 2537 apud
922 2480 1019 2520 nos
1055 2463 1238 2531 debet,
1288 2464 1455 2518 frater
1504 2463 1930 2530 charissime,nt
1984 2459 2174 2516 fratres

569 2571 801 2629 nostros,
833 2559 922 2630 qui
950 2559 1130 2614 vitatis
1158 2556 1413 2612 Marciani
1442 2555 1676 2624 scopulis
1700 2563 1888 2624 petunt
1917 2553 2174 2608 Ecclesia:

569 2664 757 2723 portus
783 2653 1067 2717 salutares,
1097 2651 1458 2720 suspiciamus
1484 2649 1550 2702 ad
1581 2663 1681 2702 nos
1711 2657 1956 2718 prompta
1983 2655 2038 2702 et
2065 2646 2161 2701 be-

570 2747 727 2818 nigna
759 2745 1111 2811 humanitate,
1144 2752 1198 2798 et
1236 2743 1504 2798 stabulum
1557 2741 1984 2796 commeantibus
2037 2755 2174 2810 prae-

569 2843 792 2898 beamus
847 2841 950 2896 tale
979 2839 1138 2910 quale
1169 2847 1252 2894 est
1283 2841 1334 2893 in
1366 2837 1685 2906 Evangel’io,
1726 2850 1830 2906 quo
1867 2851 1897 2890 a
1939 2834 2169 2889 latroni-

577 2936 677 2990 lius
706 2934 930 2990 sauciati
949 2942 1004 2987 et
1031 2930 1298 2986 vulnera-ti
1324 2929 1523 3000 suscipi
1549 2939 1604 2984 et
1629 2927 1796 2984 foveri
1825 2937 1878 2984 et
1910 2927 2068 2983 tutari
2099 2928 2168 2983 ab

571 3024 866 3081 stabulario
895 3023 1104 3092 possint
1131 3021 1312 3094 (Lacte
1333 3022 1412 3083 κ).

642 3130 730 3185 IV.
761 3132 891 3199 Quae
923 3130 1166 3186 estenim
1210 3129 1380 3199 major
1406 3137 1499 3182 aut
1520 3128 1709 3184 melior
1750 3143 1877 3183 cura
1910 3127 2173 3199 praeposi-

2279 1926 2357 1969 tes
2411 1913 2600 1967 fratres
2656 1920 2870 1965 nostros
2927 1909 3220 1965 crudeliter
3271 1908 3496 1979 despici,
3553 1918 3607 1963 et
3655 1906 3887 1977 superba

2277 2006 2632 2080 quorumdam
2691 2004 3109 2074 pra'sumptione
3160 2002 3390 2070 calcari,
3444 2018 3564 2056 cum
3625 2003 3886 2072 scriptum

2276 2102 2345 2155 sit
2372 2117 2384 2154 :
2421 2099 2526 2153 Ille
2545 2107 2735 2164 autem,
2766 2097 2850 2164 qui
2882 2105 3156 2150 contumax
3177 2104 3269 2159 est,
3293 2096 3370 2149 vir
3400 2095 3482 2148 sui
3491 2096 3714 2164 jactans,
3754 2093 3893 2148 nihil
3983 2166 3987 2168 γ

2278 2194 2485 2246 omnino
2517 2190 2744 2262 perﬁciet
2766 2205 2782 2242 :
2803 2190 2888 2260 qui
2913 2190 3144 2243 dilatavit
3170 2198 3432 2259 tamquam
3463 2189 3611 2260 inferi
3649 2190 3889 2242 animam

2277 2305 2426 2342 suam
2455 2287 2725 2356 (Habacuc
2755 2303 2814 2353 tt,
2844 2284 2897 2357 ν)
2932 2303 2944 2337 :
2976 2293 3032 2340 et
3052 2283 3320 2356 ejusmodi
3352 2283 3593 2337 homines
3623 2283 3895 2338 Dominus

2278 2383 2330 2435 in
2365 2381 2624 2450 Evanglio
2655 2394 2753 2434 suo
2779 2379 2962 2448 culpet
2989 2387 3043 2433 et
3091 2377 3308 2432 damnet
3338 2378 3523 2432 dicens
3558 2395 3574 2432 :
3628 2373 3734 2430 Vos
3769 2377 3895 2430 estis

2276 2475 2362 2544 qui
2381 2474 2684 2544 justiﬁcatis
2711 2490 2798 2527 vos
2820 2473 2870 2526 in
2895 2481 3168 2542 conspectu
3195 2471 3478 2526 hominum.
3525 2469 3666 2525 Deus
3719 2479 3894 2524 autem

2278 2568 2525 2637 dignoscit
2557 2566 2714 2620 corda
2736 2567 2899 2620 vestra
2930 2583 2948 2620 :
2977 2565 3218 2636 quoniam
3270 2564 3406 2632 quod
3452 2563 3712 2618 excelium
3735 2573 3807 2618 est
3835 2564 3893 2618 in

2278 2659 2584 2724 hominibus,
2617 2660 2871 2713 execratio
2915 2671 2986 2712 est
3027 2659 3079 2711 in
3121 2669 3392 2728 conspectu
3426 2656 3523 2710 Dei
3548 2655 3726 2730 (Luca:
3775 2671 3894 2720 xvr,

2279 2751 2389 2824 l5).
2423 2752 2769 2808 Execrabiles
2824 2762 2878 2807 et
2928 2751 3276 2808 detestabiles
3314 2750 3443 2805 dicit
3497 2765 3618 2806 esse
3667 2749 3757 2820 qui
3787 2748 3895 2804 sibi

2279 2849 2547 2917 placeant,
2580 2847 2667 2918 qui
2701 2840 2888 2901 tumidi
2918 2855 2974 2901 et
3004 2845 3171 2900 inﬂati
3200 2844 3403 2916 aliquid
3439 2845 3538 2899 sibi
3569 2853 3893 2914 arroganter

2276 2951 2574 2996 assumant.
2629 2941 2708 2995 Ex
2758 2941 2949 3010 quibus
2997 2955 3118 2996 cunt
3151 2939 3452 2993 Marcianus
3481 2952 3606 2992 esse
3635 2936 3890 3003 eruperit,

2278 3045 2331 3090 ct
2357 3049 2415 3090 se
2444 3034 2740 3089 Novatiano
2781 3034 3137 3104 coniungens,
3171 3031 3514 3087 adversarius
3570 3030 3890 3086 misericor-

2277 3128 2379 3184 dia:
2408 3138 2458 3184 et
2485 3129 2698 3198 pietatis
2721 3127 3026 3193 exstiterit;
3057 3127 3380 3182 sententiam
3420 3140 3530 3180 non
3578 3124 3744 3190 dicat,
3793 3123 3896 3180 sed
3937 3197 3948 3204 _

573 3235 747 3279 torum
777 3220 826 3289 τι,
869 3237 1030 3292 quam
1057 3221 1299 3292 diligenti
1340 3220 1702 3276 sollicitudine
1728 3229 1785 3275 et
1839 3220 2048 3275 medela
2089 3235 2175 3274 sa-
2202 3225 2246 3288 C
2280 3222 2508 3291 accipiat
2539 3239 2550 3274 :
2587 3235 2689 3276 nec
2716 3221 2796 3276 sic
2821 3229 2944 3292 agat
2970 3221 3123 3290 quasi
3154 3222 3269 3290 ipse
3293 3218 3622 3289 judicaverit
3659 3220 3727 3274 de
3770 3217 3895 3273 col-

570 3315 706 3370 lubri
733 3313 980 3370 fovendis
999 3324 1052 3368 et
1079 3311 1467 3368 conservandis
1493 3312 1680 3366 ovibus
1707 3312 2029 3382 providere?
2051 3323 2171 3366 cum

572 3407 834 3463 Dominus
865 3407 1118 3478 loquatur
1143 3415 1198 3461 et
1223 3403 1368 3460 dicat
1403 3423 1416 3460 :
1444 3401 1597 3472 Quod
1625 3404 1942 3472 inﬁrmatam
1969 3413 2040 3458 est
2071 3420 2174 3458 non

571 3501 914 3571 conformatio,
948 3499 1153 3566 etquod
1182 3496 1316 3552 male
1343 3496 1519 3550 habuit
1552 3512 1651 3550 non
1689 3496 2080 3561 corroborastis,
2127 3505 2174 3551 et

569 3594 707 3662 quod
733 3591 1130 3647 contribulatum
1160 3600 1235 3645 est
1280 3605 1381 3643 non
1425 3588 1806 3654 con'solidaatis,
1842 3598 1888 3643 et
1931 3590 2068 3659 quod
2096 3605 2176 3642 er-

570 3687 699 3740 ravit
740 3699 844 3739 non
895 3683 1195 3748 revocastis,
1253 3691 1297 3736 et
1328 3682 1464 3752 quod
1505 3681 1652 3750 periit
1703 3698 1802 3735 non
1860 3681 2176 3748 inquisistis:

571 3789 615 3833 et
647 3779 893 3845 dispersa:
912 3785 1030 3830 sunt
1059 3791 1174 3828 oves
1197 3789 1340 3839 mete,
1382 3789 1437 3828 eo
1460 3773 1719 3844 quodnon
1763 3773 1862 3842 sint
1917 3782 2179 3841 pastores;

570 3881 616 3924 et
638 3876 788 3942 facta:
812 3879 932 3924 sunt
961 3872 1015 3923 in
1038 3879 1374 3924 contesturam
1397 3867 1631 3922 omnibus
1659 3867 1828 3921 bestiis
1850 3869 1962 3937 agri
2000 3878 2045 3920 et
2077 3885 2179 3921 non

572 3964 672 4035 fuit
691 3963 776 4034 qui
800 3962 1096 4033 inquireret,
1126 3977 1283 4032 neque
1308 3961 1396 4031 qui
1434 3967 1710 4015 revocaret.
1744 3957 2026 4030 PrOptereu
2072 3959 2180 4013 hinc

2276 3316 2418 3385 legio
2441 3315 2802 3382 sacerdotum,
2837 3313 3052 3386 quando
3078 3315 3191 3385 ipse
3222 3314 3288 3369 sit
3311 3313 3379 3369 ab
3409 3312 3678 3369 universis
3704 3326 3897 3368 sacer-

2276 3407 2796 3480 dotibusjudicatus.

2351 3589 2417 3646 ν.
2440 3588 2755 3645 Servandus
2800 3596 2885 3642 est
2931 3588 3072 3642 enim
3122 3599 3518 3642 antecessorum
3567 3591 3882 3640 nostrorum

2283 3681 2562 3737 beatorum
2598 3690 2897 3752 martyrum
2937 3677 3172 3736 Cornelii
3204 3691 3258 3735 et
3289 3679 3436 3735 Lucii
3482 3679 3653 3734 honor
3683 3677 3889 3751 glorio-

2284 3790 2376 3830 sus
2407 3793 2419 3828 :
2449 3789 2678 3844 quorum
2705 3775 3024 3829 memoriam
3051 3789 3172 3828 cum
3203 3789 3303 3827 nos
3331 3772 3683 3840 honoremus,
3716 3772 3890 3828 multo

2283 3867 2452 3938 magis
2485 3878 2560 3931 tu,
2589 3869 2752 3922 frater
2778 3867 3115 3933 charissime,
3158 3865 3516 3920 honorificare
3563 3873 3621 3920 et
3668 3878 3893 3920 servare

2282 3959 2542 4030 gravitate
2594 3969 2648 4014 et
2691 3961 3010 4016 auctoritate
3052 3971 3141 4016 tua
3193 3959 3378 4027 debes,
3425 3959 3516 4029 qui
3558 3957 3789 4014 vicarius
3838 3963 3895 4013 et

1778 4052 2162 4111 LECTIONLS
2201 4055 2618 4112 VARIANTES.

640 4152 664 4216 ξι
699 4151 1078 4216 Supersuntque
1105 4150 1357 4216 et_diebus
1383 4151 1539 4202 Oxon.

637 4210 668 4251 lt
708 4210 813 4275 Qua
839 4210 1062 4278 pastores
1086 4213 1236 4264 utiles
1267 4215 1384 4264 Ver.

2349 4152 2372 4181 °
2409 4149 2764 4212 Navigantibus
2793 4153 2912 4200 Ver.

2347 4212 2375 4253 εἰ
2411 4213 2561 4275 Major
2586 4221 2836 4278 pastorum
2868 4218 2988 4264 Ver.
3017 4214 3150 4264 Fax.

1885 4293 2247 4353 VARIORUM
2286 4296 2517 4352 ΝΟΤᾸΕ.

647 4391 808 4444 Annis
837 4390 948 4445 istis
977 4388 1343 4460 superioribus.
1389 4387 1518 4443 Haec
1557 4387 1807 4460 loquendi
1850 4388 1986 4443 ratio
2027 4389 2170 4443 Mar-

575 4467 788 4518 cianum
824 4478 929 4516 non
957 4463 1024 4517 ab
1043 4477 1149 4514 uno
1173 4471 1376 4514 tantum
1400 4475 1542 4514 anno
1559 4459 1834 4514 Novatiani
1868 4461 2056 4514 hmresi
2079 4461 2174 4513 ad-

576 4532 986 4611 dictunr_fuisse
1030 4534 1247 4611 indicat.
1289 4531 1395 4611 sed
1426 4543 1480 4585 ttt
1509 4547 1629 4611 eunt
1672 4544 1794 4584 ante
1827 4530 1973 4611 duos
2009 4547 2172 4611 supe-
2201 4553 2252 4611 D
2279 4552 2431 4611 sas...
2510 4535 2745 4605 colligere
2806 4545 2850 4589 et

578 4607 748 4660 riores
791 4603 930 4658 hanc
975 4607 1169 4658 sectari
1202 4603 1433 4672 cmpisse
1461 4603 1759 4656 sentiamus
1787 4645 1799 4668 ,
1847 4603 1973 4655 nihil
2006 4602 2169 4672 cogit.

577 4678 709 4729 Cum
745 4686 919 4730 autem
950 4675 1230 4729 Novatiani
1259 4675 1489 4729 schisina
1523 4690 1703 4727 mense
1731 4673 1891 4727 .lunio
1919 4674 2045 4726 anni
2068 4676 2168 4728 251

580 4747 817 4801 nonduin
851 4756 1101 4801 exortum
1125 4757 1373 4816 ponatur,
1409 4747 1652 4814 sequitur
1675 4758 1728 4796 ut
1753 4745 2051 4798 Marcianus
2068 4745 2176 4798 No-

580 4818 782 4872 vatiani
820 4815 1012 4871 lneresi
1046 4815 1150 4872 non
1185 4818 1340 4887 longe
1379 4827 1502 4886 post
1544 4817 1693 4870 initia
1724 4818 1838 4881 ejus
1864 4816 2173 4870 adhmserit.

1747 4887 2055 4942 Consum.

653 4957 883 5015 Glutino.
909 4958 1135 5028 Quidam
1161 4957 1280 5013 libri
1313 4968 1523 5013 veteres
1555 4968 1609 5014 et
1647 4961 1877 5026 antiqum
1906 4960 2174 5014 editiones

529 5033 539 5038 ’
581 5033 779 5086 habent
806 5031 1017 5102 glutine.
1048 5033 1138 5086 Sic
1159 5033 1320 5102 etiam
1341 5031 1549 5102 legebat
1578 5029 1868 5102 Veiiericus
1891 5031 2179 5100 episcopus

583 5101 939 5157 Vercirllensis
987 5106 1037 5156 itt
1084 5103 1225 5157 libro
1266 5101 1330 5154 de
1377 5101 1583 5155 Unitate
1625 5101 1887 5155 Ecclesiae.
1947 5101 2180 5171 Utraque

581 5175 743 5230 lectio
773 5175 910 5228 bona
938 5184 1037 5229 est.
1072 5177 1244 5243 Atque
1271 5174 1340 5226 ob
1372 5187 1488 5227 eam
1515 5189 1730 5228 causam
1772 5183 1979 5227 mutare
2004 5175 2180 5227 nolui-

583 5262 722 5301 mus.
751 5247 947 5302 Bsz.

659 5318 887 5372 Obsideri
917 5327 959 5371 et
1002 5318 1174 5370 teneri.
1207 5315 1263 5370 In
1295 5315 1543 5384 vulgatis,
1578 5315 1621 5369 si
1652 5315 1779 5370 edit.
1815 5314 1987 5370 Oxon.
2034 5317 2182 5372 exci-

585 5390 720 5460 pias,
743 5390 956 5442 obtineri
978 5400 1023 5442 et
1056 5389 1245 5442 teneri:
1276 5404 1421 5442 mera
1447 5388 1759 5460 tautologia.
1782 5386 1858 5441 Ex
1880 5403 1982 5441 ms.
2016 5387 2179 5443 Corb.

585 5459 639 5514 in
680 5459 809 5515 edit.
857 5460 1025 5514 Oxon.
1059 5461 1365 5514 resdtutum
1415 5469 1499 5513 est
1543 5459 1761 5513 obsideri
1801 5470 1844 5512 et
1900 5461 2075 5513 teneri.
2126 5461 2182 5515 In

585 5531 734 5585 Colb.
771 5533 998 5602 legimus
1029 5532 1243 5585 obtineri
1270 5541 1316 5585 et
1338 5529 1915 5602 obsideri.Covsranr.

672 5602 868 5657 Vitatis.
901 5604 1071 5657 Aliter
1103 5602 1284 5656 Baluz.
1317 5601 1532 5657 Jactati.
1578 5601 1653 5655 lta
1702 5618 1800 5655 nos
1850 5603 2185 5672 reposuimus

589 5689 685 5742 pro
708 5689 773 5728 eo
798 5675 940 5744 quod
960 5675 1224 5728 Manutius
1253 5683 1306 5728 et
1335 5673 1424 5725 alii
1454 5683 1576 5742 post
1597 5687 1719 5727 eum
1746 5672 2030 5728 ediderunt
2060 5677 2186 5729 vita-

591 5745 676 5796 tis.
713 5744 1162 5799 Emendatiouein
1192 5755 1428 5799 nostram
1467 5744 1790 5799 confirmant
1827 5754 2038 5802 veteres
2068 5747 2184 5804 edi-

597 5812 770 5882 tiones
796 5823 850 5868 et
873 5823 1102 5882 quatuor
1130 5814 1255 5866 libri
1283 5824 1516 5869 veteres.
1546 5815 1742 5868 BALUZ.

673 5881 760 5935 IV.
794 5913 864 5923 —
893 5881 1217 5953 Refovendis.
1259 5883 1459 5936 Manut.
1511 5885 1830 5954 reponendis.
1872 5885 2073 5944 Pamel.
2107 5904 2188 5942 re-

2278 4391 2732 4462 vocandistquod
2787 4391 2980 4447 deinde
3027 4398 3316 4448 retentum.
3372 4387 3706 4462 Concittnius
3755 4403 3890 4444 mss.

2280 4463 2434 4516 Colb.
2478 4460 2644 4518 Corb.
2691 4474 2793 4516 etc.
2832 4465 3139 4535 rcfovendis.
3175 4463 3262 4516 Sic
3310 4461 3498 4535 ll’lll‘a,_
3527 4460 3656 4514 Oves
3688 4461 3893 4513 univer-

2917 4540 3083 4605 fovere
3135 4536 3391 4587 debemus.
3459 4530 3778 4605 Cousraxr.
3821 4561 3894 4571 —-

2307 4603 2735 4677 lefovendis.ilta
2787 4603 2982 4660 habent
3038 4621 3227 4660 onmes
3275 4606 3536 4658 editiones
3577 4603 3892 4656 Pameliaua

2281 4679 2633 4746 antiquiores.
2691 4677 2957 4731 l’amelius
2986 4677 3142 4745 igitur
3172 4679 3394 4729 mutavit
3431 4685 3484 4727 et
3509 4677 3890 4728 auctoritatem

2283 4750 2401 4802 libri
2431 4749 2882 4802 Camberouensis
2904 4760 3118 4802 secotus
3146 4752 3364 4817 scripsit
3385 4746 3709 4810 revocandis,
3733 4746 3892 4817 aiens

2282 4835 2340 4873 se
2371 4819 2506 4874 lianc
2538 4821 2817 4874 lectionem
2855 4819 3107 4887 prazferre
3130 4816 3342 4874 excusis
3374 4819 3646 4878 omnibus,
3686 4818 3738 4870 in
3767 4816 3890 4885 qui-

2283 4890 2380 4943 bus
2402 4893 2478 4944 ait
2499 4891 2594 4957 legi
2620 4893 2940 4960 reportandis.
2981 4892 3036 4944 lu
3067 4907 3171 4959 quo
3202 4892 3382 4958 lapsus
3424 4888 3561 4941 haud
3590 4887 3752 4960 dubie
3782 4901 3894 4942 me-

2283 4963 2468 5014 moriae
2495 4962 2592 5014 fuit
2625 4964 2674 5015 in
2721 4963 2975 5018 Painelio.
3020 4960 3151 5015 Nam
3197 4976 3386 5014 omnes
3433 4959 3618 5013 excusi
3670 4969 3892 5012 veteres

2285 5033 2483 5086 habent
2512 5035 2796 5098 refoventlis
2818 5076 2830 5092 .
2863 5050 3087 5101 eamque
3111 5034 3272 5086 etiam
3305 5033 3587 5086 lectioiiem
3617 5030 3891 5084 exhibent

2286 5119 2378 5157 sex
2408 5106 2730 5172 exemplaria
2750 5117 2946 5159 vetera.
2968 5105 3038 5159 Ut
3066 5120 3285 5158 minime
3306 5103 3539 5157 dubitari
3569 5103 3736 5171 poSsit
3758 5101 3895 5170 quin

2289 5175 2402 5230 lucc
2431 5177 2500 5228 sit
2530 5191 2651 5230 vera
2686 5177 2864 5230 lcetio.
2895 5176 3078 5231 Codex
3108 5174 3371 5229 Fuxensis
3401 5173 3564 5227 habet
3593 5176 3895 5241 refornum-

2287 5246 2386 5300 dis.
2419 5246 2726 5301 Lectiouem
2760 5264 2918 5316 porro
2950 5263 3107 5316 quam
3138 5264 3236 5300 nos
3282 5248 3655 5300 revocavimus
3684 5242 3895 5296 Confir-

2288 5327 2434 5371 munt
2473 5334 2533 5372 ea
2577 5335 2697 5388 qua:
2753 5335 2878 5373 mox
2930 5331 3245 5387 sequuntur,
3291 5334 3407 5371 oves
3449 5319 3710 5388 universas
3763 5330 3898 5384 quas

2288 5388 2519 5444 Christus
2545 5387 2790 5460 sanguine
2827 5407 2920 5446 suo
2947 5401 2994 5445 et
3033 5392 3267 5460 passione
3306 5388 3536 5459 quwsivit
3576 5387 3818 5459 colligere
3841 5395 3896 5439 et

2288 5464 2478 5533 fovere.
2513 5463 2707 5517 Bawz.

2364 5531 2625 5602 Perﬁcict.
2672 5533 2849 5587 Codex
2879 5531 3033 5587 Colb.
3063 5549 3184 5587 cum
3211 5531 3375 5588 Corb.
3425 5525 3893 5602 pi-oﬁciethupra

2291 5597 2477 5659 tamen
2499 5607 2592 5668 Ep.
2611 5621 2685 5671 χι,
2710 5605 2773 5658 ad
2798 5604 3015 5658 Cornel.
3051 5623 3104 5660 ii.
3132 5605 3186 5668 5,
3217 5612 3393 5659 exstat
3416 5597 3662 5673 perﬁciet.
3681 5597 3889 5655 Cousx'.

2364 5675 2680 5731 Exsecratio.
2717 5677 2857 5730 Idem
2881 5676 3050 5731 codex
3073 5675 3336 5732 Fuxensis
3352 5715 3368 5739 ,
3391 5674 3690 5728 execrabile.
3716 5673 3891 5740 Quam

2291 5747 2577 5803 lectionem
2608 5748 2928 5803 continuare
2957 5748 3204 5802 videntur
3234 5746 3546 5818 sequentia,
3579 5745 3892 5799 execrabile:

2292 5829 2337 5873 et
2365 5819 2678 5876 detestabiles
2705 5820 2825 5873 dicit
2851 5835 2975 5874 esse.
3009 5820 3206 5874 waz.

2297 5955 2303 5960 _
2365 5888 2506 5944 V.—
2523 5890 2773 5947 Vicarius.
2793 5891 2868 5947 Ita
2886 5891 3080 5962 passim
3102 5898 3320 5948 vocatur
3351 5890 3624 5948 Romanus
3643 5887 3886 5959 pontifex
