4260 6266
307 323 419 384 997

1775 315 2145 379 APPENDIX.

3516 319 3624 378 998

310 452 594 495 successor
621 450 808 493 eorum
847 445 873 474 η
904 434 1078 491 fac-tus
1101 447 1178 491 es.
1228 436 1308 492 liii
1337 437 1480 494 enim
1520 436 1661 507 pleni
1709 437 1909 507 Spiritu
1943 439 1986 498 Α
2019 439 2359 493 manifestum
2402 445 2484 493 est
2518 453 2640 494 eum
2670 437 2901 509 Spiritus
2938 438 3109 495 sancti
3159 437 3442 495 veritatem
3498 453 3619 493 eum

312 531 429 592 Dei.
462 541 516 587 et
545 532 598 584 in
624 530 859 601 glorioso
877 531 1134 600 martyrio
1179 530 1482 593 constituti,
1527 530 1757 584 dandam
1797 543 1916 584 esse

311 624 480 694 lapsis
503 639 686 693 pacem
717 631 1064 688 censuerunt,
1107 631 1161 677 et
1187 622 1508 678 Poenitentia
1532 634 1647 676 acta
1680 621 1912 676 fructum

313 716 820 772 communicationis
848 724 901 770 et
933 717 1080 785 pacis
1107 717 1408 787 negandum
1437 732 1545 770 non
1577 731 1698 769 esse
1725 713 1918 768 litteris

312 811 426 866 suis
455 813 838 882 signaverunt;
867 825 1026 880 quam
1057 826 1169 864 rem
1211 825 1401 866 omnes
1455 811 1677 865 omnino
1726 810 1924 878 ubique

313 905 640 958 censuimus.
674 902 862 972 Neque
883 903 1029 958 enim
1055 912 1262 972 poterat
1291 918 1411 960 esse
1437 903 1578 972 apud
1602 917 1700 957 nos
1729 917 1922 958 sensus

313 996 593 1062 diversus,
625 996 678 1052 in
731 996 929 1067 quibus
979 1011 1118 1052 unus
1169 1004 1313 1054 esset
1361 997 1582 1068 spiritus
1610 995 1675 1050 l’z
1706 1005 1759 1049 et
1804 995 1926 1050 ideo

380 1185 409 1215 α
439 1183 708 1236 Successor
733 1185 809 1235 eis
839 1187 959 1234 Ver.

2024 534 2234 587 caeteris
2273 549 2377 587 non
2427 545 2632 600 tenere,
2665 549 2822 604 quem
2851 534 3091 588 videmus
3131 533 3346 588 diversa
3398 533 3622 587 sentire.

2020 625 2272 696 Sigttilica
2298 629 2466 696 plane
2488 630 2640 683 nobis
2665 629 2784 698 quis
2810 629 2860 681 in
2888 629 3066 682 locum
3097 628 3352 681 Marciani
3397 627 3613 681 Arelate

2026 718 2185 773 luerit
2212 720 2553 785 subStilutus,
2590 729 2645 774 ut
2666 720 2900 775 sciamus
2918 720 2984 773 ad
3001 735 3162 789 quem
3186 718 3381 773 fratres
3406 726 3622 772 nostros

2025 810 2257 879 dirigere
2283 821 2338 866 et
2372 813 2456 865 cui
2486 811 2723 866 scribere
2771 811 3085 866 debeamus.
3139 809 3276 881 Opto
3334 818 3405 875 te,
3461 807 3630 865 frater

2027 904 2364 971 cliarissirne,
2401 920 2613 974 semper
2639 904 2776 960 bene
2803 905 3000 959 valere.

1554 1087 1939 1145 LECTIONES
1979 1083 2393 1143 VARIANTES.

2098 1181 2129 1219 b
2165 1181 2300 1231 Unus
2324 1187 2402 1231 est
2426 1181 2640 1244 Spiritus
2669 1184 2786 1231 Ver.

1650 1265 2018 1326 VARIORUM‘
2054 1267 2278 1322 NOTAE.

318 1361 388 1415 ab
418 1361 652 1431 antiquis
688 1361 1042 1428 scriptoribus
1074 1361 1485 1425 ecclesiasticis,
1507 1373 1561 1418 et
1588 1362 1692 1432 ipsi
1712 1377 1925 1431 quoque

319 1432 544 1504 Romani
587 1435 868 1501 pontitices
906 1449 967 1487 se
1007 1442 1269 1488 vocarunt
1299 1434 1525 1488 viearios
1555 1435 1921 1504 apostolorum

319 1503 459 1557 Petri
487 1515 538 1557 et
571 1505 717 1558 l’auli
742 1514 794 1558 et
825 1504 1051 1559 vicarius
1077 1506 1388 1574 apostolica:
1415 1503 1748 1560 Setlis.Vitle
1773 1515 1925 1558 notas

319 1583 530 1628 nostras
552 1577 620 1627 ad
642 1575 990 1644 Agobardum,
1019 1573 1138 1646 pag.
1171 1577 1275 1630 Ili)
1294 1620 1307 1641 ,
1335 1587 1386 1630 et
1408 1577 1475 1629 ad
1504 1576 1706 1646 Lupum
1737 1573 1926 1628 Ferra-

319 1647 553 1713 riertsem,
584 1647 850 1718 pag.4‘25,
877 1656 932 1702 et
954 1659 1085 1702 tOm.
1107 1663 1144 1702 ll
1176 1647 1576 1718 Cupitttlarium,
1611 1663 1729 1718 pag.
1766 1648 1921 1702 1285.

1584 1721 1780 1775 ΒΑιυΖ.

2028 1369 2084 1413 ut
2113 1360 2336 1414 diversus
2365 1359 2428 1412 sit
2472 1375 2644 1413 eorum
2687 1357 2854 1411 exitus
2882 1372 3098 1428 quorum
3123 1366 3206 1411 est
3225 1371 3326 1410 una
3366 1355 3633 1412 sententia.

2029 1432 2218 1485 Cicero
2260 1432 2311 1484 in
2339 1447 2374 1484 ll
2407 1430 2728 1499 Philippica:
2761 1429 2834 1482 Te
2873 1435 3048 1495 miror,
3081 1430 3287 1495 Antoni,
3323 1445 3496 1483 eorum
3527 1429 3638 1483 eati-

2035 1512 2142 1557 tum
2172 1520 2271 1556 non
2300 1503 2648 1571 pertimescere
2675 1519 2893 1571 quarunt
2918 1506 3056 1571 facta
3082 1501 3292 1554 imitere.
3326 1500 3522 1556 BALUZ.

2109 1569 2383 1627 Marciani.
2420 1574 2570 1626 llttnc
2595 1585 2642 1626 et
2673 1569 3054 1626 curntnuuione
3081 1573 3346 1641 privatum
3366 1583 3417 1625 et
3446 1587 3474 1624 a
3505 1569 3634 1641 sede

2033 1659 2126 1699 Sua
2150 1647 2413 1713 tlejectutn
2440 1645 2601 1698 fuisse
2638 1645 2907 1711 Colligitur
2933 1661 2962 1698 e
2993 1640 3267 1698 veteribus
3295 1640 3632 1696 Arelatensis

2033 1717 2274 1770 ecclesia-
2297 1717 2566 1786 diptyetiis
2589 1732 2615 1768 a
2646 1715 2952 1769 Mabillonio
2974 1726 3161 1770 nostro
3173 1714 3366 1767 Annal.
3393 1721 3525 1768 tum.
3554 1725 3636 1776 tu,

395 1789 576 1856 Neque
604 1799 800 1857 poterat
831 1808 1008 1845 sensus
1039 1791 1286 1846 diversus.
1322 1792 1387 1845 Et
1418 1801 1592 1846 tamen
1627 1803 1810 1860 postea
1841 1789 1924 1842 di-
1955 1787 2003 1847 B
2035 1805 2154 1857 pag.
2179 1787 2305 1846 452,
2331 1789 2508 1842 editis.
2543 1789 2595 1841 In
2634 1789 2713 1839 liis
2748 1801 2896 1841 certe
2937 1803 3130 1842 nomen
3154 1786 3270 1860 ejus
3295 1827 3309 1850 ,
3338 1796 3640 1860 non_secus

322 1876 514 1914 versus
545 1861 681 1914 inter
711 1861 1033 1932 Cyprianum
1068 1875 1120 1917 et
1152 1862 1484 1930 Stephanum
1517 1877 1703 1915 sensus
1741 1861 1834 1914 fuit
1873 1860 1924 1914 in

323 1946 482 2003 causa
513 1932 762 1999 Baptismi
789 1933 1184 1987 hereticorum.
1216 1935 1580 2003 Hieronymus
1609 1934 1660 1986 iu
1689 1932 1924 2000 Epistula

324 2003 392 2056 ad
414 2002 787 2073 Ctesiphontem
813 2005 1070 2060 adversus
1099 2007 1410 2076 Pelagianos
1427 2002 1447 2057 ξ
1478 2005 1587 2058 Nec
1619 2007 1733 2073 fieri
1762 2012 1926 2069 potest

331 2113 3056 2138 mm

2031 1854 2191 1929 atque
2214 1860 2486 1913 Saturnini
2521 1861 2842 1911 Arianorum
2870 1854 3232 1928 antesignani,
3265 1856 3419 1924 cujus
3445 1854 3634 1929 fraude

2030 1927 2350 2000 ac‘nequitia
2373 1929 2602 1983 Hilarius
2637 1932 2963 2000 I’iclavensis
3000 1927 3283 1998 episeopus
3325 1930 3377 1982 in
3418 1927 3639 1982 exilium

2029 2011 2180 2056 actus
2205 1998 2315 2067 est,
2343 2002 2562 2055 minime
2589 2011 2886 2070 comparet.
2911 1998 3223 2057 COUSTAN'I'.

1475 2211 2466 2346 APPENDIX.

465 2412 1057 2498 EPISTOL/E
1115 2411 1888 2498 DECRETALES
1937 2412 2034 2494 S.
2101 2411 2724 2496 STEPHANO
2782 2412 3504 2503 ADSCRIPTfE.

1736 2553 2238 2584 Μαιναλίη-

329 2652 660 2712 EPISTOLA
710 2656 732 2711 Ι
772 2655 1116 2711 STEPHANI
1163 2653 1368 2709 ΡΛΡίΕ
1409 2654 1553 2710 IAD
1595 2652 1934 2710 IIILARIUM

922 2748 1243 2804 EPISCOPU
1254 2749 1324 2802 Μ.

331 2859 714 2900 Ληθωιεκτωι.
734 2873 806 2883 -—
827 2843 926 2910 Qui
953 2845 1051 2896 sint
1073 2845 1311 2914 infames,
1354 2853 1400 2897 et
1425 2844 1512 2912 qui
1537 2845 1606 2896 ad
1635 2845 1826 2913 gradus
1850 2862 1932 2899 ec-

405 2916 709 2970 clesiasticos
741 2917 816 2968 vel
842 2917 909 2968 ad
936 2916 1310 2969 accusationem
1342 2931 1444 2969 non
1475 2917 1576 2968 sint
1605 2919 1904 2971 atlmittendi
1917 2935 1937 2984 ;

403 3000 450 3041 et
480 2989 542 3041 de
564 2987 862 3041 vestimentis
891 2989 1258 3052 ministrorum,
1291 2998 1343 3041 ut
1369 2997 1569 3040 sacrata
1595 2989 1715 3041 sint.

403 3078 446 3134 Ι.
491 3081 588 3148 Qui
617 3081 722 3135 sint
767 3082 1013 3147 infames,
1048 3081 1131 3135 vel
1158 3080 1246 3150 qui
1279 3081 1344 3135 ad
1371 3081 1570 3152 gradus
1593 3082 1925 3138 ecclesiasti-

336 3187 454 3240 cos,
506 3175 620 3228 sive
651 3172 719 3228 ad
750 3174 1148 3228 accusationem
1176 3190 1282 3227 non
1313 3183 1438 3228 sunt
1459 3173 1796 3230 adtnittendi.

405 3263 469 3318 II.
503 3265 576 3318 De
600 3263 902 3319 reverentia
961 3265 1260 3334 prtepositis
1289 3264 1618 3321 exhibenda.

404 3355 490 3412 IIl.
543 3357 618 3411 De
649 3358 984 3413 vestimentis
1009 3359 1413 3416 ecclesiasticis.

337 3485 696 3527 υιιεοτιεδιιο
726 3489 917 3527 FRATRI
967 3488 1140 3536 ATQUE
1180 3490 1453 3530 FAMILIARI
1495 3491 1659 3532 ANICO
1701 3492 1938 3544 ωιΛηιο,

384 3579 688 3620 STEPHANUS
720 3581 1020 3634 EPISCOPUS,
1053 3583 1252 3624 INTIM
1280 3585 1594 3625 CHARITATIS
1624 3586 1891 3626 SALUTEM.

409 3678 744 3750 Quamquam
773 3695 984 3750 sperem
1021 3681 1108 3753 (S.
1131 3681 1252 3747 Leo,
1286 3685 1436 3750 epist.
1467 3683 1560 3753 46)
1593 3683 1940 3738 dilectionem

341 3779 488 3824 tuam
514 3773 581 3826 ad
612 3790 769 3828 orline
800 3791 935 3844 opus
965 3777 1163 3830 bonum
1193 3791 1315 3832 88:6
1345 3777 1615 3842 devotam,
1642 3786 1820 3830 tamen
1850 3792 1944 3846 pro

341 3862 724 3929 iatniliaritate,
740 3882 840 3935 qua
863 3868 1016 3921 nobis
1035 3868 1353 3936 coniunctus
1366 3883 1485 3922 esse
1501 3867 1864 3937 cognosceris,
1889 3876 1946 3922 ut

345 3964 433 4008 tua
457 3956 722 4010 efﬁcacior
739 3959 826 4012 ﬁat
844 3961 1123 4026 industria,
1147 3977 1442 4030 congruunt
1476 3961 1630 4018 nobis
1663 3962 1838 4016 visum
1862 3971 1946 4016 est

343 4045 442 4101 Iias
461 4046 804 4105 fraternitatis
829 4053 1038 4106 litteras
1053 4063 1160 4106 ture
1173 4052 1446 4106 dilectioni
1467 4053 1666 4106 debere
1683 4053 1942 4123 dirigere.

343 4138 618 4195 MOuemus
639 4153 708 4208 te,
730 4142 894 4198 frater
912 4145 1254 4209 charissime,
1275 4161 1492 4215 semper
1519 4147 1568 4199 in
1592 4147 1745 4201 bonis
1765 4161 1948 4201 mane-

344 4248 426 4301 re,
441 4244 494 4289 et
516 4253 544 4287 a
568 4236 722 4289 malis
739 4251 948 4300 cavere;
969 4239 1266 4293 cumbmis
1279 4249 1333 4293 et
1351 4249 1509 4294 recta:
1527 4238 1648 4293 ﬁdei
1670 4255 1732 4294 ac
1751 4249 1948 4294 Sat-icta:

346 4329 768 4380 conversationis
800 4328 1106 4383 hominibus
1133 4331 1348 4384 assidue
1390 4346 1532 4396 esse,
1569 4339 1622 4384 et
1658 4347 1687 4384 a
1727 4347 1946 4400 perver-

348 4419 442 4484 sis,
477 4434 538 4472 ac
570 4418 793 4474 fratrum
840 4422 1266 4486 insidiatoribus,
1306 4423 1410 4476 nisi
1438 4433 1493 4477 ut
1517 4439 1612 4480 eos
1637 4435 1948 4490 convertas,

348 4521 403 4566 et
440 4512 506 4567 ad
541 4515 886 4568 concordiam
930 4515 1177 4580 reducas,
1225 4517 1495 4584 separari;
1549 4518 1820 4586 quoniam,
1892 4528 1950 4572 ut

2040 2652 2234 2704 amicus
2258 2652 2460 2722 agnitus
2486 2662 2577 2707 est.
2603 2652 2670 2707 In
2697 2654 2844 2709 labiis
2865 2654 2971 2710 suis
2993 2657 3222 2711 indulcat
3249 2659 3502 2724 inimicus,
3525 2667 3572 2714 et
3593 2660 3648 2714 in

2041 2745 2193 2798 corde
2213 2761 2304 2797 suo
2325 2745 2614 2811 insidiatur,
2632 2755 2687 2800 ut
2712 2749 2966 2801 subvertot
2991 2757 3038 2802 te
3061 2750 3111 2801 in
3135 2753 3351 2819 foveam.
3373 2749 3440 2802 Et
3459 2752 3546 2820 qui
3571 2759 3647 2805 te-

2046 2841 2215 2909 tigerit
2238 2843 2420 2912 picem,
2439 2841 2790 2909 inquiuabitur
2810 2842 2872 2895 ab
2901 2860 2977 2896 ea.
2995 2839 3065 2896 Et
3092 2844 3180 2913 qui
3205 2844 3650 2898 communicaverit

2042 2936 2280 3004 superbo,
2318 2946 2338 2971 ο
2368 2935 2608 2988 iuduetur
2652 2937 2910 3005 superbia.
2975 2935 3196 2990 Pontius
3222 2953 3374 3008 super
3402 2953 3456 2990 se
3495 2937 3648 3003 tollit,

2044 3030 2132 3097 qui
2162 3030 2438 3083 honestiori
2465 3045 2518 3083 se
2545 3031 2908 3084 communicat.
2962 3030 3156 3085 Ditiori
3193 3042 3240 3086 te
3291 3048 3353 3085 ne
3385 3033 3548 3101 fueris
3568 3047 3651 3085 so-

2044 3126 2173 3177 cius.
2234 3124 2369 3190 Quid
2395 3125 2784 3178 communicabit
2827 3125 3048 3179 cacabus
3071 3127 3139 3179 ad
3168 3127 3324 3180 ollam
3349 3126 3373 3179 Ρ
3425 3125 3646 3194 Quando

2046 3231 2101 3269 se
2129 3217 2427 3282 colliserint,
2469 3217 2841 3287 confringetur.
2903 3215 3058 3273 Dives
3095 3219 3284 3290 injuste
3327 3227 3442 3289 aget
3473 3228 3520 3272 et
3547 3222 3652 3288 ιη-

2048 3321 2167 3374 met,
2213 3326 2406 3379 pauper
2451 3321 2619 3363 autem
2662 3309 2812 3364 lwsus
2851 3311 3050 3364 tacebit.
3113 3309 3174 3367 Si
3216 3313 3432 3382 largitus
3473 3311 3654 3382 fueris,

2047 3413 2267 3458 assumet
2319 3412 2403 3467 te;
2447 3413 2492 3456 et
2535 3404 2580 3457 si
2625 3420 2725 3458 non
2773 3404 3031 3471 habueris,
3092 3405 3408 3478 derelinquet
3461 3414 3526 3459 te.
3597 3403 3658 3458 Si

2048 3494 2220 3560 habes,
2275 3495 2500 3548 convivet
2548 3505 2732 3564 tecum,
2781 3506 2828 3551 et
2867 3497 3128 3552 evacuabit
3187 3507 3254 3565 te,
3307 3506 3357 3552 et
3399 3497 3510 3568 ipse
3556 3511 3659 3550 non

2049 3588 2236 3642 dolebit
2288 3605 2442 3657 super
2482 3598 2560 3653 te;
2603 3590 2647 3643 si
2688 3593 3004 3645 necessarius
3041 3592 3122 3645 illi
3172 3591 3351 3665 fueris,
3409 3589 3659 3660 supplan-

2050 3680 2172 3734 tabit
2215 3692 2280 3745 te,
2329 3693 2375 3734 et
2407 3681 2673 3736 subridens
2707 3700 2847 3749 spem
2896 3683 3054 3748 dabit,
3095 3701 3316 3738 narrans
3363 3683 3452 3736 tibi
3498 3683 3649 3748 bona,

2050 3787 2095 3829 et
2148 3778 2279 3830 dicet
2320 3792 2338 3828 :
2373 3776 2510 3842 Quid
2567 3793 2695 3846 opus
2747 3788 2818 3831 est
2871 3779 3002 3832 tibi?
3053 3777 3123 3832 Et
3179 3778 3458 3850 confundet
3513 3786 3564 3831 te
3606 3779 3661 3830 in

2051 3869 2176 3922 cibis
2205 3869 2330 3935 suis,
2363 3869 2521 3922 donec
2553 3880 2600 3921 te
2625 3868 2888 3922 exinaniat
2919 3870 2994 3923 bis
3037 3880 3084 3923 et
3111 3880 3217 3935 ter;
3245 3880 3291 3924 et
3314 3870 3366 3923 in
3389 3869 3661 3924 novissimo

2053 3960 2295 4012 deridebit
2347 3968 2411 4012 te.
2482 3957 2669 4012 Postea
2715 3960 2911 4024 videns,
2961 3960 3276 4030 derelinquat
3321 3974 3390 4026 te,
3432 3971 3482 4014 οι
3508 3971 3664 4030 caput

2053 4067 2198 4103 suum
2220 4049 2431 4103 movebit
2461 4049 2529 4102 ad
2560 4060 2624 4102 te.
2686 4049 2976 4105 Humiliare
3003 4049 3136 4114 Deo,
3165 4061 3214 4105 et
3242 4061 3452 4122 expecta
3479 4067 3663 4104 manus

2055 4148 2180 4217 ejus.
2234 4146 2476 4210 Attende,
2542 4161 2603 4198 ne
2649 4146 2883 4200 seductus
2927 4145 2955 4183 ἀ
2995 4148 3047 4200 in
3092 4147 3306 4201 stultitia
3359 4147 3663 4199 humilieris.

2062 4237 2188 4290 Noli
2221 4253 2328 4290 esse
2359 4237 2567 4290 Immitis
2608 4239 2662 4291 in
2693 4239 2948 4307 sapientia
2978 4246 3086 4304 tua,
3134 4255 3218 4305 ne,
3267 4238 3584 4304 humiliatus,
3611 4238 3666 4291 in

2054 4331 2320 4386 stultitiam
2375 4332 2654 4387 seducaris.
2723 4333 3015 4388 Advocatus
3064 4351 3097 4389 a
3149 4333 3451 4405 potentiore,
3504 4332 3666 4388 disce-

2059 4421 2120 4475 de
2153 4438 2170 4476 :
2201 4439 2262 4476 ea:
2284 4423 2378 4478 hoc
2404 4426 2539 4479 enim
2566 4426 2730 4495 magis
2757 4435 2804 4479 te
2827 4425 3119 4482 advocabit.
3171 4424 3255 4479 Ne
3281 4424 3545 4494 improbus
3576 4425 3664 4489 sis,

2061 4528 2122 4566 ne
2149 4513 2469 4586 impingaris,
2510 4526 2556 4568 et
2583 4533 2644 4570 ne
2682 4518 2833 4590 longe
2884 4519 2952 4573 sis
2980 4517 3044 4571 ab
3071 4535 3148 4584 eo,
3186 4527 3209 4554 θ
3253 4528 3301 4572 et
3326 4533 3414 4571 eas
3451 4518 3504 4570 in
3535 4518 3667 4570 obli-

349 4603 424 4657 ait
450 4605 767 4673 Apostolus,
799 4617 1132 4678 corrumpunt
1162 4608 1316 4660 bonos
1347 4623 1511 4662 mores
1532 4610 1783 4680 colloquia
1817 4610 1953 4663 mala
1979 4579 2032 4638 D
2058 4605 2275 4660 vionem.
2329 4605 2412 4659 Ne
2448 4610 2664 4663 retineas
2711 4627 2778 4664 ea:
2811 4608 2829 4646 τ
2871 4625 3014 4681 ecquo
3044 4611 3182 4681 loqui
3208 4625 3323 4663 cum
3362 4609 3472 4675 illo,
3509 4607 3556 4663 et
3608 4625 3671 4662 ne

353 4696 398 4766 (I
427 4695 546 4750 Cor.
582 4698 694 4768 xv).
743 4700 807 4752 Et
833 4700 950 4770 ipsa
979 4713 1074 4768 per
1101 4716 1159 4754 se
1196 4699 1405 4756 Veritas
1436 4701 1564 4757 dicit
1609 4721 1620 4756 :
1675 4702 1735 4756 Si
1775 4703 1952 4757 oculus

354 4800 474 4846 tuus
524 4794 940 4848 scandalisaverit
969 4805 1032 4856 te,
1085 4811 1204 4848 erue
1255 4813 1372 4849 eum
1411 4809 1460 4850 et
1501 4799 1699 4867 projice
1727 4799 1820 4853 abs
1871 4810 1935 4854 te.

355 4885 428 4941 Et
456 4888 499 4940 si
533 4904 709 4942 manus
756 4900 840 4942 tua
878 4889 1304 4945 scandalizaverit
1352 4900 1417 4958 te,
1476 4892 1712 4947 abscinde
1751 4911 1880 4958 eam,
1913 4905 1959 4950 et

356 4982 550 5052 projice
575 4981 662 5035 abs
689 4992 752 5037 te.
809 4983 1059 5040 Similiter
1089 4994 1136 5038 et
1166 4984 1228 5038 de
1261 4985 1387 5054 perte
1412 4987 1668 5056 agendum
1709 4996 1802 5050 est,
1838 4990 1962 5057 quia

357 5079 540 5134 melius
581 5089 653 5133 est
684 5079 790 5143 tibi,
834 5081 1032 5135 luscum
1075 5083 1430 5136 atttclaudum
1454 5084 1717 5138 intrarein
1748 5098 1961 5154 regnum

357 5173 619 5231 caelorum.
644 5191 794 5242 quam
825 5175 952 5228 duos
984 5175 1182 5238 oculos,
1215 5186 1302 5229 aut
1329 5180 1458 5230 duas
1497 5195 1698 5238 mimus,
1721 5187 1809 5231 aut
1838 5177 1965 5230 duos

359 5266 510 5334 pedes
533 5266 794 5318 habentem
828 5265 956 5318 mitti
987 5268 1039 5319 in
1065 5267 1352 5336 gehennam
1393 5269 1524 5339 ignis
1552 5268 1764 5340 (.llatth.
1792 5284 1918 5322 xvnt
1947 5283 1962 5332 ;

358 5356 554 5422 Mam,
576 5357 674 5429 ix).
695 5359 760 5413 Et
787 5359 837 5412 in
857 5360 1236 5415 Ecclesiastico
1264 5362 1533 5418 invenitur
1550 5364 1687 5416 libro
1710 5380 1720 5414 :
1743 5363 1809 5414 In
1825 5363 1967 5414 bonis

358 5453 454 5506 uiri
481 5454 674 5507 inimici
696 5455 836 5508 illius
860 5470 878 5508 :
901 5452 967 5507 In
996 5457 1203 5510 tristitia
1240 5471 1356 5510 vero
1391 5469 1436 5512 et
1481 5459 1532 5512 in
1582 5458 1779 5512 malitia
1827 5456 1968 5508 illius

2063 4700 2240 4754 credas
2273 4701 2443 4756 multis
2465 4703 2626 4758 verbis
2655 4705 2816 4760 illius.
2878 4703 2964 4759 Ea:
2990 4707 3149 4758 multa
3171 4705 3301 4758 enim
3327 4703 3531 4774 loquela
3561 4712 3672 4757 ten-

2065 4797 2188 4850 tabit
2210 4807 2273 4870 te,
2305 4809 2349 4851 et
2377 4799 2640 4853 subridens
2676 4799 3006 4870 interrogabit
3035 4809 3081 4851 te
3109 4799 3171 4851 de
3211 4798 3520 4851 absconditis
3548 4797 3668 4852 tuis.

2066 4887 2289 4942 Inuuitis
2306 4889 2507 4944 animus
2533 4890 2673 4944 illius
2703 4891 3018 4944 conservabit
3047 4890 3196 4944 verba
3219 4899 3327 4954 tua,
3352 4897 3398 4943 et
3421 4906 3521 4943 non
3551 4905 3674 4958 par-

2068 4991 2143 5035 cet
2206 4981 2268 5035 de
2313 4983 2508 5036 malitia
2557 4993 2603 5038 et
2653 4984 2716 5037 de
2759 4985 2996 5040 vinculis.
3047 4983 3179 5039 Cave
3218 4984 3326 5050 tibi,
3378 4993 3424 5038 et
3475 4980 3676 5036 attende

2070 5074 2341 5144 diligenter
2394 5077 2590 5130 auditui
2622 5087 2728 5143 tuo,
2778 5080 3019 5148 quoniam
3066 5096 3182 5145 cum
3219 5077 3541 5132 sttbversione
3589 5085 3678 5129 tua

2071 5173 2322 5226 ambulas.
2392 5174 2616 5228 Audiens
2663 5191 2779 5230 vero
2819 5176 2910 5228 illa
2953 5177 3100 5241 quasi
3149 5176 3201 5228 in
3251 5174 3462 5239 somnis,
3495 5171 3608 5226 vide
3630 5180 3676 5224 et

2072 5266 2324 5335 vigilabis.
2382 5267 2536 5323 Omni
2565 5273 2666 5324 vita
2697 5281 2785 5325 tua
2816 5273 2971 5342 dilige
3011 5272 3200 5338 Deum,
3236 5282 3286 5327 et
3312 5273 3488 5326 invoca
3531 5269 3680 5324 illum

2073 5359 2128 5411 in
2157 5363 2322 5412 salute
2365 5369 2473 5414 tua.
2541 5359 2704 5416 Omne
2722 5365 2918 5418 animal
2945 5364 3112 5434 diligit
3151 5363 3316 5419 simile
3363 5363 3481 5430 sibi,
3531 5362 3605 5416 sic
3631 5368 3677 5414 et

2076 5451 2241 5504 omnis
2283 5453 2434 5506 homo
2460 5456 2746 5525 proximum
2788 5457 2901 5512 sibi.
2962 5455 3141 5512 Omnis
3184 5473 3306 5512 caro
3354 5453 3424 5509 ad
3462 5451 3682 5509 similent

1616 5543 2001 5604 LI'LC'I‘IONES
2043 5541 2459 5601 VAIiIANTES.

423 5637 454 5701 εξ
478 5633 557 5701 Al.
581 5636 750 5701 induet
774 5639 1076 5701 superbiam.

428 5695 456 5735 τι
482 5697 563 5746 Al.
587 5695 856 5750 stultitiam:

2137 5643 2160 5669 0

2137 5643 2160 5669 c

2134 5701 2158 5741 ί
2186 5631 2508 5764 ῗὲλοτῗξθφιο,
2530 5706 2583 5752 ut
2604 5699 2655 5754 in
2676 5702 2872 5768 vulgata
2887 5715 3012 5756 vers.

1701 5784 2064 5843 VARIORUM
2092 5787 2324 5843 ΝΟΤᾸΒ.

357 5878 376 5950 i

435 5876 725 5934 Errsrou.
761 5879 886 5936 Haec
940 5890 994 5937 et
1035 5895 1286 5952 sequens,
1320 5881 1623 5954 nonisecus
1660 5896 1724 5936 ac
1772 5881 2162 5952 praecedentes,
2197 5877 2510 5938 adulterina:
2543 5882 2670 5939 viris
2697 5883 2918 5940 eruditis
2954 5895 3257 5942 censentur.
3351 5939 3353 5942 .
