4260 6266
645 319 748 376 999

1430 316 1788 376 EPISTOLIE
1833 312 2282 371 DECRETALES
2321 309 2683 369 STEPHANO
2723 309 3157 368 ADSCRIPTAS.

3819 311 3962 370 1000

645 446 740 501 sibi
768 453 793 481 ⁸
821 441 1166 515 conjungitur,
1187 449 1234 495 et
1275 440 1440 494 omnis
1468 442 1618 493 homo
1646 437 1801 492 simili
1827 437 1920 491 sibi
1941 435 1969 473 ι)
1997 436 2241 489 sociatur.
2277 434 2322 493 A
2355 431 2604 504 (Proclus
2635 431 2703 483 ad
2737 429 2990 484 Domuum
3035 428 3204 483 Hadr.
3238 427 3361 482 coll.
3402 441 3520 495 cap.
3552 428 3723 500 xvn),
3753 431 3967 486 maleﬁ-

652 551 672 578 ε
700 540 760 595 Si
785 535 1174 592 comnmnicabit
1217 535 1368 603 lupus
1396 549 1528 604 agno
1558 529 1856 601 aliquando,
1900 530 1972 583 sic
2016 537 2249 596 peccator

645 633 802 701 iusto.
860 629 987 696 Qua:
1029 626 1419 681 communicatio
1457 634 1632 678 sancto
1673 623 1867 676 homini
1910 621 1978 672 ad
2006 619 2250 673 carnem?

649 723 748 777 Aut
776 737 887 792 qua:
911 737 1015 786 pax
1042 719 1172 773 bona
1197 718 1337 772 diviti
1367 715 1434 769 ad
1463 731 1732 792 pauperem
1755 713 1778 766 ?
1841 711 2050 766 Venatio
2068 711 2244 776 leonis,

646 787 835 864 onager
874 797 927 846 in
961 808 1168 856 eremo;
1215 792 1286 844 sic
1333 804 1522 858 pascua
1561 787 1775 838 divitum
1812 793 1927 837 sunt
1978 798 2245 854 pauperes.

647 884 716 938 Et
741 885 867 938 sicut
897 882 1205 937 abominatio
1231 889 1303 934 est
1327 877 1546 948 superbo
1580 876 1862 939 humilitas,
1892 874 1965 929 sic
1994 872 2249 927 execratio

648 977 790 1030 diviti
816 993 1029 1047 pauper.
1086 973 1238 1027 Dives
1266 980 1546 1026 commotus
1580 970 1915 1036 conﬁrmatur
1936 967 1998 1018 ab
2039 965 2250 1028 amicis;

651 1071 861 1124 humilis
886 1080 1053 1123 autem
1081 1083 1195 1122 cum
1221 1065 1475 1130 ceciderit,
1510 1063 1790 1133 expelletur
1820 1071 1865 1115 et
1883 1078 1914 1113 a
1943 1060 2096 1114 notis.
2150 1056 2249 1110 Di-

648 1169 735 1223 viti
765 1168 972 1238 decepto
1016 1164 1164 1218 multi
1201 1171 1622 1232 recuperatores;
1673 1159 1870 1212 locutus
1900 1167 1971 1210 est
2002 1159 2242 1226 superba,

647 1258 1136 1332 et'justiﬁcaverunt
1175 1256 1322 1310 illum
1351 1271 1368 1308 :
1403 1253 1610 1306 humilis
1639 1257 1875 1320 deceptus
1915 1258 2008 1321 est,
2045 1250 2253 1318 insuper

647 1367 692 1411 et
722 1356 978 1426 arguitur.
1030 1353 1254 1407 Locutus
1284 1359 1358 1404 est
1382 1357 1600 1411 sensate,
1625 1357 1671 1400 et
1702 1361 1804 1399 non
1831 1353 1902 1398 est
1924 1343 2075 1396 datus
2099 1341 2143 1394 ei
2171 1340 2249 1395 lo-

647 1465 754 1502 cus.
809 1447 960 1501 Dives
986 1446 1184 1500 locutus
1222 1452 1315 1508 est,
1366 1453 1411 1495 et
1443 1455 1616 1494 omnes
1645 1445 1930 1500 tacuerunt,
1974 1445 2020 1490 et
2047 1433 2252 1488 verbum

648 1541 788 1597 illius
818 1555 975 1609 usque
1000 1537 1068 1590 ad
1097 1537 1251 1591 nubes
1274 1534 1572 1605 perducent.
1604 1530 1812 1602 Pauper
1842 1529 2040 1582 locutus
2071 1537 2166 1589 est,
2206 1536 2254 1580 et

648 1635 823 1690 dicunt
852 1648 870 1686 :
893 1631 1018 1699 Quis
1046 1640 1116 1684 est
1149 1627 1269 1683 hic?
1294 1626 1358 1681 Et
1386 1627 1427 1680 si
1450 1624 1740 1692 offenderit,
1767 1622 2053 1676 subvertent
2080 1619 2248 1673 illaut.

649 1729 794 1783 Bona
811 1736 880 1781 est
906 1724 1187 1780 substantia
1208 1723 1290 1776 cui
1320 1738 1421 1774 non
1451 1730 1523 1773 est
1547 1727 1807 1788 peccatum
1838 1717 1890 1768 in
1919 1713 2249 1778 conscientia,

2352 542 2466 591 cos,
2501 528 2790 589 venelicos,
2823 524 3128 589 adulteros,
3167 521 3236 577 de
3271 521 3423 576 bellis
3458 521 3746 592 fugientes.
3788 532 3845 579 et
3870 525 3968 595 qui

2355 619 2571 689 indigna
2609 618 2708 673 sibi
2741 625 2928 687 petunt
2957 616 3073 671 loca
3105 623 3309 680 tenere,
3343 622 3434 668 aut
3459 612 3743 670 facultates
3774 615 3969 672 Eccle—

2353 713 2445 767 sia:
2474 711 2793 766 abstrahunt
2827 709 3044 780 injuste,
3068 717 3123 763 et
3153 707 3238 778 qui
3283 707 3538 780 (Arrianus
3563 709 3616 762 in
3641 719 3809 763 const.
3841 725 3961 776 vui,

2355 805 2432 858 tit.
2455 820 2636 869 χχχιχ,
2668 803 2784 856 libri
2815 819 2885 856 ix.
2921 801 3050 856 Cod.
3082 799 3304 871 Theorl.)
3333 798 3525 856 fratres
3563 801 3964 857 calumniantur

2353 909 2445 953 aut
2487 907 2760 964 accusant,
2809 907 2864 953 et
2909 913 3015 952 non
3047 897 3298 966 probant;
3354 897 3438 950 vel
3467 897 3556 967 qui
3583 907 3772 952 contra
3806 899 3964 954 inno-

2354 1002 2540 1046 centes
2565 991 2864 1061 principum
2889 991 3098 1044 animos
3126 987 3192 1042 ad
3221 987 3551 1042 iracundiam
3577 987 3731 1058 (Cod.
3756 989 3960 1046 Thcod.

2355 1082 2442 1135 lib.
2475 1099 2549 1146 ix,
2576 1083 2655 1136 tit.
2685 1098 2723 1149 ι,
2746 1098 2860 1150 cap.
2885 1095 2961 1134 ιιι.
2993 1078 3162 1133 Hadr.
3185 1079 3303 1133 coll.
3334 1079 3520 1150 xum)
3546 1091 3879 1150 provocant;
3909 1090 3967 1138 et

2355 1188 2543 1229 omnes
2581 1172 3078 1236 anathematizatos,
3112 1170 3194 1226 vel
3236 1185 3335 1241 pro
3389 1176 3503 1226 suis
3547 1173 3840 1230 sceleribus
3891 1174 3964 1230 ab

2357 1265 2593 1320 Ecclesia
2617 1266 2821 1336 pulsos,
2842 1274 2896 1319 et
2919 1278 3106 1318 omnes
3123 1280 3258 1333 quos
3280 1264 3658 1320 ecclesiastica:
3675 1267 3962 1336 (Atrianus,

2354 1369 2516 1412 const.
2550 1373 2629 1423 nt,
2661 1358 2740 1410 tit.
2773 1372 2960 1420 xxxix,
3001 1355 3118 1409 libri
3143 1371 3216 1420 ix,
3248 1353 3378 1410 Cod.
3411 1355 3635 1428 Theod.)
3661 1358 3747 1412 vel
3777 1359 3964 1414 saeculi

2355 1451 2502 1520 leges
2526 1449 2752 1503 infames
2784 1447 3148 1518 pronuntiant.
3185 1447 3294 1501 Hos
3323 1464 3450 1503 ch'O
3478 1465 3582 1503 non
3612 1449 3805 1515 (Hadr.
3832 1452 3958 1507 coll.

2355 1540 2500 1612 exrx)
2523 1542 2587 1594 ad
2618 1555 2800 1595 sacros
2827 1538 3055 1595 Ordines
3086 1540 3210 1594 licet
3235 1555 3572 1609 promovere,
3602 1557 3704 1598 nec
3724 1559 3910 1600 servos
3932 1543 3962 1582 ει

2355 1644 2481 1689 ante
2511 1633 2802 1703 legitimam
2829 1631 3153 1696 libertatem,
3181 1646 3280 1686 nec
3307 1635 3654 1702 pmnitentes,
3688 1650 3788 1690 nec
3815 1635 3962 1708 biga-

2357 1740 2492 1789 mos,
2527 1740 2624 1779 nec
2652 1739 2748 1779 eos
2773 1724 2863 1793 qui
2891 1722 3058 1778 curia:
3093 1722 3422 1790 deserviunt,
3457 1725 3543 1779 Vel
3571 1727 3661 1796 qui
3699 1743 3804 1781 non
3836 1737 3964 1784 sunt

648 1833 695 1876 et
717 1821 1024 1891 nequissima
1051 1825 1326 1886 paupertas
1355 1814 1407 1867 in
1435 1829 1521 1866 ore
1551 1811 1712 1880 impii.
1769 1808 1869 1863 Cor
1902 1807 2121 1861 hominis
2149 1807 2248 1859 im.
2281 1832 2328 1892 Β
2358 1817 2547 1886 integri
2579 1830 2828 1884 corpore,
2861 1824 2954 1869 aut
2991 1829 3178 1868 sanam
3217 1831 3322 1869 non
3364 1814 3562 1871 habent
3599 1827 3835 1873 mentem
3876 1820 3965 1877 vel

650 1924 806 1968 mutat
845 1913 1027 1979 [aciem
1061 1909 1220 1974 illius,
1255 1908 1356 1960 sive
1394 1907 1446 1959 in
1485 1906 1636 1970 bona,
1666 1903 1766 1955 sive
1795 1901 1848 1954 in
1876 1901 2031 1954 mala.
2090 1898 2252 1952 Vesti-

648 2009 784 2078 gium
811 2005 931 2058 boni
966 2001 1132 2056 cordis
1171 2010 1216 2053 et
1249 1999 1430 2069 facient
1471 1996 1654 2050 bonum
1699 1992 1901 2062 difﬁcile
1930 1991 2172 2054 invenies,
2204 1999 2251 2043 et

647 2117 759 2154 cum
813 2097 983 2150 labore
1034 2093 1256 2167 (Eccli.,
1310 2107 1406 2151 xu.
1462 2090 1620 2157 xm).
1667 2087 1814 2152 Hoc,
1873 2086 2068 2149 frater,
2119 2099 2250 2139 cave

649 2193 774 2255 tibi,
819 2203 862 2246 et
909 2198 1018 2260 post
1064 2185 1503 2256 concupiscentias
1547 2195 1660 2235 tuas
1697 2197 1798 2234 non
1840 2177 1995 2233 vadas
2037 2175 2247 2250 (Eccli.,

649 2299 803 2345 χχιιι,
836 2280 949 2351 50).

717 2375 760 2430 Ι.
823 2373 973 2441 Quod
1035 2386 1164 2427 vero
1231 2367 1549 2426 consuluisti
1591 2364 1788 2422 Sedem
1849 2363 2246 2434 apostolicam,

646 2469 737 2540 qui
785 2477 911 2522 sunt
957 2466 1202 2528 infames,
1259 2472 1350 2516 aut
1387 2461 1477 2531 qui
1515 2459 1578 2512 ad
1615 2456 1813 2528 gradus
1839 2454 2243 2511 ecclesiasticos

647 2579 753 2618 non
799 2569 925 2617 sunt
969 2557 1308 2623 admittendi,
1355 2565 1409 2610 et
1440 2569 1599 2608 nosse
1632 2561 1682 2606 te
1713 2551 2006 2616 credimus,
2065 2561 2118 2604 et
2153 2563 2249 2618 pro

644 2656 960 2712 auctoritate
989 2652 1150 2708 Sedis
1181 2650 1495 2720 apostolicae
1533 2658 1583 2704 te
1614 2647 1905 2702 informare
1935 2661 2039 2700 non
2072 2645 2240 2698 dene-

644 2767 851 2824 gamus.
901 2748 1134 2805 lnfames
1174 2754 1352 2799 autem
1396 2758 1520 2798 esse
1563 2757 1656 2797 eas
1711 2754 1971 2811 personas
2016 2737 2249 2793 dicimus

643 2861 764 2916 quae
802 2859 901 2914 pro
938 2842 1115 2911 aliqua
1161 2839 1317 2907 culpa
1370 2844 1623 2889 notantur
1669 2831 1885 2888 infamia
1916 2831 1994 2902 (6,
2027 2847 2078 2901 q.
2112 2832 2163 2895 l;
2203 2839 2250 2883 et

645 2941 698 2993 in
726 2937 929 2992 Decret.
958 2934 1074 2989 lvo.
1105 2933 1195 2986 lib.
1227 2929 1322 3002 tv),
1357 2929 1410 2984 id
1455 2936 1538 2983 est
1574 2941 1764 2982 onmcs
1804 2925 1894 2995 qui
1940 2923 2248 2978 christiana:

644 3031 776 3101 legis
807 3043 1048 3083 normam
1076 3023 1351 3094 abjiciunt,
1385 3029 1440 3076 et
1478 3028 1674 3074 statuta
1707 3015 2072 3073 ecclesiastica
2120 3029 2250 3069 con-

645 3129 885 3176 temnunt
911 3134 926 3183 ;
979 3117 1228 3172 similiter
1258 3113 1434 3179 fures,
1481 3110 1791 3180 sacrilegos,
1811 3118 1866 3164 et
1889 3122 2076 3162 omnes
2103 3106 2248 3176 capi-

2356 1907 2715 1974 intellectum,
2740 1918 2833 1962 aut
2857 1906 3228 1962 inobedientes
3257 1919 3564 1963 sanctorum
3591 1909 3827 1966 decretis
3846 1912 3964 1967 exi-

2354 2008 2520 2068 stunt,
2566 2012 2657 2055 aut
2700 1998 2887 2054 furiosi
2937 1998 3348 2055 manifestantur
3379 2017 3393 2054 :
3423 1999 3479 2054 hi
3519 2016 3712 2059 omnes
3737 1989 3858 2060 nec
3894 2005 3964 2061 ad

2354 2106 2538 2146 sacros
2567 2091 2768 2162 gradus
2795 2090 2994 2146 debent
3022 2091 3243 2160 provehi
3287 2106 3389 2146 nec
3418 2091 3501 2146 isti
3531 2134 3544 2155 ,
3595 2110 3694 2150 nec
3739 2095 3918 2153 liberti
3944 2141 3961 2166 ,

2355 2200 2530 2254 neque
2567 2183 2844 2253 suspecti;
2884 2197 2984 2238 nec
3017 2193 3216 2238 rectam
3265 2182 3425 2238 ﬁdem
3453 2184 3535 2239 vel
3563 2183 3778 2256 dignam
3823 2203 3966 2244 con-

2355 2281 2710 2334 versationem
2756 2293 2863 2333 non
2892 2276 3173 2343 habentes,
3205 2292 3446 2335 summos
3483 2280 3787 2338 sacerdotes
3821 2299 3959 2354 pos-

2354 2383 2478 2427 SUlli.
2517 2385 2790 2426 accusare.

2360 2480 2362 2483 ·
2426 2463 2489 2517 ll.
2533 2461 2637 2518 Sed
2679 2472 2732 2518 et
2772 2461 3000 2532 qualiter
3046 2461 3350 2517 obedientia
3379 2463 3469 2533 (S.
3506 2462 3661 2537 (ἐι-ες.
3705 2463 3871 2536 Epist.
3900 2484 3958 2534 x,

2354 2555 2442 2610 lib.
2474 2556 2548 2627 tv)
2603 2555 2687 2610 vel
2727 2555 3027 2611 reverentia
3078 2555 3147 2610 sit
3178 2555 3484 2626 prtepositis
3525 2557 3846 2628 exhibenda,
3889 2575 3960 2616 ex

2353 2647 2458 2702 tuis
2507 2663 2723 2718 quoque
2763 2646 3022 2717 subjectis
3065 2645 3180 2716 ipse
3221 2661 3328 2702 non
3363 2648 3613 2719 ambigis.
3656 2648 3713 2704 ln
3751 2665 3854 2721 qua
3899 2667 3961 2707 re

2351 2738 2509 2794 valde
2539 2748 2593 2794 et
2638 2739 2786 2805 utile,
2837 2739 2880 2792 si
2923 2738 2996 2806 id,
3029 2738 3172 2809 quod
3198 2738 3499 2807 disciplina:
3527 2741 3678 2812 vigor
3707 2742 3954 2812 imponit,

2353 2830 2499 2885 nullo
2526 2839 2774 2900 cogente,
2807 2830 3083 2884 humilitas
3138 2829 3406 2884 laudanda
3458 2835 3755 2888 servaverit
3784 2831 3958 2906 (Idem

2351 2926 2496 2995 epist.
2523 2941 2652 2980 xxxi
2669 2940 2716 2991 ι’,
2741 2925 2968 2996 ejusdem
2995 2925 3160 2995 libri).
3185 2925 3540 2996 Omnipotens
3570 2927 3727 2994 Deus,
3761 2928 3813 2983 in
3855 2944 3955 2984 cu-

2348 3019 2434 3086 jus
2487 3033 2648 3073 manu
2694 3027 2819 3072 sunt
2863 3018 3066 3083 omnia,
3108 3017 3176 3073 de
3225 3033 3335 3088 quo
3364 3019 3623 3088 scriptum
3671 3031 3752 3075 est
3788 3039 3801 3074 :
3833 3019 3959 3076 Non

2351 3119 2422 3163 est
2438 3111 2710 3181 sapientia,
2737 3127 2837 3164 non
2864 3121 2935 3164 est
2955 3110 3225 3165 consilium
3254 3121 3436 3166 contra
3461 3110 3737 3167 Dominum
3767 3113 3954 3184 (Prov.

644 3211 840 3266 talibus
893 3208 1208 3264 criminibus
1258 3207 1523 3270 irretitos;
1577 3201 1983 3272 sepulchrorum
2035 3213 2244 3271 quoque
2271 3230 2315 3294 ρ
2351 3210 2560 3273 xxvm),
2588 3204 2703 3273 ipse
2731 3214 2803 3270 te,
2828 3213 3074 3274 tuosque,
3107 3204 3362 3260 etdivina
3388 3219 3440 3261 et
3469 3209 3777 3277 aposwlicze
3797 3207 3958 3265 Sedis

641 3304 956 3368 violatores,
1018 3311 1071 3356 et
1097 3298 1479 3370 Apostolorum
1534 3303 1695 3364 atque
1735 3307 2105 3347 successorum
2147 3305 2243 3346 eo-

641 3414 782 3465 rum,
815 3397 1250 3466 reliquorumque
1296 3400 1504 3461 patrum
1535 3397 1730 3443 statuta
1765 3386 1994 3440 libenter
2035 3385 2244 3440 violan-

642 3507 742 3565 tes,
773 3505 829 3552 et
866 3509 1053 3549 onmes
1096 3491 1184 3563 qui
1231 3489 1491 3545 adversus
1534 3494 1713 3556 patres
1744 3481 1998 3554 (Arrianus
2027 3483 2080 3536 in
2111 3492 2238 3536 sent.

642 3588 800 3642 Pauli
821 3587 934 3642 libri
959 3602 999 3652 1,
1043 3584 1120 3638 tit.
1146 3599 1204 3650 ll,
1250 3589 1413 3635 const.
1448 3593 1504 3642 ιι,
1533 3579 1612 3631 tit.
1638 3591 1822 3631 χχχιχ.
1854 3573 1985 3639 Cod.
2019 3573 2240 3646 Theod.)

637 3691 932 3745 armantur,
961 3675 1049 3746 qui
1081 3674 1135 3730 in
1165 3672 1309 3727 omni
1341 3669 1541 3726 mundo
1591 3667 1808 3722 infamia
1850 3677 2121 3721 notantur.
2156 3666 2243 3722 Si-

638 3774 837 3831 militer
862 3782 916 3828 et
939 3775 1297 3838 incestuosos,
1345 3763 1641 3821 homicidas
1685 3761 1950 3833 periuros,
1994 3769 2240 3832 raptores

2348 3301 2590 3358 instituta
2623 3301 2824 3357 illibata
2868 3315 3108 3367 servare,
3151 3309 3206 3354 et
3234 3315 3332 3356 nos
3357 3311 3518 3372 atque
3545 3317 3737 3358 omnes
3765 3303 3957 3360 ﬁdeles

2346 3394 2413 3449 ad
2442 3395 2647 3465 potiora
2696 3409 2915 3463 semper
2947 3392 3333 3459 conscendere,
3389 3403 3443 3448 et
3479 3393 3547 3450 de
3595 3396 3685 3451 die
3712 3397 3765 3450 in
3796 3397 3955 3456 diem

2347 3486 2611 3543 deteriora
2661 3499 2873 3550 cavere,
2921 3496 2974 3542 et
3007 3485 3222 3541 meliora
3269 3500 3331 3540 ac
3356 3485 3467 3541 Deo
3507 3485 3701 3558 placita
3740 3492 3954 3548 sectari

2346 3589 2507 3649 atque
2536 3580 2794 3649 perlicere
2825 3577 3111 3634 concedat.

2417 3671 2506 3727 ΙΙΙ.
2576 3670 2906 3726 Vestimenta
2931 3683 3090 3752 'Overo
3143 3670 3525 3738 ecclesiasuca,
3582 3672 3772 3743 quibus
3831 3673 3953 3731 Do—

2344 3769 2491 3820 mino
2529 3764 2886 3832 ministratur,
2921 3764 3208 3834 cultusque
3244 3763 3461 3820 divinus
3509 3766 3656 3822 omni
3686 3782 3810 3824 cum
3839 3767 3943 3824 bo-

1881 3887 2261 3947 LECTIONES
2289 3887 2708 3945 VARIANTES.

699 3999 728 4028 ⁸
753 3995 834 4047 Al.
859 3995 1156 4056 conjungetu

695 4057 726 4098 ι)
749 4059 829 4111 Al.
865 4057 1148 4108 sectabitur.

2414 3987 2436 4016 ο
2463 3981 2545 4034 At.
2566 3986 2708 4034 sicut.

2415 4050 2442 4085 ά
2462 4045 2600 4098 Alias
2624 4059 2722 4096 non
2744 4045 2946 4097 ordines
2967 4059 3060 4097 nec
3085 4058 3274 4098 servos.

1869 4158 1877 4167 -
1959 4131 2316 4191 VARIORUM
2354 4132 2580 4188 ΝΟΤιιΕ.

706 4237 1008 4306 l.—-Quod
1027 4250 1153 4306 vero,
1173 4230 1472 4306 consuluisti
1495 4228 1710 4306 _Sedem_.
1733 4227 1834 4306 Qui
1891 4227 1975 4283 hic
2017 4244 2045 4282 a
2106 4228 2228 4306 Ste-

636 4313 814 4383 phano
856 4299 924 4383 δι)
957 4304 1270 4383 infamiam,
1314 4301 1620 4383 bigamiam,
1675 4299 1941 4383 defectum
1983 4300 2226 4383 corporis

634 4370 929 4441 autanimi,
956 4377 1281 4446 irregulares
1307 4387 1426 4446 esse
1438 4371 1804 4446 declarantur,
1836 4370 1933 4425 hos
1955 4371 2021 4424 ad
2053 4373 2225 4426 susci-

636 4454 859 4523 piendos
887 4442 1122 4523 ordines
1151 4443 1643 4523 sacrosninbabiles
1670 4453 1733 4523 et
1781 4442 2063 4523 incapaces
2096 4457 2226 4523 Iesse

634 4513 862 4590 ilehere,
911 4519 1302 4591 Apostolorum_
1321 4513 1868 4591 Constitutionibuset
1912 4513 2221 4591 Canpnibus,

628 4597 738 4666 jam
790 4585 881 4650 diu
914 4585 1038 4646 ante
1091 4589 1232 4666 hunc
1274 4585 1586 4666 [fontilicem
1635 4586 1982 4666 constitutum
2014 4585 2131 4649 fuit,
2168 4593 2226 4639 ut

636 4654 780 4758 patet
798 4664 1084 4758 C‘anpnibus
1101 4657 1457 4758 ppsltoloru‘tp
1473 4667 1657 4758 livet:
1667 4654 1986 4758 quisuisdam
2001 4670 2224 4725 sequen-
2248 4697 2302 4758 D

637 4725 795 4792 libus.
827 4736 958 4789 Vide
983 4748 1100 4801 quin
1122 4725 1191 4785 ibi
1219 4728 1472 4783 diximus.
1518 4726 1721 4801 SBVElt_
1747 4725 1861 4780 Bm.

705 4795 1250 4862 ll|.—-Vestimenta...
1280 4809 1482 4853 sacrata
1512 4814 1618 4851 esse
1642 4797 1839 4851 debent.
1871 4795 2025 4852 Circa
2058 4798 2222 4851 vesti-

635 4887 810 4933 menta
848 4877 1040 4947 quibus
1087 4881 1304 4927 utuntur
1366 4868 1596 4947 ministri
1646 4868 1806 4934 sacri,
1837 4871 1984 4947 plura
2031 4871 2224 4947 consti-

633 4939 882 5004 tuuntur:
907 4946 1165 5008 Primum,
1193 4955 1250 4997 ut
1289 4950 1466 4996 vestes
1491 4941 1684 5008 quibus
1727 4939 2051 5004 sacerdotes,
2102 4939 2220 4993 dia-

631 5021 776 5088 coni,
808 5019 1100 5089 reliqniqne
1126 5011 1640 5089 Eccl_esi:e__tninistri
1662 5012 1800 5089 sacri
1836 5012 1885 5063 in
1905 5009 2220 5089 ministeriis

631 5082 798 5148 sacris
816 5082 1054 5152 utuntur,
1089 5086 1292 5156 ablillis
1305 5082 1499 5149 quibus
1520 5083 1876 5156 communiter
1904 5082 2215 5146 induuntur,

630 5169 738 5219 sint
765 5163 1050 5218 distinctae.
1077 5153 1339 5214 Alterum,
1373 5170 1439 5208 ne
1467 5156 1586 5224 quis
1616 5153 1803 5224 iisdem
1828 5165 1976 5207 extra
1999 5167 2213 5224 Sacrum

631 5236 985 5291 ministerium
1015 5239 1192 5284 utatur
1217 5227 1300 5282 vel
1333 5223 1602 5280 induatur.
1630 5223 1889 5282 Tertium.
1914 5231 1970 5277 ut
1994 5223 2213 5276 ordina-

629 5309 707 5362 rie
743 5323 834 5375 per
862 5302 1244 5375 episcopalem,
1277 5298 1359 5375 vel
1405 5298 1594 5375 saltem
1645 5293 2217 5375 s:icerilotis__alicujus

627 5365 790 5448 super
819 5365 919 5431 hac
973 5391 1030 5429 re
1048 5365 1064 5374 ’
1082 5371 1414 5448 privilegium
1462 5368 1730 5448 habentis,
1750 5439 1762 5448 _
1785 5365 2215 5448 benedictionem

623 5439 732 5504 sint
757 5439 1106 5503 consecratae.
1122 5439 1446 5513 juxta’ritum
1470 5441 1537 5492 ab
1562 5439 1798 5496 Ecclesia
1827 5441 2215 5513 pra-scriptum.

625 5521 906 5589 Quartum,
937 5535 1002 5572 ne
1028 5533 1054 5569 a
1081 5509 1228 5569 l't'icis
1253 5513 1566 5589 hominibus
1582 5513 1983 5589 contingantur.
2020 5509 2220 5589 llorum

624 5581 868 5662 qua-dam
886 5581 954 5662 ab
970 5586 1402 5662 antecessiirihiis
1424 5581 2096 5662 pontificibusConstitula1
2121 5583 2222 5662 hoc

623 5651 844 5718 decreto
905 5661 1181 5715 dumtaxat
1244 5651 1646 5711 confirmantur.
1726 5652 1859 5707 Nam
1932 5651 2220 5705 Anacletus

622 5750 779 5802 papa,
823 5730 1114 5802 Clementis
1161 5739 1458 5802 successor,
1502 5724 1670 5794 prima
1708 5723 1960 5802 decretali
1994 5721 2220 5802 epistola

623 5793 739 5856 huic
768 5793 841 5854 ait
875 5819 886 5851 :
923 5798 1208 5866 Episcopus
1238 5793 1702 5866 ntinistros’seeum
1727 5793 1908 5866 habeat
1931 5793 2089 5849 sacris
2133 5793 2218 5845 in-

623 5871 770 5924 dutos
803 5861 1128 5923 vestimentis.
1165 5865 1341 5929 Soter,
1374 5879 1440 5919 ne
1467 5879 1498 5918 ιι
1547 5861 1717 5931 laicis,
1749 5865 1959 5920 etiamsi
1994 5873 2218 5920 sacrata:

2334 4229 2567 4303 virgines
2597 4229 2753 4303 _sint,
2809 4230 3204 4303 contingantur,
3276 4229 3598 4303 constituit.
3637 4229 3766 4303 Vide
3815 4246 3937 4303 qua

2331 4299 2565 4355 diximus
2596 4300 2647 4354 in
2682 4302 2820 4357 notis
2851 4301 2916 4356 ad
2947 4299 3124 4357 Vitam
3166 4301 3303 4357 Sixti
3333 4310 3389 4358 et
3426 4302 3655 4358 Soteris.
3687 4302 3811 4357 Haec
3833 4299 3937 4358 au-

2333 4381 2439 4444 tem
2463 4373 2614 4444 bene
2627 4383 2680 4426 et
2717 4383 2864 4428 recte
2892 4374 3180 4428 constituta
3207 4388 3330 4429 esse
3373 4375 3633 4444 probatur
3683 4374 3936 4442 exemplo

2331 4442 2545 4498 Veteris
2574 4443 2923 4509 Testamenti,
2974 4445 3025 4498 in
3068 4460 3173 4515 quo
3221 4442 3621 4516 Deus—propria
3660 4456 3713 4501 et
3745 4453 3937 4516 sancta

2331 4517 2649 4599 vestimenta
2667 4515 2918 4599 instituit,
2941 4516 3136 4599 quibus
3166 4515 3474 4599 sacerdotes
3496 4515 3549 4572 et
3571 4515 3801 4570 ministri
3838 4515 3936 4572 Dei

2333 4584 2382 4654 in
2412 4586 2614 4654 templo
2651 4596 2700 4640 et
2731 4584 3010 4641 sacrificiis
3041 4587 3251 4641 Domini
3283 4596 3579 4653 uterentur,
3621 4595 3680 4640 ut
3714 4596 3937 4642 constat

2329 4653 2499 4729 Exodi
2527 4653 2646 4729 cap.
2679 4672 2868 4711 xxvm.
2903 4657 3063 4712 Multo
3092 4658 3260 4729 magis
3306 4658 3487 4728 igitur,
3527 4667 3581 4712 ut
3632 4667 3781 4712 recte
3811 4658 3937 4713 col-

2331 4727 2562 4800 ligitlvo
2589 4728 2955 4800 Carnotensis,
2990 4729 3148 4799 epist.
3181 4727 3365 4792 ἐχειν,
3401 4729 3454 4784 in
3497 4729 3613 4800 lege
3659 4742 3797 4783 nova
3838 4743 3929 4783 sa-

2329 4797 2575 4853 cerdotes
2617 4797 2683 4852 ad
2733 4798 2970 4854 divinum
3017 4797 3218 4855 cultum
3259 4816 3322 4855 ac
3373 4797 3728 4856 ministerium
3781 4809 3929 4857 recte

2328 4869 2713 4941 peragendum,
2741 4879 2796 4926 et
2825 4871 3122 4940 priesertim
3149 4871 3216 4925 ad
3257 4885 3453 4940 corpus
3499 4882 3554 4927 et
3607 4870 3928 4941 sanguinem

2331 4939 2540 5011 Domini
2590 4939 3014 4996 consecrandum
3046 4943 3216 4998 sacris
3247 4939 3484 4997 vestibus
3537 4943 3612 4997 nti
3663 4939 3925 5011 oportuit.

2325 5009 2458 5078 Quas
2489 5028 2615 5066 vero
2646 5015 2938 5082 primorum
2977 5014 3293 5069 stt-culorum
3348 5009 3714 5068 Pontilicihns‘
3741 5021 3928 5067 aucto-

2325 5083 2473 5154 ribus
2500 5093 2644 5138 recte
2673 5087 2961 5139 constituta
2991 5096 3136 5148 sunt,
3173 5101 3278 5139 non
3323 5085 3484 5139 modo
3535 5083 3925 5154 posterioribus

2323 5152 2492 5216 hisce,
2525 5155 2616 5208 sed
2645 5158 2806 5210 etiam
2849 5154 3208 5211 anterioribns
3236 5156 3476 5219 smculis,
3519 5152 3730 5223 recepta
3762 5157 3927 5211 fuisse

2322 5232 2548 5298 testatur
2589 5225 2945 5298 Hieronymus
2974 5227 3025 5280 in
3048 5229 3223 5298 Capite
3256 5243 3338 5281 Liv
3368 5226 3585 5289 Ezech.,
3621 5227 3708 5280 ubi
3737 5226 3868 5298 dicit
3907 5245 3923 5282 :

2323 5293 2526 5365 Religio
2581 5297 2752 5351 divina
2790 5293 3012 5352 alterum
3063 5293 3288 5352 habitum
3339 5298 3484 5352 habet
3525 5299 3580 5351 in
3619 5297 3921 5364 ministerio,

2322 5369 2541 5439 alterum
2569 5369 2622 5422 in
2649 5385 2741 5423 usu
2786 5372 2984 5439 vitaque
3037 5370 3310 5423 communi.
3341 5368 3470 5423 Item
3503 5369 3726 5438 epistola
3754 5383 3810 5423 ιιι
3853 5371 3923 5422 ad

2327 5436 2683 5504 Heliodorum,
2702 5440 2862 5495 refert
2888 5436 3262 5508 Nepotianum,
3288 5442 3444 5494 morti
3467 5436 3720 5504 vicinum,
3752 5454 3924 5493 avun-

2326 5515 2446 5564 culo
2475 5510 2679 5565 dixisse
2711 5529 2724 5564 :
2759 5509 2908 5564 Hanc
2937 5513 3178 5573 tunicam,
3209 5529 3309 5579 qua
3348 5514 3522 5566 utebar
3551 5513 3604 5564 in
3641 5511 3921 5564 ministerio

2325 5580 2536 5655 Christi,
2570 5583 2706 5636 mitte
2735 5583 3060 5637 dilectissimo
3081 5585 3211 5655 mihi
3239 5593 3385 5638 celate
3406 5584 3558 5655 patri.
3590 5582 3762 5653 fratri,
3811 5581 3920 5635 col-

2326 5653 2470 5724 legte,
2503 5664 2630 5714 etc.,
2692 5655 2778 5707 ubi
2826 5655 3045 5708 Marian.
3078 5654 3347 5710 Victorius
3377 5653 3579 5710 vestem
3633 5655 3780 5709 illaut
3825 5666 3920 5707 ca-

2324 5728 2496 5796 sulam
2528 5724 2609 5778 vel
2664 5724 2924 5792 planctum
2975 5725 3150 5796 fuisse
3202 5728 3602 5796 interpretatur.
3655 5724 3918 5780 Similiter

2323 5793 2760 5865 Cbrysostomus,
2821 5795 3010 5852 homil.
3059 5813 3264 5853 cxxxm
3314 5793 3366 5850 in
3415 5796 3630 5863 Matth,
3681 5796 3914 5852 vestium

2323 5879 2597 5924 sacrarum
2643 5869 2969 5924 mentionem
3006 5867 3164 5940 facit;
3197 5878 3251 5925 ct
3281 5869 3332 5927 in
3361 5869 3573 5942 liturgia
3602 5868 3753 5942 ponit
3793 5881 3917 5925 ora-
