  <div class='ocr_page' id='page_1' title='image "/cluster/home/n/w/nwhite01/storage/ocr_20150623/3/hvd.32044054086798/550.png"; bbox 0 0 4256 6250; ppageno 0'>
   <div class='ocr_carea' id='block_1_1' title="bbox 363 232 500 290">
    <p class='ocr_par' dir='ltr' id='par_1_1' title="bbox 363 232 500 290">
     <span class='ocr_line' id='line_1_1' title="bbox 363 232 500 290; baseline 0 0"><span class='ocrx_word' id='word_1_1' title='bbox 363 232 500 290; x_wconf 74' lang='grc'><strong>1001</strong></span> 
     </span>
    </p>
   </div>
   <div class='ocr_carea' id='block_1_2' title="bbox 358 449 1958 525">
    <p class='ocr_par' dir='ltr' id='par_1_2' title="bbox 358 449 1958 525">
     <span class='ocr_line' id='line_1_2' title="bbox 358 449 1958 525; baseline 0.014 -22"><span class='ocrx_word' id='word_1_2' title='bbox 358 449 619 506; x_wconf 76' lang='lat' dir='ltr'><strong>Ecclesia:</strong></span> <span class='ocrx_word' id='word_1_3' title='bbox 650 449 909 507; x_wconf 79' lang='lat' dir='ltr'><strong>ministris</strong></span> <span class='ocrx_word' id='word_1_4' title='bbox 942 455 1267 524; x_wconf 76' lang='lat' dir='ltr'><strong>celebratur,</strong></span> <span class='ocrx_word' id='word_1_5' title='bbox 1292 472 1345 516; x_wconf 90' lang='lat' dir='ltr'><strong>et</strong></span> <span class='ocrx_word' id='word_1_6' title='bbox 1372 474 1579 518; x_wconf 88' lang='lat' dir='ltr'><strong>sacrata</strong></span> <span class='ocrx_word' id='word_1_7' title='bbox 1610 464 1809 522; x_wconf 90' lang='lat' dir='ltr'><strong>debent</strong></span> <span class='ocrx_word' id='word_1_8' title='bbox 1834 483 1958 525; x_wconf 89' lang='lat' dir='ltr'><strong>esse</strong></span> 
     </span>
    </p>
   </div>
   <div class='ocr_carea' id='block_1_3' title="bbox 357 541 2021 632">
    <p class='ocr_par' dir='ltr' id='par_1_3' title="bbox 357 541 2021 632">
     <span class='ocr_line' id='line_1_3' title="bbox 357 541 2021 632; baseline 0.013 -36"><span class='ocrx_word' id='word_1_9' title='bbox 357 551 413 596; x_wconf 92' lang='lat' dir='ltr'><strong>et</strong></span> <span class='ocrx_word' id='word_1_10' title='bbox 438 541 684 598; x_wconf 89' lang='lat' dir='ltr'><strong>honesta.</strong></span> <span class='ocrx_word' id='word_1_11' title='bbox 724 543 927 614; x_wconf 85' lang='lat' dir='ltr'><strong>Quibus</strong></span> <span class='ocrx_word' id='word_1_12' title='bbox 947 548 1070 603; x_wconf 88' lang='lat' dir='ltr'><strong>aliis</strong></span> <span class='ocrx_word' id='word_1_13' title='bbox 1101 550 1152 606; x_wconf 93' lang='lat' dir='ltr'><strong>in</strong></span> <span class='ocrx_word' id='word_1_14' title='bbox 1178 553 1382 619; x_wconf 89' lang='lat' dir='ltr'><strong>usibus,</strong></span> <span class='ocrx_word' id='word_1_15' title='bbox 1407 570 1529 611; x_wconf 92' lang='lat' dir='ltr'><strong>cum</strong></span> <span class='ocrx_word' id='word_1_16' title='bbox 1564 557 1694 626; x_wconf 90' lang='lat' dir='ltr'><strong>Deo,</strong></span> <span class='ocrx_word' id='word_1_17' title='bbox 1721 559 1956 632; x_wconf 86' lang='lat' dir='ltr'><strong>ejusque</strong></span> <span class='ocrx_word' id='word_1_18' title='bbox 2019 600 2021 603; x_wconf 64' lang='grc' dir='ltr'><strong>ι</strong></span> 
     </span>
    </p>
   </div>
   <div class='ocr_carea' id='block_1_4' title="bbox 356 637 1956 722">
    <p class='ocr_par' dir='ltr' id='par_1_4' title="bbox 356 637 1956 722">
     <span class='ocr_line' id='line_1_4' title="bbox 356 637 1956 722; baseline 0.011 -32"><span class='ocrx_word' id='word_1_19' title='bbox 356 637 579 692; x_wconf 87' lang='lat' dir='ltr'><strong>servitio</strong></span> <span class='ocrx_word' id='word_1_20' title='bbox 595 649 906 694; x_wconf 88' lang='lat' dir='ltr'><strong>consecrata</strong></span> <span class='ocrx_word' id='word_1_21' title='bbox 934 649 990 697; x_wconf 89' lang='lat' dir='ltr'><strong>et</strong></span> <span class='ocrx_word' id='word_1_22' title='bbox 1015 641 1259 700; x_wconf 90' lang='lat' dir='ltr'><strong>dedicata</strong></span> <span class='ocrx_word' id='word_1_23' title='bbox 1289 649 1416 713; x_wconf 92' lang='lat' dir='ltr'><strong>sint,</strong></span> <span class='ocrx_word' id='word_1_24' title='bbox 1450 665 1610 705; x_wconf 91' lang='lat' dir='ltr'><strong>nemo</strong></span> <span class='ocrx_word' id='word_1_25' title='bbox 1638 651 1802 707; x_wconf 90' lang='lat' dir='ltr'><strong>debet</strong></span> <span class='ocrx_word' id='word_1_26' title='bbox 1832 654 1956 722; x_wconf 91' lang='lat' dir='ltr'><strong>frui,</strong></span> 
     </span>
    </p>
   </div>
   <div class='ocr_carea' id='block_1_5' title="bbox 355 729 1960 811">
    <p class='ocr_par' dir='ltr' id='par_1_5' title="bbox 355 729 1960 811">
     <span class='ocr_line' id='line_1_5' title="bbox 355 729 1960 811; baseline 0.012 -29"><span class='ocrx_word' id='word_1_27' title='bbox 355 744 517 798; x_wconf 89' lang='lat' dir='ltr'><strong>quam</strong></span> <span class='ocrx_word' id='word_1_28' title='bbox 561 729 944 788; x_wconf 76' lang='lat' dir='ltr'><strong>ecclesiasticis</strong></span> <span class='ocrx_word' id='word_1_29' title='bbox 993 743 1048 789; x_wconf 91' lang='lat' dir='ltr'><strong>et</strong></span> <span class='ocrx_word' id='word_1_30' title='bbox 1100 735 1211 791; x_wconf 92' lang='lat' dir='ltr'><strong>Deo</strong></span> <span class='ocrx_word' id='word_1_31' title='bbox 1261 738 1434 810; x_wconf 81' lang='lat' dir='ltr'><strong>dignis</strong></span> <span class='ocrx_word' id='word_1_32' title='bbox 1460 740 1671 798; x_wconf 88' lang='lat' dir='ltr'><strong>officiis.</strong></span> <span class='ocrx_word' id='word_1_33' title='bbox 1705 745 1836 811; x_wconf 65' lang='lat' dir='ltr'><strong>Quae</strong></span> <span class='ocrx_word' id='word_1_34' title='bbox 1859 761 1960 802; x_wconf 93' lang='lat' dir='ltr'><strong>nec</strong></span> 
     </span>
    </p>
   </div>
   <div class='ocr_carea' id='block_1_6' title="bbox 351 823 1959 900">
    <p class='ocr_par' dir='ltr' id='par_1_6' title="bbox 351 823 1959 900">
     <span class='ocr_line' id='line_1_6' title="bbox 351 823 1959 900; baseline 0.012 -24"><span class='ocrx_word' id='word_1_35' title='bbox 351 823 433 878; x_wconf 30' lang='lat' dir='ltr'><strong>ab:</strong></span> <span class='ocrx_word' id='word_1_36' title='bbox 470 824 593 880; x_wconf 89' lang='lat' dir='ltr'><strong>aliis</strong></span> <span class='ocrx_word' id='word_1_37' title='bbox 636 824 836 881; x_wconf 87' lang='lat' dir='ltr'><strong>debent</strong></span> <span class='ocrx_word' id='word_1_38' title='bbox 895 829 1134 900; x_wconf 85' lang='lat' dir='ltr'><strong>contingi</strong></span> <span class='ocrx_word' id='word_1_39' title='bbox 1177 842 1268 886; x_wconf 87' lang='lat' dir='ltr'><strong>aut</strong></span> <span class='ocrx_word' id='word_1_40' title='bbox 1317 833 1443 888; x_wconf 90' lang='lat' dir='ltr'><strong>ferri</strong></span> <span class='ocrx_word' id='word_1_41' title='bbox 1499 837 1599 891; x_wconf 89' lang='lat' dir='ltr'><strong>nisi</strong></span> <span class='ocrx_word' id='word_1_42' title='bbox 1651 852 1682 892; x_wconf 88' lang='lat' dir='ltr'><strong>a</strong></span> <span class='ocrx_word' id='word_1_43' title='bbox 1735 840 1959 896; x_wconf 83' lang='lat' dir='ltr'><strong>sacratis</strong></span> 
     </span>
    </p>
   </div>
   <div class='ocr_carea' id='block_1_7' title="bbox 352 913 1956 1002">
    <p class='ocr_par' dir='ltr' id='par_1_7' title="bbox 352 913 1956 1002">
     <span class='ocr_line' id='line_1_7' title="bbox 352 913 1956 1002; baseline 0.011 -33"><span class='ocrx_word' id='word_1_44' title='bbox 352 913 698 982; x_wconf 90' lang='lat' dir='ltr'><strong>hominibus,</strong></span> <span class='ocrx_word' id='word_1_45' title='bbox 773 933 840 974; x_wconf 92' lang='lat' dir='ltr'><strong>ne</strong></span> <span class='ocrx_word' id='word_1_46' title='bbox 904 919 1038 975; x_wconf 89' lang='lat' dir='ltr'><strong>ultio</strong></span> <span class='ocrx_word' id='word_1_47' title='bbox 1091 937 1211 992; x_wconf 73' lang='lat' dir='ltr'><strong>qua:</strong></span> <span class='ocrx_word' id='word_1_48' title='bbox 1251 923 1538 982; x_wconf 86' lang='lat' dir='ltr'><strong>Balthazar</strong></span> <span class='ocrx_word' id='word_1_49' title='bbox 1591 943 1772 1001; x_wconf 84' lang='lat' dir='ltr'><strong>regem</strong></span> <span class='ocrx_word' id='word_1_50' title='bbox 1830 946 1956 1002; x_wconf 85' lang='lat' dir='ltr'><strong>per-</strong></span> 
     </span>
    </p>
   </div>
   <div class='ocr_carea' id='block_1_8' title="bbox 354 1009 1956 1096">
    <p class='ocr_par' dir='ltr' id='par_1_8' title="bbox 354 1009 1956 1096">
     <span class='ocr_line' id='line_1_8' title="bbox 354 1009 1956 1096; baseline 0.011 -31"><span class='ocrx_word' id='word_1_51' title='bbox 354 1009 560 1075; x_wconf 81' lang='lat' dir='ltr'><strong>cussit,-</strong></span> <span class='ocrx_word' id='word_1_52' title='bbox 584 1025 748 1080; x_wconf 89' lang='lat' dir='ltr'><strong>super</strong></span> <span class='ocrx_word' id='word_1_53' title='bbox 806 1012 922 1068; x_wconf 59' lang='lat' dir='ltr'><strong>hate</strong></span> <span class='ocrx_word' id='word_1_54' title='bbox 964 1017 1424 1087; x_wconf 84' lang='lat' dir='ltr'><strong>transgredientes</strong></span> <span class='ocrx_word' id='word_1_55' title='bbox 1457 1031 1510 1076; x_wconf 89' lang='lat' dir='ltr'><strong>et</strong></span> <span class='ocrx_word' id='word_1_56' title='bbox 1565 1023 1690 1078; x_wconf 88' lang='lat' dir='ltr'><strong>talia</strong></span> <span class='ocrx_word' id='word_1_57' title='bbox 1747 1041 1956 1096; x_wconf 60' lang='lat' dir='ltr'><strong>praesu-</strong></span> 
     </span>
    </p>
   </div>
   <div class='ocr_carea' id='block_1_9' title="bbox 355 1105 1956 1176">
    <p class='ocr_par' dir='ltr' id='par_1_9' title="bbox 355 1105 1956 1176">
     <span class='ocr_line' id='line_1_9' title="bbox 355 1105 1956 1176; baseline 0.012 -20"><span class='ocrx_word' id='word_1_58' title='bbox 355 1112 564 1158; x_wconf 85' lang='lat' dir='ltr'><strong>mentes</strong></span> <span class='ocrx_word' id='word_1_59' title='bbox 643 1105 823 1160; x_wconf 86' lang='lat' dir='ltr'><strong>veniet</strong></span> <span class='ocrx_word' id='word_1_60' title='bbox 895 1105 1114 1175; x_wconf 88' lang='lat' dir='ltr'><strong>divina,</strong></span> <span class='ocrx_word' id='word_1_61' title='bbox 1185 1119 1240 1165; x_wconf 91' lang='lat' dir='ltr'><strong>et</strong></span> <span class='ocrx_word' id='word_1_62' title='bbox 1302 1128 1557 1172; x_wconf 86' lang='lat' dir='ltr'><strong>corruere</strong></span> <span class='ocrx_word' id='word_1_63' title='bbox 1631 1132 1726 1173; x_wconf 93' lang='lat' dir='ltr'><strong>eos</strong></span> <span class='ocrx_word' id='word_1_64' title='bbox 1796 1119 1956 1176; x_wconf 86' lang='lat' dir='ltr'><strong>faciat</strong></span> 
     </span>
    </p>
   </div>
   <div class='ocr_carea' id='block_1_10' title="bbox 353 1195 1953 1275">
    <p class='ocr_par' dir='ltr' id='par_1_10' title="bbox 353 1195 1953 1275">
     <span class='ocr_line' id='line_1_10' title="bbox 353 1195 1953 1275; baseline 0.009 -23"><span class='ocrx_word' id='word_1_65' title='bbox 353 1195 548 1252; x_wconf 64' lang='lat' dir='ltr'><strong>divinae</strong></span> <span class='ocrx_word' id='word_1_66' title='bbox 601 1197 816 1253; x_wconf 80' lang='lat' dir='ltr'><strong>ultionis</strong></span> <span class='ocrx_word' id='word_1_67' title='bbox 863 1198 1065 1269; x_wconf 89' lang='lat' dir='ltr'><strong>justum</strong></span> <span class='ocrx_word' id='word_1_68' title='bbox 1123 1202 1390 1275; x_wconf 86' lang='lat' dir='ltr'><strong>flagellum</strong></span> <span class='ocrx_word' id='word_1_69' title='bbox 1442 1208 1509 1262; x_wconf 91' lang='lat' dir='ltr'><strong>ad</strong></span> <span class='ocrx_word' id='word_1_70' title='bbox 1560 1209 1682 1264; x_wconf 91' lang='lat' dir='ltr'><strong>ima.</strong></span> <span class='ocrx_word' id='word_1_71' title='bbox 1735 1210 1859 1267; x_wconf 84' lang='lat' dir='ltr'><strong>Haec</strong></span> <span class='ocrx_word' id='word_1_72' title='bbox 1890 1213 1953 1266; x_wconf 88' lang='lat' dir='ltr'><strong>il-</strong></span> 
     </span>
    </p>
   </div>
   <div class='ocr_carea' id='block_1_11' title="bbox 359 1289 1953 1375">
    <p class='ocr_par' dir='ltr' id='par_1_11' title="bbox 359 1289 1953 1375">
     <span class='ocr_line' id='line_1_11' title="bbox 359 1289 1953 1375; baseline 0.011 -32"><span class='ocrx_word' id='word_1_73' title='bbox 359 1289 428 1344; x_wconf 91' lang='lat' dir='ltr'><strong>lis</strong></span> <span class='ocrx_word' id='word_1_74' title='bbox 464 1291 732 1359; x_wconf 90' lang='lat' dir='ltr'><strong>partibus,</strong></span> <span class='ocrx_word' id='word_1_75' title='bbox 767 1292 962 1360; x_wconf 89' lang='lat' dir='ltr'><strong>quibus</strong></span> <span class='ocrx_word' id='word_1_76' title='bbox 1001 1299 1227 1351; x_wconf 91' lang='lat' dir='ltr'><strong>moraris</strong></span> <span class='ocrx_word' id='word_1_77' title='bbox 1249 1339 1264 1364; x_wconf 95' lang='lat'><strong>,</strong></span> <span class='ocrx_word' id='word_1_78' title='bbox 1312 1309 1366 1353; x_wconf 91' lang='lat' dir='ltr'><strong>et</strong></span> <span class='ocrx_word' id='word_1_79' title='bbox 1397 1300 1448 1354; x_wconf 95' lang='lat' dir='ltr'><strong>in</strong></span> <span class='ocrx_word' id='word_1_80' title='bbox 1476 1303 1726 1360; x_wconf 90' lang='lat' dir='ltr'><strong>omnibus</strong></span> <span class='ocrx_word' id='word_1_81' title='bbox 1761 1306 1953 1375; x_wconf 89' lang='lat' dir='ltr'><strong>quibus</strong></span> 
     </span>
    </p>
   </div>
   <div class='ocr_carea' id='block_1_12' title="bbox 356 1383 1950 1464">
    <p class='ocr_par' dir='ltr' id='par_1_12' title="bbox 356 1383 1950 1464">
     <span class='ocr_line' id='line_1_12' title="bbox 356 1383 1950 1464; baseline 0.013 -34"><span class='ocrx_word' id='word_1_82' title='bbox 356 1383 612 1451; x_wconf 73' lang='lat' dir='ltr'><strong>potueris,</strong></span> <span class='ocrx_word' id='word_1_83' title='bbox 645 1385 854 1438; x_wconf 88' lang='lat' dir='ltr'><strong>cunctis</strong></span> <span class='ocrx_word' id='word_1_84' title='bbox 890 1394 1013 1440; x_wconf 91' lang='lat' dir='ltr'><strong>nota</strong></span> <span class='ocrx_word' id='word_1_85' title='bbox 1043 1388 1222 1453; x_wconf 90' lang='lat' dir='ltr'><strong>facito,</strong></span> <span class='ocrx_word' id='word_1_86' title='bbox 1249 1399 1300 1444; x_wconf 91' lang='lat' dir='ltr'><strong>et</strong></span> <span class='ocrx_word' id='word_1_87' title='bbox 1330 1390 1624 1448; x_wconf 88' lang='lat' dir='ltr'><strong>observare</strong></span> <span class='ocrx_word' id='word_1_88' title='bbox 1654 1397 1950 1464; x_wconf 89' lang='lat' dir='ltr'><strong>apostolica</strong></span> 
     </span>
    </p>
   </div>
   <div class='ocr_carea' id='block_1_13' title="bbox 350 1476 1950 1560">
    <p class='ocr_par' dir='ltr' id='par_1_13' title="bbox 350 1476 1950 1560">
     <span class='ocr_line' id='line_1_13' title="bbox 350 1476 1950 1560; baseline 0.009 -29"><span class='ocrx_word' id='word_1_89' title='bbox 350 1476 605 1532; x_wconf 87' lang='lat' dir='ltr'><strong>mandato</strong></span> <span class='ocrx_word' id='word_1_90' title='bbox 635 1478 986 1545; x_wconf 76' lang='lat' dir='ltr'><strong>auctoritate;</strong></span> <span class='ocrx_word' id='word_1_91' title='bbox 1029 1481 1151 1550; x_wconf 89' lang='lat' dir='ltr'><strong>quia</strong></span> <span class='ocrx_word' id='word_1_92' title='bbox 1200 1491 1255 1537; x_wconf 90' lang='lat' dir='ltr'><strong>et</strong></span> <span class='ocrx_word' id='word_1_93' title='bbox 1298 1487 1464 1540; x_wconf 90' lang='lat' dir='ltr'><strong>nostri</strong></span> <span class='ocrx_word' id='word_1_94' title='bbox 1495 1487 1757 1560; x_wconf 90' lang='lat' dir='ltr'><strong>nobisque</strong></span> <span class='ocrx_word' id='word_1_95' title='bbox 1801 1506 1950 1545; x_wconf 88' lang='lat' dir='ltr'><strong>eom-</strong></span> 
     </span>
    </p>
   </div>
   <div class='ocr_carea' id='block_1_14' title="bbox 350 1569 1948 1646">
    <p class='ocr_par' dir='ltr' id='par_1_14' title="bbox 350 1569 1948 1646">
     <span class='ocr_line' id='line_1_14' title="bbox 350 1569 1948 1646; baseline 0.009 -23"><span class='ocrx_word' id='word_1_96' title='bbox 350 1569 495 1624; x_wconf 88' lang='lat' dir='ltr'><strong>missi</strong></span> <span class='ocrx_word' id='word_1_97' title='bbox 529 1569 580 1624; x_wconf 93' lang='lat' dir='ltr'><strong>in</strong></span> <span class='ocrx_word' id='word_1_98' title='bbox 609 1582 790 1626; x_wconf 89' lang='lat' dir='ltr'><strong>sancta</strong></span> <span class='ocrx_word' id='word_1_99' title='bbox 807 1572 1100 1642; x_wconf 87' lang='lat' dir='ltr'><strong>apostolica</strong></span> <span class='ocrx_word' id='word_1_100' title='bbox 1124 1585 1176 1629; x_wconf 89' lang='lat' dir='ltr'><strong>et</strong></span> <span class='ocrx_word' id='word_1_101' title='bbox 1200 1576 1491 1632; x_wconf 75' lang='lat' dir='ltr'><strong>universali</strong></span> <span class='ocrx_word' id='word_1_102' title='bbox 1527 1578 1792 1646; x_wconf 81' lang='lat' dir='ltr'><strong>Ecclesia,</strong></span> <span class='ocrx_word' id='word_1_103' title='bbox 1825 1597 1948 1637; x_wconf 92' lang='lat' dir='ltr'><strong>om-</strong></span> 
     </span>
    </p>
   </div>
   <div class='ocr_carea' id='block_1_15' title="bbox 349 1661 1950 1742">
    <p class='ocr_par' dir='ltr' id='par_1_15' title="bbox 349 1661 1950 1742">
     <span class='ocr_line' id='line_1_15' title="bbox 349 1661 1950 1742; baseline 0.008 -27"><span class='ocrx_word' id='word_1_104' title='bbox 349 1676 444 1716; x_wconf 90' lang='lat' dir='ltr'><strong>nes</strong></span> <span class='ocrx_word' id='word_1_105' title='bbox 475 1661 591 1717; x_wconf 66' lang='lat' dir='ltr'><strong>haec</strong></span> <span class='ocrx_word' id='word_1_106' title='bbox 620 1661 931 1729; x_wconf 88' lang='lat' dir='ltr'><strong>observare,</strong></span> <span class='ocrx_word' id='word_1_107' title='bbox 977 1680 1118 1720; x_wconf 91' lang='lat' dir='ltr'><strong>nunc</strong></span> <span class='ocrx_word' id='word_1_108' title='bbox 1144 1676 1197 1720; x_wconf 92' lang='lat' dir='ltr'><strong>et</strong></span> <span class='ocrx_word' id='word_1_109' title='bbox 1239 1666 1432 1723; x_wconf 82' lang='lat' dir='ltr'><strong>futuris</strong></span> <span class='ocrx_word' id='word_1_110' title='bbox 1465 1671 1796 1739; x_wconf 78' lang='lat' dir='ltr'><strong>temporibus</strong></span> <span class='ocrx_word' id='word_1_111' title='bbox 1826 1689 1950 1742; x_wconf 87' lang='lat' dir='ltr'><strong>pro-</strong></span> 
     </span>
    </p>
   </div>
   <div class='ocr_carea' id='block_1_16' title="bbox 347 1755 2022 1836">
    <p class='ocr_par' dir='ltr' id='par_1_16' title="bbox 347 1755 2022 1836">
     <span class='ocr_line' id='line_1_16' title="bbox 347 1755 2022 1836; baseline 0.008 -26"><span class='ocrx_word' id='word_1_112' title='bbox 347 1755 472 1811; x_wconf 88' lang='lat' dir='ltr'><strong>fessi</strong></span> <span class='ocrx_word' id='word_1_113' title='bbox 520 1768 664 1811; x_wconf 92' lang='lat' dir='ltr'><strong>sunt.</strong></span> <span class='ocrx_word' id='word_1_114' title='bbox 703 1757 797 1813; x_wconf 84' lang='lat' dir='ltr'><strong>His</strong></span> <span class='ocrx_word' id='word_1_115' title='bbox 823 1759 1072 1816; x_wconf 84' lang='lat' dir='ltr'><strong>breveter</strong></span> <span class='ocrx_word' id='word_1_116' title='bbox 1103 1761 1228 1826; x_wconf 91' lang='lat' dir='ltr'><strong>tuis,</strong></span> <span class='ocrx_word' id='word_1_117' title='bbox 1277 1761 1462 1828; x_wconf 81' lang='lat' dir='ltr'><strong>frater,</strong></span> <span class='ocrx_word' id='word_1_118' title='bbox 1493 1765 1778 1834; x_wconf 82' lang='lat' dir='ltr'><strong>magnifice</strong></span> <span class='ocrx_word' id='word_1_119' title='bbox 1824 1782 1944 1823; x_wconf 84' lang='lat' dir='ltr'><strong>res-</strong></span> <span class='ocrx_word' id='word_1_120' title='bbox 1974 1775 2022 1836; x_wconf 82' lang='grc' dir='ltr'><strong>Β</strong></span> 
     </span>
    </p>
   </div>
   <div class='ocr_carea' id='block_1_17' title="bbox 349 1848 1948 1925">
    <p class='ocr_par' dir='ltr' id='par_1_17' title="bbox 349 1848 1948 1925">
     <span class='ocr_line' id='line_1_17' title="bbox 349 1848 1948 1925; baseline 0.008 -23"><span class='ocrx_word' id='word_1_121' title='bbox 349 1848 508 1915; x_wconf 89' lang='lat' dir='ltr'><strong>pondi</strong></span> <span class='ocrx_word' id='word_1_122' title='bbox 553 1849 764 1906; x_wconf 85' lang='lat' dir='ltr'><strong>litteris.</strong></span> <span class='ocrx_word' id='word_1_123' title='bbox 805 1849 1010 1917; x_wconf 85' lang='lat' dir='ltr'><strong>Quibus</strong></span> <span class='ocrx_word' id='word_1_124' title='bbox 1060 1862 1147 1907; x_wconf 89' lang='lat' dir='ltr'><strong>tua</strong></span> <span class='ocrx_word' id='word_1_125' title='bbox 1187 1853 1402 1909; x_wconf 89' lang='lat' dir='ltr'><strong>dilectio</strong></span> <span class='ocrx_word' id='word_1_126' title='bbox 1463 1856 1532 1910; x_wconf 89' lang='lat' dir='ltr'><strong>ita</strong></span> <span class='ocrx_word' id='word_1_127' title='bbox 1581 1858 1841 1925; x_wconf 90' lang='lat' dir='ltr'><strong>societur,</strong></span> <span class='ocrx_word' id='word_1_128' title='bbox 1893 1869 1948 1914; x_wconf 92' lang='lat' dir='ltr'><strong>ut</strong></span> 
     </span>
    </p>
   </div>
   <div class='ocr_carea' id='block_1_18' title="bbox 346 1942 1948 2022">
    <p class='ocr_par' dir='ltr' id='par_1_18' title="bbox 346 1942 1948 2022">
     <span class='ocr_line' id='line_1_18' title="bbox 346 1942 1948 2022; baseline 0.006 -26"><span class='ocrx_word' id='word_1_129' title='bbox 346 1942 480 1997; x_wconf 86' lang='lat' dir='ltr'><strong>nihil</strong></span> <span class='ocrx_word' id='word_1_130' title='bbox 507 1943 559 1998; x_wconf 93' lang='lat' dir='ltr'><strong>in</strong></span> <span class='ocrx_word' id='word_1_131' title='bbox 591 1942 674 1999; x_wconf 92' lang='lat' dir='ltr'><strong>his</strong></span> <span class='ocrx_word' id='word_1_132' title='bbox 704 1960 821 2014; x_wconf 67' lang='lat' dir='ltr'><strong>qua:</strong></span> <span class='ocrx_word' id='word_1_133' title='bbox 845 1944 912 1999; x_wconf 90' lang='lat' dir='ltr'><strong>ad</strong></span> <span class='ocrx_word' id='word_1_134' title='bbox 957 1946 1276 2002; x_wconf 82' lang='lat' dir='ltr'><strong>universalis</strong></span> <span class='ocrx_word' id='word_1_135' title='bbox 1303 1947 1563 2004; x_wconf 59' lang='lat' dir='ltr'><strong>Ecclesiae</strong></span> <span class='ocrx_word' id='word_1_136' title='bbox 1600 1960 1796 2005; x_wconf 87' lang='lat' dir='ltr'><strong>statum</strong></span> <span class='ocrx_word' id='word_1_137' title='bbox 1829 1967 1948 2022; x_wconf 90' lang='lat' dir='ltr'><strong>per-</strong></span> 
     </span>
    </p>
   </div>
   <div class='ocr_carea' id='block_1_19' title="bbox 345 2038 1942 2116">
    <p class='ocr_par' dir='ltr' id='par_1_19' title="bbox 345 2038 1942 2116">
     <span class='ocr_line' id='line_1_19' title="bbox 345 2038 1942 2116; baseline 0.004 -23"><span class='ocrx_word' id='word_1_138' title='bbox 345 2038 558 2104; x_wconf 78' lang='lat' dir='ltr'><strong>tinent,</strong></span> <span class='ocrx_word' id='word_1_139' title='bbox 617 2047 711 2093; x_wconf 87' lang='lat' dir='ltr'><strong>aut</strong></span> <span class='ocrx_word' id='word_1_140' title='bbox 758 2038 922 2095; x_wconf 87' lang='lat' dir='ltr'><strong>dubie</strong></span> <span class='ocrx_word' id='word_1_141' title='bbox 981 2050 1168 2111; x_wconf 81' lang='lat' dir='ltr'><strong>agatur</strong></span> <span class='ocrx_word' id='word_1_142' title='bbox 1225 2052 1316 2096; x_wconf 88' lang='lat' dir='ltr'><strong>aut</strong></span> <span class='ocrx_word' id='word_1_143' title='bbox 1368 2043 1606 2114; x_wconf 88' lang='lat' dir='ltr'><strong>segniter</strong></span> <span class='ocrx_word' id='word_1_144' title='bbox 1656 2045 1764 2116; x_wconf 93' lang='lat' dir='ltr'><strong>(S.</strong></span> <span class='ocrx_word' id='word_1_145' title='bbox 1818 2045 1942 2100; x_wconf 87' lang='lat' dir='ltr'><strong>Leo.</strong></span> 
     </span>
    </p>
   </div>
   <div class='ocr_carea' id='block_1_20' title="bbox 341 2131 1942 2208">
    <p class='ocr_par' dir='ltr' id='par_1_20' title="bbox 341 2131 1942 2208">
     <span class='ocr_line' id='line_1_20' title="bbox 341 2131 1942 2208; baseline 0.005 -22"><span class='ocrx_word' id='word_1_146' title='bbox 341 2131 486 2202; x_wconf 87' lang='lat' dir='ltr'><strong>epist.</strong></span> <span class='ocrx_word' id='word_1_147' title='bbox 506 2133 676 2200; x_wconf 75' lang='lat' dir='ltr'><strong>XLVI).</strong></span> <span class='ocrx_word' id='word_1_148' title='bbox 707 2131 772 2186; x_wconf 85' lang='lat' dir='ltr'><strong>Et</strong></span> <span class='ocrx_word' id='word_1_149' title='bbox 799 2148 920 2188; x_wconf 92' lang='lat' dir='ltr'><strong>cum</strong></span> <span class='ocrx_word' id='word_1_150' title='bbox 955 2133 1045 2186; x_wconf 87' lang='lat' dir='ltr'><strong>tali</strong></span> <span class='ocrx_word' id='word_1_151' title='bbox 1071 2134 1439 2192; x_wconf 88' lang='lat' dir='ltr'><strong>moderatione</strong></span> <span class='ocrx_word' id='word_1_152' title='bbox 1468 2145 1692 2208; x_wconf 90' lang='lat' dir='ltr'><strong>agantur</strong></span> <span class='ocrx_word' id='word_1_153' title='bbox 1717 2147 1905 2194; x_wconf 88' lang='lat' dir='ltr'><strong>cuncta</strong></span> <span class='ocrx_word' id='word_1_154' title='bbox 1928 2183 1942 2206; x_wconf 96' lang='lat'><strong>,</strong></span> 
     </span>
    </p>
   </div>
   <div class='ocr_carea' id='block_1_21' title="bbox 341 2225 1939 2303">
    <p class='ocr_par' dir='ltr' id='par_1_21' title="bbox 341 2225 1939 2303">
     <span class='ocr_line' id='line_1_21' title="bbox 341 2225 1939 2303; baseline 0.005 -24"><span class='ocrx_word' id='word_1_155' title='bbox 341 2235 400 2280; x_wconf 89' lang='lat' dir='ltr'><strong>ut</strong></span> <span class='ocrx_word' id='word_1_156' title='bbox 432 2242 531 2280; x_wconf 91' lang='lat' dir='ltr'><strong>nec</strong></span> <span class='ocrx_word' id='word_1_157' title='bbox 553 2225 942 2282; x_wconf 74' lang='lat' dir='ltr'><strong>benevolentia:</strong></span> <span class='ocrx_word' id='word_1_158' title='bbox 973 2237 1174 2300; x_wconf 75' lang='lat' dir='ltr'><strong>partes,</strong></span> <span class='ocrx_word' id='word_1_159' title='bbox 1200 2245 1298 2285; x_wconf 90' lang='lat' dir='ltr'><strong>nec</strong></span> <span class='ocrx_word' id='word_1_160' title='bbox 1321 2230 1543 2299; x_wconf 71' lang='lat' dir='ltr'><strong>justitize</strong></span> <span class='ocrx_word' id='word_1_161' title='bbox 1574 2231 1939 2303; x_wconf 85' lang='lat' dir='ltr'><strong>negligantur,</strong></span> 
     </span>
    </p>
   </div>
   <div class='ocr_carea' id='block_1_22' title="bbox 343 2317 1944 2392">
    <p class='ocr_par' dir='ltr' id='par_1_22' title="bbox 343 2317 1944 2392">
     <span class='ocr_line' id='line_1_22' title="bbox 343 2317 1944 2392; baseline 0.004 -20"><span class='ocrx_word' id='word_1_162' title='bbox 343 2317 438 2372; x_wconf 89' lang='lat' dir='ltr'><strong>sed</strong></span> <span class='ocrx_word' id='word_1_163' title='bbox 485 2318 688 2389; x_wconf 87' lang='lat' dir='ltr'><strong>absque</strong></span> <span class='ocrx_word' id='word_1_164' title='bbox 724 2335 1072 2389; x_wconf 91' lang='lat' dir='ltr'><strong>personarmn</strong></span> <span class='ocrx_word' id='word_1_165' title='bbox 1104 2323 1414 2392; x_wconf 90' lang='lat' dir='ltr'><strong>acceptione</strong></span> <span class='ocrx_word' id='word_1_166' title='bbox 1460 2323 1699 2378; x_wconf 84' lang='lat' dir='ltr'><strong>divinum</strong></span> <span class='ocrx_word' id='word_1_167' title='bbox 1744 2325 1798 2379; x_wconf 92' lang='lat' dir='ltr'><strong>in</strong></span> <span class='ocrx_word' id='word_1_168' title='bbox 1830 2340 1944 2379; x_wconf 90' lang='lat' dir='ltr'><strong>om-</strong></span> 
     </span>
    </p>
   </div>
   <div class='ocr_carea' id='block_1_23' title="bbox 341 2409 1944 2483">
    <p class='ocr_par' dir='ltr' id='par_1_23' title="bbox 341 2409 1944 2483">
     <span class='ocr_line' id='line_1_23' title="bbox 341 2409 1944 2483; baseline 0.006 -19"><span class='ocrx_word' id='word_1_169' title='bbox 341 2409 503 2465; x_wconf 76' lang='lat' dir='ltr'><strong>nibus</strong></span> <span class='ocrx_word' id='word_1_170' title='bbox 531 2411 783 2480; x_wconf 88' lang='lat' dir='ltr'><strong>judicium</strong></span> <span class='ocrx_word' id='word_1_171' title='bbox 826 2412 1111 2483; x_wconf 88' lang='lat' dir='ltr'><strong>cogitetur.</strong></span> <span class='ocrx_word' id='word_1_172' title='bbox 1141 2414 1293 2481; x_wconf 84' lang='lat' dir='ltr'><strong>Quod</strong></span> <span class='ocrx_word' id='word_1_173' title='bbox 1336 2426 1393 2470; x_wconf 91' lang='lat' dir='ltr'><strong>ut</strong></span> <span class='ocrx_word' id='word_1_174' title='bbox 1429 2425 1573 2472; x_wconf 89' lang='lat' dir='ltr'><strong>recta</strong></span> <span class='ocrx_word' id='word_1_175' title='bbox 1605 2417 1944 2474; x_wconf 83' lang='lat' dir='ltr'><strong>observantia</strong></span> 
     </span>
    </p>
   </div>
   <div class='ocr_carea' id='block_1_24' title="bbox 340 2502 1943 2577">
    <p class='ocr_par' dir='ltr' id='par_1_24' title="bbox 340 2502 1943 2577">
     <span class='ocr_line' id='line_1_24' title="bbox 340 2502 1943 2577; baseline 0.008 -22"><span class='ocrx_word' id='word_1_176' title='bbox 340 2502 520 2558; x_wconf 78' lang='lat' dir='ltr'><strong>valeat</strong></span> <span class='ocrx_word' id='word_1_177' title='bbox 540 2503 818 2571; x_wconf 66' lang='lat' dir='ltr'><strong>custodiri,</strong></span> <span class='ocrx_word' id='word_1_178' title='bbox 837 2503 1115 2561; x_wconf 81' lang='lat' dir='ltr'><strong>catholicae</strong></span> <span class='ocrx_word' id='word_1_179' title='bbox 1132 2508 1379 2577; x_wconf 86' lang='lat' dir='ltr'><strong>primitus</strong></span> <span class='ocrx_word' id='word_1_180' title='bbox 1397 2521 1641 2566; x_wconf 89' lang='lat' dir='ltr'><strong>servetur</strong></span> <span class='ocrx_word' id='word_1_181' title='bbox 1661 2510 1784 2567; x_wconf 85' lang='lat' dir='ltr'><strong>fidei</strong></span> <span class='ocrx_word' id='word_1_182' title='bbox 1809 2513 1943 2568; x_wconf 82' lang='lat' dir='ltr'><strong>inte-</strong></span> 
     </span>
    </p>
   </div>
   <div class='ocr_carea' id='block_1_25' title="bbox 338 2595 1944 2676">
    <p class='ocr_par' dir='ltr' id='par_1_25' title="bbox 338 2595 1944 2676">
     <span class='ocr_line' id='line_1_25' title="bbox 338 2595 1944 2676; baseline 0.007 -28"><span class='ocrx_word' id='word_1_183' title='bbox 338 2595 523 2666; x_wconf 85' lang='lat' dir='ltr'><strong>gritas.</strong></span> <span class='ocrx_word' id='word_1_184' title='bbox 560 2596 628 2651; x_wconf 84' lang='lat' dir='ltr'><strong>Et</strong></span> <span class='ocrx_word' id='word_1_185' title='bbox 648 2597 768 2666; x_wconf 89' lang='lat' dir='ltr'><strong>quia</strong></span> <span class='ocrx_word' id='word_1_186' title='bbox 792 2613 885 2667; x_wconf 87' lang='lat' dir='ltr'><strong>per</strong></span> <span class='ocrx_word' id='word_1_187' title='bbox 907 2598 1082 2654; x_wconf 84' lang='lat' dir='ltr'><strong>omnia</strong></span> <span class='ocrx_word' id='word_1_188' title='bbox 1111 2611 1333 2670; x_wconf 90' lang='lat' dir='ltr'><strong>angusta</strong></span> <span class='ocrx_word' id='word_1_189' title='bbox 1355 2612 1409 2657; x_wconf 89' lang='lat' dir='ltr'><strong>et</strong></span> <span class='ocrx_word' id='word_1_190' title='bbox 1435 2612 1578 2659; x_wconf 87' lang='lat' dir='ltr'><strong>arcta</strong></span> <span class='ocrx_word' id='word_1_191' title='bbox 1597 2605 1680 2659; x_wconf 91' lang='lat' dir='ltr'><strong>via</strong></span> <span class='ocrx_word' id='word_1_192' title='bbox 1698 2621 1816 2676; x_wconf 81' lang='lat' dir='ltr'><strong>quae</strong></span> <span class='ocrx_word' id='word_1_193' title='bbox 1845 2605 1944 2660; x_wconf 92' lang='lat' dir='ltr'><strong>du-</strong></span> 
     </span>
    </p>
   </div>
   <div class='ocr_carea' id='block_1_26' title="bbox 337 2689 1942 2767">
    <p class='ocr_par' dir='ltr' id='par_1_26' title="bbox 337 2689 1942 2767">
     <span class='ocr_line' id='line_1_26' title="bbox 337 2689 1942 2767; baseline 0.007 -25"><span class='ocrx_word' id='word_1_194' title='bbox 337 2689 410 2742; x_wconf 91' lang='lat' dir='ltr'><strong>cit</strong></span> <span class='ocrx_word' id='word_1_195' title='bbox 435 2689 500 2744; x_wconf 90' lang='lat' dir='ltr'><strong>ad</strong></span> <span class='ocrx_word' id='word_1_196' title='bbox 525 2689 712 2755; x_wconf 87' lang='lat' dir='ltr'><strong>vitam,</strong></span> <span class='ocrx_word' id='word_1_197' title='bbox 746 2706 919 2761; x_wconf 87' lang='lat' dir='ltr'><strong>neque</strong></span> <span class='ocrx_word' id='word_1_198' title='bbox 955 2692 1006 2746; x_wconf 93' lang='lat' dir='ltr'><strong>in</strong></span> <span class='ocrx_word' id='word_1_199' title='bbox 1028 2691 1298 2748; x_wconf 88' lang='lat' dir='ltr'><strong>sinistram</strong></span> <span class='ocrx_word' id='word_1_200' title='bbox 1326 2711 1500 2767; x_wconf 89' lang='lat' dir='ltr'><strong>neque</strong></span> <span class='ocrx_word' id='word_1_201' title='bbox 1529 2698 1584 2752; x_wconf 92' lang='lat' dir='ltr'><strong>in</strong></span> <span class='ocrx_word' id='word_1_202' title='bbox 1605 2697 1845 2754; x_wconf 83' lang='lat' dir='ltr'><strong>dextram</strong></span> <span class='ocrx_word' id='word_1_203' title='bbox 1875 2699 1942 2753; x_wconf 88' lang='lat' dir='ltr'><strong>ab</strong></span> 
     </span>
    </p>
   </div>
   <div class='ocr_carea' id='block_1_27' title="bbox 336 2782 988 2852">
    <p class='ocr_par' dir='ltr' id='par_1_27' title="bbox 336 2782 988 2852">
     <span class='ocr_line' id='line_1_27' title="bbox 336 2782 988 2852; baseline 0.009 -16"><span class='ocrx_word' id='word_1_204' title='bbox 336 2782 454 2852; x_wconf 83' lang='lat' dir='ltr'><strong>ejus</strong></span> <span class='ocrx_word' id='word_1_205' title='bbox 480 2784 695 2839; x_wconf 90' lang='lat' dir='ltr'><strong>tramite</strong></span> <span class='ocrx_word' id='word_1_206' title='bbox 724 2783 988 2842; x_wconf 79' lang='lat' dir='ltr'><strong>devictur.</strong></span> 
     </span>
    </p>
   </div>
   <div class='ocr_carea' id='block_1_28' title="bbox 413 2876 1943 2952">
    <p class='ocr_par' dir='ltr' id='par_1_28' title="bbox 413 2876 1943 2952">
     <span class='ocr_line' id='line_1_28' title="bbox 413 2876 1943 2952; baseline 0.007 -22"><span class='ocrx_word' id='word_1_207' title='bbox 413 2876 544 2930; x_wconf 89' lang='lat' dir='ltr'><strong>Data</strong></span> <span class='ocrx_word' id='word_1_208' title='bbox 568 2876 754 2946; x_wconf 91' lang='lat' dir='ltr'><strong>quinto</strong></span> <span class='ocrx_word' id='word_1_209' title='bbox 782 2895 952 2936; x_wconf 90' lang='lat' dir='ltr'><strong>nonas</strong></span> <span class='ocrx_word' id='word_1_210' title='bbox 973 2881 1119 2950; x_wconf 91' lang='lat' dir='ltr'><strong>maii,</strong></span> <span class='ocrx_word' id='word_1_211' title='bbox 1143 2883 1429 2939; x_wconf 78' lang='lat' dir='ltr'><strong>Valeriano</strong></span> <span class='ocrx_word' id='word_1_212' title='bbox 1455 2893 1509 2940; x_wconf 93' lang='lat' dir='ltr'><strong>et</strong></span> <span class='ocrx_word' id='word_1_213' title='bbox 1534 2885 1832 2952; x_wconf 89' lang='lat' dir='ltr'><strong>Gallicano,</strong></span> <span class='ocrx_word' id='word_1_214' title='bbox 1862 2886 1943 2940; x_wconf 80' lang='lat' dir='ltr'><strong>vi-</strong></span> 
     </span>
    </p>
   </div>
   <div class='ocr_carea' id='block_1_29' title="bbox 333 2967 1868 3048">
    <p class='ocr_par' dir='ltr' id='par_1_29' title="bbox 333 2967 1868 3048">
     <span class='ocr_line' id='line_1_29' title="bbox 333 2967 1868 3048; baseline 0.005 -24"><span class='ocrx_word' id='word_1_215' title='bbox 333 2967 414 3024; x_wconf 82' lang='lat' dir='ltr'><strong>ris</strong></span> <span class='ocrx_word' id='word_1_216' title='bbox 443 2969 778 3040; x_wconf 88' lang='lat' dir='ltr'><strong>clarissimis,</strong></span> <span class='ocrx_word' id='word_1_217' title='bbox 806 2974 1118 3030; x_wconf 89' lang='lat' dir='ltr'><strong>consulibus</strong></span> <span class='ocrx_word' id='word_1_218' title='bbox 1141 2977 1323 3047; x_wconf 82' lang='lat' dir='ltr'><strong>(Annis</strong></span> <span class='ocrx_word' id='word_1_219' title='bbox 1348 2977 1478 3045; x_wconf 73' lang='grc'><strong>254,</strong></span> <span class='ocrx_word' id='word_1_220' title='bbox 1509 2977 1617 3034; x_wconf 72' lang='lat'><strong>255</strong></span> <span class='ocrx_word' id='word_1_221' title='bbox 1645 2987 1690 3032; x_wconf 87' lang='lat' dir='ltr'><strong>et</strong></span> <span class='ocrx_word' id='word_1_222' title='bbox 1716 2975 1868 3048; x_wconf 73' lang='lat'><strong>257).</strong></span> 
     </span>
    </p>
   </div>
   <div class='ocr_carea' id='block_1_30' title="bbox 927 3075 1342 3147">
    <p class='ocr_par' dir='ltr' id='par_1_30' title="bbox 927 3075 1342 3147">
     <span class='ocr_line' id='line_1_30' title="bbox 927 3075 1342 3147; baseline 0.005 -3"><span class='ocrx_word' id='word_1_223' title='bbox 927 3090 1259 3147; x_wconf 79' lang='lat' dir='ltr'><strong>EPISTOLA</strong></span> <span class='ocrx_word' id='word_1_224' title='bbox 1294 3075 1342 3146; x_wconf 82' lang='lat' dir='ltr'><strong>ti</strong></span> 
     </span>
    </p>
   </div>
   <div class='ocr_carea' id='block_1_31' title="bbox 880 3219 1411 3260">
    <p class='ocr_par' dir='ltr' id='par_1_31' title="bbox 880 3219 1411 3260">
     <span class='ocr_line' id='line_1_31' title="bbox 880 3219 1411 3260; baseline 0 -2"><span class='ocrx_word' id='word_1_225' title='bbox 880 3219 1133 3259; x_wconf 72' lang='lat' dir='ltr'><strong>STEPHANI</strong></span> <span class='ocrx_word' id='word_1_226' title='bbox 1182 3221 1329 3260; x_wconf 70' lang='grc' dir='ltr'><strong>ΡΛΡᾸΞ</strong></span> <span class='ocrx_word' id='word_1_227' title='bbox 1373 3222 1411 3260; x_wconf 81' lang='grc' dir='ltr'><strong>Ι.</strong></span> 
     </span>
    </p>
   </div>
   <div class='ocr_carea' id='block_1_32' title="bbox 333 3317 1937 3394">
    <p class='ocr_par' dir='ltr' id='par_1_32' title="bbox 333 3317 1937 3394">
     <span class='ocr_line' id='line_1_32' title="bbox 333 3317 1937 3394; baseline 0.005 -23"><span class='ocrx_word' id='word_1_228' title='bbox 333 3317 729 3375; x_wconf 64' lang='lat' dir='ltr'><strong>Anconam».</strong></span> <span class='ocrx_word' id='word_1_229' title='bbox 759 3318 930 3373; x_wconf 88' lang='lat' dir='ltr'><strong>—De</strong></span> <span class='ocrx_word' id='word_1_230' title='bbox 1001 3321 1300 3392; x_wconf 72' lang='lat' dir='ltr'><strong>expulsione</strong></span> <span class='ocrx_word' id='word_1_231' title='bbox 1341 3322 1716 3394; x_wconf 89' lang='lat' dir='ltr'><strong>episcoporum,</strong></span> <span class='ocrx_word' id='word_1_232' title='bbox 1791 3333 1838 3378; x_wconf 91' lang='lat' dir='ltr'><strong>et</strong></span> <span class='ocrx_word' id='word_1_233' title='bbox 1880 3337 1937 3380; x_wconf 86' lang='lat' dir='ltr'><strong>ut</strong></span> 
     </span>
    </p>
   </div>
   <div class='ocr_carea' id='block_1_33' title="bbox 403 3414 1937 3489">
    <p class='ocr_par' dir='ltr' id='par_1_33' title="bbox 403 3414 1937 3489">
     <span class='ocr_line' id='line_1_33' title="bbox 403 3414 1937 3489; baseline 0.003 -22"><span class='ocrx_word' id='word_1_234' title='bbox 403 3414 648 3484; x_wconf 84' lang='lat' dir='ltr'><strong>quidquid</strong></span> <span class='ocrx_word' id='word_1_235' title='bbox 704 3414 757 3467; x_wconf 89' lang='lat' dir='ltr'><strong>in</strong></span> <span class='ocrx_word' id='word_1_236' title='bbox 796 3415 1008 3468; x_wconf 86' lang='lat' dir='ltr'><strong>sacratis</strong></span> <span class='ocrx_word' id='word_1_237' title='bbox 1049 3414 1156 3468; x_wconf 88' lang='lat' dir='ltr'><strong>Deo</strong></span> <span class='ocrx_word' id='word_1_238' title='bbox 1195 3415 1341 3471; x_wconf 84' lang='lat' dir='ltr'><strong>rebus</strong></span> <span class='ocrx_word' id='word_1_239' title='bbox 1369 3427 1416 3471; x_wconf 86' lang='lat' dir='ltr'><strong>et</strong></span> <span class='ocrx_word' id='word_1_240' title='bbox 1442 3417 1696 3489; x_wconf 84' lang='lat' dir='ltr'><strong>episcopis</strong></span> <span class='ocrx_word' id='word_1_241' title='bbox 1749 3419 1937 3488; x_wconf 81' lang='lat' dir='ltr'><strong>injuste</strong></span> 
     </span>
    </p>
   </div>
   <div class='ocr_carea' id='block_1_34' title="bbox 404 3508 1936 3584">
    <p class='ocr_par' dir='ltr' id='par_1_34' title="bbox 404 3508 1936 3584">
     <span class='ocr_line' id='line_1_34' title="bbox 404 3508 1936 3584; baseline 0.004 -22"><span class='ocrx_word' id='word_1_242' title='bbox 404 3510 590 3580; x_wconf 89' lang='lat' dir='ltr'><strong>agitur,</strong></span> <span class='ocrx_word' id='word_1_243' title='bbox 619 3525 713 3582; x_wconf 89' lang='lat' dir='ltr'><strong>pro</strong></span> <span class='ocrx_word' id='word_1_244' title='bbox 739 3508 1008 3581; x_wconf 87' lang='lat' dir='ltr'><strong>sacrilegio</strong></span> <span class='ocrx_word' id='word_1_245' title='bbox 1041 3511 1392 3581; x_wconf 81' lang='lat' dir='ltr'><strong>reputabitur;</strong></span> <span class='ocrx_word' id='word_1_246' title='bbox 1422 3524 1466 3567; x_wconf 92' lang='lat' dir='ltr'><strong>et</strong></span> <span class='ocrx_word' id='word_1_247' title='bbox 1505 3524 1557 3565; x_wconf 88' lang='lat' dir='ltr'><strong>ut</strong></span> <span class='ocrx_word' id='word_1_248' title='bbox 1604 3530 1696 3583; x_wconf 87' lang='lat' dir='ltr'><strong>per</strong></span> <span class='ocrx_word' id='word_1_249' title='bbox 1742 3515 1936 3584; x_wconf 83' lang='lat' dir='ltr'><strong>scripta</strong></span> 
     </span>
    </p>
   </div>
   <div class='ocr_carea' id='block_1_35' title="bbox 404 3603 1935 3676">
    <p class='ocr_par' dir='ltr' id='par_1_35' title="bbox 404 3603 1935 3676">
     <span class='ocr_line' id='line_1_35' title="bbox 404 3603 1935 3676; baseline 0.003 -21"><span class='ocrx_word' id='word_1_250' title='bbox 404 3603 594 3656; x_wconf 80' lang='lat' dir='ltr'><strong>nullius</strong></span> <span class='ocrx_word' id='word_1_251' title='bbox 609 3603 865 3657; x_wconf 81' lang='lat' dir='ltr'><strong>accusatio</strong></span> <span class='ocrx_word' id='word_1_252' title='bbox 895 3605 1222 3676; x_wconf 76' lang='lat' dir='ltr'><strong>suscipiatur,</strong></span> <span class='ocrx_word' id='word_1_253' title='bbox 1243 3615 1289 3659; x_wconf 89' lang='lat' dir='ltr'><strong>et</strong></span> <span class='ocrx_word' id='word_1_254' title='bbox 1318 3605 1381 3659; x_wconf 91' lang='lat' dir='ltr'><strong>de</strong></span> <span class='ocrx_word' id='word_1_255' title='bbox 1401 3605 1516 3660; x_wconf 91' lang='lat' dir='ltr'><strong>aliis</strong></span> <span class='ocrx_word' id='word_1_256' title='bbox 1539 3604 1768 3675; x_wconf 75' lang='lat' dir='ltr'><strong>pluribus</strong></span> <span class='ocrx_word' id='word_1_257' title='bbox 1785 3616 1935 3676; x_wconf 89' lang='lat' dir='ltr'><strong>atque</strong></span> 
     </span>
    </p>
   </div>
   <div class='ocr_carea' id='block_1_36' title="bbox 404 3695 823 3750">
    <p class='ocr_par' dir='ltr' id='par_1_36' title="bbox 404 3695 823 3750">
     <span class='ocr_line' id='line_1_36' title="bbox 404 3695 823 3750; baseline 0.007 -4"><span class='ocrx_word' id='word_1_258' title='bbox 404 3695 609 3749; x_wconf 80' lang='lat' dir='ltr'><strong>utilibus</strong></span> <span class='ocrx_word' id='word_1_259' title='bbox 639 3697 823 3750; x_wconf 88' lang='lat' dir='ltr'><strong>causis.</strong></span> 
     </span>
    </p>
   </div>
   <div class='ocr_carea' id='block_1_37' title="bbox 329 3783 1283 3845">
    <p class='ocr_par' dir='ltr' id='par_1_37' title="bbox 329 3783 1283 3845">
     <span class='ocr_line' id='line_1_37' title="bbox 329 3783 1283 3845; baseline 0.002 -5"><span class='ocrx_word' id='word_1_260' title='bbox 329 3785 375 3840; x_wconf 90' lang='grc'><strong>1.</strong></span> <span class='ocrx_word' id='word_1_261' title='bbox 408 3783 484 3839; x_wconf 86' lang='lat' dir='ltr'><strong>De</strong></span> <span class='ocrx_word' id='word_1_262' title='bbox 513 3789 913 3842; x_wconf 83' lang='lat' dir='ltr'><strong>accusationibus</strong></span> <span class='ocrx_word' id='word_1_263' title='bbox 943 3791 1283 3845; x_wconf 85' lang='lat' dir='ltr'><strong>sacerdotum.</strong></span> 
     </span>
    </p>
   </div>
   <div class='ocr_carea' id='block_1_38' title="bbox 325 3875 1857 3953">
    <p class='ocr_par' dir='ltr' id='par_1_38' title="bbox 325 3875 1857 3953">
     <span class='ocr_line' id='line_1_38' title="bbox 325 3875 1857 3953; baseline 0.005 -21"><span class='ocrx_word' id='word_1_264' title='bbox 325 3877 396 3932; x_wconf 89' lang='lat' dir='ltr'><strong>ll.</strong></span> <span class='ocrx_word' id='word_1_265' title='bbox 421 3875 499 3930; x_wconf 85' lang='lat' dir='ltr'><strong>De</strong></span> <span class='ocrx_word' id='word_1_266' title='bbox 517 3881 762 3953; x_wconf 78' lang='lat' dir='ltr'><strong>episcOpis</strong></span> <span class='ocrx_word' id='word_1_267' title='bbox 783 3881 929 3936; x_wconf 88' lang='lat' dir='ltr'><strong>rebus</strong></span> <span class='ocrx_word' id='word_1_268' title='bbox 945 3886 1048 3937; x_wconf 88' lang='lat' dir='ltr'><strong>suis</strong></span> <span class='ocrx_word' id='word_1_269' title='bbox 1068 3883 1359 3952; x_wconf 71' lang='lat' dir='ltr'><strong>expoliatis,</strong></span> <span class='ocrx_word' id='word_1_270' title='bbox 1383 3892 1470 3937; x_wconf 90' lang='lat' dir='ltr'><strong>aut</strong></span> <span class='ocrx_word' id='word_1_271' title='bbox 1494 3900 1524 3936; x_wconf 92' lang='lat' dir='ltr'><strong>a</strong></span> <span class='ocrx_word' id='word_1_272' title='bbox 1546 3884 1664 3938; x_wconf 88' lang='lat' dir='ltr'><strong>sede</strong></span> <span class='ocrx_word' id='word_1_273' title='bbox 1679 3885 1857 3953; x_wconf 82' lang='lat' dir='ltr'><strong>pulsis.</strong></span> 
     </span>
    </p>
   </div>
   <div class='ocr_carea' id='block_1_39' title="bbox 323 3968 1930 4047">
    <p class='ocr_par' dir='ltr' id='par_1_39' title="bbox 323 3968 1930 4047">
     <span class='ocr_line' id='line_1_39' title="bbox 323 3968 1930 4047; baseline 0.006 -23"><span class='ocrx_word' id='word_1_274' title='bbox 323 3968 416 4024; x_wconf 85' lang='lat' dir='ltr'><strong>Ill.</strong></span> <span class='ocrx_word' id='word_1_275' title='bbox 449 3970 644 4041; x_wconf 80' lang='lat' dir='ltr'><strong>Siquis</strong></span> <span class='ocrx_word' id='word_1_276' title='bbox 669 3973 930 4042; x_wconf 86' lang='lat' dir='ltr'><strong>episc0pos</strong></span> <span class='ocrx_word' id='word_1_277' title='bbox 958 3975 1035 4029; x_wconf 86' lang='lat' dir='ltr'><strong>vel</strong></span> <span class='ocrx_word' id='word_1_278' title='bbox 1063 3986 1257 4031; x_wconf 88' lang='lat' dir='ltr'><strong>actores</strong></span> <span class='ocrx_word' id='word_1_279' title='bbox 1291 3977 1392 4030; x_wconf 87' lang='lat' dir='ltr'><strong>sive</strong></span> <span class='ocrx_word' id='word_1_280' title='bbox 1427 3977 1716 4047; x_wconf 84' lang='lat' dir='ltr'><strong>defensores</strong></span> <span class='ocrx_word' id='word_1_281' title='bbox 1751 3979 1930 4034; x_wconf 81' lang='lat' dir='ltr'><strong>Eccle-</strong></span> 
     </span>
    </p>
   </div>
   <div class='ocr_carea' id='block_1_40' title="bbox 410 4065 1936 4140">
    <p class='ocr_par' dir='ltr' id='par_1_40' title="bbox 410 4065 1936 4140">
     <span class='ocr_line' id='line_1_40' title="bbox 410 4065 1936 4140; baseline 0.007 -21"><span class='ocrx_word' id='word_1_282' title='bbox 410 4065 535 4129; x_wconf 73' lang='lat' dir='ltr'><strong>siaz,</strong></span> <span class='ocrx_word' id='word_1_283' title='bbox 579 4077 845 4138; x_wconf 79' lang='lat' dir='ltr'><strong>antequam</strong></span> <span class='ocrx_word' id='word_1_284' title='bbox 890 4086 972 4125; x_wconf 89' lang='lat' dir='ltr'><strong>eos</strong></span> <span class='ocrx_word' id='word_1_285' title='bbox 1016 4071 1310 4126; x_wconf 83' lang='lat' dir='ltr'><strong>charitative</strong></span> <span class='ocrx_word' id='word_1_286' title='bbox 1362 4075 1658 4140; x_wconf 83' lang='lat' dir='ltr'><strong>conveniat,</strong></span> <span class='ocrx_word' id='word_1_287' title='bbox 1697 4091 1936 4130; x_wconf 85' lang='lat' dir='ltr'><strong>accusare</strong></span> 
     </span>
    </p>
   </div>
   <div class='ocr_carea' id='block_1_41' title="bbox 399 4161 1320 4232">
    <p class='ocr_par' dir='ltr' id='par_1_41' title="bbox 399 4161 1320 4232">
     <span class='ocr_line' id='line_1_41' title="bbox 399 4161 1320 4232; baseline 0.008 -23"><span class='ocrx_word' id='word_1_288' title='bbox 399 4161 778 4228; x_wconf 76' lang='lat' dir='ltr'><strong>prtesumpserit</strong></span> <span class='ocrx_word' id='word_1_289' title='bbox 792 4202 807 4227; x_wconf 91' lang='lat'><strong>,</strong></span> <span class='ocrx_word' id='word_1_290' title='bbox 831 4171 885 4213; x_wconf 88' lang='lat' dir='ltr'><strong>ut</strong></span> <span class='ocrx_word' id='word_1_291' title='bbox 906 4162 972 4216; x_wconf 87' lang='lat' dir='ltr'><strong>sit</strong></span> <span class='ocrx_word' id='word_1_292' title='bbox 1014 4163 1320 4232; x_wconf 82' lang='lat' dir='ltr'><strong>puniendus.</strong></span> 
     </span>
    </p>
   </div>
   <div class='ocr_carea' id='block_1_42' title="bbox 322 4250 1654 4318">
    <p class='ocr_par' dir='ltr' id='par_1_42' title="bbox 322 4250 1654 4318">
     <span class='ocr_line' id='line_1_42' title="bbox 322 4250 1654 4318; baseline 0.008 -12"><span class='ocrx_word' id='word_1_293' title='bbox 322 4250 412 4306; x_wconf 84' lang='lat' dir='ltr'><strong>IV.</strong></span> <span class='ocrx_word' id='word_1_294' title='bbox 449 4253 549 4318; x_wconf 83' lang='lat' dir='ltr'><strong>Qui</strong></span> <span class='ocrx_word' id='word_1_295' title='bbox 577 4271 675 4308; x_wconf 89' lang='lat' dir='ltr'><strong>non</strong></span> <span class='ocrx_word' id='word_1_296' title='bbox 696 4254 907 4310; x_wconf 82' lang='lat' dir='ltr'><strong>debeant</strong></span> <span class='ocrx_word' id='word_1_297' title='bbox 943 4257 1143 4311; x_wconf 88' lang='lat' dir='ltr'><strong>admitti</strong></span> <span class='ocrx_word' id='word_1_298' title='bbox 1171 4257 1240 4311; x_wconf 87' lang='lat' dir='ltr'><strong>ad</strong></span> <span class='ocrx_word' id='word_1_299' title='bbox 1263 4261 1654 4317; x_wconf 85' lang='lat' dir='ltr'><strong>accusationem.</strong></span> 
     </span>
    </p>
   </div>
   <div class='ocr_carea' id='block_1_43' title="bbox 320 4343 1928 4426">
    <p class='ocr_par' dir='ltr' id='par_1_43' title="bbox 320 4343 1928 4426">
     <span class='ocr_line' id='line_1_43' title="bbox 320 4343 1928 4426; baseline 0.007 -26"><span class='ocrx_word' id='word_1_300' title='bbox 320 4343 388 4400; x_wconf 74' lang='grc' dir='ltr'><strong>ν.</strong></span> <span class='ocrx_word' id='word_1_301' title='bbox 421 4347 808 4404; x_wconf 80' lang='lat' dir='ltr'><strong>Accusationem</strong></span> <span class='ocrx_word' id='word_1_302' title='bbox 862 4367 950 4422; x_wconf 87' lang='lat' dir='ltr'><strong>per</strong></span> <span class='ocrx_word' id='word_1_303' title='bbox 999 4352 1186 4423; x_wconf 86' lang='lat' dir='ltr'><strong>scripta</strong></span> <span class='ocrx_word' id='word_1_304' title='bbox 1227 4369 1328 4407; x_wconf 91' lang='lat' dir='ltr'><strong>non</strong></span> <span class='ocrx_word' id='word_1_305' title='bbox 1379 4357 1794 4426; x_wconf 85' lang='lat' dir='ltr'><strong>suscipiendam,</strong></span> <span class='ocrx_word' id='word_1_306' title='bbox 1838 4373 1928 4411; x_wconf 89' lang='lat' dir='ltr'><strong>nec</strong></span> 
     </span>
    </p>
   </div>
   <div class='ocr_carea' id='block_1_44' title="bbox 409 4442 1931 4520">
    <p class='ocr_par' dir='ltr' id='par_1_44' title="bbox 409 4442 1931 4520">
     <span class='ocr_line' id='line_1_44' title="bbox 409 4442 1931 4520; baseline 0.007 -26"><span class='ocrx_word' id='word_1_307' title='bbox 409 4442 659 4496; x_wconf 85' lang='lat' dir='ltr'><strong>absentem</strong></span> <span class='ocrx_word' id='word_1_308' title='bbox 683 4459 828 4512; x_wconf 86' lang='lat' dir='ltr'><strong>posse</strong></span> <span class='ocrx_word' id='word_1_309' title='bbox 847 4446 1078 4499; x_wconf 88' lang='lat' dir='ltr'><strong>accusari</strong></span> <span class='ocrx_word' id='word_1_310' title='bbox 1095 4446 1169 4499; x_wconf 86' lang='lat' dir='ltr'><strong>vel</strong></span> <span class='ocrx_word' id='word_1_311' title='bbox 1188 4463 1444 4510; x_wconf 87' lang='lat' dir='ltr'><strong>accusare.</strong></span> <span class='ocrx_word' id='word_1_312' title='bbox 1465 4464 1554 4502; x_wconf 89' lang='lat' dir='ltr'><strong>nec</strong></span> <span class='ocrx_word' id='word_1_313' title='bbox 1571 4448 1749 4504; x_wconf 85' lang='lat' dir='ltr'><strong>debere</strong></span> <span class='ocrx_word' id='word_1_314' title='bbox 1765 4451 1931 4520; x_wconf 84' lang='lat' dir='ltr'><strong>prius-</strong></span> 
     </span>
    </p>
   </div>
   <div class='ocr_carea' id='block_1_45' title="bbox 408 4538 1281 4609">
    <p class='ocr_par' dir='ltr' id='par_1_45' title="bbox 408 4538 1281 4609">
     <span class='ocr_line' id='line_1_45' title="bbox 408 4538 1281 4609; baseline 0.005 -19"><span class='ocrx_word' id='word_1_315' title='bbox 408 4554 556 4608; x_wconf 84' lang='lat' dir='ltr'><strong>quam</strong></span> <span class='ocrx_word' id='word_1_316' title='bbox 579 4538 744 4592; x_wconf 90' lang='lat' dir='ltr'><strong>locum</strong></span> <span class='ocrx_word' id='word_1_317' title='bbox 763 4540 982 4609; x_wconf 85' lang='lat' dir='ltr'><strong>accipiat</strong></span> <span class='ocrx_word' id='word_1_318' title='bbox 1002 4539 1281 4609; x_wconf 80' lang='lat' dir='ltr'><strong>deferendi.</strong></span> 
     </span>
    </p>
   </div>
   <div class='ocr_carea' id='block_1_46' title="bbox 1833 248 2171 313">
    <p class='ocr_par' dir='ltr' id='par_1_46' title="bbox 1833 248 2171 313">
     <span class='ocr_line' id='line_1_46' title="bbox 1833 248 2171 313; baseline 0.003 -1"><span class='ocrx_word' id='word_1_319' title='bbox 1833 248 2053 313; x_wconf 79' lang='grc' dir='ltr'><strong>ΑΡΡΕΝ</strong></span> <span class='ocrx_word' id='word_1_320' title='bbox 2065 258 2171 313; x_wconf 80' lang='grc' dir='ltr'><strong>ΟΙΧ</strong></span> 
     </span>
    </p>
   </div>
   <div class='ocr_carea' id='block_1_47' title="bbox 360 353 2033 445">
    <p class='ocr_par' dir='ltr' id='par_1_47' title="bbox 360 353 2033 445">
     <span class='ocr_line' id='line_1_47' title="bbox 360 353 2033 445; baseline 0.016 -39"><span class='ocrx_word' id='word_1_321' title='bbox 360 353 694 410; x_wconf 82' lang='lat' dir='ltr'><strong>noriﬁcentia</strong></span> <span class='ocrx_word' id='word_1_322' title='bbox 745 363 799 412; x_wconf 93' lang='lat' dir='ltr'><strong>et</strong></span> <span class='ocrx_word' id='word_1_323' title='bbox 825 354 1107 417; x_wconf 85' lang='lat' dir='ltr'><strong>honestate</strong></span> <span class='ocrx_word' id='word_1_324' title='bbox 1133 377 1162 419; x_wconf 88' lang='lat' dir='ltr'><strong>a</strong></span> <span class='ocrx_word' id='word_1_325' title='bbox 1200 366 1572 424; x_wconf 85' lang='lat' dir='ltr'><strong>sacerdotibus</strong></span> <span class='ocrx_word' id='word_1_326' title='bbox 1610 371 1952 445; x_wconf 82' lang='lat' dir='ltr'><strong>reliquisque</strong></span> <span class='ocrx_word' id='word_1_327' title='bbox 1979 376 2033 437; x_wconf 83' lang='grc' dir='ltr'><strong>Α</strong></span> 
     </span>
    </p>
   </div>
   <div class='ocr_carea' id='block_1_48' title="bbox 3519 286 3667 346">
    <p class='ocr_par' dir='ltr' id='par_1_48' title="bbox 3519 286 3667 346">
     <span class='ocr_line' id='line_1_48' title="bbox 3519 286 3667 346; baseline 0.034 -4"><span class='ocrx_word' id='word_1_328' title='bbox 3519 286 3667 346; x_wconf 65' lang='grc'><strong>’1002</strong></span> 
     </span>
    </p>
   </div>
   <div class='ocr_carea' id='block_1_49' title="bbox 2132 378 3664 464">
    <p class='ocr_par' dir='ltr' id='par_1_49' title="bbox 2132 378 3664 464">
     <span class='ocr_line' id='line_1_49' title="bbox 2132 378 3664 464; baseline 0.02 -34"><span class='ocrx_word' id='word_1_329' title='bbox 2132 378 2232 431; x_wconf 86' lang='lat' dir='ltr'><strong>nisi</strong></span> <span class='ocrx_word' id='word_1_330' title='bbox 2259 378 2328 432; x_wconf 86' lang='lat' dir='ltr'><strong>ad</strong></span> <span class='ocrx_word' id='word_1_331' title='bbox 2355 379 2542 434; x_wconf 88' lang='lat' dir='ltr'><strong>Sedem</strong></span> <span class='ocrx_word' id='word_1_332' title='bbox 2568 386 2903 453; x_wconf 88' lang='lat' dir='ltr'><strong>apostolicam</strong></span> <span class='ocrx_word' id='word_1_333' title='bbox 2930 390 3084 461; x_wconf 87' lang='lat' dir='ltr'><strong>fuerit</strong></span> <span class='ocrx_word' id='word_1_334' title='bbox 3118 395 3464 464; x_wconf 83' lang='lat' dir='ltr'><strong>appellatum;</strong></span> <span class='ocrx_word' id='word_1_335' title='bbox 3513 413 3559 456; x_wconf 87' lang='lat' dir='ltr'><strong>et</strong></span> <span class='ocrx_word' id='word_1_336' title='bbox 3601 406 3664 459; x_wconf 87' lang='lat' dir='ltr'><strong>de</strong></span> 
     </span>
    </p>
   </div>
   <div class='ocr_carea' id='block_1_50' title="bbox 2137 473 3665 562">
    <p class='ocr_par' dir='ltr' id='par_1_50' title="bbox 2137 473 3665 562">
     <span class='ocr_line' id='line_1_50' title="bbox 2137 473 3665 562; baseline 0.02 -39"><span class='ocrx_word' id='word_1_337' title='bbox 2137 473 2542 530; x_wconf 84' lang='lat' dir='ltr'><strong>accusationibus</strong></span> <span class='ocrx_word' id='word_1_338' title='bbox 2560 477 2908 535; x_wconf 88' lang='lat' dir='ltr'><strong>criminalibus</strong></span> <span class='ocrx_word' id='word_1_339' title='bbox 2933 485 3222 556; x_wconf 87' lang='lat' dir='ltr'><strong>implicatis,</strong></span> <span class='ocrx_word' id='word_1_340' title='bbox 3246 490 3322 543; x_wconf 86' lang='lat' dir='ltr'><strong>vel</strong></span> <span class='ocrx_word' id='word_1_341' title='bbox 3341 508 3521 562; x_wconf 86' lang='lat' dir='ltr'><strong>sponte</strong></span> <span class='ocrx_word' id='word_1_342' title='bbox 3541 514 3665 553; x_wconf 84' lang='lat' dir='ltr'><strong>con-</strong></span> 
     </span>
    </p>
   </div>
   <div class='ocr_carea' id='block_1_51' title="bbox 2135 565 2835 633">
    <p class='ocr_par' dir='ltr' id='par_1_51' title="bbox 2135 565 2835 633">
     <span class='ocr_line' id='line_1_51' title="bbox 2135 565 2835 633; baseline 0.013 -16"><span class='ocrx_word' id='word_1_343' title='bbox 2135 565 2311 633; x_wconf 86' lang='lat' dir='ltr'><strong>fessis,</strong></span> <span class='ocrx_word' id='word_1_344' title='bbox 2342 576 2429 620; x_wconf 88' lang='lat' dir='ltr'><strong>aut</strong></span> <span class='ocrx_word' id='word_1_345' title='bbox 2453 568 2573 622; x_wconf 87' lang='lat' dir='ltr'><strong>olim</strong></span> <span class='ocrx_word' id='word_1_346' title='bbox 2599 570 2835 626; x_wconf 82' lang='lat' dir='ltr'><strong>inimicis.</strong></span> 
     </span>
    </p>
   </div>
   <div class='ocr_carea' id='block_1_52' title="bbox 2063 651 3664 740">
    <p class='ocr_par' dir='ltr' id='par_1_52' title="bbox 2063 651 3664 740">
     <span class='ocr_line' id='line_1_52' title="bbox 2063 651 3664 740; baseline 0.02 -32"><span class='ocrx_word' id='word_1_347' title='bbox 2063 651 2154 712; x_wconf 84' lang='lat' dir='ltr'><strong>IX.</strong></span> <span class='ocrx_word' id='word_1_348' title='bbox 2185 656 2248 711; x_wconf 90' lang='lat' dir='ltr'><strong>Si</strong></span> <span class='ocrx_word' id='word_1_349' title='bbox 2287 660 2498 714; x_wconf 89' lang='lat' dir='ltr'><strong>clericus</strong></span> <span class='ocrx_word' id='word_1_350' title='bbox 2542 663 2834 734; x_wconf 82' lang='lat' dir='ltr'><strong>episcopum</strong></span> <span class='ocrx_word' id='word_1_351' title='bbox 2868 672 3208 739; x_wconf 73' lang='lat' dir='ltr'><strong>(recusaverit,</strong></span> <span class='ocrx_word' id='word_1_352' title='bbox 3267 686 3354 730; x_wconf 91' lang='lat' dir='ltr'><strong>aut</strong></span> <span class='ocrx_word' id='word_1_353' title='bbox 3393 678 3664 740; x_wconf 87' lang='lat' dir='ltr'><strong>insidiatus</strong></span> 
     </span>
    </p>
   </div>
   <div class='ocr_carea' id='block_1_53' title="bbox 2241 754 2413 821">
    <p class='ocr_par' dir='ltr' id='par_1_53' title="bbox 2241 754 2413 821">
     <span class='ocr_line' id='line_1_53' title="bbox 2241 754 2413 821; baseline 0.023 -17"><span class='ocrx_word' id='word_1_354' title='bbox 2241 754 2413 821; x_wconf 87' lang='lat' dir='ltr'><strong>fuerit.</strong></span> 
     </span>
    </p>
   </div>
   <div class='ocr_carea' id='block_1_54' title="bbox 2061 838 3525 930">
    <p class='ocr_par' dir='ltr' id='par_1_54' title="bbox 2061 838 3525 930">
     <span class='ocr_line' id='line_1_54' title="bbox 2061 838 3525 930; baseline 0.021 -36"><span class='ocrx_word' id='word_1_355' title='bbox 2061 838 2131 895; x_wconf 84' lang='grc' dir='ltr'><strong>Χ.</strong></span> <span class='ocrx_word' id='word_1_356' title='bbox 2177 841 2237 898; x_wconf 90' lang='lat' dir='ltr'><strong>Si</strong></span> <span class='ocrx_word' id='word_1_357' title='bbox 2276 843 2393 898; x_wconf 88' lang='lat' dir='ltr'><strong>laici</strong></span> <span class='ocrx_word' id='word_1_358' title='bbox 2435 863 2514 902; x_wconf 89' lang='lat' dir='ltr'><strong>res</strong></span> <span class='ocrx_word' id='word_1_359' title='bbox 2555 851 2920 911; x_wconf 87' lang='lat' dir='ltr'><strong>ecclesiasticas</strong></span> <span class='ocrx_word' id='word_1_360' title='bbox 2957 858 3253 930; x_wconf 86' lang='lat' dir='ltr'><strong>dispensare</strong></span> <span class='ocrx_word' id='word_1_361' title='bbox 3296 866 3525 926; x_wconf 84' lang='lat' dir='ltr'><strong>debeant.</strong></span> 
     </span>
    </p>
   </div>
   <div class='ocr_carea' id='block_1_55' title="bbox 2060 933 2910 1007">
    <p class='ocr_par' dir='ltr' id='par_1_55' title="bbox 2060 933 2910 1007">
     <span class='ocr_line' id='line_1_55' title="bbox 2060 933 2910 1007; baseline 0.022 -21"><span class='ocrx_word' id='word_1_362' title='bbox 2060 933 2150 988; x_wconf 80' lang='lat' dir='ltr'><strong>X1.</strong></span> <span class='ocrx_word' id='word_1_363' title='bbox 2186 933 2265 990; x_wconf 90' lang='lat' dir='ltr'><strong>De</strong></span> <span class='ocrx_word' id='word_1_364' title='bbox 2287 943 2515 1007; x_wconf 85' lang='lat' dir='ltr'><strong>personis</strong></span> <span class='ocrx_word' id='word_1_365' title='bbox 2540 957 2910 1005; x_wconf 86' lang='lat' dir='ltr'><strong>accusatorum.</strong></span> 
     </span>
    </p>
   </div>
   <div class='ocr_carea' id='block_1_56' title="bbox 2060 1024 3661 1120">
    <p class='ocr_par' dir='ltr' id='par_1_56' title="bbox 2060 1024 3661 1120">
     <span class='ocr_line' id='line_1_56' title="bbox 2060 1024 3661 1120; baseline 0.026 -41"><span class='ocrx_word' id='word_1_366' title='bbox 2060 1024 2174 1082; x_wconf 82' lang='lat' dir='ltr'><strong>XII.</strong></span> <span class='ocrx_word' id='word_1_367' title='bbox 2205 1027 2282 1082; x_wconf 84' lang='lat' dir='ltr'><strong>De</strong></span> <span class='ocrx_word' id='word_1_368' title='bbox 2305 1033 2740 1095; x_wconf 88' lang='lat' dir='ltr'><strong>criminationibus</strong></span> <span class='ocrx_word' id='word_1_369' title='bbox 2768 1042 3063 1112; x_wconf 86' lang='lat' dir='ltr'><strong>doctorum,</strong></span> <span class='ocrx_word' id='word_1_370' title='bbox 3092 1051 3169 1103; x_wconf 78' lang='lat' dir='ltr'><strong>vel</strong></span> <span class='ocrx_word' id='word_1_371' title='bbox 3191 1056 3328 1118; x_wconf 80' lang='lat' dir='ltr'><strong>quod</strong></span> <span class='ocrx_word' id='word_1_372' title='bbox 3355 1058 3538 1116; x_wconf 78' lang='lat' dir='ltr'><strong>divinis</strong></span> <span class='ocrx_word' id='word_1_373' title='bbox 3573 1081 3661 1120; x_wconf 84' lang='lat' dir='ltr'><strong>vo-</strong></span> 
     </span>
    </p>
   </div>
   <div class='ocr_carea' id='block_1_57' title="bbox 2131 1120 3668 1216">
    <p class='ocr_par' dir='ltr' id='par_1_57' title="bbox 2131 1120 3668 1216">
     <span class='ocr_line' id='line_1_57' title="bbox 2131 1120 3668 1216; baseline 0.027 -42"><span class='ocrx_word' id='word_1_374' title='bbox 2131 1120 2269 1176; x_wconf 87' lang='lat' dir='ltr'><strong>cibus</strong></span> <span class='ocrx_word' id='word_1_375' title='bbox 2291 1124 2522 1182; x_wconf 86' lang='lat' dir='ltr'><strong>damnati</strong></span> <span class='ocrx_word' id='word_1_376' title='bbox 2554 1133 2818 1205; x_wconf 80' lang='lat' dir='ltr'><strong>episwpos</strong></span> <span class='ocrx_word' id='word_1_377' title='bbox 2855 1155 2957 1193; x_wconf 88' lang='lat' dir='ltr'><strong>non</strong></span> <span class='ocrx_word' id='word_1_378' title='bbox 2991 1155 3203 1211; x_wconf 81' lang='lat' dir='ltr'><strong>possunt</strong></span> <span class='ocrx_word' id='word_1_379' title='bbox 3237 1166 3481 1211; x_wconf 78' lang='lat' dir='ltr'><strong>accusare</strong></span> <span class='ocrx_word' id='word_1_380' title='bbox 3507 1159 3584 1212; x_wconf 85' lang='lat' dir='ltr'><strong>vel</strong></span> <span class='ocrx_word' id='word_1_381' title='bbox 3615 1160 3668 1216; x_wconf 85' lang='lat' dir='ltr'><strong>in</strong></span> 
     </span>
    </p>
   </div>
   <div class='ocr_carea' id='block_1_58' title="bbox 2130 1221 2520 1290">
    <p class='ocr_par' dir='ltr' id='par_1_58' title="bbox 2130 1221 2520 1290">
     <span class='ocr_line' id='line_1_58' title="bbox 2130 1221 2520 1290; baseline 0.021 -21"><span class='ocrx_word' id='word_1_382' title='bbox 2130 1232 2213 1270; x_wconf 89' lang='lat' dir='ltr'><strong>eos</strong></span> <span class='ocrx_word' id='word_1_383' title='bbox 2241 1221 2520 1290; x_wconf 87' lang='lat' dir='ltr'><strong>testificari.</strong></span> 
     </span>
    </p>
   </div>
   <div class='ocr_carea' id='block_1_59' title="bbox 2054 1344 3665 1421">
    <p class='ocr_par' dir='ltr' id='par_1_59' title="bbox 2054 1344 3665 1421">
     <span class='ocr_line' id='line_1_59' title="bbox 2054 1344 3665 1421; baseline 0.025 -38"><span class='ocrx_word' id='word_1_384' title='bbox 2054 1344 2378 1397; x_wconf 76' lang='lat' dir='ltr'><strong>STEPHANUS.</strong></span> <span class='ocrx_word' id='word_1_385' title='bbox 2419 1353 2634 1396; x_wconf 66' lang='lat' dir='ltr'><strong>SANCTJ-l</strong></span> <span class='ocrx_word' id='word_1_386' title='bbox 2677 1361 3013 1406; x_wconf 65' lang='lat' dir='ltr'><strong>APOSTOLICAE</strong></span> <span class='ocrx_word' id='word_1_387' title='bbox 3069 1371 3134 1409; x_wconf 83' lang='lat' dir='ltr'>ET</span> <span class='ocrx_word' id='word_1_388' title='bbox 3178 1373 3523 1421; x_wconf 71' lang='lat' dir='ltr'><strong>UNM‘ERSALIS</strong></span> <span class='ocrx_word' id='word_1_389' title='bbox 3567 1382 3665 1421; x_wconf 73' lang='grc' dir='ltr'><strong>ΒΟ·</strong></span> 
     </span>
    </p>
   </div>
   <div class='ocr_carea' id='block_1_60' title="bbox 2127 1442 3661 1517">
    <p class='ocr_par' dir='ltr' id='par_1_60' title="bbox 2127 1442 3661 1517">
     <span class='ocr_line' id='line_1_60' title="bbox 2127 1442 3661 1517; baseline 0.025 -38"><span class='ocrx_word' id='word_1_390' title='bbox 2127 1442 2286 1482; x_wconf 59' lang='lat' dir='ltr'><strong>MANE</strong></span> <span class='ocrx_word' id='word_1_391' title='bbox 2325 1444 2593 1489; x_wconf 63' lang='grc' dir='ltr'><strong>Εεοιεειιε</strong></span> <span class='ocrx_word' id='word_1_392' title='bbox 2644 1454 2945 1509; x_wconf 75' lang='lat' dir='ltr'><strong>EPISCOPUS,</strong></span> <span class='ocrx_word' id='word_1_393' title='bbox 2997 1460 3223 1505; x_wconf 68' lang='lat' dir='ltr'><strong>OHNIBUS</strong></span> <span class='ocrx_word' id='word_1_394' title='bbox 3267 1469 3366 1508; x_wconf 74' lang='lat' dir='ltr'><strong>PER</strong></span> <span class='ocrx_word' id='word_1_395' title='bbox 3407 1473 3661 1517; x_wconf 60' lang='grc' dir='ltr'>υινειιελδ</span> 
     </span>
    </p>
   </div>
   <div class='ocr_carea' id='block_1_61' title="bbox 2125 1535 3658 1608">
    <p class='ocr_par' dir='ltr' id='par_1_61' title="bbox 2125 1535 3658 1608">
     <span class='ocr_line' id='line_1_61' title="bbox 2125 1535 3658 1608; baseline 0.023 -35"><span class='ocrx_word' id='word_1_396' title='bbox 2125 1535 2790 1587; x_wconf 72' lang='lat' dir='ltr'><strong>PBOV’INCIASCONSTITUTIS</strong></span> <span class='ocrx_word' id='word_1_397' title='bbox 2813 1551 3093 1607; x_wconf 78' lang='lat' dir='ltr'><strong>EPISCOPIS,</strong></span> <span class='ocrx_word' id='word_1_398' title='bbox 3118 1559 3166 1596; x_wconf 84' lang='lat' dir='ltr'><strong>IN</strong></span> <span class='ocrx_word' id='word_1_399' title='bbox 3180 1560 3376 1604; x_wconf 74' lang='lat' dir='ltr'><strong>DOMINO</strong></span> <span class='ocrx_word' id='word_1_400' title='bbox 3393 1565 3658 1608; x_wconf 72' lang='lat' dir='ltr'><strong>SALUTEM.</strong></span> 
     </span>
    </p>
   </div>
   <div class='ocr_carea' id='block_1_62' title="bbox 2127 1634 3656 1737">
    <p class='ocr_par' dir='ltr' id='par_1_62' title="bbox 2127 1634 3656 1737">
     <span class='ocr_line' id='line_1_62' title="bbox 2127 1634 3656 1737; baseline 0.023 -50"><span class='ocrx_word' id='word_1_401' title='bbox 2127 1634 2420 1692; x_wconf 90' lang='lat' dir='ltr'><strong>Plurimum</strong></span> <span class='ocrx_word' id='word_1_402' title='bbox 2450 1641 2743 1709; x_wconf 72' lang='lat' dir='ltr'><strong>gaudemus</strong></span> <span class='ocrx_word' id='word_1_403' title='bbox 2765 1645 2818 1700; x_wconf 90' lang='lat' dir='ltr'><strong>in</strong></span> <span class='ocrx_word' id='word_1_404' title='bbox 2848 1648 3070 1706; x_wconf 82' lang='lat' dir='ltr'><strong>Domino</strong></span> <span class='ocrx_word' id='word_1_405' title='bbox 3086 1654 3171 1726; x_wconf 83' lang='lat' dir='ltr'><strong>(S.</strong></span> <span class='ocrx_word' id='word_1_406' title='bbox 3205 1655 3328 1712; x_wconf 86' lang='lat' dir='ltr'><strong>Leo.</strong></span> <span class='ocrx_word' id='word_1_407' title='bbox 3360 1664 3510 1732; x_wconf 84' lang='lat' dir='ltr'><strong>epist.</strong></span> <span class='ocrx_word' id='word_1_408' title='bbox 3542 1665 3656 1737; x_wconf 76' lang='lat' dir='ltr'><strong>XL),</strong></span> 
     </span>
    </p>
   </div>
   <div class='ocr_carea' id='block_1_63' title="bbox 2054 1728 3657 1827">
    <p class='ocr_par' dir='ltr' id='par_1_63' title="bbox 2054 1728 3657 1827">
     <span class='ocr_line' id='line_1_63' title="bbox 2054 1728 3657 1827; baseline 0.022 -48"><span class='ocrx_word' id='word_1_409' title='bbox 2054 1729 2170 1782; x_wconf 88' lang='lat' dir='ltr'><strong>etin</strong></span> <span class='ocrx_word' id='word_1_410' title='bbox 2186 1728 2329 1783; x_wconf 83' lang='lat' dir='ltr'><strong>deuo</strong></span> <span class='ocrx_word' id='word_1_411' title='bbox 2342 1733 2527 1800; x_wconf 70' lang='lat' dir='ltr'><strong>gratia:</strong></span> <span class='ocrx_word' id='word_1_412' title='bbox 2541 1737 2706 1803; x_wconf 83' lang='lat' dir='ltr'><strong>ipsius</strong></span> <span class='ocrx_word' id='word_1_413' title='bbox 2720 1739 3033 1809; x_wconf 85' lang='lat' dir='ltr'><strong>gloriamur,</strong></span> <span class='ocrx_word' id='word_1_414' title='bbox 3051 1748 3192 1815; x_wconf 87' lang='lat' dir='ltr'><strong>quod</strong></span> <span class='ocrx_word' id='word_1_415' title='bbox 3215 1751 3350 1806; x_wconf 87' lang='lat' dir='ltr'><strong>fides</strong></span> <span class='ocrx_word' id='word_1_416' title='bbox 3369 1728 3541 1810; x_wconf 82' lang='lat' dir='ltr'><strong>vestra</strong></span> <span class='ocrx_word' id='word_1_417' title='bbox 3561 1728 3657 1827; x_wconf 76' lang='lat' dir='ltr'><strong>per</strong></span> 
     </span>
    </p>
   </div>
   <div class='ocr_carea' id='block_1_64' title="bbox 2052 1817 3652 1919">
    <p class='ocr_par' dir='ltr' id='par_1_64' title="bbox 2052 1817 3652 1919">
     <span class='ocr_line' id='line_1_64' title="bbox 2052 1817 3652 1919; baseline 0.021 -46"><span class='ocrx_word' id='word_1_418' title='bbox 2052 1817 2190 1875; x_wconf 81' lang='lat' dir='ltr'><strong>booa</strong></span> <span class='ocrx_word' id='word_1_419' title='bbox 2210 1837 2371 1888; x_wconf 88' lang='lat' dir='ltr'><strong>opera</strong></span> <span class='ocrx_word' id='word_1_420' title='bbox 2395 1827 2592 1881; x_wconf 90' lang='lat' dir='ltr'><strong>crescit</strong></span> <span class='ocrx_word' id='word_1_421' title='bbox 2609 1833 2907 1900; x_wconf 85' lang='lat' dir='ltr'><strong>magnifice,</strong></span> <span class='ocrx_word' id='word_1_422' title='bbox 2939 1845 2993 1889; x_wconf 91' lang='lat' dir='ltr'><strong>et</strong></span> <span class='ocrx_word' id='word_1_423' title='bbox 3019 1837 3273 1896; x_wconf 89' lang='lat' dir='ltr'><strong>dilatatur</strong></span> <span class='ocrx_word' id='word_1_424' title='bbox 3299 1817 3652 1919; x_wconf 60' lang='lat' dir='ltr'><strong>amplissime,</strong></span> 
     </span>
    </p>
   </div>
   <div class='ocr_carea' id='block_1_65' title="bbox 2050 1912 3657 2010">
    <p class='ocr_par' dir='ltr' id='par_1_65' title="bbox 2050 1912 3657 2010">
     <span class='ocr_line' id='line_1_65' title="bbox 2050 1912 3657 2010; baseline 0.02 -45"><span class='ocrx_word' id='word_1_425' title='bbox 2050 1912 2143 1967; x_wconf 89' lang='lat' dir='ltr'><strong>sed</strong></span> <span class='ocrx_word' id='word_1_426' title='bbox 2174 1915 2332 1969; x_wconf 88' lang='lat' dir='ltr'><strong>nimis</strong></span> <span class='ocrx_word' id='word_1_427' title='bbox 2364 1917 2651 1990; x_wconf 81' lang='lat' dir='ltr'><strong>affligimur</strong></span> <span class='ocrx_word' id='word_1_428' title='bbox 2675 1933 2725 1975; x_wconf 91' lang='lat' dir='ltr'><strong>et</strong></span> <span class='ocrx_word' id='word_1_429' title='bbox 2762 1925 3074 1982; x_wconf 89' lang='lat' dir='ltr'><strong>tribulamur</strong></span> <span class='ocrx_word' id='word_1_430' title='bbox 3103 1932 3170 1986; x_wconf 92' lang='lat' dir='ltr'><strong>de</strong></span> <span class='ocrx_word' id='word_1_431' title='bbox 3215 1912 3404 1990; x_wconf 76' lang='lat' dir='ltr'><strong>vestra</strong></span> <span class='ocrx_word' id='word_1_432' title='bbox 3429 1912 3657 2010; x_wconf 54' lang='lat' dir='ltr'><strong>appres;</strong></span> 
     </span>
    </p>
   </div>
   <div class='ocr_carea' id='block_1_66' title="bbox 2049 2005 3654 2098">
    <p class='ocr_par' dir='ltr' id='par_1_66' title="bbox 2049 2005 3654 2098">
     <span class='ocr_line' id='line_1_66' title="bbox 2049 2005 3654 2098; baseline 0.02 -41"><span class='ocrx_word' id='word_1_433' title='bbox 2049 2005 2221 2072; x_wconf 89' lang='lat' dir='ltr'><strong>sione,</strong></span> <span class='ocrx_word' id='word_1_434' title='bbox 2245 2024 2406 2079; x_wconf 89' lang='lat' dir='ltr'><strong>super</strong></span> <span class='ocrx_word' id='word_1_435' title='bbox 2431 2026 2532 2080; x_wconf 91' lang='lat' dir='ltr'><strong>qua</strong></span> <span class='ocrx_word' id='word_1_436' title='bbox 2555 2014 2794 2070; x_wconf 87' lang='lat' dir='ltr'><strong>crebrior</strong></span> <span class='ocrx_word' id='word_1_437' title='bbox 2816 2024 3234 2078; x_wconf 86' lang='lat' dir='ltr'><strong>commeantium</strong></span> <span class='ocrx_word' id='word_1_438' title='bbox 3265 2005 3523 2098; x_wconf 80' lang='lat' dir='ltr'><strong>usquead</strong></span> <span class='ocrx_word' id='word_1_439' title='bbox 3556 2049 3654 2089; x_wconf 87' lang='lat' dir='ltr'><strong>nos</strong></span> 
     </span>
    </p>
   </div>
   <div class='ocr_carea' id='block_1_67' title="bbox 2048 2093 3655 2186">
    <p class='ocr_par' dir='ltr' id='par_1_67' title="bbox 2048 2093 3655 2186">
     <span class='ocr_line' id='line_1_67' title="bbox 2048 2093 3655 2186; baseline 0.02 -40"><span class='ocrx_word' id='word_1_440' title='bbox 2048 2093 2275 2152; x_wconf 85' lang='lat' dir='ltr'><strong>fratrum</strong></span> <span class='ocrx_word' id='word_1_441' title='bbox 2315 2115 2494 2154; x_wconf 87' lang='lat' dir='ltr'><strong>sermo</strong></span> <span class='ocrx_word' id='word_1_442' title='bbox 2531 2105 2768 2172; x_wconf 91' lang='lat' dir='ltr'><strong>perlatus</strong></span> <span class='ocrx_word' id='word_1_443' title='bbox 2807 2117 2892 2163; x_wconf 86' lang='lat' dir='ltr'><strong>est</strong></span> <span class='ocrx_word' id='word_1_444' title='bbox 2931 2108 3124 2182; x_wconf 88' lang='lat' dir='ltr'><strong>(Idem,</strong></span> <span class='ocrx_word' id='word_1_445' title='bbox 3149 2117 3296 2186; x_wconf 82' lang='lat' dir='ltr'><strong>epist.</strong></span> <span class='ocrx_word' id='word_1_446' title='bbox 3336 2093 3557 2176; x_wconf 57' lang='lat' dir='ltr'><strong>cxxxvu</strong></span> <span class='ocrx_word' id='word_1_447' title='bbox 3605 2134 3655 2178; x_wconf 90' lang='lat' dir='ltr'><strong>et</strong></span> 
     </span>
    </p>
   </div>
   <div class='ocr_carea' id='block_1_68' title="bbox 2049 2187 3654 2277">
    <p class='ocr_par' dir='ltr' id='par_1_68' title="bbox 2049 2187 3654 2277">
     <span class='ocr_line' id='line_1_68' title="bbox 2049 2187 3654 2277; baseline 0.017 -37"><span class='ocrx_word' id='word_1_448' title='bbox 2049 2187 2205 2258; x_wconf 86' lang='lat' dir='ltr'><strong>seq.).</strong></span> <span class='ocrx_word' id='word_1_449' title='bbox 2233 2188 2348 2244; x_wconf 88' lang='lat' dir='ltr'><strong>Non</strong></span> <span class='ocrx_word' id='word_1_450' title='bbox 2369 2202 2680 2260; x_wconf 88' lang='lat' dir='ltr'><strong>oportuerat</strong></span> <span class='ocrx_word' id='word_1_451' title='bbox 2710 2198 2927 2267; x_wconf 88' lang='lat' dir='ltr'><strong>quidem</strong></span> <span class='ocrx_word' id='word_1_452' title='bbox 2953 2203 3020 2256; x_wconf 89' lang='lat' dir='ltr'><strong>ab</strong></span> <span class='ocrx_word' id='word_1_453' title='bbox 3049 2204 3197 2260; x_wconf 88' lang='lat' dir='ltr'><strong>illisa</strong></span> <span class='ocrx_word' id='word_1_454' title='bbox 3218 2209 3411 2277; x_wconf 90' lang='lat' dir='ltr'><strong>quibus</strong></span> <span class='ocrx_word' id='word_1_455' title='bbox 3441 2222 3654 2270; x_wconf 84' lang='lat' dir='ltr'><strong>susten-</strong></span> 
     </span>
    </p>
   </div>
   <div class='ocr_carea' id='block_1_69' title="bbox 2050 2287 3651 2362">
    <p class='ocr_par' dir='ltr' id='par_1_69' title="bbox 2050 2287 3651 2362">
     <span class='ocr_line' id='line_1_69' title="bbox 2050 2287 3651 2362; baseline 0.019 -30"><span class='ocrx_word' id='word_1_456' title='bbox 2050 2288 2164 2335; x_wconf 88' lang='lat' dir='ltr'><strong>tare</strong></span> <span class='ocrx_word' id='word_1_457' title='bbox 2191 2292 2242 2336; x_wconf 90' lang='lat' dir='ltr'><strong>et</strong></span> <span class='ocrx_word' id='word_1_458' title='bbox 2272 2287 2469 2352; x_wconf 88' lang='lat' dir='ltr'><strong>portari</strong></span> <span class='ocrx_word' id='word_1_459' title='bbox 2517 2296 2678 2357; x_wconf 91' lang='lat' dir='ltr'><strong>atque</strong></span> <span class='ocrx_word' id='word_1_460' title='bbox 2718 2289 2968 2347; x_wconf 89' lang='lat' dir='ltr'><strong>honorari</strong></span> <span class='ocrx_word' id='word_1_461' title='bbox 3010 2294 3316 2354; x_wconf 88' lang='lat' dir='ltr'><strong>debueratis</strong></span> <span class='ocrx_word' id='word_1_462' title='bbox 3363 2305 3524 2359; x_wconf 80' lang='lat' dir='ltr'><strong>tantis</strong></span> <span class='ocrx_word' id='word_1_463' title='bbox 3553 2322 3651 2362; x_wconf 90' lang='lat' dir='ltr'><strong>vos</strong></span> 
     </span>
    </p>
   </div>
   <div class='ocr_carea' id='block_1_70' title="bbox 2049 2377 3653 2458">
    <p class='ocr_par' dir='ltr' id='par_1_70' title="bbox 2049 2377 3653 2458">
     <span class='ocr_line' id='line_1_70' title="bbox 2049 2377 3653 2458; baseline 0.019 -33"><span class='ocrx_word' id='word_1_464' title='bbox 2049 2377 2489 2442; x_wconf 86' lang='lat' dir='ltr'><strong>Oppressionibus</strong></span> <span class='ocrx_word' id='word_1_465' title='bbox 2539 2383 2772 2436; x_wconf 90' lang='lat' dir='ltr'><strong>concuti.</strong></span> <span class='ocrx_word' id='word_1_466' title='bbox 2805 2384 3140 2458; x_wconf 83' lang='lat' dir='ltr'><strong>Quapmpter</strong></span> <span class='ocrx_word' id='word_1_467' title='bbox 3167 2397 3528 2450; x_wconf 88' lang='lat' dir='ltr'><strong>necessarimn</strong></span> <span class='ocrx_word' id='word_1_468' title='bbox 3568 2409 3653 2454; x_wconf 86' lang='lat' dir='ltr'><strong>est.</strong></span> 
     </span>
    </p>
   </div>
   <div class='ocr_carea' id='block_1_71' title="bbox 2048 2466 3648 2555">
    <p class='ocr_par' dir='ltr' id='par_1_71' title="bbox 2048 2466 3648 2555">
     <span class='ocr_line' id='line_1_71' title="bbox 2048 2466 3648 2555; baseline 0.018 -35"><span class='ocrx_word' id='word_1_469' title='bbox 2048 2473 2136 2532; x_wconf 85' lang='lat' dir='ltr'><strong>ut,</strong></span> <span class='ocrx_word' id='word_1_470' title='bbox 2166 2471 2388 2525; x_wconf 87' lang='lat' dir='ltr'><strong>remotis</strong></span> <span class='ocrx_word' id='word_1_471' title='bbox 2431 2474 2612 2527; x_wconf 89' lang='lat' dir='ltr'><strong>talium</strong></span> <span class='ocrx_word' id='word_1_472' title='bbox 2648 2479 3175 2547; x_wconf 83' lang='lat' dir='ltr'><strong>tergiversationibus</strong></span> <span class='ocrx_word' id='word_1_473' title='bbox 3195 2526 3210 2550; x_wconf 93' lang='lat'><strong>,</strong></span> <span class='ocrx_word' id='word_1_474' title='bbox 3239 2466 3450 2555; x_wconf 86' lang='lat' dir='ltr'><strong>quibus</strong></span> <span class='ocrx_word' id='word_1_475' title='bbox 3480 2507 3648 2548; x_wconf 89' lang='lat' dir='ltr'><strong>vene-</strong></span> 
     </span>
    </p>
   </div>
   <div class='ocr_carea' id='block_1_72' title="bbox 2047 2564 3649 2641">
    <p class='ocr_par' dir='ltr' id='par_1_72' title="bbox 2047 2564 3649 2641">
     <span class='ocr_line' id='line_1_72' title="bbox 2047 2564 3649 2641; baseline 0.017 -28"><span class='ocrx_word' id='word_1_476' title='bbox 2047 2575 2178 2614; x_wconf 89' lang='lat' dir='ltr'><strong>nosa</strong></span> <span class='ocrx_word' id='word_1_477' title='bbox 2203 2564 2399 2616; x_wconf 90' lang='lat' dir='ltr'><strong>malitia</strong></span> <span class='ocrx_word' id='word_1_478' title='bbox 2426 2566 2672 2634; x_wconf 87' lang='lat' dir='ltr'><strong>revelari,</strong></span> <span class='ocrx_word' id='word_1_479' title='bbox 2700 2579 2880 2640; x_wconf 84' lang='lat' dir='ltr'><strong>atque,</strong></span> <span class='ocrx_word' id='word_1_480' title='bbox 2901 2573 3174 2630; x_wconf 79' lang='lat' dir='ltr'><strong>ohsrurari</strong></span> <span class='ocrx_word' id='word_1_481' title='bbox 3203 2578 3412 2636; x_wconf 88' lang='lat' dir='ltr'><strong>bonitas</strong></span> <span class='ocrx_word' id='word_1_482' title='bbox 3434 2591 3488 2638; x_wconf 88' lang='lat' dir='ltr'><strong>et</strong></span> <span class='ocrx_word' id='word_1_483' title='bbox 3507 2586 3649 2641; x_wconf 91' lang='lat' dir='ltr'><strong>veri-</strong></span> 
     </span>
    </p>
   </div>
   <div class='ocr_carea' id='block_1_73' title="bbox 2049 2655 3649 2732">
    <p class='ocr_par' dir='ltr' id='par_1_73' title="bbox 2049 2655 3649 2732">
     <span class='ocr_line' id='line_1_73' title="bbox 2049 2655 3649 2732; baseline 0.016 -26"><span class='ocrx_word' id='word_1_484' title='bbox 2049 2663 2128 2708; x_wconf 87' lang='lat' dir='ltr'><strong>tas</strong></span> <span class='ocrx_word' id='word_1_485' title='bbox 2156 2655 2292 2710; x_wconf 89' lang='lat' dir='ltr'><strong>solet</strong></span> <span class='ocrx_word' id='word_1_486' title='bbox 2315 2655 2507 2729; x_wconf 87' lang='lat' dir='ltr'><strong>(Idem,</strong></span> <span class='ocrx_word' id='word_1_487' title='bbox 2530 2660 2679 2728; x_wconf 88' lang='lat' dir='ltr'><strong>epist.</strong></span> <span class='ocrx_word' id='word_1_488' title='bbox 2709 2664 2903 2732; x_wconf 78' lang='lat' dir='ltr'><strong>xxxv),</strong></span> <span class='ocrx_word' id='word_1_489' title='bbox 2933 2665 3312 2725; x_wconf 82' lang='lat' dir='ltr'><strong>adminiculum</strong></span> <span class='ocrx_word' id='word_1_490' title='bbox 3337 2690 3442 2729; x_wconf 92' lang='lat' dir='ltr'><strong>non</strong></span> <span class='ocrx_word' id='word_1_491' title='bbox 3469 2677 3649 2731; x_wconf 74' lang='lat' dir='ltr'><strong>modi-</strong></span> 
     </span>
    </p>
   </div>
   <div class='ocr_carea' id='block_1_74' title="bbox 2046 2749 3646 2838">
    <p class='ocr_par' dir='ltr' id='par_1_74' title="bbox 2046 2749 3646 2838">
     <span class='ocr_line' id='line_1_74' title="bbox 2046 2749 3646 2838; baseline 0.016 -39"><span class='ocrx_word' id='word_1_492' title='bbox 2046 2759 2167 2800; x_wconf 88' lang='lat' dir='ltr'><strong>cmn</strong></span> <span class='ocrx_word' id='word_1_493' title='bbox 2201 2749 2354 2802; x_wconf 85' lang='lat' dir='ltr'><strong>vobis</strong></span> <span class='ocrx_word' id='word_1_494' title='bbox 2378 2765 2405 2803; x_wconf 90' lang='lat' dir='ltr'><strong>a</strong></span> <span class='ocrx_word' id='word_1_495' title='bbox 2435 2750 2683 2807; x_wconf 83' lang='lat' dir='ltr'><strong>fidelibus</strong></span> <span class='ocrx_word' id='word_1_496' title='bbox 2707 2755 3068 2826; x_wconf 87' lang='lat' dir='ltr'><strong>impendatur,</strong></span> <span class='ocrx_word' id='word_1_497' title='bbox 3094 2771 3256 2832; x_wconf 81' lang='lat' dir='ltr'><strong>atque</strong></span> <span class='ocrx_word' id='word_1_498' title='bbox 3285 2766 3352 2820; x_wconf 89' lang='lat' dir='ltr'><strong>ab</strong></span> <span class='ocrx_word' id='word_1_499' title='bbox 3372 2769 3469 2822; x_wconf 90' lang='lat' dir='ltr'><strong>hac</strong></span> <span class='ocrx_word' id='word_1_500' title='bbox 3489 2784 3646 2838; x_wconf 88' lang='lat' dir='ltr'><strong>apos-</strong></span> 
     </span>
    </p>
   </div>
   <div class='ocr_carea' id='block_1_75' title="bbox 2048 2839 3645 2930">
    <p class='ocr_par' dir='ltr' id='par_1_75' title="bbox 2048 2839 3645 2930">
     <span class='ocr_line' id='line_1_75' title="bbox 2048 2839 3645 2930; baseline 0.016 -38"><span class='ocrx_word' id='word_1_501' title='bbox 2048 2839 2202 2895; x_wconf 74' lang='lat' dir='ltr'><strong>tolica</strong></span> <span class='ocrx_word' id='word_1_502' title='bbox 2234 2840 2373 2896; x_wconf 90' lang='lat' dir='ltr'><strong>Sede</strong></span> <span class='ocrx_word' id='word_1_503' title='bbox 2409 2844 2751 2916; x_wconf 63' lang='lat' dir='ltr'><strong>suffragetur,</strong></span> <span class='ocrx_word' id='word_1_504' title='bbox 2805 2866 2942 2920; x_wconf 88' lang='lat' dir='ltr'><strong>quos</strong></span> <span class='ocrx_word' id='word_1_505' title='bbox 2994 2868 3091 2922; x_wconf 92' lang='lat' dir='ltr'><strong>per</strong></span> <span class='ocrx_word' id='word_1_506' title='bbox 3139 2857 3372 2912; x_wconf 79' lang='lat' dir='ltr'><strong>divinam</strong></span> <span class='ocrx_word' id='word_1_507' title='bbox 3419 2863 3645 2930; x_wconf 85' lang='lat' dir='ltr'><strong>gratiam</strong></span> 
     </span>
    </p>
   </div>
   <div class='ocr_carea' id='block_1_76' title="bbox 2043 2929 3648 3015">
    <p class='ocr_par' dir='ltr' id='par_1_76' title="bbox 2043 2929 3648 3015">
     <span class='ocr_line' id='line_1_76' title="bbox 2043 2929 3648 3015; baseline 0.016 -30"><span class='ocrx_word' id='word_1_508' title='bbox 2043 2929 2241 2988; x_wconf 87' lang='lat' dir='ltr'><strong>Christi</strong></span> <span class='ocrx_word' id='word_1_509' title='bbox 2271 2937 2472 2992; x_wconf 81' lang='lat' dir='ltr'><strong>auxilio</strong></span> <span class='ocrx_word' id='word_1_510' title='bbox 2497 2938 2712 3009; x_wconf 86' lang='lat' dir='ltr'><strong>dignum</strong></span> <span class='ocrx_word' id='word_1_511' title='bbox 2738 2951 2821 2997; x_wconf 93' lang='lat' dir='ltr'><strong>est</strong></span> <span class='ocrx_word' id='word_1_512' title='bbox 2849 2945 3110 3015; x_wconf 90' lang='lat' dir='ltr'><strong>adjuvari,</strong></span> <span class='ocrx_word' id='word_1_513' title='bbox 3148 2966 3214 3005; x_wconf 89' lang='lat' dir='ltr'><strong>ne</strong></span> <span class='ocrx_word' id='word_1_514' title='bbox 3264 2951 3316 3005; x_wconf 94' lang='lat' dir='ltr'><strong>in</strong></span> <span class='ocrx_word' id='word_1_515' title='bbox 3349 2929 3512 3008; x_wconf 89' lang='lat' dir='ltr'><strong>totius</strong></span> <span class='ocrx_word' id='word_1_516' title='bbox 3544 2955 3648 3012; x_wconf 81' lang='lat' dir='ltr'><strong>Ec-</strong></span> 
     </span>
    </p>
   </div>
   <div class='ocr_carea' id='block_1_77' title="bbox 2043 3027 3645 3113">
    <p class='ocr_par' dir='ltr' id='par_1_77' title="bbox 2043 3027 3645 3113">
     <span class='ocr_line' id='line_1_77' title="bbox 2043 3027 3645 3113; baseline 0.017 -33"><span class='ocrx_word' id='word_1_517' title='bbox 2043 3027 2224 3084; x_wconf 83' lang='lat' dir='ltr'><strong>clesiae</strong></span> <span class='ocrx_word' id='word_1_518' title='bbox 2277 3033 2736 3101; x_wconf 84' lang='lat' dir='ltr'><strong>perturbationem</strong></span> <span class='ocrx_word' id='word_1_519' title='bbox 2794 3038 3106 3109; x_wconf 88' lang='lat' dir='ltr'><strong>imprudens</strong></span> <span class='ocrx_word' id='word_1_520' title='bbox 3159 3048 3411 3113; x_wconf 86' lang='lat' dir='ltr'><strong>procedat</strong></span> <span class='ocrx_word' id='word_1_521' title='bbox 3469 3049 3645 3107; x_wconf 86' lang='lat' dir='ltr'><strong>inten-</strong></span> 
     </span>
    </p>
   </div>
   <div class='ocr_carea' id='block_1_78' title="bbox 2041 3119 3645 3210">
    <p class='ocr_par' dir='ltr' id='par_1_78' title="bbox 2041 3119 3645 3210">
     <span class='ocr_line' id='line_1_78' title="bbox 2041 3119 3645 3210; baseline 0.016 -38"><span class='ocrx_word' id='word_1_522' title='bbox 2041 3119 2140 3183; x_wconf 91' lang='lat' dir='ltr'><strong>tio,</strong></span> <span class='ocrx_word' id='word_1_523' title='bbox 2182 3130 2236 3176; x_wconf 92' lang='lat' dir='ltr'><strong>et</strong></span> <span class='ocrx_word' id='word_1_524' title='bbox 2294 3138 2354 3176; x_wconf 91' lang='lat' dir='ltr'><strong>ea</strong></span> <span class='ocrx_word' id='word_1_525' title='bbox 2397 3141 2517 3196; x_wconf 82' lang='lat' dir='ltr'><strong>quae</strong></span> <span class='ocrx_word' id='word_1_526' title='bbox 2563 3143 2591 3179; x_wconf 89' lang='lat' dir='ltr'><strong>a</strong></span> <span class='ocrx_word' id='word_1_527' title='bbox 2639 3131 2841 3184; x_wconf 88' lang='lat' dir='ltr'><strong>sanctis</strong></span> <span class='ocrx_word' id='word_1_528' title='bbox 2897 3134 3384 3200; x_wconf 66' lang='lat' dir='ltr'><strong>praedecessoribus</strong></span> <span class='ocrx_word' id='word_1_529' title='bbox 3423 3145 3645 3210; x_wconf 91' lang='lat' dir='ltr'><strong>nostris,</strong></span> 
     </span>
    </p>
   </div>
   <div class='ocr_carea' id='block_1_79' title="bbox 2041 3215 3641 3301">
    <p class='ocr_par' dir='ltr' id='par_1_79' title="bbox 2041 3215 3641 3301">
     <span class='ocr_line' id='line_1_79' title="bbox 2041 3215 3641 3301; baseline 0.013 -32"><span class='ocrx_word' id='word_1_530' title='bbox 2041 3222 2095 3270; x_wconf 90' lang='lat' dir='ltr'><strong>et</strong></span> <span class='ocrx_word' id='word_1_531' title='bbox 2117 3215 2338 3287; x_wconf 88' lang='lat' dir='ltr'><strong>reliquis</strong></span> <span class='ocrx_word' id='word_1_532' title='bbox 2384 3218 2586 3274; x_wconf 87' lang='lat' dir='ltr'><strong>sanctis</strong></span> <span class='ocrx_word' id='word_1_533' title='bbox 2615 3220 2862 3275; x_wconf 88' lang='lat' dir='ltr'><strong>Patribus</strong></span> <span class='ocrx_word' id='word_1_534' title='bbox 2889 3222 3088 3280; x_wconf 90' lang='lat' dir='ltr'><strong>dudum</strong></span> <span class='ocrx_word' id='word_1_535' title='bbox 3114 3227 3324 3284; x_wconf 80' lang='lat' dir='ltr'><strong>fuerant</strong></span> <span class='ocrx_word' id='word_1_536' title='bbox 3349 3232 3641 3301; x_wconf 86' lang='lat' dir='ltr'><strong>prohibita,</strong></span> 
     </span>
    </p>
   </div>
   <div class='ocr_carea' id='block_1_80' title="bbox 2039 3309 3640 3400">
    <p class='ocr_par' dir='ltr' id='par_1_80' title="bbox 2039 3309 3640 3400">
     <span class='ocr_line' id='line_1_80' title="bbox 2039 3309 3640 3400; baseline 0.012 -36"><span class='ocrx_word' id='word_1_537' title='bbox 2039 3309 2218 3365; x_wconf 89' lang='lat' dir='ltr'><strong>denuo</strong></span> <span class='ocrx_word' id='word_1_538' title='bbox 2273 3312 2616 3368; x_wconf 71' lang='lat' dir='ltr'><strong>reviviscent.</strong></span> <span class='ocrx_word' id='word_1_539' title='bbox 2670 3314 2798 3369; x_wconf 91' lang='lat' dir='ltr'><strong>Loci</strong></span> <span class='ocrx_word' id='word_1_540' title='bbox 2845 3333 3074 3388; x_wconf 90' lang='lat' dir='ltr'><strong>namque</strong></span> <span class='ocrx_word' id='word_1_541' title='bbox 3140 3323 3308 3377; x_wconf 83' lang='lat' dir='ltr'><strong>nostri</strong></span> <span class='ocrx_word' id='word_1_542' title='bbox 3356 3327 3453 3397; x_wconf 86' lang='lat' dir='ltr'><strong>(S.</strong></span> <span class='ocrx_word' id='word_1_543' title='bbox 3487 3327 3640 3400; x_wconf 85' lang='lat' dir='ltr'><strong>Greg.</strong></span> 
     </span>
    </p>
   </div>
   <div class='ocr_carea' id='block_1_81' title="bbox 2039 3404 3638 3488">
    <p class='ocr_par' dir='ltr' id='par_1_81' title="bbox 2039 3404 3638 3488">
     <span class='ocr_line' id='line_1_81' title="bbox 2039 3404 3638 3488; baseline 0.012 -30"><span class='ocrx_word' id='word_1_544' title='bbox 2039 3404 2184 3474; x_wconf 88' lang='lat' dir='ltr'><strong>epist.</strong></span> <span class='ocrx_word' id='word_1_545' title='bbox 2229 3421 2314 3469; x_wconf 71' lang='grc' dir='ltr'>χι,</span> <span class='ocrx_word' id='word_1_546' title='bbox 2347 3406 2434 3460; x_wconf 90' lang='lat' dir='ltr'><strong>lib.</strong></span> <span class='ocrx_word' id='word_1_547' title='bbox 2471 3405 2590 3478; x_wconf 85' lang='lat' dir='ltr'><strong>xu)</strong></span> <span class='ocrx_word' id='word_1_548' title='bbox 2637 3409 3066 3467; x_wconf 73' lang='lat' dir='ltr'><strong>consideratione</strong></span> <span class='ocrx_word' id='word_1_549' title='bbox 3113 3417 3526 3488; x_wconf 85' lang='lat' dir='ltr'><strong>compellimur,</strong></span> <span class='ocrx_word' id='word_1_550' title='bbox 3574 3436 3638 3477; x_wconf 84' lang='lat' dir='ltr'><strong>ea</strong></span> 
     </span>
    </p>
   </div>
   <div class='ocr_carea' id='block_1_82' title="bbox 2039 3498 3641 3584">
    <p class='ocr_par' dir='ltr' id='par_1_82' title="bbox 2039 3498 3641 3584">
     <span class='ocr_line' id='line_1_82' title="bbox 2039 3498 3641 3584; baseline 0.016 -37"><span class='ocrx_word' id='word_1_551' title='bbox 2039 3513 2158 3567; x_wconf 86' lang='lat' dir='ltr'><strong>quae</strong></span> <span class='ocrx_word' id='word_1_552' title='bbox 2191 3498 2256 3552; x_wconf 90' lang='lat' dir='ltr'><strong>ad</strong></span> <span class='ocrx_word' id='word_1_553' title='bbox 2296 3501 2536 3555; x_wconf 83' lang='lat' dir='ltr'><strong>notitiam</strong></span> <span class='ocrx_word' id='word_1_554' title='bbox 2578 3513 2815 3558; x_wconf 90' lang='lat' dir='ltr'><strong>nostram</strong></span> <span class='ocrx_word' id='word_1_555' title='bbox 2863 3507 3194 3564; x_wconf 84' lang='lat' dir='ltr'><strong>emendanda</strong></span> <span class='ocrx_word' id='word_1_556' title='bbox 3239 3525 3641 3584; x_wconf 85' lang='lat' dir='ltr'><strong>pervenerunt,</strong></span> 
     </span>
    </p>
   </div>
   <div class='ocr_carea' id='block_1_83' title="bbox 2039 3592 3642 3678">
    <p class='ocr_par' dir='ltr' id='par_1_83' title="bbox 2039 3592 3642 3678">
     <span class='ocr_line' id='line_1_83' title="bbox 2039 3592 3642 3678; baseline 0.014 -34"><span class='ocrx_word' id='word_1_557' title='bbox 2039 3601 2259 3660; x_wconf 88' lang='lat' dir='ltr'><strong>propter</strong></span> <span class='ocrx_word' id='word_1_558' title='bbox 2290 3592 2570 3649; x_wconf 89' lang='lat' dir='ltr'><strong>Dominum</strong></span> <span class='ocrx_word' id='word_1_559' title='bbox 2595 3613 2698 3652; x_wconf 92' lang='lat' dir='ltr'><strong>non</strong></span> <span class='ocrx_word' id='word_1_560' title='bbox 2727 3600 3119 3670; x_wconf 87' lang='lat' dir='ltr'><strong>derelinquere,</strong></span> <span class='ocrx_word' id='word_1_561' title='bbox 3149 3604 3242 3660; x_wconf 90' lang='lat' dir='ltr'><strong>sed</strong></span> <span class='ocrx_word' id='word_1_562' title='bbox 3270 3605 3426 3678; x_wconf 90' lang='lat' dir='ltr'><strong>digna</strong></span> <span class='ocrx_word' id='word_1_563' title='bbox 3455 3626 3642 3666; x_wconf 88' lang='lat' dir='ltr'><strong>emen-</strong></span> 
     </span>
    </p>
   </div>
   <div class='ocr_carea' id='block_1_84' title="bbox 2038 3683 3640 3759">
    <p class='ocr_par' dir='ltr' id='par_1_84' title="bbox 2038 3683 3640 3759">
     <span class='ocr_line' id='line_1_84' title="bbox 2038 3683 3640 3759; baseline 0.014 -22"><span class='ocrx_word' id='word_1_564' title='bbox 2038 3683 2253 3739; x_wconf 89' lang='lat' dir='ltr'><strong>datione</strong></span> <span class='ocrx_word' id='word_1_565' title='bbox 2306 3687 2595 3757; x_wconf 86' lang='lat' dir='ltr'><strong>corrigere.</strong></span> <span class='ocrx_word' id='word_1_566' title='bbox 2649 3690 2714 3744; x_wconf 84' lang='lat' dir='ltr'><strong>Et</strong></span> <span class='ocrx_word' id='word_1_567' title='bbox 2760 3692 2802 3745; x_wconf 90' lang='lat' dir='ltr'><strong>si</strong></span> <span class='ocrx_word' id='word_1_568' title='bbox 2854 3696 3200 3751; x_wconf 74' lang='lat' dir='ltr'><strong>smeularihus</strong></span> <span class='ocrx_word' id='word_1_569' title='bbox 3253 3697 3445 3754; x_wconf 74' lang='lat' dir='ltr'><strong>officiis</strong></span> <span class='ocrx_word' id='word_1_570' title='bbox 3504 3703 3640 3759; x_wconf 91' lang='lat' dir='ltr'><strong>ordo</strong></span> 
     </span>
    </p>
   </div>
   <div class='ocr_carea' id='block_1_85' title="bbox 2036 3781 3635 3863">
    <p class='ocr_par' dir='ltr' id='par_1_85' title="bbox 2036 3781 3635 3863">
     <span class='ocr_line' id='line_1_85' title="bbox 2036 3781 3635 3863; baseline 0.014 -34"><span class='ocrx_word' id='word_1_571' title='bbox 2036 3791 2167 3832; x_wconf 89' lang='lat' dir='ltr'><strong>suus</strong></span> <span class='ocrx_word' id='word_1_572' title='bbox 2187 3819 2201 3845; x_wconf 95' lang='lat'><strong>,</strong></span> <span class='ocrx_word' id='word_1_573' title='bbox 2229 3788 2284 3833; x_wconf 91' lang='lat' dir='ltr'><strong>et</strong></span> <span class='ocrx_word' id='word_1_574' title='bbox 2310 3781 2500 3835; x_wconf 86' lang='lat' dir='ltr'><strong>tradita</strong></span> <span class='ocrx_word' id='word_1_575' title='bbox 2528 3798 2554 3834; x_wconf 90' lang='lat' dir='ltr'><strong>a</strong></span> <span class='ocrx_word' id='word_1_576' title='bbox 2583 3781 2876 3851; x_wconf 88' lang='lat' dir='ltr'><strong>majoribus</strong></span> <span class='ocrx_word' id='word_1_577' title='bbox 2909 3786 3187 3856; x_wconf 87' lang='lat' dir='ltr'><strong>disciplina</strong></span> <span class='ocrx_word' id='word_1_578' title='bbox 3220 3793 3480 3848; x_wconf 86' lang='lat' dir='ltr'><strong>servanda</strong></span> <span class='ocrx_word' id='word_1_579' title='bbox 3520 3805 3635 3863; x_wconf 90' lang='lat' dir='ltr'><strong>est,</strong></span> 
     </span>
    </p>
   </div>
   <div class='ocr_carea' id='block_1_86' title="bbox 2037 3868 3635 3953">
    <p class='ocr_par' dir='ltr' id='par_1_86' title="bbox 2037 3868 3635 3953">
     <span class='ocr_line' id='line_1_86' title="bbox 2037 3868 3635 3953; baseline 0.014 -34"><span class='ocrx_word' id='word_1_580' title='bbox 2037 3869 2155 3938; x_wconf 91' lang='lat' dir='ltr'><strong>quis</strong></span> <span class='ocrx_word' id='word_1_581' title='bbox 2192 3868 2326 3923; x_wconf 73' lang='lat' dir='ltr'><strong>{erat</strong></span> <span class='ocrx_word' id='word_1_582' title='bbox 2369 3871 2763 3928; x_wconf 83' lang='lat' dir='ltr'><strong>ecclesiasticos</strong></span> <span class='ocrx_word' id='word_1_583' title='bbox 2795 3875 3011 3931; x_wconf 89' lang='lat' dir='ltr'><strong>ordines</strong></span> <span class='ocrx_word' id='word_1_584' title='bbox 3051 3882 3332 3936; x_wconf 85' lang='lat' dir='ltr'><strong>temeraria</strong></span> <span class='ocrx_word' id='word_1_585' title='bbox 3369 3899 3635 3953; x_wconf 64' lang='lat' dir='ltr'><strong>prmsum-</strong></span> 
     </span>
    </p>
   </div>
   <div class='ocr_carea' id='block_1_87' title="bbox 2035 3960 3631 4042">
    <p class='ocr_par' dir='ltr' id='par_1_87' title="bbox 2035 3960 3631 4042">
     <span class='ocr_line' id='line_1_87' title="bbox 2035 3960 3631 4042; baseline 0.014 -31"><span class='ocrx_word' id='word_1_586' title='bbox 2035 3960 2217 4029; x_wconf 90' lang='lat' dir='ltr'><strong>ptione</strong></span> <span class='ocrx_word' id='word_1_587' title='bbox 2245 3960 2516 4029; x_wconf 88' lang='lat' dir='ltr'><strong>confundi,</strong></span> <span class='ocrx_word' id='word_1_588' title='bbox 2537 3963 2713 4019; x_wconf 88' lang='lat' dir='ltr'><strong>audita</strong></span> <span class='ocrx_word' id='word_1_589' title='bbox 2748 3967 3037 4038; x_wconf 80' lang='lat' dir='ltr'><strong>negligere,</strong></span> <span class='ocrx_word' id='word_1_590' title='bbox 3062 3980 3116 4024; x_wconf 87' lang='lat' dir='ltr'><strong>et</strong></span> <span class='ocrx_word' id='word_1_591' title='bbox 3150 3973 3503 4042; x_wconf 90' lang='lat' dir='ltr'><strong>emendanda,</strong></span> <span class='ocrx_word' id='word_1_592' title='bbox 3526 3994 3631 4033; x_wconf 89' lang='lat' dir='ltr'><strong>non</strong></span> 
     </span>
    </p>
   </div>
   <div class='ocr_carea' id='block_1_88' title="bbox 2035 4053 2848 4126">
    <p class='ocr_par' dir='ltr' id='par_1_88' title="bbox 2035 4053 2848 4126">
     <span class='ocr_line' id='line_1_88' title="bbox 2035 4053 2848 4126; baseline 0.009 -19"><span class='ocrx_word' id='word_1_593' title='bbox 2035 4067 2192 4122; x_wconf 87' lang='lat' dir='ltr'><strong>opem</strong></span> <span class='ocrx_word' id='word_1_594' title='bbox 2225 4053 2480 4119; x_wconf 87' lang='lat' dir='ltr'><strong>ferendo,</strong></span> <span class='ocrx_word' id='word_1_595' title='bbox 2507 4067 2848 4126; x_wconf 87' lang='lat' dir='ltr'><strong>postponere.</strong></span> 
     </span>
    </p>
   </div>
   <div class='ocr_carea' id='block_1_89' title="bbox 2103 4145 3633 4227">
    <p class='ocr_par' dir='ltr' id='par_1_89' title="bbox 2103 4145 3633 4227">
     <span class='ocr_line' id='line_1_89' title="bbox 2103 4145 3633 4227; baseline 0.012 -27"><span class='ocrx_word' id='word_1_596' title='bbox 2103 4145 2144 4200; x_wconf 90' lang='lat' dir='ltr'><strong>l.</strong></span> <span class='ocrx_word' id='word_1_597' title='bbox 2177 4146 2492 4202; x_wconf 77' lang='lat' dir='ltr'><strong>Audivimus</strong></span> <span class='ocrx_word' id='word_1_598' title='bbox 2515 4149 2657 4204; x_wconf 92' lang='lat' dir='ltr'><strong>enim</strong></span> <span class='ocrx_word' id='word_1_599' title='bbox 2691 4165 2784 4206; x_wconf 91' lang='lat' dir='ltr'><strong>vos</strong></span> <span class='ocrx_word' id='word_1_600' title='bbox 2814 4167 2842 4204; x_wconf 90' lang='lat' dir='ltr'><strong>a</strong></span> <span class='ocrx_word' id='word_1_601' title='bbox 2867 4153 3186 4222; x_wconf 88' lang='lat' dir='ltr'><strong>quibusdam</strong></span> <span class='ocrx_word' id='word_1_602' title='bbox 3217 4162 3480 4227; x_wconf 75' lang='lat' dir='ltr'><strong>accusori,</strong></span> <span class='ocrx_word' id='word_1_603' title='bbox 3525 4178 3633 4218; x_wconf 90' lang='lat' dir='ltr'><strong>non</strong></span> 
     </span>
    </p>
   </div>
   <div class='ocr_carea' id='block_1_90' title="bbox 2031 4243 3637 4321">
    <p class='ocr_par' dir='ltr' id='par_1_90' title="bbox 2031 4243 3637 4321">
     <span class='ocr_line' id='line_1_90' title="bbox 2031 4243 3637 4321; baseline 0.012 -28"><span class='ocrx_word' id='word_1_604' title='bbox 2031 4248 2138 4294; x_wconf 87' lang='lat' dir='ltr'><strong>tam</strong></span> <span class='ocrx_word' id='word_1_605' title='bbox 2173 4255 2268 4309; x_wconf 91' lang='lat' dir='ltr'><strong>pro</strong></span> <span class='ocrx_word' id='word_1_606' title='bbox 2309 4250 2482 4295; x_wconf 87' lang='lat' dir='ltr'><strong>vestra</strong></span> <span class='ocrx_word' id='word_1_607' title='bbox 2539 4243 2717 4313; x_wconf 89' lang='lat' dir='ltr'><strong>culpa,</strong></span> <span class='ocrx_word' id='word_1_608' title='bbox 2771 4260 2930 4315; x_wconf 89' lang='lat' dir='ltr'><strong>quam</strong></span> <span class='ocrx_word' id='word_1_609' title='bbox 2964 4261 3060 4316; x_wconf 92' lang='lat' dir='ltr'><strong>pro</strong></span> <span class='ocrx_word' id='word_1_610' title='bbox 3116 4264 3302 4305; x_wconf 91' lang='lat' dir='ltr'><strong>eorum</strong></span> <span class='ocrx_word' id='word_1_611' title='bbox 3360 4253 3531 4321; x_wconf 89' lang='lat' dir='ltr'><strong>Iibitu,</strong></span> <span class='ocrx_word' id='word_1_612' title='bbox 3578 4266 3637 4312; x_wconf 86' lang='lat' dir='ltr'><strong>ut</strong></span> 
     </span>
    </p>
   </div>
   <div class='ocr_carea' id='block_1_91' title="bbox 2031 4337 3635 4419">
    <p class='ocr_par' dir='ltr' id='par_1_91' title="bbox 2031 4337 3635 4419">
     <span class='ocr_line' id='line_1_91' title="bbox 2031 4337 3635 4419; baseline 0.012 -32"><span class='ocrx_word' id='word_1_613' title='bbox 2031 4343 2206 4389; x_wconf 87' lang='lat' dir='ltr'><strong>vestra</strong></span> <span class='ocrx_word' id='word_1_614' title='bbox 2238 4349 2429 4403; x_wconf 87' lang='lat' dir='ltr'><strong>rapere</strong></span> <span class='ocrx_word' id='word_1_615' title='bbox 2459 4337 2699 4403; x_wconf 89' lang='lat' dir='ltr'><strong>possint:</strong></span> <span class='ocrx_word' id='word_1_616' title='bbox 2743 4347 2799 4392; x_wconf 90' lang='lat' dir='ltr'><strong>et</strong></span> <span class='ocrx_word' id='word_1_617' title='bbox 2855 4339 2975 4395; x_wconf 89' lang='lat' dir='ltr'><strong>ideo</strong></span> <span class='ocrx_word' id='word_1_618' title='bbox 3022 4357 3117 4397; x_wconf 85' lang='lat' dir='ltr'><strong>vos</strong></span> <span class='ocrx_word' id='word_1_619' title='bbox 3164 4345 3322 4402; x_wconf 92' lang='lat' dir='ltr'><strong>nimis</strong></span> <span class='ocrx_word' id='word_1_620' title='bbox 3367 4348 3530 4419; x_wconf 84' lang='lat' dir='ltr'><strong>afﬂigi</strong></span> <span class='ocrx_word' id='word_1_621' title='bbox 3578 4360 3635 4407; x_wconf 85' lang='lat' dir='ltr'><strong>et</strong></span> 
     </span>
    </p>
   </div>
   <div class='ocr_carea' id='block_1_92' title="bbox 2030 4428 3633 4513">
    <p class='ocr_par' dir='ltr' id='par_1_92' title="bbox 2030 4428 3633 4513">
     <span class='ocr_line' id='line_1_92' title="bbox 2030 4428 3633 4513; baseline 0.011 -32"><span class='ocrx_word' id='word_1_622' title='bbox 2030 4428 2242 4482; x_wconf 82' lang='lat' dir='ltr'><strong>concuti</strong></span> <span class='ocrx_word' id='word_1_623' title='bbox 2277 4429 2328 4482; x_wconf 92' lang='lat' dir='ltr'><strong>in</strong></span> <span class='ocrx_word' id='word_1_624' title='bbox 2353 4438 2578 4491; x_wconf 88' lang='lat' dir='ltr'><strong>tantum,</strong></span> <span class='ocrx_word' id='word_1_625' title='bbox 2619 4439 2674 4484; x_wconf 90' lang='lat' dir='ltr'><strong>ut</strong></span> <span class='ocrx_word' id='word_1_626' title='bbox 2695 4431 2857 4487; x_wconf 91' lang='lat' dir='ltr'><strong>etiam</strong></span> <span class='ocrx_word' id='word_1_627' title='bbox 2889 4449 2917 4488; x_wconf 91' lang='lat' dir='ltr'><strong>a</strong></span> <span class='ocrx_word' id='word_1_628' title='bbox 2949 4435 3168 4492; x_wconf 90' lang='lat' dir='ltr'><strong>sedibus</strong></span> <span class='ocrx_word' id='word_1_629' title='bbox 3199 4442 3430 4511; x_wconf 83' lang='lat' dir='ltr'><strong>propriis</strong></span> <span class='ocrx_word' id='word_1_630' title='bbox 3461 4443 3633 4513; x_wconf 87' lang='lat' dir='ltr'><strong>pella-</strong></span> 
     </span>
    </p>
   </div>
   <div class='ocr_carea' id='block_1_93' title="bbox 2032 4518 3632 4604">
    <p class='ocr_par' dir='ltr' id='par_1_93' title="bbox 2032 4518 3632 4604">
     <span class='ocr_line' id='line_1_93' title="bbox 2032 4518 3632 4604; baseline 0.013 -32"><span class='ocrx_word' id='word_1_631' title='bbox 2032 4518 2184 4582; x_wconf 91' lang='lat' dir='ltr'><strong>mini,</strong></span> <span class='ocrx_word' id='word_1_632' title='bbox 2213 4529 2267 4574; x_wconf 90' lang='lat' dir='ltr'><strong>et</strong></span> <span class='ocrx_word' id='word_1_633' title='bbox 2296 4519 2386 4574; x_wconf 89' lang='lat' dir='ltr'><strong>tali</strong></span> <span class='ocrx_word' id='word_1_634' title='bbox 2414 4521 2699 4578; x_wconf 89' lang='lat' dir='ltr'><strong>occasione</strong></span> <span class='ocrx_word' id='word_1_635' title='bbox 2728 4523 2982 4581; x_wconf 82' lang='lat' dir='ltr'><strong>Ecclesiae</strong></span> <span class='ocrx_word' id='word_1_636' title='bbox 3020 4528 3408 4604; x_wconf 78' lang='lat' dir='ltr'><strong>facultatesque</strong></span> <span class='ocrx_word' id='word_1_637' title='bbox 3439 4547 3632 4592; x_wconf 77' lang='lat' dir='ltr'><strong>vestra:</strong></span> 
     </span>
    </p>
   </div>
   <div class='ocr_carea' id='block_1_94' title="bbox 322 4586 3632 4709">
    <p class='ocr_par' dir='ltr' id='par_1_94' title="bbox 322 4586 3632 4709">
     <span class='ocr_line' id='line_1_94' title="bbox 322 4586 3632 4709; baseline 0.008 -53"><span class='ocrx_word' id='word_1_638' title='bbox 322 4586 508 4683; x_wconf 39' lang='lat'><strong>“70¢</strong></span> <span class='ocrx_word' id='word_1_639' title='bbox 537 4630 840 4700; x_wconf 49' lang='lat' dir='ltr'><strong>primatibus</strong></span> <span class='ocrx_word' id='word_1_640' title='bbox 869 4586 915 4685; x_wconf 60' lang='grc' dir='ltr'>ξι</span> <span class='ocrx_word' id='word_1_641' title='bbox 943 4586 1368 4702; x_wconf 41' lang='grc' dir='ltr'><strong>ηιεηᾉροιηαηεε,</strong></span> <span class='ocrx_word' id='word_1_642' title='bbox 1402 4644 1450 4689; x_wconf 60' lang='grc' dir='ltr'>ει</span> <span class='ocrx_word' id='word_1_643' title='bbox 1474 4635 1537 4690; x_wconf 70' lang='lat' dir='ltr'><strong>de</strong></span> <span class='ocrx_word' id='word_1_644' title='bbox 1565 4637 1778 4709; x_wconf 57' lang='lat' dir='ltr'><strong>&quot;egon-is</strong></span> <span class='ocrx_word' id='word_1_645' title='bbox 1813 4639 1926 4709; x_wconf 49' lang='grc' dir='ltr'><strong>ερί.</strong></span> <span class='ocrx_word' id='word_1_646' title='bbox 1950 4586 2006 4647; x_wconf 84' lang='grc' dir='ltr'><strong>Ῑ)</strong></span> <span class='ocrx_word' id='word_1_647' title='bbox 2034 4623 2310 4709; x_wconf 74' lang='lat' dir='ltr'><strong>vastantur</strong></span> <span class='ocrx_word' id='word_1_648' title='bbox 2335 4629 2395 4668; x_wconf 89' lang='lat' dir='ltr'><strong>ac</strong></span> <span class='ocrx_word' id='word_1_649' title='bbox 2416 4613 2816 4686; x_wconf 69' lang='lat' dir='ltr'><strong>depraedentur.</strong></span> <span class='ocrx_word' id='word_1_650' title='bbox 2836 4615 2964 4686; x_wconf 89' lang='lat' dir='ltr'><strong>Ista,</strong></span> <span class='ocrx_word' id='word_1_651' title='bbox 2988 4621 3317 4689; x_wconf 87' lang='lat' dir='ltr'><strong>charissimi,</strong></span> <span class='ocrx_word' id='word_1_652' title='bbox 3345 4642 3451 4680; x_wconf 91' lang='lat' dir='ltr'><strong>non</strong></span> <span class='ocrx_word' id='word_1_653' title='bbox 3472 4644 3632 4698; x_wconf 87' lang='lat' dir='ltr'><strong>opor-</strong></span> 
     </span>
    </p>
   </div>
   <div class='ocr_carea' id='block_1_95' title="bbox 395 4723 1243 4794">
    <p class='ocr_par' dir='ltr' id='par_1_95' title="bbox 395 4723 1243 4794">
     <span class='ocr_line' id='line_1_95' title="bbox 395 4723 1243 4794; baseline 0.005 -19"><span class='ocrx_word' id='word_1_654' title='bbox 395 4737 662 4785; x_wconf 86' lang='lat' dir='ltr'><strong>scoporum</strong></span> <span class='ocrx_word' id='word_1_655' title='bbox 688 4723 757 4776; x_wconf 91' lang='lat' dir='ltr'><strong>ad</strong></span> <span class='ocrx_word' id='word_1_656' title='bbox 782 4727 921 4794; x_wconf 83' lang='lat' dir='ltr'><strong>ipsos</strong></span> <span class='ocrx_word' id='word_1_657' title='bbox 945 4725 1243 4792; x_wconf 82' lang='lat' dir='ltr'><strong>referendis.</strong></span> 
     </span>
    </p>
   </div>
   <div class='ocr_carea' id='block_1_96' title="bbox 319 4811 1925 4895">
    <p class='ocr_par' dir='ltr' id='par_1_96' title="bbox 319 4811 1925 4895">
     <span class='ocr_line' id='line_1_96' title="bbox 319 4811 1925 4895; baseline 0.01 -30"><span class='ocrx_word' id='word_1_658' title='bbox 319 4811 431 4867; x_wconf 80' lang='lat' dir='ltr'><strong>\&#39;Il.</strong></span> <span class='ocrx_word' id='word_1_659' title='bbox 468 4813 535 4870; x_wconf 89' lang='lat' dir='ltr'><strong>Ut</strong></span> <span class='ocrx_word' id='word_1_660' title='bbox 573 4816 839 4885; x_wconf 82' lang='lat' dir='ltr'><strong>episcOpus</strong></span> <span class='ocrx_word' id='word_1_661' title='bbox 888 4827 1174 4884; x_wconf 86' lang='lat' dir='ltr'><strong>accusatus,</strong></span> <span class='ocrx_word' id='word_1_662' title='bbox 1220 4817 1282 4871; x_wconf 89' lang='lat' dir='ltr'><strong>ab</strong></span> <span class='ocrx_word' id='word_1_663' title='bbox 1323 4821 1556 4877; x_wconf 87' lang='lat' dir='ltr'><strong>omnibus</strong></span> <span class='ocrx_word' id='word_1_664' title='bbox 1603 4825 1925 4895; x_wconf 78' lang='lat' dir='ltr'><strong>comprovin-</strong></span> 
     </span>
    </p>
   </div>
   <div class='ocr_carea' id='block_1_97' title="bbox 391 4908 1182 4980">
    <p class='ocr_par' dir='ltr' id='par_1_97' title="bbox 391 4908 1182 4980">
     <span class='ocr_line' id='line_1_97' title="bbox 391 4908 1182 4980; baseline 0.006 -20"><span class='ocrx_word' id='word_1_665' title='bbox 391 4908 604 4962; x_wconf 87' lang='lat' dir='ltr'><strong>cialibus</strong></span> <span class='ocrx_word' id='word_1_666' title='bbox 634 4910 883 4980; x_wconf 87' lang='lat' dir='ltr'><strong>episcopis</strong></span> <span class='ocrx_word' id='word_1_667' title='bbox 921 4911 1182 4966; x_wconf 83' lang='lat' dir='ltr'><strong>audiatur.</strong></span> 
     </span>
    </p>
   </div>
   <div class='ocr_carea' id='block_1_98' title="bbox 315 4997 1924 5078">
    <p class='ocr_par' dir='ltr' id='par_1_98' title="bbox 315 4997 1924 5078">
     <span class='ocr_line' id='line_1_98' title="bbox 315 4997 1924 5078; baseline 0.01 -26"><span class='ocrx_word' id='word_1_668' title='bbox 315 4997 452 5052; x_wconf 68' lang='lat' dir='ltr'><strong>Ylll.</strong></span> <span class='ocrx_word' id='word_1_669' title='bbox 505 4998 574 5054; x_wconf 92' lang='lat' dir='ltr'><strong>Ut</strong></span> <span class='ocrx_word' id='word_1_670' title='bbox 603 5003 766 5058; x_wconf 85' lang='lat' dir='ltr'><strong>omnis</strong></span> <span class='ocrx_word' id='word_1_671' title='bbox 787 5005 1044 5059; x_wconf 88' lang='lat' dir='ltr'><strong>accusatio</strong></span> <span class='ocrx_word' id='word_1_672' title='bbox 1087 5004 1220 5060; x_wconf 90' lang='lat' dir='ltr'><strong>intra</strong></span> <span class='ocrx_word' id='word_1_673' title='bbox 1248 5009 1560 5078; x_wconf 82' lang='lat' dir='ltr'><strong>provinciam</strong></span> <span class='ocrx_word' id='word_1_674' title='bbox 1607 5013 1924 5078; x_wconf 76' lang='lat' dir='ltr'><strong>terminatur,</strong></span> 
     </span>
    </p>
   </div>
   <div class='ocr_carea' id='block_1_99' title="bbox 2035 4706 3635 4783">
    <p class='ocr_par' dir='ltr' id='par_1_99' title="bbox 2035 4706 3635 4783">
     <span class='ocr_line' id='line_1_99' title="bbox 2035 4706 3635 4783; baseline 0.009 -18"><span class='ocrx_word' id='word_1_675' title='bbox 2035 4718 2110 4765; x_wconf 92' lang='lat' dir='ltr'><strong>tet</strong></span> <span class='ocrx_word' id='word_1_676' title='bbox 2138 4706 2276 4773; x_wconf 84' lang='lat' dir='ltr'><strong>ﬁeri,</strong></span> <span class='ocrx_word' id='word_1_677' title='bbox 2327 4723 2426 4764; x_wconf 90' lang='lat' dir='ltr'><strong>nec</strong></span> <span class='ocrx_word' id='word_1_678' title='bbox 2474 4709 2654 4765; x_wconf 69' lang='lat' dir='ltr'><strong>denuo</strong></span> <span class='ocrx_word' id='word_1_679' title='bbox 2684 4712 2954 4783; x_wconf 87' lang='lat' dir='ltr'><strong>replicari.</strong></span> <span class='ocrx_word' id='word_1_680' title='bbox 2992 4715 3194 4772; x_wconf 87' lang='lat' dir='ltr'><strong>Tamen</strong></span> <span class='ocrx_word' id='word_1_681' title='bbox 3227 4733 3451 4777; x_wconf 90' lang='lat' dir='ltr'><strong>necesse</strong></span> <span class='ocrx_word' id='word_1_682' title='bbox 3473 4733 3553 4779; x_wconf 90' lang='lat' dir='ltr'><strong>est</strong></span> <span class='ocrx_word' id='word_1_683' title='bbox 3576 4733 3635 4780; x_wconf 87' lang='lat' dir='ltr'><strong>ut.</strong></span> 
     </span>
    </p>
   </div>
   <div class='ocr_carea' id='block_1_100' title="bbox 2030 4806 3632 4887">
    <p class='ocr_par' dir='ltr' id='par_1_100' title="bbox 2030 4806 3632 4887">
     <span class='ocr_line' id='line_1_100' title="bbox 2030 4806 3632 4887; baseline 0.011 -30"><span class='ocrx_word' id='word_1_684' title='bbox 2030 4820 2152 4875; x_wconf 63' lang='lat' dir='ltr'><strong>qua:</strong></span> <span class='ocrx_word' id='word_1_685' title='bbox 2175 4806 2333 4863; x_wconf 87' lang='lat' dir='ltr'><strong>toties</strong></span> <span class='ocrx_word' id='word_1_686' title='bbox 2363 4816 2709 4878; x_wconf 89' lang='lat' dir='ltr'><strong>usurpantnr,</strong></span> <span class='ocrx_word' id='word_1_687' title='bbox 2759 4810 2956 4878; x_wconf 79' lang='lat' dir='ltr'><strong>sar-pius</strong></span> <span class='ocrx_word' id='word_1_688' title='bbox 2986 4813 3314 4881; x_wconf 89' lang='lat' dir='ltr'><strong>replicentnr</strong></span> <span class='ocrx_word' id='word_1_689' title='bbox 3354 4826 3408 4873; x_wconf 90' lang='lat' dir='ltr'><strong>et</strong></span> <span class='ocrx_word' id='word_1_690' title='bbox 3446 4819 3632 4887; x_wconf 87' lang='lat' dir='ltr'><strong>prohi-</strong></span> 
     </span>
    </p>
   </div>
   <div class='ocr_carea' id='block_1_101' title="bbox 2033 4901 3630 4972">
    <p class='ocr_par' dir='ltr' id='par_1_101' title="bbox 2033 4901 3630 4972">
     <span class='ocr_line' id='line_1_101' title="bbox 2033 4901 3630 4972; baseline 0.005 -14"><span class='ocrx_word' id='word_1_691' title='bbox 2033 4902 2281 4960; x_wconf 87' lang='lat' dir='ltr'><strong>beantur.</strong></span> <span class='ocrx_word' id='word_1_692' title='bbox 2329 4901 2461 4957; x_wconf 87' lang='lat' dir='ltr'><strong>Nam</strong></span> <span class='ocrx_word' id='word_1_693' title='bbox 2521 4901 2774 4972; x_wconf 89' lang='lat' dir='ltr'><strong>qunlquid</strong></span> <span class='ocrx_word' id='word_1_694' title='bbox 2831 4904 2882 4957; x_wconf 92' lang='lat' dir='ltr'><strong>in</strong></span> <span class='ocrx_word' id='word_1_695' title='bbox 2941 4908 3166 4960; x_wconf 89' lang='lat' dir='ltr'><strong>sacratis</strong></span> <span class='ocrx_word' id='word_1_696' title='bbox 3210 4908 3321 4964; x_wconf 91' lang='lat' dir='ltr'><strong>Deo</strong></span> <span class='ocrx_word' id='word_1_697' title='bbox 3367 4913 3529 4966; x_wconf 87' lang='lat' dir='ltr'><strong>rebus</strong></span> <span class='ocrx_word' id='word_1_698' title='bbox 3579 4922 3630 4968; x_wconf 93' lang='lat' dir='ltr'><strong>et</strong></span> 
     </span>
    </p>
   </div>
   <div class='ocr_carea' id='block_1_102' title="bbox 2035 4993 3628 5072">
    <p class='ocr_par' dir='ltr' id='par_1_102' title="bbox 2035 4993 3628 5072">
     <span class='ocr_line' id='line_1_102' title="bbox 2035 4993 3628 5072; baseline 0.007 -25"><span class='ocrx_word' id='word_1_699' title='bbox 2035 4995 2303 5072; x_wconf 82' lang='lat' dir='ltr'><strong>episcopis</strong></span> <span class='ocrx_word' id='word_1_700' title='bbox 2333 4993 2529 5064; x_wconf 79' lang='lat' dir='ltr'><strong>injuste</strong></span> <span class='ocrx_word' id='word_1_701' title='bbox 2555 4994 2750 5064; x_wconf 88' lang='lat' dir='ltr'><strong>agitur,</strong></span> <span class='ocrx_word' id='word_1_702' title='bbox 2805 5009 2902 5065; x_wconf 89' lang='lat' dir='ltr'><strong>pro</strong></span> <span class='ocrx_word' id='word_1_703' title='bbox 2948 4996 3232 5068; x_wconf 79' lang='lat' dir='ltr'><strong>sacrilegio</strong></span> <span class='ocrx_word' id='word_1_704' title='bbox 3271 5003 3628 5070; x_wconf 87' lang='lat' dir='ltr'><strong>reputabitur,</strong></span> 
     </span>
    </p>
   </div>
   <div class='ocr_carea' id='block_1_103' title="bbox 1632 5117 2258 5191">
    <p class='ocr_par' dir='ltr' id='par_1_103' title="bbox 1632 5117 2258 5191">
     <span class='ocr_line' id='line_1_103' title="bbox 1632 5117 2258 5191; baseline -0.016 -9"><span class='ocrx_word' id='word_1_705' title='bbox 1632 5124 1999 5182; x_wconf 78' lang='lat' dir='ltr'><strong>VARIORUM</strong></span> <span class='ocrx_word' id='word_1_706' title='bbox 2027 5117 2258 5191; x_wconf 55' lang='lat' dir='ltr'><strong>NOJ‘IE.</strong></span> 
     </span>
    </p>
   </div>
   <div class='ocr_carea' id='block_1_104' title="bbox 313 5238 1914 5309">
    <p class='ocr_par' dir='ltr' id='par_1_104' title="bbox 313 5238 1914 5309">
     <span class='ocr_line' id='line_1_104' title="bbox 313 5238 1914 5309; baseline 0.001 -17"><span class='ocrx_word' id='word_1_707' title='bbox 313 5239 513 5300; x_wconf 83' lang='lat' dir='ltr'><strong>tiones.</strong></span> <span class='ocrx_word' id='word_1_708' title='bbox 540 5253 687 5309; x_wconf 82' lang='lat' dir='ltr'><strong>quas</strong></span> <span class='ocrx_word' id='word_1_709' title='bbox 710 5238 842 5295; x_wconf 88' lang='lat' dir='ltr'><strong>dicit</strong></span> <span class='ocrx_word' id='word_1_710' title='bbox 867 5239 1121 5297; x_wconf 87' lang='lat' dir='ltr'><strong>sacerdos</strong></span> <span class='ocrx_word' id='word_1_711' title='bbox 1153 5256 1272 5295; x_wconf 87' lang='lat' dir='ltr'><strong>eum</strong></span> <span class='ocrx_word' id='word_1_712' title='bbox 1298 5256 1482 5296; x_wconf 86' lang='lat' dir='ltr'><strong>sacras</strong></span> <span class='ocrx_word' id='word_1_713' title='bbox 1509 5250 1688 5297; x_wconf 84' lang='lat' dir='ltr'><strong>vestes</strong></span> <span class='ocrx_word' id='word_1_714' title='bbox 1716 5242 1914 5296; x_wconf 90' lang='lat' dir='ltr'><strong>induit.</strong></span> 
     </span>
    </p>
   </div>
   <div class='ocr_carea' id='block_1_105' title="bbox 310 5309 1917 5394">
    <p class='ocr_par' dir='ltr' id='par_1_105' title="bbox 310 5309 1917 5394">
     <span class='ocr_line' id='line_1_105' title="bbox 310 5309 1917 5394; baseline 0.002 -29"><span class='ocrx_word' id='word_1_715' title='bbox 310 5309 550 5394; x_wconf 63' lang='lat' dir='ltr'><strong>Joannes</strong></span> <span class='ocrx_word' id='word_1_716' title='bbox 592 5310 890 5394; x_wconf 74' lang='lat' dir='ltr'><strong>Diacpnus,</strong></span> <span class='ocrx_word' id='word_1_717' title='bbox 938 5312 1030 5366; x_wconf 91' lang='lat' dir='ltr'><strong>lib.</strong></span> <span class='ocrx_word' id='word_1_718' title='bbox 1089 5330 1123 5394; x_wconf 79' lang='lat' dir='ltr'><strong>n</strong></span> <span class='ocrx_word' id='word_1_719' title='bbox 1176 5311 1606 5394; x_wconf 72' lang='lat' dir='ltr'><strong>Viue__Gregorii,</strong></span> <span class='ocrx_word' id='word_1_720' title='bbox 1649 5329 1767 5394; x_wconf 75' lang='lat' dir='ltr'><strong>cap.</strong></span> <span class='ocrx_word' id='word_1_721' title='bbox 1822 5314 1917 5394; x_wconf 63' lang='lat'><strong>57,</strong></span> 
     </span>
    </p>
   </div>
   <div class='ocr_carea' id='block_1_106' title="bbox 310 5381 1919 5453">
    <p class='ocr_par' dir='ltr' id='par_1_106' title="bbox 310 5381 1919 5453">
     <span class='ocr_line' id='line_1_106' title="bbox 310 5381 1919 5453; baseline 0.001 -17"><span class='ocrx_word' id='word_1_722' title='bbox 310 5381 482 5436; x_wconf 80' lang='lat' dir='ltr'><strong>refert</strong></span> <span class='ocrx_word' id='word_1_723' title='bbox 509 5382 828 5449; x_wconf 78' lang='lat' dir='ltr'><strong>Gregorium</strong></span> <span class='ocrx_word' id='word_1_724' title='bbox 864 5398 1077 5453; x_wconf 83' lang='lat' dir='ltr'><strong>papam,</strong></span> <span class='ocrx_word' id='word_1_725' title='bbox 1103 5385 1244 5439; x_wconf 90' lang='lat' dir='ltr'><strong>inter</strong></span> <span class='ocrx_word' id='word_1_726' title='bbox 1270 5386 1370 5438; x_wconf 87' lang='lat' dir='ltr'><strong>alia</strong></span> <span class='ocrx_word' id='word_1_727' title='bbox 1395 5381 1559 5444; x_wconf 68' lang='lat' dir='ltr'><strong>do&#39;na.</strong></span> <span class='ocrx_word' id='word_1_728' title='bbox 1605 5385 1820 5439; x_wconf 89' lang='lat' dir='ltr'><strong>misisse</strong></span> <span class='ocrx_word' id='word_1_729' title='bbox 1866 5385 1919 5437; x_wconf 92' lang='lat' dir='ltr'><strong>in</strong></span> 
     </span>
    </p>
   </div>
   <div class='ocr_carea' id='block_1_107' title="bbox 309 5453 1917 5521">
    <p class='ocr_par' dir='ltr' id='par_1_107' title="bbox 309 5453 1917 5521">
     <span class='ocr_line' id='line_1_107' title="bbox 309 5453 1917 5521; baseline -0.001 -13"><span class='ocrx_word' id='word_1_730' title='bbox 309 5453 562 5521; x_wconf 80' lang='lat' dir='ltr'><strong>Angliam</strong></span> <span class='ocrx_word' id='word_1_731' title='bbox 587 5454 902 5509; x_wconf 84' lang='lat' dir='ltr'><strong>vestimenta</strong></span> <span class='ocrx_word' id='word_1_732' title='bbox 935 5456 1289 5510; x_wconf 84' lang='lat' dir='ltr'><strong>sacerdotalia</strong></span> <span class='ocrx_word' id='word_1_733' title='bbox 1312 5465 1366 5510; x_wconf 91' lang='lat' dir='ltr'><strong>et</strong></span> <span class='ocrx_word' id='word_1_734' title='bbox 1397 5456 1687 5511; x_wconf 86' lang='lat' dir='ltr'><strong>clericalia.</strong></span> <span class='ocrx_word' id='word_1_735' title='bbox 1736 5455 1917 5509; x_wconf 80' lang='lat' dir='ltr'><strong>&#39;l‘heo-</strong></span> 
     </span>
    </p>
   </div>
   <div class='ocr_carea' id='block_1_108' title="bbox 308 5523 1922 5597">
    <p class='ocr_par' dir='ltr' id='par_1_108' title="bbox 308 5523 1922 5597">
     <span class='ocr_line' id='line_1_108' title="bbox 308 5523 1922 5597; baseline 0 -18"><span class='ocrx_word' id='word_1_736' title='bbox 308 5523 551 5591; x_wconf 87' lang='lat' dir='ltr'><strong>doretns,</strong></span> <span class='ocrx_word' id='word_1_737' title='bbox 581 5524 674 5579; x_wconf 92' lang='lat' dir='ltr'><strong>lib.</strong></span> <span class='ocrx_word' id='word_1_738' title='bbox 725 5541 764 5580; x_wconf 86' lang='grc' dir='ltr'><strong>ιι</strong></span> <span class='ocrx_word' id='word_1_739' title='bbox 815 5525 975 5590; x_wconf 59' lang='lat' dir='ltr'><strong>Hist,</strong></span> <span class='ocrx_word' id='word_1_740' title='bbox 1035 5541 1155 5594; x_wconf 89' lang='lat' dir='ltr'><strong>cap.</strong></span> <span class='ocrx_word' id='word_1_741' title='bbox 1206 5525 1300 5592; x_wconf 76' lang='lat'><strong>‘27,</strong></span> <span class='ocrx_word' id='word_1_742' title='bbox 1349 5527 1592 5580; x_wconf 91' lang='lat' dir='ltr'><strong>meminit</strong></span> <span class='ocrx_word' id='word_1_743' title='bbox 1645 5526 1922 5597; x_wconf 63' lang='lat' dir='ltr'><strong>cujusdam</strong></span> 
     </span>
    </p>
   </div>
   <div class='ocr_carea' id='block_1_109' title="bbox 303 5597 1928 5668">
    <p class='ocr_par' dir='ltr' id='par_1_109' title="bbox 303 5597 1928 5668">
     <span class='ocr_line' id='line_1_109' title="bbox 303 5597 1928 5668; baseline 0.001 -19"><span class='ocrx_word' id='word_1_744' title='bbox 303 5597 478 5650; x_wconf 72' lang='lat' dir='ltr'><strong>vestis</strong></span> <span class='ocrx_word' id='word_1_745' title='bbox 512 5611 679 5668; x_wconf 65' lang='lat' dir='ltr'><strong>sacrm</strong></span> <span class='ocrx_word' id='word_1_746' title='bbox 734 5614 894 5668; x_wconf 91' lang='lat' dir='ltr'><strong>quam</strong></span> <span class='ocrx_word' id='word_1_747' title='bbox 949 5598 1332 5652; x_wconf 83' lang='lat' dir='ltr'><strong>Constantinus</strong></span> <span class='ocrx_word' id='word_1_748' title='bbox 1382 5597 1612 5668; x_wconf 68' lang='lat' dir='ltr'><strong>Macario</strong></span> <span class='ocrx_word' id='word_1_749' title='bbox 1668 5598 1928 5668; x_wconf 86' lang='lat' dir='ltr'><strong>episcopo</strong></span> 
     </span>
    </p>
   </div>
   <div class='ocr_carea' id='block_1_110' title="bbox 307 5667 1931 5740">
    <p class='ocr_par' dir='ltr' id='par_1_110' title="bbox 307 5667 1931 5740">
     <span class='ocr_line' id='line_1_110' title="bbox 307 5667 1931 5740; baseline 0.001 -19"><span class='ocrx_word' id='word_1_750' title='bbox 307 5668 479 5740; x_wconf 64' lang='lat' dir='ltr'><strong>misit.</strong></span> <span class='ocrx_word' id='word_1_751' title='bbox 530 5667 684 5724; x_wconf 81' lang='lat' dir='ltr'><strong>Adde</strong></span> <span class='ocrx_word' id='word_1_752' title='bbox 735 5667 900 5739; x_wconf 87' lang='lat' dir='ltr'><strong>quod,</strong></span> <span class='ocrx_word' id='word_1_753' title='bbox 959 5669 1147 5724; x_wconf 73' lang='lat' dir='ltr'><strong>libror</strong></span> <span class='ocrx_word' id='word_1_754' title='bbox 1187 5678 1367 5724; x_wconf 88' lang='lat' dir='ltr'><strong>contra</strong></span> <span class='ocrx_word' id='word_1_755' title='bbox 1399 5667 1712 5740; x_wconf 72' lang='lat' dir='ltr'><strong>Pelagium,</strong></span> <span class='ocrx_word' id='word_1_756' title='bbox 1741 5670 1931 5723; x_wconf 87' lang='lat' dir='ltr'><strong>scribit.</strong></span> 
     </span>
    </p>
   </div>
   <div class='ocr_carea' id='block_1_111' title="bbox 305 5739 1928 5814">
    <p class='ocr_par' dir='ltr' id='par_1_111' title="bbox 305 5739 1928 5814">
     <span class='ocr_line' id='line_1_111' title="bbox 305 5739 1928 5814; baseline -0.001 -15"><span class='ocrx_word' id='word_1_757' title='bbox 305 5739 696 5812; x_wconf 79' lang='lat' dir='ltr'><strong>Hieronymus,</strong></span> <span class='ocrx_word' id='word_1_758' title='bbox 746 5741 1052 5813; x_wconf 84' lang='lat' dir='ltr'><strong>episcopos,</strong></span> <span class='ocrx_word' id='word_1_759' title='bbox 1105 5743 1454 5812; x_wconf 87' lang='lat' dir='ltr'><strong>presbyteros</strong></span> <span class='ocrx_word' id='word_1_760' title='bbox 1498 5739 1658 5814; x_wconf 83' lang='lat' dir='ltr'><strong>atque</strong></span> <span class='ocrx_word' id='word_1_761' title='bbox 1711 5754 1928 5800; x_wconf 88' lang='lat' dir='ltr'><strong>omnem</strong></span> 
     </span>
    </p>
   </div>
   <div class='ocr_carea' id='block_1_112' title="bbox 717 5833 1158 5907">
    <p class='ocr_par' dir='ltr' id='par_1_112' title="bbox 717 5833 1158 5907">
     <span class='ocr_line' id='line_1_112' title="bbox 717 5833 1158 5907; baseline -0.007 -10"><span class='ocrx_word' id='word_1_762' title='bbox 717 5837 999 5907; x_wconf 67' lang='grc' dir='ltr'><strong>νηιοι..</strong></span> <span class='ocrx_word' id='word_1_763' title='bbox 1048 5833 1158 5897; x_wconf 82' lang='grc' dir='ltr'><strong>ΙΙΙ.</strong></span> 
     </span>
    </p>
   </div>
   <div class='ocr_carea' id='block_1_113' title="bbox 2021 5225 3634 5294">
    <p class='ocr_par' dir='ltr' id='par_1_113' title="bbox 2021 5225 3634 5294">
     <span class='ocr_line' id='line_1_113' title="bbox 2021 5225 3634 5294; baseline -0.005 1"><span class='ocrx_word' id='word_1_764' title='bbox 2021 5239 2231 5294; x_wconf 91' lang='lat' dir='ltr'><strong>clerum</strong></span> <span class='ocrx_word' id='word_1_765' title='bbox 2262 5233 2314 5287; x_wconf 93' lang='lat' dir='ltr'><strong>in</strong></span> <span class='ocrx_word' id='word_1_766' title='bbox 2345 5227 2598 5284; x_wconf 86' lang='lat' dir='ltr'><strong>sacrificii</strong></span> <span class='ocrx_word' id='word_1_767' title='bbox 2630 5225 3100 5283; x_wconf 83' lang='lat' dir='ltr'><strong>administratione</strong></span> <span class='ocrx_word' id='word_1_768' title='bbox 3125 5229 3368 5285; x_wconf 87' lang='lat' dir='ltr'><strong>candidis</strong></span> <span class='ocrx_word' id='word_1_769' title='bbox 3397 5236 3634 5293; x_wconf 87' lang='lat' dir='ltr'><strong>vestibus</strong></span> 
     </span>
    </p>
   </div>
   <div class='ocr_carea' id='block_1_114' title="bbox 2024 5296 3632 5366">
    <p class='ocr_par' dir='ltr' id='par_1_114' title="bbox 2024 5296 3632 5366">
     <span class='ocr_line' id='line_1_114' title="bbox 2024 5296 3632 5366; baseline 0.001 -3"><span class='ocrx_word' id='word_1_770' title='bbox 2024 5313 2098 5365; x_wconf 90' lang='lat' dir='ltr'><strong>uti</strong></span> <span class='ocrx_word' id='word_1_771' title='bbox 2131 5308 2318 5362; x_wconf 78' lang='lat' dir='ltr'><strong>Solitos</strong></span> <span class='ocrx_word' id='word_1_772' title='bbox 2347 5301 2530 5354; x_wconf 80' lang='lat' dir='ltr'><strong>fuisse.</strong></span> <span class='ocrx_word' id='word_1_773' title='bbox 2593 5299 2771 5366; x_wconf 82' lang='lat' dir='ltr'><strong>Itaque.</strong></span> <span class='ocrx_word' id='word_1_774' title='bbox 2808 5296 2910 5350; x_wconf 89' lang='lat' dir='ltr'><strong>hoc</strong></span> <span class='ocrx_word' id='word_1_775' title='bbox 2959 5298 3024 5350; x_wconf 85' lang='lat' dir='ltr'><strong>de</strong></span> <span class='ocrx_word' id='word_1_776' title='bbox 3077 5303 3244 5354; x_wconf 90' lang='lat' dir='ltr'><strong>sacris</strong></span> <span class='ocrx_word' id='word_1_777' title='bbox 3293 5305 3632 5364; x_wconf 73' lang='lat' dir='ltr'><strong>Vestimentis</strong></span> 
     </span>
    </p>
   </div>
   <div class='ocr_carea' id='block_1_115' title="bbox 2024 5370 3633 5448">
    <p class='ocr_par' dir='ltr' id='par_1_115' title="bbox 2024 5370 3633 5448">
     <span class='ocr_line' id='line_1_115' title="bbox 2024 5370 3633 5448; baseline -0.002 -10"><span class='ocrx_word' id='word_1_778' title='bbox 2024 5378 2282 5446; x_wconf 87' lang='lat' dir='ltr'><strong>Stephani</strong></span> <span class='ocrx_word' id='word_1_779' title='bbox 2327 5373 2625 5435; x_wconf 78' lang='lat' dir='ltr'><strong>decretum,</strong></span> <span class='ocrx_word' id='word_1_780' title='bbox 2677 5384 2780 5448; x_wconf 69' lang='lat' dir='ltr'><strong>non</strong></span> <span class='ocrx_word' id='word_1_781' title='bbox 2826 5378 3027 5448; x_wconf 80' lang='lat' dir='ltr'><strong>tantum</strong></span> <span class='ocrx_word' id='word_1_782' title='bbox 3060 5370 3127 5424; x_wconf 89' lang='lat' dir='ltr'><strong>ab</strong></span> <span class='ocrx_word' id='word_1_783' title='bbox 3184 5373 3300 5440; x_wconf 88' lang='lat' dir='ltr'><strong>ipso</strong></span> <span class='ocrx_word' id='word_1_784' title='bbox 3357 5375 3633 5448; x_wconf 86' lang='lat' dir='ltr'><strong>ipsiusque</strong></span> 
     </span>
    </p>
   </div>
   <div class='ocr_carea' id='block_1_116' title="bbox 2027 5440 3634 5523">
    <p class='ocr_par' dir='ltr' id='par_1_116' title="bbox 2027 5440 3634 5523">
     <span class='ocr_line' id='line_1_116' title="bbox 2027 5440 3634 5523; baseline -0.001 -18"><span class='ocrx_word' id='word_1_785' title='bbox 2027 5440 2345 5523; x_wconf 81' lang='lat' dir='ltr'><strong>quibusdam</strong></span> <span class='ocrx_word' id='word_1_786' title='bbox 2407 5440 2839 5523; x_wconf 74' lang='lat' dir='ltr'><strong>antecessoribus</strong></span> <span class='ocrx_word' id='word_1_787' title='bbox 2893 5440 3027 5523; x_wconf 82' lang='lat' dir='ltr'><strong>bene</strong></span> <span class='ocrx_word' id='word_1_788' title='bbox 3103 5457 3166 5495; x_wconf 91' lang='lat' dir='ltr'><strong>ac</strong></span> <span class='ocrx_word' id='word_1_789' title='bbox 3245 5440 3634 5505; x_wconf 72' lang='lat' dir='ltr'><strong>convenienter</strong></span> 
     </span>
    </p>
   </div>
   <div class='ocr_carea' id='block_1_117' title="bbox 2031 5511 3638 5595">
    <p class='ocr_par' dir='ltr' id='par_1_117' title="bbox 2031 5511 3638 5595">
     <span class='ocr_line' id='line_1_117' title="bbox 2031 5511 3638 5595; baseline -0.004 -17"><span class='ocrx_word' id='word_1_790' title='bbox 2031 5511 2424 5595; x_wconf 71' lang='lat' dir='ltr'><strong>promulgatum</strong></span> <span class='ocrx_word' id='word_1_791' title='bbox 2453 5522 2556 5595; x_wconf 63' lang='lat' dir='ltr'><strong>est,</strong></span> <span class='ocrx_word' id='word_1_792' title='bbox 2586 5512 2678 5564; x_wconf 87' lang='lat' dir='ltr'><strong>sed</strong></span> <span class='ocrx_word' id='word_1_793' title='bbox 2705 5511 2867 5595; x_wconf 51' lang='grc' dir='ltr'><strong>ιζιὶειῐῐ)⁸</strong></span> <span class='ocrx_word' id='word_1_794' title='bbox 2898 5521 3009 5595; x_wconf 76' lang='lat' dir='ltr'><strong>toto</strong></span> <span class='ocrx_word' id='word_1_795' title='bbox 3039 5528 3177 5595; x_wconf 73' lang='lat' dir='ltr'><strong>pene</strong></span> <span class='ocrx_word' id='word_1_796' title='bbox 3205 5524 3470 5595; x_wconf 79' lang='lat' dir='ltr'><strong>terrarum</strong></span> <span class='ocrx_word' id='word_1_797' title='bbox 3506 5525 3638 5595; x_wconf 69' lang='lat' dir='ltr'><strong>urbe</strong></span> 
     </span>
    </p>
   </div>
   <div class='ocr_carea' id='block_1_118' title="bbox 2032 5581 3640 5654">
    <p class='ocr_par' dir='ltr' id='par_1_118' title="bbox 2032 5581 3640 5654">
     <span class='ocr_line' id='line_1_118' title="bbox 2032 5581 3640 5654; baseline -0.005 -6"><span class='ocrx_word' id='word_1_798' title='bbox 2032 5581 2282 5651; x_wconf 61' lang='lat' dir='ltr'><strong>omnibus</strong></span> <span class='ocrx_word' id='word_1_799' title='bbox 2302 5584 2520 5642; x_wconf 59' lang='lat' dir='ltr'><strong>saeculis</strong></span> <span class='ocrx_word' id='word_1_800' title='bbox 2546 5592 2818 5652; x_wconf 75' lang='lat' dir='ltr'><strong>I&#39;l’Ct‘pllllll</strong></span> <span class='ocrx_word' id='word_1_801' title='bbox 2843 5581 2962 5649; x_wconf 81' lang='lat' dir='ltr'><strong>fuit,</strong></span> <span class='ocrx_word' id='word_1_802' title='bbox 2987 5581 3050 5638; x_wconf 85' lang='lat' dir='ltr'><strong>ac</strong></span> <span class='ocrx_word' id='word_1_803' title='bbox 3065 5585 3291 5654; x_wconf 89' lang='lat' dir='ltr'><strong>proinde</strong></span> <span class='ocrx_word' id='word_1_804' title='bbox 3317 5590 3640 5647; x_wconf 79' lang='lat' dir='ltr'><strong>eornmdem</strong></span> 
     </span>
    </p>
   </div>
   <div class='ocr_carea' id='block_1_119' title="bbox 2030 5654 3647 5732">
    <p class='ocr_par' dir='ltr' id='par_1_119' title="bbox 2030 5654 3647 5732">
     <span class='ocr_line' id='line_1_119' title="bbox 2030 5654 3647 5732; baseline -0.017 -10"><span class='ocrx_word' id='word_1_805' title='bbox 2030 5681 2178 5730; x_wconf 90' lang='lat' dir='ltr'><strong>usus,</strong></span> <span class='ocrx_word' id='word_1_806' title='bbox 2211 5660 2363 5732; x_wconf 90' lang='lat' dir='ltr'><strong>quasi</strong></span> <span class='ocrx_word' id='word_1_807' title='bbox 2391 5654 2824 5732; x_wconf 73' lang='lat' dir='ltr'><strong>quiindillerens</strong></span> <span class='ocrx_word' id='word_1_808' title='bbox 2850 5659 2920 5708; x_wconf 84' lang='lat' dir='ltr'><strong>sit</strong></span> <span class='ocrx_word' id='word_1_809' title='bbox 2968 5672 3074 5732; x_wconf 73' lang='lat' dir='ltr'><strong>non</strong></span> <span class='ocrx_word' id='word_1_810' title='bbox 3117 5656 3220 5709; x_wconf 92' lang='lat' dir='ltr'><strong>nisi</strong></span> <span class='ocrx_word' id='word_1_811' title='bbox 3251 5659 3325 5732; x_wconf 70' lang='lat' dir='ltr'><strong>ab</strong></span> <span class='ocrx_word' id='word_1_812' title='bbox 3370 5659 3647 5720; x_wconf 57' lang='grc' dir='ltr'>ὶικπεῃρίε</span> 
     </span>
    </p>
   </div>
   <div class='ocr_carea' id='block_1_120' title="bbox 2031 5726 3488 5810">
    <p class='ocr_par' dir='ltr' id='par_1_120' title="bbox 2031 5726 3488 5810">
     <span class='ocr_line' id='line_1_120' title="bbox 2031 5726 3488 5810; baseline -0.009 -17"><span class='ocrx_word' id='word_1_813' title='bbox 2031 5726 2294 5810; x_wconf 76' lang='lat' dir='ltr'><strong>rejicitur,</strong></span> <span class='ocrx_word' id='word_1_814' title='bbox 2325 5726 2426 5788; x_wconf 50' lang='lat' dir='ltr'><strong>vcl&#39;</strong></span> <span class='ocrx_word' id='word_1_815' title='bbox 2442 5727 2601 5802; x_wconf 86' lang='lat' dir='ltr'><strong>plane</strong></span> <span class='ocrx_word' id='word_1_816' title='bbox 2627 5726 2930 5799; x_wconf 76' lang='lat' dir='ltr'><strong>negligitur.</strong></span> <span class='ocrx_word' id='word_1_817' title='bbox 2965 5727 3222 5782; x_wconf 63' lang='lat' dir='ltr'><strong>Severus.</strong></span> <span class='ocrx_word' id='word_1_818' title='bbox 3260 5731 3393 5789; x_wconf 66' lang='lat' dir='ltr'><strong>Bm.</strong></span> <span class='ocrx_word' id='word_1_819' title='bbox 3484 5799 3488 5802; x_wconf 10' lang='lat' dir='ltr'><em>ﬁ</em></span> 
     </span>
    </p>
   </div>
   <div class='ocr_carea' id='block_1_121' title="bbox 2887 5816 2966 5883">
    <p class='ocr_par' dir='ltr' id='par_1_121' title="bbox 2887 5816 2966 5883">
     <span class='ocr_line' id='line_1_121' title="bbox 2887 5816 2966 5883; baseline 0.051 -4"><span class='ocrx_word' id='word_1_820' title='bbox 2887 5816 2966 5883; x_wconf 70' lang='lat'><strong>32</strong></span> 
     </span>
    </p>
   </div>
  </div>
