4260 6266
324 355 348 402 1
359 344 469 402 003

1789 336 2153 398 APPENDIX.

3483 339 3628 403 5006

322 467 553 524 cialibus
588 462 876 538 episcopis,
908 463 1064 535 quia,
1098 461 1231 533 ipsis
1269 460 1602 528 absentibus,
1635 473 1734 514 nec
1759 458 1919 513 debet

2046 492 2193 532 orem
2224 491 2382 533 nemo
2426 475 2702 546 suSpiciat,
2727 476 2847 546 quia
2874 472 3192 547 magis'sunt
3218 476 3469 536 doctores
3495 495 3624 550 por-

322 577 424 617 ncc
467 569 664 632 potest.
696 559 827 626 Quae
854 571 986 611 vero
1012 568 1257 626 persnnte
1303 555 1370 609 ad
1413 554 1809 610 accusationem
1838 566 1923 606 eo-

319 665 442 711 rum
485 671 588 708 uon
618 656 742 707 sunt
772 646 1116 704 admittenda:
1137 689 1150 714 ,
1182 658 1236 704 et
1261 646 1508 718 superius
1538 661 1605 701 ex
1636 653 1786 715 parte
1811 643 1920 713 jam

321 743 529 800 dictum
575 751 675 809 est,
733 751 788 798 et
840 741 1000 796 latius
1066 747 1173 794 tam
1245 739 1297 793 hi
1373 745 1533 809 quam
1581 746 1633 791 ct
1692 735 1921 791 infames

322 850 607 907 personas,
650 836 704 889 in
751 835 977 905 epistola
1026 845 1186 903 quam
1237 831 1440 888 dudum
1486 830 1690 885 Hilario
1723 827 1924 883 ttmisi-

323 943 463 997 mus,
493 939 618 984 sunt
643 935 1038 984 annumeratite.

324 1049 326 1052 ·
400 1023 531 1080 VIII.
565 1023 715 1081 Ultra
747 1025 1035 1095 provincia:
1065 1024 1146 1098 (5,
1176 1041 1226 1094 q.
1253 1023 1305 1088 6,
1340 1020 1492 1077 Ultra
1531 1020 1844 1094 provinciis;
1873 1027 1922 1073 et

323 1122 376 1176 in
417 1120 568 1176 Decr.
600 1118 760 1174 Joan.
796 1118 884 1173 lib.
915 1118 993 1190 tv)
1036 1131 1168 1173 vero
1221 1119 1479 1172 terminos
1516 1113 1802 1172 accusandi
1852 1115 1920 1170 li-

323 1216 498 1273 centia
542 1231 647 1270 non
689 1212 1091 1285 progrediatur,
1121 1215 1216 1266 sed
1246 1212 1420 1267 omnis
1466 1212 1732 1267 accusatio
1782 1212 1922 1266 inter

321 1307 653 1381 provinciam
684 1305 948 1373 audiatur,
976 1315 1075 1362 eta
1098 1304 1638 1375 coittprovlncialibus
1667 1305 1920 1359 termine-

321 1410 431 1467 tur,
454 1401 555 1456 nisi
578 1401 642 1454 ad
673 1398 1020 1470 apostolicam
1041 1395 1238 1453 Sedem
1268 1397 1426 1452 fuerit
1452 1406 1654 1451 tantum
1682 1395 1920 1467 appella-

321 1501 456 1550 tum.
485 1494 554 1549 Et
581 1491 820 1564 neganda
844 1492 920 1564 (’5,
944 1507 994 1562 ᾳ.
1028 1489 1114 1555 II,
1142 1489 1398 1560 Neganda
1423 1501 1529 1554 est;
1557 1498 1603 1543 et
1629 1490 1682 1544 in
1712 1489 1912 1543 Decret.

319 1587 476 1642 Joan.
503 1585 594 1640 lib.
616 1583 691 1657 tv)
722 1594 806 1641 est
837 1584 1102 1639 accusatis
1142 1583 1357 1638 licentia
1389 1583 1737 1648 criminandi,
1771 1583 1919 1652 prius

320 1695 480 1752 quam
503 1695 562 1735 se
580 1681 828 1746 crimine,
858 1694 965 1749 quo
988 1689 1323 1749 premuntur,
1343 1679 1592 1734 exuerint
1611 1677 1629 1748 (
1648 1677 1770 1731 Vide
1785 1677 1913 1731 Cod.

319 1775 520 1831 Tlteod.
548 1776 639 1829 lib.
676 1790 764 1841 ιχ,
801 1783 963 1829 const.
999 1773 1084 1842 10,
1117 1773 1179 1828 Η
1203 1817 1215 1841 ,
1253 1773 1340 1840 I2,
1374 1772 1632 1825 Attianum
1671 1771 1918 1840 interpre-

2025 569 2192 634 tandi,
2212 586 2370 639 quam
2395 569 2749 634 l:cdenili,aut
2769 568 3081 622 infamandi.
3115 569 3265 625 Unde
3294 573 3368 624 ait
3391 573 3624 640 Aposto-

2023 661 2138 715 lus:
2168 662 2309 716 Alter
2331 663 2537 716 alterius
2574 679 2727 716 onera
2755 671 2969 730 portate,
2998 672 3040 715 et
3063 662 3134 716 sic
3161 663 3433 733 implebitis
3464 665 3624 733 legem

2023 754 2216 810 Christi
2245 756 2443 828 (Galat.
2477 756 2577 827 Vt).
2606 755 2844 810 Charitas
2875 766 3045 811 autent
3084 774 3184 811 non
3240 768 3309 811 est
3333 758 3622 826 ambitiosa,

2023 867 2125 904 non
2172 851 2423 921 inﬂatur,
2480 867 2580 930 non
2630 851 2964 920 quaeritque:
3008 867 3102 904 sua
3157 863 3312 918 sunt,
3371 853 3460 907 sed
3507 869 3621 924 qua:

2025 941 2152 998 Jesu
2203 943 2392 999 Christi
2442 943 2653 1016 (ICor.
2700 944 2814 1016 15).
2874 945 2977 1010 Qui
3027 956 3196 999 manet
3239 947 3292 1000 in
3351 948 3619 1011 cltaritate,

2021 1039 2075 1094 in
2105 1039 2214 1094 Deo
2241 1049 2430 1105 manet,
2455 1049 2502 1093 et
2533 1038 2673 1093 Deus
2712 1039 2766 1093 in
2791 1055 2852 1092 eo
2879 1040 2924 1111 (I
2965 1038 3124 1093 Joan.
3164 1045 3261 1109 ιν).
3315 1040 3380 1093 Et
3425 1046 3514 1109 qui
3565 1039 3624 1094 in

2030 1134 2142 1190 Deo
2196 1141 2397 1201 manet,
2443 1133 2575 1188 nulli
2606 1133 2717 1187 vult
2774 1137 2968 1188 no'cere
3024 1133 3120 1188 scd
3173 1147 3363 1187 omnes
3407 1131 3621 1186 deside-

2027 1235 2111 1282 rat
2173 1225 2429 1296 adjuvare
2489 1235 2543 1280 et
2586 1234 2932 1291 sustentare,
2998 1225 3138 1280 sicut
3192 1226 3304 1293 ipse
3358 1225 3621 1278 Dominus

2024 1337 2195 1374 omnes
2234 1321 2368 1374 venit
2407 1319 2604 1373 salvere
2642 1329 2686 1371 et
2715 1320 2939 1371 animam
2978 1332 3125 1370 suam
3163 1317 3284 1370 dare
3329 1317 3380 1368 in
3417 1317 3618 1370 redem-

2023 1414 2245 1483 ptionem
2290 1430 2382 1481 pro
2429 1411 2570 1465 nobis
2605 1409 2828 1480 (Matth.
2861 1409 2982 1478 xx).
3016 1409 3216 1462 Eorum
3247 1407 3459 1480 (Iladr.
3492 1409 3616 1461 coll.

2022 1501 2129 1575 229)
2176 1514 2353 1558 autem
2409 1502 2692 1558 accusandi
2760 1501 3108 1564 sacerdotes,
3161 1501 3242 1554 vel
3293 1498 3618 1555 testificandi

2022 1597 2075 1650 in
2127 1611 2223 1652 eos
2253 1610 2442 1651 vocem
2484 1595 2816 1649 obstruimus
2861 1609 2997 1664 quos
3049 1593 3297 1646 humanis
3337 1601 3392 1646 et
3418 1591 3614 1646 divinis

2021 1689 2243 1746 vocibus
2302 1691 2582 1744 damnatos
2640 1687 2728 1743 vel
2785 1696 3026 1742 mortuos
3083 1701 3203 1740 esse
3252 1690 3618 1755 agnoscimus.

2022 1782 2329 1839 Prmvidere
2356 1797 2483 1852 ergo
2512 1795 2857 1848 summOpere
2879 1780 3077 1834 debent
3099 1793 3288 1832 omnes
3317 1778 3406 1847 qui
3439 1792 3620 1831 sacer-

321 1879 456 1934 tem;
488 1867 658 1924 Hadr.
689 1869 875 1937 coll.);
908 1867 1030 1939 quia
1073 1881 1178 1922 non
1231 1872 1314 1922 'est
1352 1864 1677 1921 credendum
1729 1873 1917 1919 contra

2039 1876 2177 1932 Ioles
2220 1874 2431 1930 Domini
2459 1884 2878 1945 persequuntur,
2914 1881 3020 1927 tam
3052 1873 3261 1928 occulte
3311 1886 3472 1940 quant
3506 1887 3619 1925 ma-

321 1963 459 2019 alios
515 1977 700 2019 eorum
741 1960 1102 2029 confessioni,
1151 1977 1239 2030 qui
1285 1960 1600 2015 criminibus
1660 1958 1919 2028 implicati

320 2067 469 2120 sunt,
501 2057 602 2110 nisi
627 2067 684 2110 se
713 2055 867 2127 prius
920 2053 1266 2124 probaverim
1296 2054 1636 2120 innocentes,
1664 2053 1918 2123 quoniam

319 2152 621 2224 periculosa
662 2155 766 2214 est,
812 2149 868 2204 et
909 2147 1121 2203 admitti
1162 2163 1270 2203 non
1325 2148 1489 2203 debet
1532 2149 1607 2204 rei
1660 2147 1920 2202 adversus

321 2253 717 2314 quemcumque
755 2239 1042 2318 professio.
1084 2238 1399 2294 Familiares
1433 2249 1564 2294 vero
1618 2246 1673 2292 et
1728 2245 1922 2307 sponte

320 2335 558 2394 confessi
610 2345 770 2408 atque
821 2325 1119 2390 sceleribus
1170 2333 1388 2397 irretiti,
1435 2339 1545 2387 utin
1586 2331 1785 2386 debent
1828 2330 1924 2385 ad-

319 2431 482 2496 mitti,
517 2443 614 2484 nee
657 2423 713 2483 hi
736 2427 823 2498 qui
850 2409 937 2499 (Β.
969 2426 1147 2481 Ambr.
1175 2426 1323 2498 epist.
1352 2429 1502 2495 thv)
1535 2424 1785 2479 hesterna
1812 2422 1920 2490 die,

324 2529 418 2579 aut
447 2520 648 2593 pridie,
689 2521 780 2576 aut
806 2531 930 2575 ante
955 2521 1168 2576 inerunt
1198 2519 1420 2574 inimici.

394 2616 485 2672 lX.
542 2617 786 2673 Clericus
830 2630 961 2686 ergo
1000 2615 1088 2684 qui
1143 2614 1456 2684 episcopum
1486 2607 1564 2686 ('5,
1588 2627 1638 2683 q.
1668 2613 1733 2677 4,
1764 2610 1925 2666 Cleri—

326 2727 416 2767 cus
441 2711 525 2782 qui
553 2708 864 2780 episcopum)
897 2719 1053 2762 suum
1085 2707 1434 2770 accusaverit,
1483 2715 1574 2760 aut
1609 2706 1658 2759 ei
1704 2705 1925 2759 insidia-

328 2815 412 2861 tor
438 2804 708 2870 extiterit,
761 2817 868 2858 non
916 2807 998 2857 est
1043 2799 1404 2871 recipiendus,
1433 2801 1556 2870 quia
1603 2797 1813 2853 infamis
1842 2796 1926 2853 ef-

327 2901 500 2958 fectus
527 2909 627 2963 est,
663 2906 717 2955 et
743 2895 967 2970 a'gradu
999 2893 1158 2952 debet
1180 2894 1453 2962 recedere,
1478 2901 1570 2949 aut
1597 2893 1762 2948 curiae
1793 2889 1927 2946 tradi

335 2996 660 3055 serviturus.
1869 2977 1872 2980 ’

401 3090 466 3145 Χ.
521 3089 695 3146 Laicis
751 3091 984 3160 quoque,
1033 3083 1276 3158 quamvis
1315 3078 1556 3155 religiosi
1602 3081 1710 3136 sint
1757 3077 1931 3153 (Idem

325 3183 380 3241 in
405 3186 554 3256 epist.
586 3181 810 3237 Fabiani
842 3179 1008 3253 papw)
1032 3223 1046 3248 ,
1081 3177 1211 3234 nulli
1244 3185 1422 3233 tamen
1452 3176 1520 3231 de
1547 3173 1932 3232 ecclesiasticis

2022 1970 2238 2036 nifesle,
2273 1984 2339 2024 ne
2371 1967 2627 2038 subjectis
2660 1967 2870 2021 Domini
2921 1966 3247 2020 damnentur
3305 1965 3613 2034 praeceptis.

2022 2061 2126 2117 Per
2174 2059 2464 2116 Jeremiam
2517 2068 2698 2114 autem
2763 2059 3103 2129 prophetam,
3145 2057 3339 2111 talibus
3395 2056 3625 2111 commi-

2023 2156 2203 2212 nando
2245 2157 2524 2222 Dominus,
2574 2154 2808 2224 loquitur
2847 2153 3075 2208 dicens:
3110 2152 3417 2223 Iniquitates
3447 2161 3624 2206 vestra:

2031 2253 2416 2306 declinaverunt
2453 2247 2479 2287 ά
2523 2249 2696 2303 omnia
2719 2293 2732 2315 ,
2785 2257 2831 2301 et
2881 2257 3088 2317 peccata
3125 2257 3293 2300 vestra
3327 2256 3626 2300 amoverant

2031 2343 2161 2398 bona
2189 2361 2222 2397 α
2247 2345 2403 2410 vobis,
2439 2345 2558 2414 quia
2588 2341 2776 2395 inventi
2807 2347 2921 2393 sunt
2976 2341 3029 2393 in
3068 2340 3258 2410 populo
3313 2357 3424 2393 meo
3479 2338 3628 2408 impii

2027 2449 2072 2492 et
2114 2437 2374 2507 loquentes
2421 2453 2590 2502 vana;
2644 2443 2928 2488 statuerunt
2975 2434 3043 2486 ad
3071 2435 3438 2502 disperdendos
3467 2434 3624 2500 viros,

2028 2541 2074 2586 et
2123 2529 2632 2600 comprehenderunt,
2676 2538 2728 2581 ut
2769 2528 2982 2592 laqueus
3007 2528 3240 2580 venantis
3271 2529 3450 2595 plenus
3477 2526 3625 2580 vola-

2033 2623 2226 2687 tilibus,
2268 2625 2340 2678 sic
2389 2624 2570 2677 domus
2626 2637 2798 2676 eorum
2842 2622 3006 2690 plena:
3051 2621 3171 2674 dolo
3209 2622 3420 2689 (Jerem.
3452 2621 3531 2693 v).
3566 2623 3632 2676 Et

2031 2732 2127 2787 per
2173 2714 2338 2769 David
2367 2717 2472 2769 ait:
2515 2714 2614 2781 Qui
2675 2715 3023 2784 cogitaverunt
3070 2714 3294 2768 malitias
3345 2717 3398 2768 in
3452 2715 3629 2783 corde,

2031 2816 2136 2860 tota
2177 2807 2258 2860 die
2317 2807 2502 2861 versati
2547 2815 2664 2859 sunt
2709 2807 2762 2858 in
2807 2805 3039 2874 prmliis:
3074 2817 3385 2860 exacuerunt
3426 2808 3633 2877 linguas

2031 2917 2151 2955 suas
2177 2901 2304 2955 sicut
2348 2911 2620 2970 serpentes,
2661 2915 2907 2954 venenum
2949 2899 3186 2969 aspidum
3233 2901 3326 2953 sub
3372 2899 3521 2954 labiis
3547 2915 3634 2954 eo-

2033 3012 2148 3048 rum
2195 2993 2364 3066 (Psal.
2427 2991 2676 3066 cxxmx).
2718 2993 2788 3046 Et
2821 2991 2980 3060 paulo
3033 3002 3187 3062 post:
3241 2990 3437 3046 Cadent
3480 3009 3637 3062 super

2035 3102 2120 3140 eos
2155 3085 2395 3139 carbones
2453 3085 2506 3138 in
2553 3085 2690 3156 igne,
2727 3085 2940 3156 dejecies
2979 3099 3062 3137 eos
3105 3085 3158 3137 in
3210 3088 3399 3155 foveas,
3429 3094 3483 3138 ut
3535 3102 3639 3139 non

2043 3189 2376 3250 consurgant.
2411 3177 2501 3234 Vir
2531 3179 2794 3249 linguosus
2823 3196 2924 3232 non
2947 3178 3194 3249 dirigetur
3224 3181 3276 3232 in
3299 3189 3453 3248 terra,
3474 3181 3640 3235 virum

330 3281 671 3338 facultatibus
697 3279 896 3349 aliquid
925 3267 952 3315 δ
978 3274 1336 3346 rCSponden'dl
1361 3273 1553 3343 legitur
1574 3278 1930 3341 umquumal-
1959 3268 2004 3332 C
2038 3273 2285 3346 injustam
2327 3273 2466 3328 mala
2518 3274 2719 3343 capient
2760 3272 2813 3326 in
2867 3273 3096 3326 interitu.
3150 3273 3273 3328 Scio
3321 3276 3442 3344 quia
3486 3275 3641 3342 faciet

331 3376 528 3432 tributa
575 3375 816 3429 facultas.
857 3371 1069 3427 Scimus
1103 3381 1124 3408 ο
1156 3366 1525 3433 dilectissimi,
1553 3365 1674 3437 quia
1721 3376 1934 3433 semper

333 3470 579 3524 carnales
606 3464 945 3534 Spirituales,
980 3465 1154 3518 solent
1182 3461 1460 3533 persequi,
1493 3467 1546 3515 et
1572 3457 1819 3512 malevoli
1851 3455 1936 3510 be-

336 3558 835 3616 nevolosinfamare
862 3567 916 3613 et
944 3555 1202 3611 lacerare.
1226 3549 1458 3623 Ideoque
1477 3551 1718 3621 Apostoli
1741 3559 1791 3604 et
1810 3563 1933 3602 suc-

337 3668 582 3710 cessores
621 3667 843 3715 eorum,
876 3664 939 3705 ac
976 3649 1169 3719 reliqui
1198 3649 1367 3702 sancti
1420 3645 1607 3700 Patres
1649 3643 1938 3696 noluerunt.

341 3745 456 3800 ﬁeri
482 3743 692 3798 facilem
722 3746 1095 3814 episcoporum
1124 3739 1518 3795 accusationem
1543 3753 1557 3802 ;
1583 3737 1855 3806 quoniam,
1891 3735 1936 3788 si

339 3840 520 3897 facilis
545 3849 711 3904 esset,
730 3836 1020 3893 autnullus
1046 3834 1238 3889 autrix
1255 3831 1451 3903 aliquis
1475 3831 1634 3884 modo
1665 3831 1936 3883 invenire-

342 3943 449 3990 tur.
519 3929 720 3986 Throni
769 3931 910 3986 enim
968 3927 1060 3983 Dei
1117 3935 1375 3980 vocantur
1427 3923 1621 3997 (Cone.
1673 3921 1792 3976 Tol.
1847 3935 1933 3989 χι,

341 4045 456 4099 cap.
490 4025 548 4099 5)
573 4024 723 4080 :ideo
749 4041 853 4078 non
883 4021 1082 4077 debent
1107 4019 1339 4083 moveri,
1370 4026 1461 4072 aut
1486 4015 1679 4086 affligi,
1709 4015 1790 4068 vel
1821 4027 1941 4084 per-

345 4101 572 4176 furbari.
603 4119 680 4175 De
703 4118 833 4190 ipsis
851 4132 981 4187 ergo
1004 4115 1078 4170 ait
1095 4112 1358 4184 Propheta
1384 4130 1396 4166 :
1421 4110 1545 4167 Cteli
1567 4121 1804 4165 enarrnnt
1831 4111 1942 4180 glo-

341 4216 472 4268 riam
518 4211 636 4280 Dei,
669 4222 716 4266 et
760 4227 915 4280 opera
943 4221 1188 4263 manuum
1209 4209 1321 4279 ejus
1347 4203 1618 4261 annuntiat
1641 4205 1944 4272 ﬁrmamen-

346 4314 452 4360 tum
485 4293 659 4374 (l’sal.
691 4303 866 4372 xviii).

420 4386 512 4452 XI.
555 4396 619 4452 Hi
647 4411 776 4450 vero
805 4392 894 4464 qui
926 4408 1034 4448 non
1062 4401 1188 4448 sunt
1220 4391 1377 4448 bonae
1419 4391 1841 4449 conversationis
1891 4399 1946 4446 et

349 4495 577 4561 Quorum
644 4491 751 4544 vita
797 4495 880 4543 est
941 4487 1301 4555 accusabilis,
1364 4495 1456 4542 aut
1507 4497 1732 4558 quorum
1789 4485 1943 4552 lides,

349 4582 458 4636 vita
500 4591 556 4638 et
604 4582 826 4635 libertas
892 4579 1165 4641 nescitur,
1217 4596 1322 4635 non
1370 4587 1596 4648 possunt
1652 4591 1745 4632 eos
1789 4590 1950 4629 accu-

2037 3365 2292 3422 Dominus
2338 3384 2547 3422 causam
2612 3367 2800 3436 inopis,
2833 3365 3035 3435 judicia
3085 3382 3367 3435 pauperum
3417 3366 3636 3438 (Ibid.).

2039 3461 2170 3517 Item
2201 3462 2382 3518 idem:
2419 3459 2568 3514 Muta
2610 3461 2738 3530 [iant
2778 3459 2914 3514 labia
2945 3460 3122 3514 dolosa
3165 3459 3335 3532 (Psal.
3369 3449 3519 3517 xix).
3568 3461 3638 3516 Et;

2040 3555 2234 3610 iterum
2300 3572 2395 3625 per
2450 3555 2724 3609 Michaeam
2776 3554 2995 3623 inquit:
3049 3553 3236 3609 Omnes
3290 3557 3343 3609 in
3393 3557 3644 3624 sanguine

2045 3650 2400 3722 ejudicantur,
2429 3647 2772 3718 unusquisque
2793 3648 3082 3718 proximum
3109 3665 3255 3701 suum
3280 3648 3511 3712 tribulat,
3533 3666 3641 3703 ont-

2041 3759 2130 3797 nes
2171 3743 2223 3796 in
2265 3742 2458 3795 malum
2487 3757 2669 3794 manus
2709 3757 2829 3793 suas
2871 3751 3162 3808 prazparant
3189 3741 3207 3811 (
3239 3740 3400 3794 Illic/1.
3446 3758 3538 3796 vn.
3583 3757 3647 3796 ea:

2043 3849 2172 3889 vers.
2207 3833 2362 3904 Lxx).
2408 3833 2517 3887 Hos
2543 3832 2803 3885 Dominus
2835 3831 3158 3900 praevidens,
3192 3831 3468 3901 Apostolis
3503 3852 3645 3902 pra:-

2043 3926 2187 3994 cepit
2217 3941 2283 3979 ne
2312 3925 2470 3979 facile
2498 3922 2639 3978 servi
2670 3923 2752 3976 sui
2786 3923 3174 3988 laccrarentur,
3199 3939 3263 3978 ne
3294 3925 3432 3980 forte
3456 3929 3648 3994 perde-

2045 4028 2253 4083 rentur,
2297 4025 2389 4070 aut
2443 4018 2495 4070 in
2537 4015 2698 4069 talem
2735 4017 3086 4071 tentationem
3128 4017 3454 4082 inciderent,
3481 4037 3644 4089 quam

2045 4112 2188 4166 farre
2242 4110 2462 4164 minimc
2514 4119 2758 4178 possent.
2816 4108 3023 4163 Idcirco
3081 4112 3252 4164 sancti
3295 4110 3536 4180 Apostoli
3591 4123 3650 4171 et

2046 4219 2390 4260 succassores
2431 4219 2616 4258 eorum
2675 4202 3016 4257 decretorum
3048 4217 3265 4258 normas
3316 4213 3645 4274 statuerunt,

2048 4317 2116 4356 ne
2145 4299 2325 4354 talium
2371 4315 2472 4352 vox
2502 4297 2644 4370 (quin
2675 4298 2844 4367 magis
2899 4296 3126 4367 perdere
3171 4298 3358 4351 nititur
3391 4299 3652 4354 innocen-

2050 4403 2130 4450 tes
2154 4403 2206 4448 et
2245 4392 2541 4462 simplices.
2595 4407 2756 4462 qttam
2808 4391 3048 4460 salvat'e)
3096 4389 3252 4445 facile
3292 4393 3650 4461 reciperetur.

2051 4487 2144 4542 sed
2195 4486 2292 4550 ipsi
2344 4485 2428 4540 his
2471 4485 2667 4554 jaculis
2717 4483 3048 4553 pellerentur
3089 4484 3292 4553 procul,
3329 4495 3383 4538 et
3441 4485 3654 4540 Domini

2052 4582 2384 4651 discipulos,
2420 4581 2574 4651 juxta
2631 4580 2938 4635 voluntates
2996 4589 3050 4635 ct
3108 4582 3372 4636 versutias
3420 4596 3650 4648 eorum,

352 4679 496 4729 εἴπεο
546 4673 728 4728 Primo
796 4685 1020 4740 εοηψοτ
1073 4681 1455 4726 εεουετηοῐυΐιὶ
1503 4669 2272 4740 Per-“"1119.ﬁdeSDminime
2331 4676 2556 4745 perdere
2614 4683 2853 4746 possent.
2903 4674 3055 4728 Unde
3117 4684 3171 4729 et
3220 4677 3332 4745 ipse
3391 4676 3653 4730 Itominus

353 4766 461 4820 vita
519 4772 573 4820 et
617 4763 956 4819 conversatio
1003 4773 1086 4819 est
1128 4765 1445 4820 enucleatim
1499 4763 1816 4834 inquirenda
1847 4780 1861 4828 ;
1896 4769 1950 4816 et

356 4867 568 4930 postea,
621 4849 738 4928 qua:
780 4859 1063 4929 objiciunt,
1122 4857 1354 4912 fideliter
1386 4867 1512 4912 sunt
1540 4855 1946 4928 pertractanda

354 4951 478 5023 quia
509 4951 637 5005 nihil
671 4951 816 5021 prius
844 4951 956 5007 fieri
1002 4951 1161 5007 debet
1207 4967 1365 5021 quam
1414 4952 1779 5020 impetitorum
1828 4965 1946 5020 pcr-

355 5060 525 5111 sonre,
555 5045 709 5112 ﬁdes,
769 5048 983 5115 vitaque
1011 5056 1062 5100 et
1087 5046 1428 5100 Conversatio
1450 5045 1732 5116 diligenter
1762 5044 1940 5099 discu—

356 5139 578 5204 tiantur,
614 5155 680 5194 ne
702 5138 930 5208 alicujus
978 5138 1175 5192 invidia
1224 5147 1314 5190 aut
1345 5137 1620 5192 inimicitia
1661 5137 1744 5192 vel
1777 5140 1950 5193 inten-

359 5234 504 5289 tione
546 5233 682 5288 mala
732 5235 1015 5303 quisquam
1074 5240 1300 5286 vexetur
1336 5229 1411 5302 (2,
1439 5249 1489 5300 q.
1524 5231 1576 5297 7,
1611 5231 1952 5296 Quwrendum

357 5337 467 5392 est;
499 5328 553 5392 l,
585 5343 636 5396 q.
661 5325 724 5392 8,
747 5329 1118 5382 Accusatorum
1142 5343 1380 5400 persona:
1400 5342 1420 5391 ;
1441 5335 1488 5380 et
1517 5325 1567 5378 in
1589 5323 1795 5379 Decret.
1829 5324 1952 5378 Cal-

358 5420 462 5476 listi
490 5421 663 5489 papte)
675 5459 688 5472 .

428 5515 546 5570 XII.
599 5515 1016 5575 Criminationes
1039 5517 1235 5591 (Hadr.
1263 5517 1384 5571 coll.
1421 5515 1512 5587 (i7)
1543 5514 1799 5569 adversus
1837 5511 1958 5568 doc-

2053 4771 2157 4825 ait:
2220 4769 2462 4824 Earcutite
2496 4769 2755 4838 pulverem
2803 4766 2866 4820 de
2911 4765 3122 4836 pedibus
3151 4769 3327 4821 vestris
3358 4767 3410 4821 in
3435 4770 3659 4824 testimo—

2053 4864 2195 4916 nium
2235 4862 2338 4915 illis
2394 4859 2586 4930 (Marc.
2637 4859 2737 4929 vt).
2784 4859 2849 4912 Et
2879 4859 3001 4913 alibi
3058 4859 3169 4927 ipsa
3212 4875 3308 4928 per
3347 4877 3406 4915 se
3445 4861 3656 4918 Veritas

2055 4955 2122 5010 de
2152 4955 2345 5008 talibus
2370 4952 2503 5007 dicit
2535 4972 2548 5005 :
2581 4949 2771 5003 Melius
2821 4959 2894 5002 est
2933 4949 3011 5002 illi
3045 4960 3098 5002 ut
3128 4952 3471 5016 suspendatur
3517 4952 3657 5006 mola

2052 5046 2275 5099 asinaria
2332 5045 2386 5096 in
2433 5042 2563 5094 collo
2622 5041 2730 5110 ejus
2778 5048 2824 5091 et
2883 5040 3221 5110 demergatur,
3247 5043 3300 5094 in
3348 5044 3662 5112 profundum

2054 5141 2211 5190 maris
2230 5177 2244 5202 ,
2285 5151 2434 5204 quam
2459 5132 2766 5187 scandalizet
2796 5148 2955 5185 unum
2984 5135 3046 5186 de
3075 5134 3275 5204 pusillis
3302 5137 3409 5188 istis
3437 5134 3664 5204 (Matth.

2056 5234 2252 5298 xviii).
2326 5228 2389 5280 Et
2453 5225 2682 5280 Jacobus
2757 5225 3028 5292 apostolus
3090 5225 3262 5294 inquit
3324 5244 3337 5279 :
3401 5223 3666 5280 Judiciam

2057 5326 2165 5378 sine
2219 5319 2563 5374 misericordia
2611 5319 2695 5386 ﬁet
2749 5317 2828 5370 illi
2866 5319 2952 5387 qui
2996 5335 3096 5372 non
3144 5321 3316 5390 fecerit
3373 5321 3666 5375 misericor-

2059 5419 2196 5472 diam
2247 5414 2386 5486 (Jac.
2423 5411 2502 5483 ir.)
2554 5412 2668 5477 Qua
2736 5413 2878 5465 enim
2936 5411 3111 5467 lronte
3157 5414 3277 5482 quis
3319 5425 3668 5482 peccatorum

2063 5525 2284 5566 suerunt
2338 5506 2555 5561 veniam
2585 5513 2770 5574 sperat
2799 5519 2830 5559 a
2877 5505 2991 5561 Deo
3014 5521 3075 5562 se
3101 5505 3540 5580 impetraturum,
3573 5509 3669 5582 qui

1571 5625 1952 5684 LECTIONES
1996 5623 2298 5685 VARIAN'I‘
2307 5622 2410 5677 ES.

425 5726 455 5794 ξ
486 5723 566 5794 έι.
592 5729 710 5794 add.
734 5731 981 5794 episcopo.

425 5784 455 5855 ἒ)
478 5790 628 5855 Forte
645 5784 950 5855 disponendi.
977 5793 1123 5844 Labb.

427 5853 450 5884 °
478 5854 562 5904 Ita
578 5851 758 5920 legitur
779 5854 832 5908 in
852 5871 943 5909 ms.
967 5858 1100 5910 Just.

2123 5717 2151 5758 d
2173 5718 2288 5768 Haec
2310 5715 2430 5766 add.
2467 5715 2534 5766 al.
2579 5733 2584 5767 !

2134 5791 2156 5814 ε
2176 5780 2257 5832 Al.
2281 5779 2570 5832 insidiantur
