4260 6266
607 337 747 397 1007

1343 324 1703 385 EPISTOLAE
1743 314 2196 398 DECRETALES
2236 314 2292 372 S.
2333 305 2698 369 STEPIIANO
2726 301 3169 363 ADSCRIPTAZ‘.

3706 294 3725 359 ἶ
3779 296 3923 356 1008

604 445 935 524 delinquenti
993 441 1145 500 fratri
1190 440 1324 496 nihil
1374 456 1472 511 per
1522 439 1737 511 pietatis
1795 447 1849 493 et
1901 436 2206 491 clementia:

2314 459 2420 504 tant
2451 463 2601 503 suam
2629 446 2927 502 Ecclesiam
2945 485 2962 509 ,
2994 442 3233 515 pretioso
3260 438 3515 495 videlicet
3537 438 3799 509 sanguine
3817 452 3923 492 suo

606 548 841 607 cilicium
874 540 991 596 vult
1032 536 1343 595 condonare
1368 536 1392 588 ’ἒ
1444 535 1695 590 Profecto
1739 530 1962 587 necesse
2019 535 2104 583 est
2151 537 2210 580 ut

608 643 843 699 aestimet
868 652 930 693 se
952 634 1112 690 talem
1145 633 1197 687 in
1217 628 1424 700 judicio
1459 629 1627 683 Deum
1658 633 2035 694 experturum,
2080 635 2203 675 cum

606 748 732 794 ante
752 733 883 806 justi
903 730 1100 802 judicis
1129 723 1367 781 tribunal
1415 722 1580 777 fuerit
1606 718 1953 778 constitutus,
1987 712 2206 785 qualem

603 844 667 888 se
713 804 865 883 fratri
921 837 1021 879 suo
1069 815 1412 875 exhibuerit:
1467 810 1607 866 Nam
1633 827 1734 881 qua
1773 824 2009 863 mensura
2049 804 2208 858 mensi

607 919 879 993 fuerimus,
949 912 1127 969 eadem
1178 907 1466 963 remetielur
1512 903 1657 958 nobis
1709 900 1925 975 (Matth.
1969 898 2085 969 vn).
2146 898 2209 951 Et

605 1014 847 1071 Joannes
873 1006 1151 1078 apostolus
1178 1011 1230 1057 et
1262 998 1590 1071 evangelista
1619 997 1693 1050 ait
1717 1014 1730 1050 :
1760 995 1860 1061 Qui
1873 994 1979 1048 odi!
1994 997 2208 1064 fratrem

613 1121 787 1169 suum,
813 1097 1069 1156 homicida
1094 1102 1183 1151 est.
1212 1091 1280 1146 Et
1300 1092 1439 1146 scitis
1465 1091 1586 1161 quia
1610 1088 1773 1142 omnis
1801 1084 2059 1139 homicida
2104 1100 2207 1137 non

612 1198 762 1253 habet
806 1197 964 1250 vitam
1012 1201 1255 1246 aeternam
1303 1186 1357 1239 in
1414 1199 1468 1238 se
1494 1190 1778 1235 manentem
1812 1179 1864 1251 (I
1896 1178 2056 1232 Joan.
2100 1174 2203 1248 tv).

607 1290 723 1347 Vos
746 1298 943 1348 tamen,
988 1281 1082 1337 filii
1129 1276 1455 1340 charissimi,
1511 1274 1792 1328 hortamur
1824 1281 1879 1325 ut
1935 1270 2207 1339 patienter

610 1381 754 1438 mala
783 1379 938 1432 vobis
969 1376 1112 1430 illata
1157 1370 1367 1427 Domini
1399 1366 1729 1423 adminiculo
1755 1364 2003 1434 portetis,
2041 1373 2090 1417 et
2124 1362 2206 1416 his

605 1472 916 1546 apostolicis
943 1468 1224 1541 praeceptis
1251 1463 1384 1518 tales
1425 1459 1607 1529 procul
1660 1456 1879 1528 pellite,
1924 1470 1994 1510 ne
2052 1468 2205 1508 more

606 1567 804 1623 canino
850 1576 948 1617 vos
996 1561 1238 1615 lacerare
1266 1564 1357 1609 aut
1398 1552 1651 1607 mordere
1681 1549 1917 1603 valeant.
1962 1546 2203 1601 Memen-

606 1656 916 1726 totc,etiam
936 1652 1082 1724 quia,
1096 1650 1249 1720 juxta
1275 1643 1680 1714 Psaltnograpbi
1701 1656 1884 1694 vocem
1911 1638 1996 1709 (S.
2023 1636 2199 1703 Bonif.

605 1770 687 1818 ep.
715 1748 864 1816 XXVI)
895 1743 1064 1799 Homo
1081 1741 1209 1795 sicut
1228 1744 1419 1810 fwnutn
1440 1736 1547 1790 dies
1570 1741 1704 1805 ejus,
1730 1744 1773 1786 et
1796 1742 1851 1786 ut
1876 1733 1971 1803 [los
2000 1731 2112 1800 agri
2134 1729 2205 1781 ila

2313 542 2669 611 redemptam,
2697 550 2752 595 et
2778 554 2897 604 nos,
2931 538 3020 608 qui
3047 535 3289 593 eamdem
3331 543 3575 590 sanctam
3606 531 3911 588 Ecclesiam

2311 636 2527 697 docere.
2578 649 2788 704 regere,
2839 641 3057 703 portare
3092 642 3145 687 et
3191 631 3323 684 tueri
3351 629 3648 695 debemus,
3679 628 3749 683 de
3779 642 3923 697 pra:—

2310 730 2469 784 dictis
2494 726 2935 797 oppressionibus
2988 734 3043 779 et
3084 721 3462 779 lentationibus
3491 721 3653 788 hujus
3726 716 3925 773 sreculi

2314 836 2584 891 nequam,
2628 830 2793 888 atque
2847 816 2917 872 de
2960 815 3214 870 omnibus
3255 812 3668 868 necessitatibus
3711 809 3926 865 nostris

2312 911 2737 968 misericorditer
2765 918 2938 974 eruat,
2965 919 3019 962 ut
3050 922 3218 961 sermo
3251 904 3342 959 Dei
3372 914 3539 958 currat
3561 904 3611 975 (l
3635 903 3758 959 Cor.
3791 917 3873 956 xv
3900 900 3923 969 )

2310 1016 2361 1061 et
2385 1004 2720 1074 glorilicetur
2746 1003 3041 1072 gloriosum
3093 998 3443 1068 Evangelium
3492 996 3698 1051 Domini
3730 994 3922 1049 nostri

2309 1096 2437 1153 Jesu
2467 1093 2701 1159 Christi;
2732 1102 2786 1149 et
2812 1093 2979 1162 gratia
3010 1091 3130 1162 ejus
3161 1091 3214 1145 in
3256 1090 3411 1143 nobis
3461 1102 3627 1141 vacua
3657 1101 3763 1140 non
3793 1085 3917 1150 ﬁat,

2311 1207 2380 1247 ne
2397 1191 2513 1246 sine
2537 1191 2709 1243 fructu
2734 1186 3028 1256 Evangelii,
3047 1183 3188 1255 quod
3217 1180 3386 1236 absit!
3432 1180 3641 1235 steriles
3676 1178 3730 1232 in
3757 1192 3922 1232 cons-

2310 1295 2466 1356 pectu
2495 1285 2584 1339 Dei
2613 1295 2970 1355 appareamus
2992 1322 3009 1345 ,
3037 1288 3092 1335 et
3122 1278 3276 1333 vacui
3311 1277 3543 1330 filiorum
3577 1275 3919 1344 liliarumque

2311 1394 2538 1433 numero
2566 1387 2923 1438 revertamur,
2954 1387 3055 1428 nec
3082 1372 3151 1426 de
3173 1369 3499 1425 abscondito
3526 1370 3750 1437 talento,
3805 1369 3916 1423 Do-

2310 1471 2459 1527 mino
2490 1469 2762 1531 veniente,
2818 1467 2895 1522 rei
2928 1479 3046 1521 esse
3091 1462 3420 1533 iudicemur.
3444 1461 3548 1515 Ista
3582 1463 3725 1515 enim
3770 1475 3918 1515 sem-

2310 1580 2407 1636 per
2456 1563 2660 1618 invidet
2705 1562 2891 1615 Satan.
2942 1558 3008 1612 Et
3045 1555 3249 1610 ideirco
3303 1555 3437 1609 tales
3484 1552 3771 1607 adversum
3812 1568 3916 1606 nos

2310 1658 2534 1712 suscitat
2565 1654 2653 1724 qui
2728 1668 2830 1708 nos
2877 1659 3125 1721 premant
3165 1658 3221 1703 et
3248 1646 3546 1713 sull‘ocent,
3596 1656 3654 1699 ut
3704 1645 3915 1699 Domini

2311 1763 2440 1803 oves
2466 1747 2670 1816 absque
2710 1746 2865 1799 nobis
2914 1744 3107 1813 rapiat,
3132 1742 3199 1811 {et
3223 1742 3274 1795 in
3306 1740 3435 1802 ima,
3480 1755 3586 1793 non
3616 1738 3905 1794 existenti-

606 1842 804 1912 ﬂorebit
829 1837 1004 1912 (Psal.
1032 1834 1149 1902 cu).
1173 1834 1237 1887 Et
1260 1829 1547 1900 Apostolus
1573 1828 1683 1881 ait:
1714 1824 1869 1879 Totus
1901 1822 2120 1877 mundus
2149 1821 2202 1873 in
2234 1830 2281 1889 Β
2310 1842 2409 1898 bus
2468 1838 2775 1909 pasmribus
2829 1836 2917 1905 qui
2982 1848 3077 1889 eus
3112 1832 3422 1888 cus‘odiam
3488 1840 3543 1885 ει
3594 1829 3909 1895 defendam,

605 1933 834 2002 maligno
856 1930 1052 2001 positus
1081 1935 1152 1979 est
1175 1923 1218 1995 (l
1241 1921 1399 1977 Joan.
1426 1920 1501 1992 v).
1537 1918 1694 1975 Unde
1716 1932 2002 1987 precamur
2026 1929 2094 1970 ne
2123 1922 2204 1967 ta-

604 2027 684 2081 les
714 2023 939 2078 tnultum
971 2019 1225 2080 timeatis,
1250 2016 1373 2087 quia
1403 2012 1631 2068 infantes
1653 2019 1777 2066 suttt
1798 2051 1813 2077 ,
1842 2018 1897 2065 et
1927 2024 2032 2063 non
2065 2006 2205 2061 mul-

604 2128 719 2175 tum
742 2114 898 2171 vobis
928 2128 1124 2170 nocere
1153 2119 1403 2184 possunt,
1430 2109 1553 2179 quia
1582 2121 1772 2161 eorum
1802 2120 1903 2158 vox
1931 2102 2203 2159 exstincta

605 2219 728 2275 est;
760 2208 1016 2279 quoniam
1046 2206 1124 2260 sic
1149 2204 1262 2259 odit
1293 2202 1434 2256 Deus
1456 2214 1551 2255 eos
1572 2198 1814 2270 (Proclus
1835 2197 1903 2250 ad
1926 2195 2200 2250 Damnum.

607 2300 780 2356 Hadr.
800 2302 921 2355 coll.
944 2300 1036 2370 7i)
1062 2299 1152 2371 qui
1182 2297 1441 2352 adversus
1462 2303 1672 2363 patrum
1706 2294 2007 2357 invasores,
2032 2290 2123 2361 qui
2149 2289 2204 2343 in

604 2395 809 2451 mundo
833 2404 1012 2465 patres
1038 2399 1348 2453 armantur,
1379 2398 1435 2441 ut
1464 2384 1681 2440 infamia
1711 2394 1837 2438 sunt
1879 2384 2073 2436 notati.
2104 2386 2205 2436 Ar-

605 2491 828 2546 mamini
862 2503 990 2558 ergo
1018 2486 1100 2541 his
1129 2482 1440 2555 aposmlicis
1479 2476 1819 2533 adminiculis
1863 2485 2051 2529 contra
2084 2487 2205 2539 eos,

606 2560 885 2657 et_spiritu
927 2576 1211 2651 principali
1259 2566 1509 2629 roburate
1538 2570 1699 2627 corda
1741 2580 1951 2633 vestra,
1978 2578 2033 2620 ut
2065 2565 2207 2619 Deus

605 2676 694 2747 qui
728 2689 826 2730 vos
859 2682 1104 2744 pastores
1130 2670 1182 2723 in
1222 2666 1418 2738 populo
1440 2680 1538 2719 suo
1561 2662 1738 2718 vocari
1763 2660 1948 2723 voluit,
1979 2673 2084 2713 non
2113 2671 2206 2712 ne-

603 2770 869 2843 gligentes
897 2774 989 2821 aut
1014 2761 1243 2834 tepidos,
1269 2769 1360 2814 attt
1386 2759 1527 2829 lupis
1564 2752 2092 2827 supervenientibus,
2124 2750 2207 2806 fu-

602 2865 819 2936 gientes
844 2862 1103 2921 inveniat,
1133 2855 1230 2911 sed
1280 2853 1532 2920 exemplo
1566 2850 1690 2905 boni
1739 2847 1968 2917 pastoris
1991 2889 2006 2913 ,
2038 2860 2208 2915 agnos

604 2959 808 3029 pariter
836 2970 959 3009 cum
989 2951 1249 3007 matribus
1279 2960 1332 3003 et
1366 2946 1488 3001 filiis
1518 2960 1581 2999 ac
1612 2943 1823 2998 filiabus
1852 2941 2087 2996 viriliter
2112 2938 2209 2993 de-

603 3050 899 3105 fensantes.
931 3057 1092 3115 atque
1125 3049 1363 3096 sanctam
1394 3050 1619 3093 matrem
1650 3036 1949 3091 Ecclesium
1980 3034 2231 3101 fideliter,

604 3148 972 3211 rcportantes,
1013 3149 1226 3203 semper
1254 3134 1514 3189 inveniat.
1547 3130 1614 3185 Et
1634 3146 1958 3201 quamquam
1988 3128 2073 3199 (S.
2104 3127 2209 3181 Bo-

2312 1950 2468 1991 ruere
2527 1932 2704 1987 faciat.
2754 1929 2865 1983 Vos
2916 1928 3076 1998 igitur
3138 1942 3231 1996 pro
3277 1924 3479 1979 viribus
3540 1924 3800 1990 laborate,
3858 1932 3913 1978 et

2310 2037 2461 2083 orate
2513 2033 2676 2097 atque
2750 2022 2968 2094 vigilate
3016 2036 3084 2076 ne
3130 2020 3247 2074 haec
3301 2021 3448 2085 fiant,
3520 2018 3756 2075 scientes
3810 2033 3910 2074 nos

2311 2138 2525 2192 semper
2593 2128 2809 2192 paratos
2873 2133 2995 2173 esse
3052 2117 3104 2171 in
3166 2113 3422 2171 omnibus
3482 2115 3912 2185 quibuscumque

2314 2216 2573 2271 Dominus
2613 2228 2770 2282 posse
2822 2209 3034 2267 dederit
3096 2209 3293 2275 modis,
3337 2207 3493 2263 vobis
3533 2223 3685 2277 opem
3735 2207 3909 2274 ferre,

2311 2308 2436 2364 licet
2476 2322 2573 2363 nos
2607 2306 2676 2361 ab
2730 2303 2861 2374 ipsis
2915 2302 3123 2357 aemulis
3174 2310 3377 2356 sancta:
3424 2300 3514 2354 Dei
3573 2299 3825 2354 Ecclesiae
3852 2307 3913 2355 et

2312 2403 2514 2458 nostris
2547 2416 2652 2454 non
2681 2399 2849 2453 simus
2903 2397 3153 2467 excepti;
3184 2406 3239 2451 et
3293 2395 3672 2451 tribulationes
3730 2394 3913 2450 cordis

2313 2496 2481 2551 nostri
2512 2508 2611 2565 pro
2642 2501 2826 2547 nostra
2848 2501 2904 2547 et
2933 2503 3109 2546 vesua
3155 2489 3522 2549 tribulatione.
3578 2489 3693 2543 sive
3720 2489 3903 2543 ovium

2313 2588 2466 2643 nobis
2518 2587 2954 2646 commissarum,
3011 2582 3304 2637 admodum
3356 2582 3465 2636 sint
3518 2581 3756 2636 dilatata.
3800 2579 3916 2635 Vos

2311 2694 2525 2750 quoque
2568 2678 2921 2733 obsecramus
2950 2684 3008 2729 ιιι
3049 2675 3344 2745 injunctum
3397 2673 3553 2728 vobis
3607 2690 3637 2727 a
3686 2673 3915 2730 Domino

2314 2773 2620 2826 famulatum
2654 2787 2760 2825 non
2814 2768 3119 2840 negligatis,
3179 2778 3235 2823 et
3285 2783 3479 2824 omnes
3529 2781 3820 2836 oppressos
3861 2776 3918 2822 et.

2312 2874 2536 2920 cunctos
2581 2864 2674 2919 Dei
2703 2878 2910 2926 servos,
2942 2873 3106 2933 atque
3150 2864 3476 2933 generaliter
3501 2878 3693 2917 omnes
3730 2860 3919 2917 Chris-

2318 2960 2513 3022 tianos,
2549 2968 2706 3028 prout
2735 2957 2996 3012 Dominus
3024 2971 3185 3026 posse
3222 2956 3453 3022 dederit,
3487 2956 3766 3025 adjuvare,
3798 2961 3917 3008 stu-

2314 3054 2485 3109 deatis
2532 3052 2617 3119 (S.
2660 3051 2838 3120 Bonif.
2881 3068 2963 3121 ep.
2995 3054 3146 3115 tum)
3179 3060 3237 3105 ut
3266 3061 3390 3107 ante
3435 3049 3665 3103 tribunal
3707 3047 3917 3105 Christi

2315 3144 2646 3209 mercedem,
2672 3141 2912 3199 habeatis
2925 3151 3262 3214 perpetuam.
3285 3143 3349 3196 Et
3367 3142 3557 3197 scitote
3569 3140 3710 3210 quod
3729 3154 3918 3196 memo

605 3233 703 3303 nif.
748 3246 831 3300 ep.
863 3232 993 3297 xxv)
1034 3227 1143 3281 dies
1188 3225 1313 3279 mali
1364 3225 1501 3289 sint,
1552 3239 1638 3277 vos
1685 3232 1850 3276 tamen
1901 3221 2058 3275 nolite
2102 3236 2207 3274 esse

2314 3241 2391 3295 ria
2420 3251 2599 3294 vestra
2634 3254 2816 3293 coram
2854 3238 2964 3293 Deo
2993 3247 3077 3292 est
3099 3237 3338 3291 assidue.
3366 3235 3533 3299 Nam,
3559 3232 3921 3305 quemadmo-

602 3323 986 3392 imprudentes,
1034 3321 1124 3375 sed
1170 3318 1513 3388 intelligentes
1561 3332 1677 3386 qua:
1726 3316 1789 3368 sit
1838 3315 2073 3368 voluntas
2117 3312 2207 3368 Dei

605 3416 825 3494 (Ephesi
880 3415 957 3488 v).
1008 3415 1369 3484 Quamobrem
1428 3411 1827 3483 confortamini,
1874 3418 1921 3462 et
1974 3417 2102 3461 state
2155 3408 2209 3461 in

604 3511 728 3579 fide,
761 3509 975 3563 viriliter
1002 3517 1231 3577 agentes,
1256 3520 1316 3558 ac
1336 3504 1509 3557 omnia
1538 3512 1703 3556 vestra
1731 3503 1784 3555 in
1810 3500 2058 3555 charitate
2081 3499 2210 3567 ﬁant

599 3600 805 3674 (lCor.
845 3598 1008 3671 xvi),
1066 3610 1121 3653 et
1164 3595 1460 3652 secundum
1514 3606 1762 3650 sanctum
1813 3593 2204 3663 Evangelium,

601 3696 656 3750 in
687 3694 931 3766 patientia
959 3701 1124 3747 vestra
1146 3688 1465 3759 possidebitis
1492 3688 1692 3741 animus
1711 3698 1901 3741 vestras
1932 3685 2063 3757 (an
2084 3686 2205 3759 xu).

599 3787 984 3845 Recordatnini
1008 3799 1223 3856 quoque
1244 3793 1554 3838 sanctorum
1579 3782 1961 3848 Apostolorum
1995 3791 2049 3835 et
2076 3780 2209 3835 Pro-

602 3881 929 3952 phetarum;
963 3887 1018 3933 et
1044 3877 1167 3949 quia
1198 3875 1423 3930 multum
1457 3874 1840 3928 laboraverunt
1870 3872 1921 3926 in
1956 3872 2205 3937 Domino,

599 3974 729 4030 ideo
755 3971 937 4043 adepti
968 3980 1098 4026 sunt
1136 3969 1359 4040 prmmia
1398 3968 1754 4037 sempiterna.
1797 3965 2005 4021 Settote
2043 3966 2207 4019 etiam

603 4067 861 4139 quoniam
890 4066 1043 4135 juxta
1070 4063 1372 4118 Psalmistie
1396 4075 1609 4124 vocem,
1646 4060 1824 4114 multa:
1847 4058 2207 4113 tribulationes

600 4164 877 4229 iustorum,
937 4170 985 4214 et
1032 4159 1096 4212 de
1151 4156 1382 4212 omnibus
1440 4157 1518 4209 his
1567 4153 1795 4208 liberabit
1827 4169 1914 4207 eos
1956 4150 2207 4206 Dominus

603 4254 780 4324 (Psal.
810 4250 1031 4320 χχχιιι).
1076 4250 1437 4319 Quapropter,
1487 4247 1579 4301 lilii
1621 4244 1966 4309 cltarissimi,
2018 4245 2206 4297 horta-

602 4364 725 4404 mur
751 4361 846 4402 vos
873 4356 927 4402 et
970 4344 1325 4412 deprecamur
1352 4349 1411 4395 ιιι
1441 4340 1646 4395 crebris
1667 4339 1971 4394 orationmu
2002 4347 2207 4390 veSIra-

602 4456 721 4496 rum
755 4439 1006 4509 precibus
1034 4437 1201 4491 Deum
1231 4434 1490 4498 exoretis,
1516 4440 1573 4486 ut
1601 4431 1620 4504 (
1648 4432 1709 4487 S.
1740 4430 1944 4496 Bonif.,
1964 4428 2115 4501 ibid.)
2141 4430 2204 4484 li-

600 4531 856 4586 beremur
883 4543 982 4583 nus
1007 4538 1061 4583 et
1092 4542 1205 4588 vos,
1222 4527 1370 4597 juxta
1401 4526 1601 4580 dictum
1632 4523 1896 4591 Apostoli,
1925 4522 1988 4576 ab
2009 4526 2203 4594 impero

2312 3335 2439 3388 dum
2466 3333 2714 3388 dolentes
2738 3332 3115 3400 cognoscimus
3147 3344 3241 3383 vos
3270 3329 3337 3383 ab
3360 3329 3561 3396 iniquis
3583 3338 3637 3383 et
3667 3327 3918 3382 scelestis

2314 3427 2626 3491 hominibus
2653 3423 2956 3487 obturbari,
2988 3424 3054 3477 ita
3072 3421 3321 3476 continuo
3345 3420 3498 3474 vobis
3519 3420 3915 3487 compatimur,

2315 3519 2480 3574 Deum
2508 3528 2728 3574 orantes
2759 3534 2855 3587 pro
2883 3514 3193 3572 liberatione
3218 3529 3280 3568 ac
3306 3513 3680 3568 sublevatione
3710 3522 3918 3568 vestra:

2317 3611 2650 3677 afflictionis,
2706 3626 2825 3681 quae
2864 3609 3016 3663 vobis
3050 3608 3214 3679 (unde
3243 3605 3474 3677 graviter
3524 3604 3802 3674 angimur)
3834 3603 3917 3658 ab

2313 3705 2509 3774 iniquis
2534 3706 2584 3757 iu
2607 3705 2724 3759 dies
2753 3703 3043 3773 irrogatur.
3080 3700 3147 3754 Et
3189 3709 3312 3754 ante
3342 3712 3569 3767 corpora
3607 3694 3911 3765 Apostolo-

2312 3815 2429 3854 rum
2481 3814 2577 3869 pro
2624 3798 2776 3853 vobis
2808 3811 2996 3867 preces
3052 3796 3186 3849 liuut
3236 3792 3494 3863 quotidie.
3523 3800 3581 3845 ut
3629 3801 3686 3846 et
3716 3805 3814 3845 vos
3845 3791 3909 3843 li-

2309 3892 2572 3949 heremini
2612 3893 2679 3947 ab
2710 3888 3032 3962 importunis
3061 3897 3117 3945 et
3161 3887 3314 3942 ntaiis
3346 3884 3656 3940 hominibus
3699 3882 3903 3938 Domini

2312 3988 2535 4051 auxilio,
2568 3995 2623 4041 et
2652 4001 2781 4041 oves
2844 3986 2997 4039 vobis
3054 3982 3364 4038 commissze
3385 3980 3451 4035 ad
3481 3995 3671 4051 pascua
3691 3988 3907 4032 mternte

2312 4080 2432 4134 vitae
2454 4094 2556 4133 una
2588 4077 2863 4132 Vobiscum
2899 4075 3217 4145 perveniant
3245 4073 3601 4141 sempiterna.
3636 4068 3906 4124 Unitatem

2311 4180 2365 4226 et
2398 4170 2833 4226 communionem
2866 4168 2949 4240 (S.
2993 4166 3170 4235 Bonif.
3208 4181 3288 4234 ep.
3328 4168 3407 4228 v1)
3441 4162 3743 4218 dilectiOuis
3774 4174 3907 4214 ves-

2313 4274 2428 4330 trm,
2458 4264 2725 4319 valentem
2753 4274 2914 4333 atque
2942 4262 3314 4331 proficientem
3345 4258 3398 4311 in
3418 4258 3644 4312 salutem
3666 4255 3908 4310 Omnium

2310 4360 2631 4432 populorum
2658 4401 2672 4426 ,
2717 4358 2942 4412 Creator
2986 4358 3227 4410 omnium
3275 4353 3631 4422 populorum,
3678 4348 3906 4405 Creator

2309 4462 2546 4513 omnium
2582 4457 2722 4511 Deus
2746 4453 3092 4524 omnipotens
3115 4464 3415 4506 memorem
3448 4448 3612 4503 nostri
3632 4443 3909 4501 aeternali-

2311 4564 2392 4611 ter
2415 4555 2705 4611 custodiat.
2738 4556 2932 4609 Arnen.

602 4623 737 4678 tuuis
762 4635 808 4677 et
837 4623 986 4676 malis
1017 4620 1324 4683 hominibus,
1354 4624 1472 4688 quia
1495 4637 1597 4673 non
1626 4636 1851 4675 omnium
1879 4632 1950 4676 est
1985 4620 2112 4689 ﬁdes
2140 4618 2205 4691 (Il
2232 4614 2283 4675 D
2382 4648 2509 4702 Dum
2539 4646 2696 4702 nouis
2718 4647 2925 4715 almus,
2950 4642 3238 4699 Valeriam,
3260 4650 3313 4697 el
3336 4637 3593 4700 Gallieno,
3618 4628 3750 4686 viris
3780 4629 3907 4684 ριει,

599 4716 781 4773 Thess.
806 4716 905 4788 ιιι).
929 4716 1191 4788 Flagitate
1218 4715 1379 4770 etiam
1404 4724 1460 4769 ut
1493 4714 1631 4769 Deus
1656 4724 1709 4767 et
1742 4715 1999 4769 Dominus
2021 4725 2206 4770 noster

599 4808 692 4881 qui
721 4818 805 4866 est
832 4808 1099 4880 refugium
1130 4822 1445 4879 pauperum,
1479 4817 1533 4863 et
1560 4820 1684 4878 Spes
1713 4805 2018 4875 humilium,
2047 4822 2207 4864 sanc-

2310 4740 2565 4809 rissitnis,
2599 4739 2917 4798 consulibus
2948 4739 3119 4811 (Anno
3145 4735 3339 4792 Christi
3372 4729 3523 4799 255).

2114 5274 2375 5329 «366°-
