4256 6250
388 278 3687 342 W

646 465 1292 635 ACTA
1430 471 1759 632 ET
1886 464 3077 631 MONUMEN
3090 461 3421 625 TA

368 832 1093 969 CELEBERRIME
1137 832 1270 959 DE
1316 826 2061 959 HIERETICORUM
2110 828 2773 959 BAPTISMATE
2829 827 3658 973 DISPUTATIONIS.

1424 1123 1877 1255 PARS
1982 1122 2591 1256 PRIMA.

533 1445 1127 1525 PBECIPUA
1181 1442 1717 1520 VETERUM
1778 1444 2503 1520 MONUMENTA
2556 1446 2793 1534 QUIE
2840 1444 3487 1522 SUPERSUNT

1332 1674 1430 1737 DE
1472 1672 1981 1735 BAPTISMATE
2024 1672 2657 1737 HJEBETICORUM.

1964 1888 2062 1931 00

994 2072 1085 2155 S.
1136 2068 1716 2154 STEPHANI
1772 2066 2093 2149 PAPfE
2146 2064 2294 2149 ET
2348 2068 2954 2153 MARTYRIS

1465 2301 2000 2365 DECRETORI/E
2044 2301 2539 2365 SENTENTIIE.

975 2513 1384 2572 ΡΒΟἜΜΙΗΜ.

405 2677 708 2735 Dolendum
753 2690 881 2732 sane
921 2684 1004 2731 est
1047 2675 1112 2730 ad
1155 2689 1254 2730 nos
1295 2687 1461 2745 usque
1502 2675 1607 2728 non
1648 2673 1931 2729 devenisse

334 2788 697 2845 quascumque
728 2773 780 2826 in
810 2772 893 2825 his
924 2786 1103 2826 rerum
1147 2770 1559 2840 tempestatibus
1588 2770 1930 2824 beatissimus

332 2865 635 2935 Stephanus
662 2881 794 2934 papa
838 2864 853 2918 l
897 2865 1113 2933 scripsit
1154 2864 1447 2934 epistulas.
1479 2866 1595 2919 sive
1623 2864 1689 2917 ad
1722 2864 1930 2919 Africa-

332 2975 455 3023 nos,
473 2959 587 3013 sive
604 2958 667 3012 ad
680 2956 983 3013 Orientales
1009 2958 1294 3027 CplS(‘0pOS
1314 2974 1327 3021 ;
1347 2957 1643 3026 quiuitumo
1656 2967 1707 3011 et
1731 2957 1929 3010 miran-

332 3056 458 3109 dum
503 3053 704 3108 nullam
748 3053 999 3117 omnino,
1034 3053 1276 3122 exceptis
1300 3063 1502 3107 tantum
1533 3051 1775 3122 pauculis
1800 3066 1927 3106 sen-

332 3148 543 3207 tentiis.
571 3144 935 3213 superfuisse;
973 3160 1094 3207 cum
1126 3147 1328 3201 interea
1359 3161 1457 3201 nec
1479 3146 1661 3200 oblivii
1703 3144 1925 3213 injuria,

331 3256 427 3295 nec
448 3240 715 3296 edacitate
738 3249 1039 3309 temporum
1065 3240 1363 3295 exciderint
1396 3241 1635 3295 nonnulli
1668 3254 1925 3311 quorum-

331 3333 451 3387 dam
479 3347 870 3403 anonymorum
901 3332 1061 3387 libelli
1091 3333 1250 3403 longe
1279 3333 1623 3397 humiliores,
1652 3332 1926 3402 multoque

332 3427 568 3481 cxilioris
613 3426 849 3491 tenoris,
892 3439 956 3479 ac
984 3426 1279 3489 momenti;
1314 3440 1544 3494 cumque
1570 3425 1785 3479 aliunde
1817 3433 1925 3479 tota

330 3522 394 3575 ab
421 3522 540 3575 imis
567 3520 786 3575 sedibus
808 3521 876 3572 ob
902 3510 1274 3590 gravissimam
1307 3520 1444 3573 hanc
1475 3521 1621 3574 litem
1650 3528 1923 3575 commota

329 3611 568 3668 Ecclesia
594 3612 775 3677 fuerit,
810 3612 1041 3683 indeque
1079 3611 1130 3666 in
1162 3621 1403 3666 sanctam
1430 3612 1573 3666 Petri
1618 3611 1812 3667 Sedem
1845 3613 1923 3665 in-

328 3713 470 3760 tenta
488 3748 502 3769 ,
527 3720 879 3774 quaecumque
902 3705 1223 3773 pontiﬁcalia
1266 3703 1482 3773 placita,
1517 3703 1803 3757 decretuve
1830 3717 1921 3756 ar-

324 3800 489 3854 rectis
515 3799 730 3853 auribus
756 3799 999 3867 accipere
1025 3798 1292 3853 debuerit.
1336 3796 1413 3850 Eo
1448 3811 1577 3866 ergo
1615 3795 1921 3864 diligentius

322 3891 621 3962 colligenda
653 3901 795 3957 Sunt,
829 3900 1090 3961 quotquot
1112 3890 1464 3953 emerserint,
1487 3888 1741 3957 Stephani
1762 3887 1917 3957 Papae
1950 3911 1996 3968 Β

321 3984 600 4039 sententia:
634 4000 700 4039 ex
736 3984 977 4052 epistulis
1017 3980 1270 4053 Cypriani
1307 3990 1361 4034 et
1398 3980 1692 4034 Firtniliani
1734 3992 1920 4033 excer-

324 4089 461 4147 ptm;
513 4079 782 4147 paltnares
828 4092 990 4147 porro
1033 4092 1095 4129 ac
1136 4076 1329 4129 merito
1367 4074 1523 4128 dicta:
1564 4073 1916 4140 decretorim,

324 4172 517 4241 quippe
548 4187 695 4240 quze,
732 4169 855 4224 licet
888 4169 1011 4223 hinc
1040 4178 1092 4223 et
1124 4169 1247 4222 hinc
1277 4166 1632 4222 renitentibus
1672 4165 1919 4220 maxima

323 4280 383 4319 ac
424 4263 787 4317 meritissima:
829 4263 1162 4316 auctoritatis
1202 4261 1362 4325 viris,
1396 4261 1665 4330 ingentem
1698 4258 1915 4313 demum

329 4360 470 4413 litem
503 4357 825 4412 diremerint
853 4373 913 4411 ac
948 4356 1109 4427 paulo
1139 4364 1260 4425 post
1287 4355 1483 4409 fuerint
1520 4353 1588 4407 ab
1616 4352 1759 4408 omni
1787 4368 1916 4422 qua-

323 4468 422 4522 que
468 4460 614 4521 patct
666 4450 906 4505 Ecclesia
957 4459 1224 4519 accepte,
1272 4449 1533 4518 amplexae
1578 4446 1805 4501 ﬁrmiter
1854 4461 1916 4500 ac

323 4554 582 4613 perpetuo
626 4554 871 4598 servata}.
904 4542 1028 4596 Haec
1056 4556 1187 4596 vero
1231 4541 1400 4595 sancti
1441 4538 1718 4594 Pontiﬁcis
1758 4537 1915 4592 eil'ata

322 4634 445 4687 dmn
479 4649 509 4687 e
542 4634 832 4688 Firmiliani
874 4634 1067 4689 litteris
1107 4633 1443 4703 potissimum
1482 4634 1753 4692 eruimus,
1786 4646 1914 4686 neu-

322 4728 519 4797 tiquam
552 4728 601 4781 in
634 4729 813 4782 animo
852 4738 934 4783 est
960 4729 1128 4798 ipsam
1156 4727 1453 4781 Firmiliani
1494 4727 1776 4798 epistolam
1819 4742 1915 4780 au-

321 4818 609 4874 thenticam
640 4830 732 4875 aut
758 4831 928 4876 ratam
973 4821 1191 4877 habere.
1238 4822 1365 4875 Esto
1395 4821 1495 4876 sub
1516 4820 1699 4891 judice
1732 4821 1795 4874 lis
1823 4821 1908 4875 in-

316 4921 499 4980 tegra,
529 4922 842 4986 tantumque
879 4915 1106 4969 velimus
1148 4916 1337 4979 liceat,
1382 4930 1445 4969 ex
1496 4914 1597 4969 hoc
1639 4916 1785 4969 l’onte
1824 4915 1907 4969 vel

310 5008 476 5062 dubio
516 5010 595 5064 vel
635 5011 932 5065 disturbato
973 5011 1261 5065 exhaurire
1298 5010 1593 5065 sententias
1632 5010 1750 5064 illas
1788 5024 1908 5079 quae

308 5101 679 5157 venerandam
713 5104 929 5173 Sapiunt
973 5111 1328 5167 vetustatem,
1357 5116 1597 5171 quasque
1639 5101 1788 5155 vafer
1827 5101 1905 5155 in-

1956 2516 2007 2575 A

2789 2516 2853 2570 ll.

2456 2630 2702 2687 Palinure
2719 2633 2860 2703 juris
2890 2634 3223 2702 principium.

2107 2744 2163 2801 Si
2204 2744 2327 2815 quis
2356 2760 2485 2814 ergo
2514 2760 2545 2799 a
2575 2762 2912 2817 quacumque
2942 2746 3135 2803 hmresi
3164 2750 3375 2803 venerit
3404 2750 3473 2803 ad
3504 2763 3605 2803 nos
3625 2792 3638 2813 ,

2036 2853 2180 2892 NIHIL
2209 2852 2518 2892 INNOVETUR
2540 2881 2553 2903 ,
2586 2854 2685 2893 NISI
2716 2854 2852 2903 QUOD
2882 2856 3157 2896 TRADITUSI
3188 2858 3308 2905 EST,
3356 2851 3413 2895 ut
3451 2856 3641 2897 manus

2035 2930 2111 2983 illi
2162 2931 2471 2997 imponatur
2518 2930 2568 2983 in
2619 2932 3023 3001 paenitentiam,
3076 2948 3197 2988 cum
3246 2934 3346 3003 ipsi
3400 2933 3639 2988 Ita-retici

2034 3022 2251 3093 proprie
2282 3022 2598 3077 alterutrum
2623 3024 2689 3078 ad
2712 3040 2770 3078 se
2792 3026 3071 3080 venientes
3097 3042 3201 3080 non
3228 3026 3521 3097 baptizent,
3540 3024 3637 3080 sed

2031 3118 2395 3172 communicet
2425 3125 2629 3171 tantum
2658 3116 2855 3189 (Cypr.
2886 3118 3059 3189 Epist.
3089 3123 3323 3190 LXXIV).

2080 3348 2389 3403 Traditionis
2421 3349 2730 3420 Apostolij
2761 3350 3105 3404 testimonium
3134 3351 3197 3405 de
3226 3351 3579 3405 Iuereticorum

2661 3444 2987 3515 baptismate.

2103 3582 2331 3649 ...Quasi
2355 3583 2391 3636 Α
2402 3581 2593 3652 postoli
2610 3597 2704 3636 eos
2720 3582 2808 3652 qui
2827 3582 2896 3634 ab
2920 3580 3113 3636 hmresi
3132 3581 3349 3657 veniant
3369 3579 3628 3650 baptizari

2029 3672 2406 3743 prohibuerint
2435 3685 2490 3727 et
2528 3673 2631 3728 hoc
2658 3673 3073 3729 custodiendum
3113 3675 3345 3744 posteris
3386 3673 3627 3730 tradide-

2028 3764 2137 3819 rint
2165 3764 2182 3835 (
2208 3763 2412 3818 Firmil.
2450 3763 2682 3834 Epist.

2772 3855 2865 3909 IV.

2344 3969 2649 4024 Testimonii
2678 3970 2950 4024 intrinseca
2981 3982 3298 4041 argumenta.

2098 4105 2405 4176 Stephanus
2440 4116 2493 4160 et
2532 4106 2623 4175 qui
2653 4104 2726 4160 illi
2757 4106 3136 4175 consentiunt,
3169 4106 3504 4163 contendunt
3540 4110 3623 4165 dic

2025 4200 2335 4253 missionem
2382 4208 2723 4268 peccatorum
2763 4208 2819 4254 et
2861 4198 3152 4254 secundam
3196 4200 3527 4257 nativitatem
3568 4202 3623 4258 in

2025 4295 2401 4349 haereticorum
2444 4293 2711 4364 baptismo
2750 4296 3045 4364 procedere
3066 4336 3081 4359 ,
3114 4294 3252 4364 apud
3282 4309 3419 4365 quos
3456 4295 3622 4351 etiam

2022 4388 2122 4458 ipsi
2152 4386 2476 4443 cantiteutur
2505 4386 2761 4456 Spiritum
2791 4396 3034 4442 sanctum
3063 4403 3167 4441 non
3195 4400 3337 4452 esse,
3369 4386 3625 4456 simulque

2023 4495 2188 4533 unum
2231 4479 2384 4534 nobis
2422 4492 2584 4549 atque
2630 4479 2896 4535 haereticis
2937 4479 3199 4549 baptisma
3248 4493 3462 4534 esse....
3502 4478 3623 4536 Non

2021 4582 2210 4643 putant
2247 4574 2598 4644 quaerendum
2640 4588 2761 4629 esse
2798 4574 2919 4641 quis
2958 4573 3028 4626 sit
3068 4574 3156 4629 ille
3183 4573 3272 4643 qui
3310 4573 3619 4641 baptizave-

2020 4668 2131 4732 rit,
2170 4682 2235 4722 eo
2264 4666 2406 4738 quod
2435 4671 2525 4737 qui
2557 4667 2938 4736 baptizaverit,
2970 4666 3193 4735 gratiam
3225 4666 3481 4735 consequi
3523 4679 3620 4736 po-

2021 4760 2183 4816 tuerit
2223 4763 2467 4815 invocata
2496 4759 2758 4814 Trinitate
2798 4758 3073 4812 numinum
3114 4757 3289 4813 Patris
3318 4769 3372 4814 et
3403 4758 3525 4814 Filii
3562 4771 3619 4816 et

2016 4854 2247 4924 Spiritus
2275 4856 2514 4909 sancti...
2546 4854 2672 4907 Vult
2698 4852 3002 4922 Stephanus
3041 4851 3123 4905 his
3151 4852 3241 4921 qui
3272 4854 3411 4923 apud
3441 4853 3615 4910 haere-

2016 4948 2149 5003 ticos
2194 4950 2547 5019 baptizautur,
2596 4947 2785 5001 adesse
2836 4948 3175 5016 praesentiam
3222 4954 3276 5000 et
3323 4948 3613 5003 sanctimo-

2014 5040 2157 5096 niam
2202 5041 2470 5096 (lhristi...
2519 5040 2742 5094 Multum
2786 5040 2998 5108 prolicit
3038 5055 3231 5095 nomen
3273 5038 3510 5104 Christi.
3553 5049 3612 5095 ut
3648 5086 3651 5089 .

2014 5134 2340 5203 quicumque
2382 5144 2435 5187 et
2480 5134 2804 5203 ubicumque
2854 5133 2905 5187 in
2952 5135 3170 5189 nomine
3198 5133 3401 5189 Christi
3432 5134 3608 5205 bapti-

306 5194 615 5261 terpollator
638 5211 702 5249 ex
730 5196 962 5265 antiquis
989 5195 1359 5250 instrumentis
1388 5194 1439 5249 in
1478 5195 1689 5250 novella
1709 5198 1904 5249 νοθείων
1934 5221 1979 5284 C
2012 5194 2162 5285 z'aws
2189 5194 2377 5293 fuéril’
2399 5194 2761 5297 consequatdr
2787 5227 2969 5284 statim
2990 5229 3220 5299 gratiam
3240 5194 3608 5302 Chrisluiﬁr.

300 5284 569 5355 farragine
600 5287 877 5344 intrudere
912 5289 1102 5360 potuit.

408 5475 549 5531 Unus
576 5492 635 5531 ac
665 5478 975 5532 necessarius
1004 5479 1461 5533 controversiarum
1500 5477 1622 5546 ﬁdei
1647 5479 1789 5547 finis.

360 5590 667 5661 Stephanus
707 5593 774 5647 de
805 5594 1149 5664 episcopatus
1176 5594 1257 5648 sui
1290 5593 1408 5648 loco
1436 5591 1697 5663 gloriatur
1734 5601 1789 5646 et
1833 5606 1895 5647 se

274 5686 685 5740 successionem
738 5685 881 5741 Petri
929 5696 1113 5742 tenere
1163 5685 1470 5751 contendit,
1520 5700 1683 5753 super
1730 5700 1890 5755 quem

271 5776 624 5834 fundamenta
655 5780 898 5835 ecclecitc
926 5782 1117 5836 collata
1152 5788 1277 5836 sunt
1304 5780 1545 5853 (Firmit.
1583 5779 1813 5852 Epist.).

2001 5320 2108 5375 mil.
2136 5318 2303 5390 Epist.
2333 5319 2540 5389 passim.
2572 5320 2611 5390 ).

2788 5435 2849 5489 V.

2664 5546 2927 5605 Clausum.

1999 5704 2232 5746 ﬂ.-ERESIS
2259 5701 2456 5754 QUIDEH
2486 5702 2640 5743 PARIT
2688 5702 2755 5741 ΕΤ
2796 5701 3064 5755 ΒΧΡΟΝ1Τ;
3108 5699 3415 5746 ΕΧΡΟΞΠὉΞ
3448 5698 3621 5739 Αυτελι

2274 5794 2529 5841 cccccsu
2556 5794 2788 5838 suscmr
2817 5777 3065 5848 (Firmil.
3100 5776 3291 5849 Epist.
3316 5775 3366 5848 ).
3389 5776 3526 5831 Enn.
