4256 6250
654 304 788 361 1011

1941 302 2300 377 aculeum
2338 302 2611 381 saeuas.

3742 296 3747 303 ’
3823 308 3955 367 ιοιε

653 518 1329 629 CONCILIUM
1374 508 1994 627 ΒΟΜᾼΝῌΜ
2050 524 2263 625 SUB

2333 525 2399 627 ἒς
2438 525 3064 629 STEPHANO
3121 527 3947 637 CELEBRATUM.

1963 727 2060 784 EX
2097 728 2393 786 LIBELLO
2433 728 2674 788 SYNOD.

634 1014 639 1033 ‘
710 1007 922 1071 Σύνοδος
950 1012 1058 1063 θεία
1099 1009 1186 1063 καὶ
1233 1007 1347 1083 ἱερὰ
1388 1011 1606 1072 roman;
1639 1009 1689 1061 ἐν
1737 1005 1900 1079 Ῥὥμῃ
1942 1007 2248 1079 συναθροισ-

2422 999 2672 1073 Synodus
2700 997 2878 1055 divina
2910 1008 2965 1055 ct
3016 1013 3170 1056 sacra
3218 997 3585 1070 provincialis,
3631 1000 3816 1059 Romae
3845 1005 3954 1061 col-

634 1109 801 1165 θεῖσα,
829 1103 931 1157 ὑπὸ
977 1102 1220 1171 Στεφάνου
1267 1106 1360 1155 τοῦ
1405 1100 1777 1173 ἱερομάρτυρος
1819 1099 2006 1154 πάπα⁶
2037 1099 2246 1153 ἀπωκη-

638 1197 845 1271 ρύξοισα
893 1194 1013 1252 τοὺς
1049 1194 1097 1245 ἐν
1140 1200 1202 1263 τῇ
1257 1189 1455 1264 Ἀφρικῇ
1502 1189 1700 1264 συνόδῳ
1730 1189 2038 1271 πᾳραλόγως
2077 1190 2244 1243 ἐπικε-

638 1289 955 1359 χειρήκοτας
1017 1276 1381 1355 ἁναβὰπτίζειν
1442 1286 1564 1344 τοὺς
1632 1285 1687 1336 ἐκ
1769 1283 1942 1344 πάσης
1998 1282 2244 1355 αἱρέσεως

637 1379 1099 1455 προσερχομένους
1127 1386 1190 1449 τῇ
1223 1377 1452 1449 καθολικῇ
1476 1376 1763 1451 Ἐκκλησίᾳ.

2352 1094 2487 1150 lecta
2529 1109 2556 1148 a
2601 1093 2878 1164 Stephano
2921 1103 3110 1149 sancto
3142 1104 3380 1166 martyre
3406 1104 3461 1149 et
3504 1108 3674 1165 papa;
3704 1112 3825 1167 qua:
3855 1114 3951 1154 eos

2350 1188 2443 1263 qui
2474 1188 2526 1244 in
2557 1188 2804 1263 Africana
2833 1187 3042 1260 synodo
3065 1188 3183 1243 sine
3211 1188 3420 1243 ratione
3446 1201 3825 1247 concesserant
3852 1208 3952 1250 eos

2346 1282 2665 1352 rebaptizari
2688 1284 2776 1352 qui
2803 1298 2869 1337 ex
2897 1297 3232 1353 quacumque
3286 1282 3479 1339 haeresi
3527 1282 3595 1339 ad
3624 1283 3950 1342 catholicam

2353 1375 2675 1431 accederent
2698 1375 3023 1443 Ecclesiam,
3051 1376 3342 1433 abdicavit.

1872 1467 2117 1531 STEPH.
2173 1467 2447 1545 eaut;in
2492 1468 2698 1543 Νιηι.

710 1563 830 1618 Duo
866 1573 1032 1623 erant.
1064 1565 1237 1632 inquit
1263 1564 1593 1634 Augustinus
1618 1563 1670 1617 in
1701 1562 1840 1617 libro
1868 1567 1931 1615 de
1956 1563 2109 1634 unico
2138 1561 2240 1615 Ba-

634 1636 1069 1706 ptismo,cap.l$,
1091 1633 1603 1689 eniinemissimm'nm
1625 1635 1972 1698 ecclesiarum,
1996 1633 2244 1688 Romana:

634 1708 828 1762 scilicet
844 1718 889 1759 et
907 1706 1346 1773 Carthaginiensis,
1373 1708 1621 1775 episcopi,
1640 1706 1936 1776 Stephanus
1961 1714 2007 1760 et
2035 1706 2245 1776 Cypria-

631 1795 752 1839 nus.
784 1779 932 1831 ambo
960 1780 1009 1831 in
1041 1780 1232 1831 unitate
1263 1778 1515 1831 catholica
1541 1777 1823 1830 constituti.
1855 1777 1979 1830 Erat
2008 1791 2070 1829 ea
2102 1786 2242 1828 tem-

630 1860 842 1919 pestate
872 1865 1121 1918 magnum
1166 1848 1399 1901 schisma
1430 1850 1480 1902 in
1515 1849 1754 1902 Ecclesia
1786 1857 2003 1919 propter
2033 1846 2237 1899 doctri-

631 1918 756 1974 nam
789 1921 857 1973 de
886 1922 1331 1987 rebaptizatione,
1356 1936 1515 1988 quam
1576 1920 1704 1973 olim
1757 1918 1873 1972 Afri
1904 1927 2241 1986 acceperant

630 1994 701 2045 ab
732 1992 1048 2059 Agrippino.
1079 1991 1493 2060 Carthaginiensi
1544 1994 1819 2060 episcopo,
1867 2002 1923 2044 et
1970 2005 2129 2060 quam
2176 1988 2235 2043 S.

630 2063 934 2133 Cyprianus
965 2060 1254 2133 admodum
1295 2059 1671 2133 perveraci’ter
1710 2060 2052 2133 defendebat.
2088 2059 2239 2133 Tunc

630 2132 766 2203 papa
784 2132 1094 2200 Stephanus
1108 2132 1291 2186 Roma:
1313 2132 1576 2201 synodum
1598 2132 1979 2203 provincialem
1999 2132 2233 2200 collegit,

628 2214 690 2257 ut
714 2203 788 2257 ait
808 2214 994 2258 auctor
1014 2205 1301 2275 Synodici;
1330 2206 1418 2257 ubi
1444 2220 1557 2257 cum
1578 2206 1771 2275 creterris
1799 2204 2001 2273 quidem
2031 2203 2239 2273 collegis

628 2275 756 2340 suis,
810 2283 867 2328 ιιι
916 2275 1152 2344 loquitur
1199 2274 1517 2330 Vincentius
1563 2274 1898 2343 Lirinensis,
1930 2276 2019 2328 sed
2069 2285 2238 2328 tamen

628 2361 740 2416 pro:
767 2347 963 2400 caeteris
994 2349 1046 2401 in
1078 2361 1197 2402 eam
1225 2347 1527 2401 doctrinam
1549 2348 1793 2403 invectus
1832 2357 1936 2405 est.
1973 2346 2235 2416 Denique,

2344 1578 2415 1635 ex,
2443 1577 2504 1617 ea
2553 1561 2783 1634 synodo,
2837 1571 2893 1617 ut
2935 1572 3181 1635 apparet,
3232 1562 3508 1619 celebrem
3553 1563 3948 1634 epistolamad

2346 1633 2595 1707 Africani
2608 1635 2749 1689 misit
2770 1650 2785 1699 ;
2814 1650 2933 1704 quoe
2957 1633 3088 1707 sane
3111 1648 3253 1707 nunc
3275 1651 3380 1688 non
3399 1644 3577 1690 exstat
3593 1633 3829 1707 integra,
3853 1640 3947 1695 sed

2346 1715 2551 1779 tantum
2571 1706 3096 1779 delinitip,qqamyin
3116 1705 3352 1779 Epistola
3376 1722 3537 1761 Lxxiv
3555 1706 3624 1760 ad
3644 1705 3945 1779 Pompeium

2346 1777 2502 1831 nobis
2528 1778 2875 1831 conservavit
2907 1777 2963 1832 S.
2993 1777 3297 1847 Cyprianus
3327 1794 3340 1830 :

2423 1846 2526 1926 (__S_i
2556 1848 2677 1916 quis
2708 1863 2838 1917 ergo
2863 1865 2890 1926 ξι
2913 1846 3468 1926 gnacumqneha‘resi
3498 1850 3709 1905 venerit
3732 1851 3797 1906 ad
3824 1868 3947 1926 nos,

2345 1918 2478 1973 nihil
2512 1920 2798 1977 innovetur
2826 1919 2927 1973 nisi
2956 1919 3098 1988 quod
3132 1919 3384 1973 traditum
3414 1931 3519 1987 est,
3551 1929 3609 1975 ut
3635 1938 3827 1978 manus
3872 1918 3946 1981 illi

2344 1990 2649 2064 imponatur
2668 1990 3156 2064 inpcenitentiam;
3187 2006 3311 2045 cum
3337 1992 3435 2064 ipsi
3462 1993 3698 2047 haeretici
3730 1998 3947 2064 proprie

2341 2063 2657 2115 alterutrum
2688 2061 2754 2115 ad
2779 2078 2837 2117 se
2866 2063 3144 2117 venientes
3185 2078 3293 2117 non
3335 2062 3626 2133 baptizent,
3669 2061 3765 2121 sed
3796 2061 3945 2122 com-

2341 2135 2622 2203 municapt
2651 2143 2878 2191 tantum.
2917 2152 2936 2186 ι

2412 2200 2573 2258 istius
2597 2200 2855 2274 Stephani
2886 2205 3129 2275 epistolce
3152 2206 3509 2260 meminerunt
3529 2205 3815 2274 Eusebius,
3844 2209 3943 2265 lib.

2340 2290 2441 2351 vn,
2460 2290 2578 2347 cap.
2609 2277 2662 2343 5,
2694 2287 2747 2331 et
2769 2275 3085 2332 Vincentius
3109 2277 3407 2333 Lirinensis
3436 2280 3485 2332 in
3510 2293 3606 2333 suo
3624 2277 3948 2351 Commoni-

2344 2350 2507 2419 torio,

659 3001 1580 3095 CABTHAGINENSE
1681 3000 2293 3075 CONCILIUM
2408 2999 2602 3075 SUB
2724 3000 3296 3086 CYPRIANO
3390 3001 3905 3093 TERTIUM

1446 3158 1631 3219 ANNO
1669 3158 1840 3217 POST
1878 3156 2228 3215 CHRISTUM
2265 3156 2507 3231 NATUM
2545 3156 2747 3215 CCLlll
2785 3158 3111 3217 HABlTUM.

1826 3294 1909 3336 DE
1954 3292 2332 3337 INFANTIBUS
2377 3293 2812 3381 ΒΔΡἙΙΖᾼΝᾩΙΒ.

1212 3451 1631 3530 pnoaauwu.

625 3592 856 3657 (Erasm,
883 3589 1028 3657 1155.
1049 3583 1833 3657 Pamel.,_Rig:_1lt._1Halyn-1.1x.
1879 3583 2070 3657 lituis”.
2090 3597 2227 3657 pyrii.

704 3642 887 3715 Diom,
916 3642 1070 3716 Lips,
1102 3665 1226 3701 inv.
1246 3642 1438 3700 'Rou'tb.
1464 3647 1595 3697 Rell.
1623 3642 1779 3710 Scrip.
1812 3661 1858 3710 p.
1886 3645 1949 3694 74
1975 3651 2029 3695 et
2054 3646 2186 3708 116.)

699 3784 859 3836 Anno
902 3777 1102 3833 Christi
1147 3776 1252 3830 257
1299 3771 1404 3846 (‘2),
1452 3772 1828 3843 persecutione
1858 3780 2129 3837 cessante,
2163 3769 2229 3823 ad

628 3879 935 3944 quassatam
963 3868 1258 3923 Ecclesium
1285 3863 1735 3941 componendam,
1760 3862 2060 3933 Cyprianus
2081 3860 2231 3930 ejus-

629 3982 735 4040 que
760 3963 977 4033 collega:
998 3958 1238 4033 episcopi
1258 3957 1525 4013 Africana:
1549 3956 1813 4021 ecclesia,
1841 3970 1907 4010 ex
1930 3968 2080 4008 more
2100 3959 2242 4008 con-‘

627 4065 929 4120 venerunt;
962 4054 1153 4124 partim
1181 4063 1241 4106 ut
1266 4059 1467 4106 rectam
1494 4049 1655 4103 ﬁdem
1686 4056 1741 4101 et
1765 4046 2085 4101 catholicam
2114 4045 2231 4100 uni-

626 4160 792 4206 tatem
818 4154 1224 4211 conservarent,
1251 4146 1444 4214 partim
1473 4142 1631 4198 etiam
1657 4148 1714 4195 ut
1733 4140 2023 4209 collapsam
2051 4140 2228 4194 eccle-

630 4244 900 4299 siaslicam
931 4239 1267 4309 disciplinam
1316 4236 1681 4299 restituerent,
1730 4247 1795 4289 ac
1839 4232 2010 4288 bonos
2052 4248 2230 4291 mores

627 4338 868 4394 ﬁdelium
901 4335 1273 4390 inlormarent.
1309 4332 1363 4386 In
1396 4330 1496 4385 hac
1523 4329 1731 4400 synodo
1765 4329 2112 4387 constitutum
2148 4339 2229 4384 est

535 4497 539 4500 ι
633 4433 831 4503 primo,
867 4439 924 4484 nt
948 4429 1206 4483 diaconus
1238 4427 1348 4493 ille,
1377 4441 1537 4496 quem
1560 4424 1888 4495 Rogatianus
1916 4423 1985 4483 de
2016 4432 2226 4494 proter-

629 4527 715 4580 via
748 4533 803 4578 et
831 4522 1088 4577 conviciis
1134 4520 1234 4575 sibi
1282 4512 1446 4573 illatis
1487 4532 1668 4573 coram
1716 4516 1968 4573 Patribus
2015 4517 2229 4572 concilii

629 4616 1070 4681 dcnuntiavcrat,
1114 4621 1207 4666 aut
1248 4612 1602 4671 abstineatur,
1649 4617 1771 4675 aut,
1815 4609 1917 4667 nisi
1947 4619 2227 4680 peccatum

631 4708 901 4773 emendet,
950 4705 1171 4762 omnino
1197 4703 1518 4774 deponatur.
1560 4701 1706 4756 Idem
1738 4699 1807 4755 de
1846 4700 2072 4770 reliquis
2106 4715 2228 4770 pro—

628 4800 798 4855 tervis
824 4809 877 4855 et
903 4797 1310 4857 contumeliosis
1356 4796 1569 4851 clericis
1606 4792 1956 4853 constitutum
1982 4808 2102 4849 esse
2133 4808 2230 4849 vo-

2261 3474 2309 3532 B
2337 3481 2477 3531 runt.
2513 3474 2689 3531 Verba
2718 3475 2966 3548 Cypriani
2990 3480 3334 3561 responspria
3363 3478 3430 3535 ad
3450 3478 3806 3553 Rogatianum
3831 3482 3938 3541 hac

2336 3566 2403 3622 de
2426 3582 2485 3623 re
2513 3568 2795 3625 scribentis
2824 3569 2937 3625 haec
2979 3582 3103 3627 sunt
3131 3589 3144 3628 :
3176 3590 3195 3625 ι
3234 3572 3357 3633 "me
3386 3583 3505 3631 sunt
3533 3574 3677 3628 initia
3711 3576 3940 3639 haereti-

2336 3673 2520 3721 corum
2567 3670 2621 3715 et
2649 3671 2799 3717 ortus
2829 3671 2989 3734 atque
3018 3674 3243 3723 conatus
3286 3663 3741 3731 schismatieprum
3783 3670 3940 3725 male

2335 3754 2705 3823 cogitantium,
2728 3763 2788 3810 ut
2814 3755 2914 3813 sibi
2944 3757 3209 3829 placeant,
3240 3768 3295 3813 ut
3324 3760 3667 3830 prrrpositum
3694 3762 3938 3835 superbo

2336 3855 2545 3901 tumore
2590 3857 2958 3913 contemnant.
3008 3850 3096 3906 Sic
3133 3850 3201 3906 de
3228 3852 3468 3911 Ecclesia
3499 3854 3811 3917 receditur:
3850 3857 3937 3912 sic

2333 3940 2503 3997 altare
2533 3942 2815 4009 profanum
2864 3943 2994 3999 foris
3033 3945 3353 4016 collocatur,
3396 3947 3475 4002 sic
3521 3957 3706 4004 contra
3741 3963 3935 4020 pacem

2331 4029 2533 4089 Christi
2579 4044 2632 4090 et
2659 4035 3053 4099 ordinationem
3085 4046 3248 4108 atque
3297 4039 3560 4099 unitatem
3608 4039 3698 4101 Dei
3746 4042 3941 4100 rebel-

2334 4124 2494 4181 latur.
2528 4126 2680 4192 Quod
2703 4128 2751 4183 si
2774 4127 2913 4183 ultra
2942 4138 2992 4187 te
3016 4130 3360 4193 contumeliis
3390 4133 3504 4188 suis
3525 4134 3947 4192 exacerbaverit

2332 4227 2388 4273 et
2415 4221 2805 4288 provocaverit,
2838 4221 3074 4293 iungeris
3101 4225 3242 4279 circa
3261 4240 3384 4280 cum
3413 4236 3678 4298 potestate
3707 4227 3943 4288 honoris

2332 4310 2427 4375 tui,
2463 4322 2518 4367 ut
2545 4326 2667 4369 eum
2695 4313 2779 4366 vel
2810 4312 3047 4384 deponas
3074 4315 3155 4370 vel
3185 4315 3513 4375 abstineas.)
3549 4319 3798 4375 Secundo
3825 4320 3942 4378 hac

2331 4407 2518 4463 eadem
2549 4403 2755 4473 synodo
2785 4415 2964 4474 patres
3013 4407 3226 4477 concilii
3269 4408 3630 4480 intelligentes
3656 4411 3794 4482 quod
3820 4411 3941 4468 Ger

2331 4495 2531 4551 minius
2557 4494 2741 4555 Victor
2765 4496 3107 4568 Christianus
3133 4515 3199 4554 ex
3221 4498 3324 4557 hac
3348 4501 3456 4557 vita
3483 4502 3767 4560 discedens
3789 4503 3941 4561 For-

2334 4594 2572 4645 lunatum
2600 4589 2886 4658 quemdam
2932 4591 3307 4664 presbyterum
3352 4603 3676 4656 testamento
3704 4612 3944 4656 suorum

2333 4676 2563 4739 ﬁliorum
2612 4687 2841 4737 tutorem
2897 4684 3444 4757 nominasset,atquc
3489 4689 3596 4755 ita,
3641 4688 3789 4757 juxta
3834 4692 3947 4748 de-

2336 4779 2542 4825 cretum
2570 4773 2783 4831 concilii
2802 4773 3049 4845 alicujus,
3078 4776 3207 4837 olim
3236 4778 3335 4835 hac
3350 4780 3419 4835 de
3446 4796 3504 4835 re
3530 4783 3583 4836 in
3614 4780 3791 4841 Africa
3828 4787 3942 4842 sub

627 4890 785 4947 lens:
816 4892 937 4962 quia
966 4890 1307 4946 contumacia
1327 4888 1382 4943 in
1412 4886 1626 4942 clericis
1649 4885 1904 4955 subjectis
1931 4886 2227 4956 periculosa
2256 4873 2300 4936 C
2333 4865 2766 4962 ξδῐηθεθὲδονίιδυε
2793 4866 3073 4936 εθιθὺΐθιί,
3109 4885 3317 4941 umnam
3349 4876 3944 4933 excommunicationis

626 4985 717 5054 sit,
741 5001 807 5041 ex
828 5001 931 5056 qua
956 4994 1014 5040 ut
1036 4982 1323 5053 plurimum
1344 4980 1397 5037 in
1422 4978 1669 5037 haeresim
1693 4976 1901 5047 prolabi
1922 4990 2223 5033 consueve-

701 5189 779 5264 (l)
823 5189 938 5245 Etsi
970 5204 1090 5260 qua)
1119 5202 1185 5264 eo
1213 5187 1324 5264 loci
1347 5186 1651 5264 colligimus
1678 5183 1904 5264 concilia
1942 5181 2224 5264 Carthagi-

626 5255 815 5318 neos'ia
842 5278 947 5315 non
979 5255 1222 5315 eamdem
1247 5255 1646 5328 rebaptisinatis
1672 5255 2023 5327 quaestionem
2050 5256 2222 5328 agita-

627 5335 839 5397 verint.
871 5345 1062 5387 cuncta
1096 5344 1274 5386 tamen
1306 5325 1456 5401 quasi
1491 5331 1542 5384 in
1574 5325 1739 5383 unum
1784 5342 1979 5396 corpus
2015 5325 2221 5401 etleiida

626 5421 748 5459 esse
775 5406 1167 5458 autumavimus
1187 5445 1201 5468 ,
1237 5413 1292 5455 nt
1324 5398 1444 5471 pote
1482 5401 1671 5455 iisdem
1703 5401 1812 5471 lere
1853 5398 2214 5471 temporibus.

625 5477 727 5531 sub
754 5476 940 5529 eodem
970 5491 1181 5528 summo
1210 5470 1464 5527 l’oniilice
1486 5513 1500 5537 ,
1528 5472 1596 5525 ab
1625 5470 1814 5524 eodem
1840 5470 2127 5539 Cypriano,
2157 5483 2222 5522 ex

626 5548 817 5602 iisdem
849 5546 1232 5614 propemmlnm
1260 5546 1527 5614 episcopis
1556 5544 1751 5595 habita.
1785 5541 1917 5595 Eun.

701 5618 779 5687 (Ξ)
822 5610 917 5670 Est
949 5610 1054 5671 hoc
1089 5610 1374 5671 concilium
1403 5613 1849 5687 Carthagineme
1884 5628 1939 5665 ιιι
1985 5610 2083 5665 sub
2123 5611 2226 5681 Cy-

669 5683 819 5740 ri‘ano
871 5699 926 5741 ut
975 5689 1223 5741 admonet
1274 5685 1615 5750 llarduinus,
1671 5683 2026 5738 celebratrnm
2084 5696 2226 5736 anno

680 5756 852 5827 hristi
876 5772 1064 5827 ccum;
1098 5756 1343 5827 ﬁctitium
1387 5767 1565 5809 autem
1598 5753 1728 5827 illud
1759 5764 1905 5825 putat
1937 5754 2131 5825 Pagius
2161 5752 2229 5809 ad

637 5838 765 5877 ann.
799 5824 926 5881 Chr.
954 5825 1083 5894 254,
1108 5841 1162 5880 η.
1194 5825 1255 5895 5;
1290 5823 1449 5894 quem
1479 5823 1721 5881 consule.

2310 4954 2682 5026 incurrisset;
2735 4959 2908 5028 ipsum
2936 4960 3241 5021 Geminium
3294 4964 3631 5039 defunctum,
3685 4982 3752 5022 eo
3777 4972 3943 5040 quod

2330 5050 2702 5122 presbytermn
2734 5067 2763 5107 ιι
2790 5054 2932 5113 cultu
2970 5055 3062 5123 Dei
3090 5055 3155 5113 ad
3195 5058 3476 5123 saecularia
3505 5073 3809 5125 avocasset,
3842 5078 3946 5119 cx-

2327 5148 2780 5217 communicatum
2798 5162 2917 5204 esse
2935 5149 3245 5213 denuntiant
3268 5169 3283 5221 ;
3315 5152 3539 5229 ideoque
3552 5170 3649 5226 pro
3671 5153 3943 5215 defuncto

2325 5241 2651 5303 sacriﬁcium
2680 5240 2887 5307 alieni,
2924 5258 3116 5309 nomen
3143 5243 3283 5314 apud
3311 5231 3486 5301 altare
3524 5245 3795 5302 nominari
3842 5265 3941 5307 se-

2327 5348 2456 5387 vere
2486 5331 2773 5387 admodum
2799 5334 3163 5403 interdicunt;
3196 5336 3479 5411 ipsumque
3518 5349 3941 5398 antecesserunt

2326 5436 2547 5478 suorum
2590 5423 2863 5479 decretum
2892 5424 2994 5479 hac
3038 5426 3281 5498 synodali
3311 5428 3697 5485 constitutione
3720 5432 3939 5487 conﬁr-

2326 5523 2495 5581 mant,
2523 5514 2647 5569 llaec
2668 5525 2917 5573 constant
2938 5532 3003 5575 ex
3031 5516 3286 5589 Cypriani
3314 5520 3541 5590 cpistola
3571 5520 3661 5585 66,
3698 5537 3811 5592 qua
3852 5525 3943 5579 sic

2326 5608 2435 5662 ait:
2470 5604 2702 5661 Graviter
2726 5608 2967 5662 commoti
2995 5626 3189 5676 sumus,
3224 5627 3316 5682 ego
3366 5622 3414 5665 et
3439 5612 3648 5684 collega:
3675 5614 3795 5682 mei,
3845 5616 3946 5686 qui

2330 5712 2583 5775 presentes
2604 5701 2838 5770 aderant,
2869 5715 2911 5757 et
2937 5704 3331 5777 compresbyteri
3370 5707 3532 5760 nostri
3565 5708 3653 5778 qui
3680 5708 3832 5765 nobis
3848 5726 3947 5766 as-

2362 5798 2405 5853 si
2448 5793 2657 5861 (libant,
2684 5804 2789 5850 ctc.
2821 5794 3018 5853 Bartu.
3046 5811 3188 5853 anno
3214 5796 3345 5867 257,
3377 5814 3430 5854 i.t
3452 5814 3602 5853 nuo
3628 5799 3694 5855 15
3720 5816 3773 5855 et
3806 5802 3891 5859 Ν.
3923 5799 3977 5855 ιι
4068 5820 4105 5853 υ
