4256 6250
348 221 497 285 101⁵5

352 431 627 490 cessitatis
654 441 779 485 ante
804 439 1055 485 octavum
1086 430 1230 486 diem
1262 430 1675 499 accelerandum
1709 447 1850 496 esse.
1883 434 1949 491 ad

351 523 710 597 quorumdam
747 522 1137 583 dubitationem
1189 540 1504 594 responsum
1553 541 1674 580 esse
1706 527 1949 585 videtur:

352 621 612 686 maxime,
656 618 776 688 quia
814 618 1101 672 concilium
1139 617 1269 673 illud
1299 629 1537 691 tempore
1564 619 1823 675 Ecclesia:
1861 637 1952 692 pa-

348 721 475 769 cato
502 710 852 775 celebratum,
883 725 990 764 non
1009 710 1108 764 sub
1138 710 1323 777 Lucio,
1355 722 1413 766 ut
1441 711 1642 766 Veneta
1663 714 1826 769 editio
1858 714 1953 769 lia—

347 803 459 870 bet,
485 801 578 856 sed
601 801 776 872 potius
796 801 936 855 circa
967 801 1175 856 initium
1205 801 1471 873 Valeriani
1496 802 1735 858 habitum
1760 806 1949 873 fuisse,

346 905 496 952 certo
523 893 785 972 colligere
814 892 992 947 liceat.
1028 893 1214 961 Qualis
1258 894 1346 949 illa
1379 894 1446 949 de
1474 895 1750 967 Baptismo
1777 897 1951 953 inlan-

355 992 592 1061 tnlorum
622 989 994 1043 controversia
1026 986 1207 1053 fuerit,
1239 1004 1301 1044 ex
1331 1005 1417 1044 ιιι
1444 990 1670 1067 epistola
1697 991 1947 1065 Cypriani

349 1082 416 1138 ad
445 1081 634 1141 Fidum
670 1080 1041 1153 presbyterum
1060 1080 1145 1135 hic
1174 1082 1415 1152 subjecta
1437 1098 1767 1154 cognoscere
1798 1085 1942 1141 licet.

346 1211 637 1259 CYPRIANUS
703 1212 773 1255 ET
836 1211 1042 1262 δίετειιι
1105 1211 1356 1252 οοιιεορε
1425 1212 1513 1263 QUI
1584 1213 1637 1254 IN
1704 1213 1947 1256 CONCILIO

418 1308 730 1349 AFFUEBUNT
753 1306 968 1348 NUIBRO
997 1307 1150 1357 ιιγι,
1181 1306 1304 1346 FIDO
1346 1307 1574 1355 FBATNS
1609 1307 1869 1353 δΑωτειι.

347 1405 738 1465 Ancuucn'ruu.
770 1436 841 1446 —
872 1405 1053 1459 Patres
1082 1405 1303 1475 africani
1326 1396 1503 1476 pacem
1530 1422 1561 1460 a
1591 1405 1848 1478 Tlterapio
1876 1418 1947 1463 te-

422 1515 558 1553 mere
585 1514 907 1561 concessam,
937 1505 1103 1551 ratam
1134 1512 1243 1551 esse
1279 1507 1530 1551 statuunt.
1561 1528 1633 1538 —
1659 1496 1944 1570 Infantiam

416 1592 568 1647 modo
596 1602 830 1647 natorum
853 1591 1150 1661 Baptismus
1179 1591 1241 1646 ab
1260 1591 1436 1646 iisdem
1462 1592 1816 1647 stabilitur.-—-
1839 1593 1945 1651 Sus

416 1686 731 1757 perstitiosus
758 1700 865 1741 mos
892 1687 1116 1753 infantes
1153 1686 1222 1739 ad
1260 1673 1493 1740 osculum
1534 1703 1635 1740 non
1674 1688 1943 1743 admittere

413 1791 531 1836 ante
553 1782 687 1836 diem
715 1792 945 1837 octavum
974 1791 1274 1837 notatur..—-
1291 1780 1459 1837 Nemo
1487 1799 1519 1837 a
1538 1781 1801 1853 Baptismo
1826 1785 1928 1836 im-

419 1875 712 1945 patiendus.

1492 218 1808 281 CONCILIA
1846 222 2466 289 CARTHAGINENSIA.
2878 232 2897 256 ‘

352 340 544 399 eodem
569 335 803 403 concilio
829 335 1164 410 Baptismum
1196 337 1579 407 infantulorum
1610 340 1661 395 in
1692 354 1822 397 casu
1859 357 1954 399 ne»
1979 345 2032 406 Α

3511 240 3651 297 1014

2129 344 2171 399 Ι.
2212 344 2462 415 Legimus
2492 346 2699 405 litteras
2726 354 2878 417 tuas,
2904 350 3071 407 frater
3091 350 3426 422 charissime,
3458 355 3654 425 quibus

2060 437 2376 508 signiﬁcasti
2405 438 2472 494 de
2497 438 2716 497 Victore
2735 484 2748 508 ,
2785 452 2810 478 υ
2839 442 3108 514 quondam
3142 444 3478 517 presbytero,
3505 448 3650 518 quod
3670 480 3687 497 ο

2055 530 2125 594 ei,
2150 539 2434 601 antequam
2468 532 2838 602 pmuilenliam
2862 535 3075 605 plenam
3100 536 3322 606 egisset,
3342 547 3395 591 et
3418 537 3645 594 Domino

2057 621 2187 688 Deo,
2221 623 2274 678 in
2304 640 2461 696 quem
2493 624 2792 696 deliquerat
2818 669 2832 694 ,
2865 628 3238 694 satisfecisset,
3268 638 3474 686 temere
3502 631 3646 689 Tlte—

2054 717 2269 786 rapius,
2323 717 2528 787 collega
2587 729 2790 784 noster,
2842 721 3130 777 inuuaturo
3163 732 3403 794 tempore
3432 733 3485 779 et
3514 740 3651 795 pra:-

2057 822 2283 885 propera
2328 809 2674 866 festinatione
2723 827 2906 883 pacem
2965 814 3194 869 dederit.
3240 815 3371 883 Qua:
3416 833 3504 874 res
3553 832 3651 876 nos

2053 901 2185 961 satis
2229 902 2417 971 movit,
2462 918 2740 959 recessum
2790 920 2912 960 esse
2940 921 2968 961 a
2996 905 3201 963 decreti
3248 908 3415 962 nostri
3461 919 3649 964 aucto-

2052 994 2232 1063 ritate,
2278 1007 2334 1050 ut
2378 1005 2504 1052 ante
2551 998 2843 1068 lcgiliumut
2892 1010 2946 1055 et
2991 1001 3205 1071 plenum
3240 1012 3449 1073 tempus
3491 1005 3650 1061 satis-

2051 1086 2321 1153 factionis,
2352 1097 2406 1143 ct
2445 1090 2561 1144 sine
2608 1090 2769 1160 petitu
2812 1102 2864 1147 et
2901 1094 3228 1148 conscientia
3259 1094 3428 1164 plebis
3453 1136 3467 1159 ,
3503 1095 3650 1152 nulla

2052 1180 2368 1237 inﬁrmitate
2426 1193 2645 1254 urgente
2692 1200 2756 1240 ac
2801 1186 3120 1243 necessitate
3161 1197 3387 1257 cogente
3413 1230 3426 1254 ,
3456 1204 3555 1259 pax
3598 1191 3649 1247 ei

2049 1275 2464 1355 concederetur,
2503 1276 2599 1332 sed
2643 1277 2836 1335 librato
2894 1280 3033 1350 apud
3094 1296 3192 1335 nos
3249 1280 3338 1335 diu
3381 1282 3643 1350 consilio,

2048 1366 2077 1406 ³)
2105 1369 2235 1427 satis
2259 1370 2353 1425 fuit
2385 1370 2668 1443 obiurgare
2714 1372 3036 1444 'l'licrapium
3088 1376 3346 1447 collegam
3395 1389 3640 1433 nostrum

2047 1462 2190 1533 quod
2231 1472 2432 1518 temere
2473 1464 2575 1523 hoc
2615 1464 2801 1521 fecerit
2843 1476 2895 1522 et
2924 1467 3248 1524 instruxisse
3278 1484 3346 1524 ne
3376 1469 3500 1538 quid
3540 1472 3645 1527 tale

2047 1555 2113 1610 de
2139 1565 2335 1615 caetero
2376 1556 2553 1613 faciat.
2600 1560 2793 1615 Pacem
2843 1569 3019 1619 tamen
3066 1563 3570 1636 quomodocumque
3613 1581 3644 1623 a

2045 1649 2334 1707 sacerdote
2384 1650 2476 1706 Dei
2506 1652 2678 1713 semel
2708 1652 2882 1717 datam
2917 1670 3024 1715 non
3050 1657 3355 1726 putavimus
3392 1648 3645 1715 auferen-

1967 1749 2016 1810 Β
2044 1740 2166 1797 dam
2193 1784 2209 1810 ,
2257 1757 2321 1798 ac
2365 1758 2462 1813 per
2523 1746 2624 1799 hoc
2687 1744 2892 1805 Victori
2950 1750 3493 1809 communicationem
3539 1752 3643 1811 sibi

2045 1849 2360 1895 concessam
2413 1850 2672 1911 usurpare
2715 1840 3075 1913 permisimus.

1590 1992 1971 2051 LECTlONES
2011 1994 2423 2051 VARIANTES.

407 2113 434 2143 ⁸
465 2111 553 2165 Sic
586 2114 721 2181 Leni.
758 2112 885 2181 Boil.
928 2113 973 2173 1,
999 2110 1046 2160 2.
1072 2111 1219 2165 Ebur.
1263 2113 1371 2164 ΝΟ.
1415 2114 1463 2181 1,
1505 2110 1553 2161 2.
1600 2112 1720 2175 νει.
1756 2112 1936 2162 Benev.

338 2170 543 2229 Victore
568 2174 775 2239 quodam
802 2175 834 2224 Ι
836 2170 969 2240 ηιρνζ
989 2188 1104 2239 nup.

2100 2109 2131 2149 ιι
2165 2111 2669 2185 βοηεηξρηοῒῄιιιιειιιθ
2708 2114 3008 2183 Therapium
3033 2117 3274 2185 collegam
3308 2128 3528 2172 nostrum
3550 2120 3643 2172 de-

2039 2176 2290 2225 crevimus
2313 2176 2423 2227 NG.
2447 2178 2497 2226 2.
2552 2176 2576 2180 '
2728 2178 2733 2183 ’
2804 2199 2816 2207 —

1697 2283 2055 2345 VARIORUM
2096 2284 2324 2345 ΝΟΤιἘ.

420 2399 683 2472 Synodica
708 2399 815 2453 Ιιωο
845 2397 1100 2480 Ερὶειοιαἶ
1132 2397 1302 2481 Hujus
1340 2396 1585 2524 epistola:
1615 2394 1820 2481 mentio
1841 2413 1936 2452 ex-

420 2471 583 2524 .aoud
610 2482 851 2524 sanctum
882 2473 1242 2524 Augustinum
1282 2485 1335 2524 ιιι
1397 2468 1512 2524 tbro
1533 2466 1599 2523 de
1628 2466 1807 2524 Gestts
1836 2470 1935 2524 Pe—

347 2479 424 2527 tat
445 2466 583 2541 apud
610 2482 851 2525 sanctum
882 2466 1242 2538 Augustinum
1282 2468 1335 2524 in
1372 2466 1512 2525 libro
1533 2466 1599 2541 de
1628 2466 1807 2541 Ges_tis
1836 2470 1935 2524 Pe—

347 2539 491 2607 lagii,
518 2558 635 2612 cap.
669 2544 756 2604 il,
777 2552 829 2594 et
857 2543 908 2594 iu
940 2542 1078 2595 libro
1105 2550 1296 2610 quarto
1322 2548 1515 2594 contra
1547 2540 1689 2612 duas
1713 2539 1934 2608 Episto-

345 2616 426 2670 las
464 2611 896 2683 Pela’gtannrum,
930 2627 1050 2683 cap.
1079 2612 1132 2674 8,
1169 2622 1221 2665 ct
1253 2613 1303 2663 in
1335 2626 1587 2683 sermone
1631 2611 1739 2666 294
1781 2627 1935 2667 novte

345 2682 617 2751 editionis.
671 2684 906 2738 Meminit
949 2682 1188 2752 ejusdem
1266 2684 1424 2737 etiam
1482 2682 1838 2753 llicronymus
1881 2684 1932 2737 in

346 2748 521 2812 Calce'
545 2757 883 2825 Dialogorum
920 2744 1177 2809 adversus
1210 2753 1544 2825 Pelagianos.
1585 2744 1713 2825 Vide
1740 2744 1931 2813 librum

346 2827 560 2893 Georgii
590 2824 876 2881 CasSandri
910 2826 1167 2880 adversus
1200 2824 1597 2892 Anabaptistas.
1632 2824 1826 2881 BALUZ.

423 2897 649 2955 Numero
678 2914 815 2955 uri.
844 2896 1052 2952 Videsis
1074 2897 1213 2966 quod
1254 2907 1379 2951 ante
1420 2906 1731 2953 annotalum
1760 2906 1843 2963 est
1871 2896 1938 2951 ad

345 2968 552 3025 Concil.
590 2986 644 3031 ιι,
672 2986 721 3039 p.
750 2969 871 3024 109.
909 2967 1116 3024 linum.

383 3038 816 3132 Fidofamelius
830 3042 903 3120 ait
946 3055 1047 3092 non
1067 3039 1303 3121 pomissc
1396 3039 1633 3132 reperire
1652 3054 1759 3109 quo
1773 3038 1842 3132 riu.
1866 3039 1934 3092 lo-
1961 3071 2006 3132 Ο

345 3128 410 3169 co
428 3113 590 3168 Fidus
607 3112 762 3165 fuerit
795 3112 1099 3179 episcopus,
1121 3110 1412 3165 verisimile
1445 3119 1619 3175 tamen
1637 3124 1755 3164 esse
1772 3110 1935 3165 fui~se

346 3185 577 3241 vicinum
604 3183 983 3252 Therapii.qui
1007 3181 1069 3252 in
1102 3181 1309 3252 synodo
1344 3182 1517 3252 sancti
1545 3179 1797 3248 Cypriani
1837 3196 1902 3233 co

382 3258 690 3310 nominatur
713 3271 743 3308 a
765 3249 933 3308 Bulla.
955 3251 1102 3321 (Vid.
1133 3249 1293 3322 supra
1328 3249 1547 3313 Concill.
1579 3268 1672 3307 vn.
1700 3267 1751 3321 p.
1781 3252 1881 3309 105
1911 3249 1931 3324 )

382 3271 690 3310 nominatur
713 3271 743 3308 a
765 3271 933 3308 uutta.
955 3271 1102 3321 μω.
1135 3271 1293 3322 supra
1328 3271 1547 3313 concta.
1579 3271 1672 3307 vn.
1700 3271 1751 3321 p.
1781 3271 1881 3309 ιυο
1911 3271 1928 3324 )

342 3271 620 3384 glorellius
642 3326 846 3395 putavit
878 3326 1040 3379 luis“:
1071 3332 1275 3378 tantum
1306 3325 1695 3395 presbyterum.
1724 3324 1928 3379 Bawz.

346 3428 415 3439 -—
443 3401 530 3455 Ait
571 3394 894 3452 I’earsonius
929 3397 979 3449 ιιι
1014 3395 1198 3449 Annal.
1230 3413 1240 3448 :
1272 3413 1290 3444 ι
1329 3395 1460 3461 Dum
1497 3394 1568 3448 illi
1613 3396 1663 3450 in
1700 3395 1932 3453 cuttcilio

347 3481 519 3528 erant.
536 3470 605 3524 all
626 3478 714 3522 ita:
730 3477 852 3521 sunt
878 3482 905 3519 a
939 3466 1069 3521 Fido
1083 3468 1356 3535 episcopo,
1382 3476 1437 3520 ut
1456 3465 1683 3531 videtur,
1713 3468 1929 3536 scriptae

346 3539 564 3604 litterae,
604 3558 623 3591 ι
651 3541 714 3593 ad
738 3557 827 3594 an.
851 3538 989 3602 255,
1016 3548 1147 3593 sect.
1179 3554 1252 3593 ιιι.
1286 3537 1498 3593 Rourn.

423 3613 465 3666 l.
484 3643 556 3656 --
579 3609 781 3665 Victore
800 3610 1056 3679 quondam
1083 3607 1388 3679 presbytero.
1422 3609 1680 3677 liigaltius
1702 3610 1803 3663 ait:
1826 3609 1933 3666 Iste

356 3682 530 3739 Victor
543 3684 801 3751 quondam
814 3678 878 3737 in
901 3678 1128 3734 Ecclesia
1151 3678 1425 3751 presbyter,
1443 3679 1576 3734 male
1594 3690 1791 3747 servata
1805 3681 1926 3747 fide,

346 3749 628 3810 Ecclesium
657 3757 916 3818 amiserat,
962 3763 1008 3808 et
1043 3768 1237 3821 pacem.
1266 3749 1450 3815 Itaque
1479 3752 1570 3806 etsi
1598 3768 1772 3819 pacem
1801 3769 1927 3821 quo-

345 3828 729 3897 modocumque,
757 3828 852 3879 hoc
881 3834 951 3880 est
982 3839 1306 3897 pra'prOpera
1324 3821 1586 3897 _Tlterapii
1602 3824 1932 3897 festinatione

343 3892 848 3966 recepissetfminime
869 3892 1033 3951 tamen
1056 3896 1220 3966 locum
1241 3896 1291 3948 in
1317 3892 1564 3958 Ecclesia,
1589 3896 1682 3946 hoc
1703 3903 1773 3948 est
1792 3911 1927 3961 pres-

347 3965 506 4038 byteri
540 3973 779 4025 honorem
804 3978 1077 4037 receperat.
1113 3965 1249 4021 Bene
1278 3966 1430 4038 igitur
1453 4007 1492 4038 ,_
1511 3976 1659 4033 atque
1687 3981 1749 4019 ex
1778 3966 1930 4038 disci-

348 4034 488 4108 plina
533 4043 704 4102 veteri.
756 4034 957 4109 scripsit
1012 4034 1313 4109 Cyprianus,
1349 4036 1410 4088 de
1454 4034 1650 4109 Victore
1669 4036 1928 4109 quondam

346 4106 651 4183 presbytero,
669 4113 758 4183 qui
777 4106 908 4167 nunc
923 4106 1228 4183 inter'laicos
1248 4108 1646 4183 communicabat
1663 4106 1923 4183 Ecclesiae.

345 4179 509 4235 Ideni
539 4201 656 4254 ergo
680 4179 689 4183 ⁷
714 4183 883 4239 Victor
927 4184 989 4235 de
1037 4182 1166 4254 laico
1215 4180 1508 4254 presbyter,
1545 4179 1612 4254 tle
1640 4180 1925 4254 presbytero

348 4251 682 4321 lapsanae
743 4256 888 4319 lapso
954 4253 1235 4321 pwuitens,
1294 4251 1356 4305 de
1421 4251 1922 4321 pwniteutelaicus.

348 4320 520 4392 supra
558 4327 969 4380 obscrvavinuts
1018 4339 1122 4377 non
1174 4338 1388 4388 semper
1436 4322 1486 4375 in
1518 4320 1754 4375 Ecclesia
1787 4321 1927 4377 obti—

346 4398 550 4459 nuisse,
578 4408 633 4451 ut
655 4398 719 4451 'in
749 4398 976 4459 clericos
1004 4395 1395 4461 delinquentes,
1429 4393 1599 4464 solum
1633 4407 1726 4462 per
1757 4393 1920 4464 depo-

2039 2410 2268 2475 t_apsu_m_,
2307 2397 2549 2466 deiectus
2575 2407 2692 2453 erat
2722 2399 2791 2475 de
2819 2400 2988 2475 gradu
3022 2400 3342 2475 presbyteri,
3379 2405 3517 2463 sicut
3556 2406 3637 2461 in-

2042 2469 2118 2523 l'ra
2167 2469 2338 2543 Epist.
2391 2484 2533 2543 thv,
2602 2487 2721 2539 pag.
2773 2472 2898 2535 HO,
2946 2469 3138 2543 legitur
3185 2469 3629 2535 Fortunatiannut

2039 2541 2299 2610 quondam
2321 2539 2462 2607 apud
2488 2556 2574 2594 vos
2596 2543 2928 2617 episcopum.
2954 2539 3264 2601 Lectionem
3296 2562 3456 2616 porro
3475 2565 3634 2617 qttam

2059 2626 2140 2665 IOS
2171 2625 2489 2665 revocamus
2525 2611 2780 2665 exhibent
2814 2614 2931 2668 libri
2963 2626 3172 2670 veteres
3199 2628 3252 2670 et
3278 2611 3634 2674 vetustissima

2083 2681 2200 2750 ujus
2242 2682 2494 2755 cpistola;
2541 2682 2728 2755 versioy
2759 2682 2977 2755 Syriaca,
3018 2702 3175 2755 quam
3224 2698 3404 2743 servat
3450 2689 3639 2745 biblio-

2039 2753 2199 2836 tlteca_
2241 2752 2571 2842 serenissimi
2605 2753 2762 2842 Ducis
2791 2752 3107 2842 Florentiae,
3153 2758 3224 2812 uti
3263 2773 3362 2828 ego
3396 2762 3575 2842 accepi
3606 2777 3637 2816 a

2041 2828 2155 2897 viro
2188 2824 2343 2897 istius
2383 2824 2577 2897 linguai
2608 2832 2662 2878 et
2690 2826 2949 2897 bonarum
2982 2828 3278 2883 litterarum
3298 2824 3636 2897 peritissimo

2044 2895 2273 2972 Eusebio
2294 2894 2649 2972 llenaudotio.
2673 2895 2771 2972 ¹5ἰο
2802 2897 3107 2972 in_epistola
3136 2894 3331 2957 Felicis
3349 2900 3506 2970 Papa:
3532 2901 3596 2957 ΙΙΙ
3616 2945 3633 2972 ,

2044 2967 2109 3020 ad
2163 2968 2412 3020 Acacium
2440 3006 2454 3027 ,
2510 2967 2765 3035 quondam
2794 2969 3055 3039 episcopos
3079 3011 3094 3036 ,
3153 2987 3284 3023 nunc
3306 2967 3638 3028 vero—ltonorc

2044 3047 2093 3093 et
2125 3040 2478 3110 communione
2529 3048 2774 3110 privatos.
2833 3040 3061 3110 l’pssunt
3115 3042 3337 3110 reperiri
3409 3043 3633 3110 plurima

2040 3109 2284 3176 exempla
2305 3109 2519 3163 similia.
2550 3107 3071 3166 Dawn—Clericis
3110 3107 3251 3171 haud
3292 3107 3507 3177 licuisse
3543 3118 3633 3175 qui

2039 3180 2415 3249 pmnitentiam
2454 3181 2685 3248 egissent
2711 3221 2726 3245 ,
2782 3182 3025 3250 recipere
3057 3182 3232 3236 locum
3262 3198 3414 3237 sumu
3449 3185 3499 3239 in
3530 3185 3633 3239 Ec-

2037 3250 2225 3312 clesia,
2278 3250 2409 3304 satis
2455 3251 2689 3304 ostendit
2712 3250 2959 3306 Basilidis
3001 3253 3308 3318 exentthqu
3352 3255 3405 3313 in
3442 3255 3635 3313 litteris

2037 3320 2319 3394 Synodicis
2362 3320 2607 3391 proxime
2653 3331 2772 3394 post
2802 3321 2899 3377 bas
2928 3325 3275 3393 sequentibus
3302 3341 3633 3382 commento-

2036 3392 2233 3448 ratum.
2264 3392 2516 3462 Idemque
2546 3393 2699 3448 nobis
2730 3392 3147 3451 iaculentttcum
3183 3395 3441 3460 liigaltith
3472 3397 3632 3453 etiam

2035 3464 2162 3519 alibi
2191 3464 2243 3517 itt
2271 3461 2511 3535 lVotisatl
2539 3462 2878 3533 Cyprianum,
2909 3474 3020 3520 tum
3043 3467 3419 3535 AlbaSpinmus
3449 3468 3631 3522 Obser-

2035 3546 2158 3607 vatt.
2185 3535 2247 3589 de
2284 3533 2541 3607 veteribus
2576 3536 2771 3607 Egcles.
2805 3535 2913 3607 Rit.
2947 3536 3037 3590 lib.
3073 3553 3129 3593 ιι.
3163 3533 3282 3607 cap.
3312 3540 3402 3594 54.
3433 3540 3630 3595 ριΒίιι-

2034 3605 2262 3683 ghamus
2311 3606 2563 3674 Antiquit.
2600 3604 2803 3662 Eccles.
2860 3604 3052 3663 Christ.
3096 3608 3191 3666 lib.
3232 3604 3301 3676 tt,
3333 3625 3383 3666 c.
3417 3610 3471 3679 2,
3506 3610 3569 3683 ἓξ
3599 3613 3634 3667 9.

2034 3688 2089 3732 et
2109 3679 2163 3732 4.
2196 3677 2405 3732 Reum.

2105 3747 2315 3824 Temere
2365 3748 2657 3824 Tlterapius
2707 3749 2904 3821 collega
2968 3760 3158 3824 noster.
3198 3752 3471 3824 Baluzius
3512 3754 3632 3824 qui-

2033 3820 2155 3896 dem
2187 3822 2414 3885 duorum
2446 3820 2704 3879 librorum
2748 3820 2985 3896 velorum
3022 3822 3123 3876 fide
3157 3823 3347 3896 nixus,
3378 3840 3407 3880 a
3435 3820 3631 3896 quibus

2033 3891 2215 3947 aberat
2260 3907 2359 3964 vox
2411 3902 2630 3964 temere,
2664 3891 2908 3964 eamdem
2944 3903 2999 3945 ut
3029 3909 3056 3943 a
3094 3893 3261 3946 sciolo
3302 3891 3532 3964 quodam
3564 3912 3631 3951 ex

2032 3963 2381 4031 sequentibus
2399 3962 2660 4030 adjectatn
2680 3963 2960 4033 neglexit;
2988 3978 3106 4030 qua:
3128 3980 3276 4027 vero,
3301 3962 3415 4033 ipso
3434 3966 3631 4022 fatente

2035 4035 2150 4105 viro
2179 4033 2514 4096 clarissimo,
2547 4033 2598 4086 in
2642 4032 2879 4105 pluribus
2922 4034 3194 4090 veteribus
3237 4032 3632 4105 exetnplaribus

2033 4104 2192 4158 lectio
2236 4106 2449 4158 inventa
2499 4112 2620 4170 est,
2654 4103 2793 4157 hanc
2841 4119 2941 4173 ego
2983 4105 3203 4159 minime
3249 4103 3628 4173 eliminandam

2035 4175 2236 4247 putavi,
2269 4176 2565 4243 pre-sertim
2593 4190 2714 4230 cum
2746 4175 2882 4231 bene
2907 4177 3219 4233 conveniret
3249 4177 3363 4247 loco
3396 4179 3631 4234 vocabu-

2030 4246 2164 4301 lum.
2191 4249 2397 4303 Bourn.
2417 4276 2488 4286 —

2102 4319 2410 4391 Therapnis.
2468 4316 2765 4391 Eptscopus
2792 4317 3059 4391 Bullensis
3098 4319 3149 4387 in
3183 4321 3454 4390 provincia
3500 4337 3627 4391 pro-

2032 4390 2320 4444 consulari.
2377 4390 2583 4460 Duplex
2636 4398 2815 4445 autem
2879 4390 3010 4452 luit.
3053 4400 3110 4448 ιιι
3166 4392 3295 4447 alibi
3354 4390 3620 4460 diximus,

341 4468 593 4527 sitionem
617 4469 681 4520 ad
712 4468 1142 4531 communionem
1170 4460 1354 4519 laicam
1390 4460 1924 4529 animadverteretur.
1954 4460 2007 4520 D
2036 4461 2183 4531 Bulla
2219 4465 2281 4534 in
2321 4476 2401 4534 ea
2430 4462 2698 4534 provincia
2724 4503 2739 4527 ,
2775 4477 2875 4515 una
2904 4464 3042 4518 dicta
3082 4465 3398 4534 simpliciter
3429 4464 3579 4520 Bulla
3607 4508 3622 4532 ,

339 4537 567 4595 Constat
605 4539 875 4595 Victorem
906 4538 1141 4592 Ecclesia
1193 4536 1404 4607 pulsum
1445 4535 1509 4589 ad
1552 4534 1922 4607 pwnitentiam

340 4624 571 4675 exituque
597 4610 857 4665 diutinam
885 4609 1199 4663 admissum.
1236 4606 1383 4661 Licet
1415 4622 1541 4671 vero
1570 4606 1775 4676 synodo
1807 4616 1926 4675 post

339 4680 572 4744 reditum
609 4680 856 4752 Cypriani
899 4678 1162 4737 secunda.
1198 4679 1359 4745 lapsis
1389 4677 1458 4730 ob
1499 4676 1920 4747 persecutionem

339 4752 680 4820 ingruentem
739 4753 997 4809 indultum
1027 4767 1040 4813 ;
1075 4760 1249 4803 tamen
1279 4764 1381 4802 non
1430 4764 1490 4802 ea
1534 4764 1685 4803 mens
1715 4760 1921 4816 patrum

338 4831 461 4879 erat
499 4832 575 4889 ut,
631 4839 758 4891 pace
798 4825 1040 4885 restituta
1079 4832 1125 4874 et
1156 4819 1298 4873 nulla
1337 4820 1628 4873 necessitate
1672 4830 1876 4889 cogente
1904 4861 1918 4882 ,

340 4890 639 4962 cpiscopus?
664 4897 841 4949 omnia
895 4908 988 4962 pro
1025 4892 1245 4957 arbitrio
1283 4890 1506 4945 laxaret.
1550 4891 1921 4962 PtiCCllliltllllc

338 4961 589 5027 cetzlesitc
624 4961 903 5020 redditam
930 4964 1178 5032 frequens
1213 4963 1451 5032 synodus
1485 4962 1699 5017 indicat.
1724 4961 1918 5017 Fortu-

341 5035 594 5097 tra'ianus
635 5038 814 5105 lapsus
862 5033 1115 5105 quondam
1151 5034 1414 5103 episcoints
1457 5033 1686 5103 dicitur.
1738 5035 1916 5089 statim

340 5106 444 5175 Ep.
480 5123 583 5161 ων
610 5108 702 5178 (al.
756 5104 924 5179 um").
957 5107 1270 5179 Εᾼιειιυετ-
1294 5104 1624 5179 Quamquam
1650 5105 1917 5179 i’autclius

335 5175 908 5248 agnoscat'editiaue‘s
962 5177 1176 5233 lllanutii
1220 5186 1271 5229 ct
1316 5175 1541 5231 Morcllii
1576 5176 1692 5243 istic
1726 5176 1921 5248 habere

339 5247 602 5313 quondam
622 5293 637 5312 ,
670 5254 837 5319 magis
869 5263 1043 5304 tamen
1070 5250 1115 5302 oi
1153 5248 1347 5315 placuit
1373 5248 1529 5299 lectio
1553 5258 1791 5319 veterum
1819 5247 1926 5301 edi-

339 5322 565 5392 tionum,
598 5318 862 5392 inquibus
892 5322 1145 5387 scriptum
1169 5329 1247 5392 est
1279 5320 1516 5392 quodam,
1538 5332 1654 5372 eam
1682 5318 1928 5377 videlicet

336 5391 415 5445 ob
458 5389 713 5458 causam,
740 5404 795 5447 ut
825 5394 913 5449 ille
943 5393 1044 5446 ait.
1077 5389 1218 5459 quod
1241 5391 1370 5445 satis
1392 5398 1601 5442 constet
1622 5403 1685 5441 ex
1708 5404 1928 5459 sequen-

339 5461 491 5516 tibus
530 5463 705 5519 adlntc
746 5465 942 5530 vixisse
983 5458 1249 5518 Victorem
1285 5458 1652 5530 presbyterum
1677 5476 1794 5511 cum
1826 5458 1930 5529 Cy-

336 5532 566 5602 prianus
597 5534 734 5590 hanc
760 5522 1043 5602 epistolam
1086 5522 1364 5587 scriberet.
1396 5522 1545 5597 Quod
1575 5539 1657 5602 est
1696 5522 1933 5602 certissi-

342 5600 517 5676 inutn.
545 5605 742 5660 Verum
769 5600 866 5659 vox
897 5606 1151 5676 quondam
1180 5618 1285 5656 non
1319 5600 1625 5676 accipienda
1648 5604 1805 5676 estin
1833 5600 1936 5658 hoc

337 5674 467 5747 loco
499 5685 771 5746 tamquam
805 5670 1025 5747 intelligi
1052 5675 1270 5747 deberet
1315 5672 1382 5747 de
1411 5670 1934 5747 liomine_deluncto,

341 5744 450 5805 sed
494 5747 563 5805 de
618 5744 686 5805 eo
745 5749 834 5820 qui
879 5744 999 5805 cuni
1054 5745 1422 5819 paenitentiam
1468 5744 1763 5817 accepisset
1819 5755 1941 5819 post

2033 4530 2186 4605 cujus
2216 4533 2314 4587 iste
2342 4530 2640 4601 Tltcrapius
2665 4541 2780 4605 erat
2810 4536 3114 4605 episcOpns.
3147 4530 3242 4590 alia
3276 4536 3422 4590 Bulla
3452 4530 3620 4605 regia.

2028 4603 2266 4661 Concilio
2310 4603 2716 4677 Carthaginiensi
2770 4603 2871 4677 sub
2915 4603 3160 4660 Genetlio
3208 4605 3449 4661 interluit
3494 4603 3623 4677 Epi-

2027 4677 2242 4745 gonius,
2289 4673 2573 4744 cpiscOpus
2598 4672 2927 4730 Bullensium
2984 4680 3303 4745 regionum,
3347 4672 3629 4732 collationi

2027 4762 2155 4801 vero
2206 4745 2611 4813 Cartltagtnensi
2671 4747 2809 4800 inter
2859 4746 3154 4801 catholicos
3210 4756 3265 4802 et
3329 4747 3627 4807 donatistas

2029 4818 2335 4873 Dozniuicus
2352 4832 2635 4886 episcopus
2656 4816 2982 4872 Bullensium
3008 4820 3280 4887 regionum
3303 4820 3618 4884 catholicus,

2027 4898 2081 4943 et
2128 4889 2275 4944 Felix
2328 4888 2619 4961 Donatista,
2647 4888 2735 4961 qui
2766 4889 2816 4940 in
2848 4888 3013 4958 gestis
3059 4898 3279 4944 VOClllUl‘
3310 4892 3625 4961 simpliciter

2027 4962 2312 5030 episcopus
2343 4959 2624 5013 Bullensis.
2658 4958 2935 5014 Dawzws.

2103 5032 2299 5087 Deci-eti
2356 5032 2536 5085 nostri.
2576 5029 2746 5086 Cons.
2798 5032 2994 5103 prioris
3039 5031 3297 5159 Etastola:
3348 5047 3455 5089 Ltv.
3507 5031 3630 5086 init.

3126 5120 3317 5159 ‘ouru.

3126 5120 3317 5160 ‘iOUTll.

2098 5173 2223 5233 Siue
2279 5174 2439 5242 petitu
2492 5183 2539 5227 et
2578 5172 2887 5229 conscientia
2940 5173 3119 5244 plebis.
3169 5176 3281 5230 lloc
3329 5176 3626 5244 saepissime

2029 5246 2175 5310 dicit,
2209 5246 2578 5299 communicato
2615 5247 2765 5298 etiam
2802 5262 2916 5298 cum
2961 5247 3101 5314 plebe
3126 5247 3361 5302 concilio.
3392 5246 3625 5303 RIGALT.

2107 5315 2271 5390 Nulla
2320 5316 2615 5390 inﬁrmitate
2672 5326 2880 5390 urgente
2930 5333 2988 5369 ac
3052 5319 3344 5373 necessitate
3396 5329 3630 5390 cogente.

2034 5387 2333 5460 Significari
2378 5388 2478 5460 hoc
2528 5387 2648 5442 loco
2694 5388 2942 5457 Anglicus
2990 5400 3173 5460 monet
3218 5387 3484 5460 interpres
3523 5390 3630 5445 duo

2037 5459 2367 5534 poenitentiae
2408 5457 2706 5513 laxamento
2734 5501 2746 5522 ,
2779 5475 2896 5534 qua:
2941 5459 2993 5515 in
3023 5459 3228 5534 duabus
3255 5457 3479 5534 synodis
3506 5477 3634 5534 cou-

2039 5528 2188 5585 ccssa
2234 5528 2474 5589 fuerant,
2508 5546 2733 5602 quarunt
2777 5530 3001 5586 alterum
3031 5528 3376 5602 permittebat
3423 5530 3638 5586 absolu-

2041 5605 2263 5669 tiuneltl,
2292 5617 2452 5671 quam
2479 5599 2725 5674 cliuicam
2756 5599 3156 5668 vocat,de'vita
3190 5602 3648 5674 periclitantibus,

2042 5674 2267 5730 alterum
2304 5673 2616 5746 ignoscebat
2644 5674 3054 5745 pcenitentibus,
3078 5673 3378 5746 ingruente
3405 5684 3656 5746 persecu-

2046 5747 2190 5803 tione
2239 5754 2294 5803 et
2323 5738 2736 5821 'ntinitautibus
2796 5746 2996 5818 iniquis
3042 5738 3443 5835 'tcnipor'tbus'.
3472 5738 3667 5799 ιιουιι
