4256 6250
601 323 739 383 HIS

1880 320 2229 390 RELIQUIAS
2268 320 2538 378 saeuas.

3763 323 3896 378 1016

679 438 740 493 ll.
800 437 1068 504 Quantum
1099 451 1226 491 vero
1257 435 1321 490 ad
1349 451 1563 491 causam
1618 435 1893 490 infantium
1945 436 2198 506 pertinet,
2229 441 2282 502 Α
2307 433 2542 490 declarat
2568 433 2723 488 nobis
2752 433 2946 489 divinie
2976 434 3268 506 Scriptura:
3297 434 3428 490 lides
3453 435 3712 491 Hclisreus
3746 448 3766 474 ο
3801 451 3899 490 su-

603 545 737 602 quos
780 529 959 583 dixisti
1009 532 1143 583 intra
1193 530 1488 585 secundum
1534 529 1618 584 vel
1653 529 1866 583 tertium
1913 529 2054 583 diem
2091 543 2197 598 quo

599 627 713 680 nati
748 626 896 679 sint"
927 627 1246 679 constitutos
1275 625 1531 696 baptizari
1562 640 1666 679 non
1697 635 1966 694 oportere,
1997 633 2050 678 et
2071 638 2198 678 con-

603 717 942 773 sideramlam
965 733 1086 773 esse
1109 718 1280 788 legem
1313 717 1469 791 (Gen.
1495 734 1626 780 xvii,
1658 717 1746 787 η)
1774 717 2198 771 circumcisionis

603 819 835 879 antiquzc
861 850 874 871 ,
925 818 980 863 ut
1008 810 1143 863 intra
1185 818 1429 864 Octavum
1479 809 1621 864 diem
1668 825 1789 864 eum
1819 809 1908 878 qui
1939 819 2092 862 natus
2118 818 2201 863 est

603 900 983 972 baptizandum
1028 915 1081 957 et
1117 902 1557 958 siuctilicauduin
1598 917 1701 957 non
1743 911 1961 970 putares
1986 945 2001 968 ,
2045 901 2200 971 longe

604 995 748 1050 aliud
782 997 832 1050 in
869 997 1097 1050 concilio
1129 1005 1312 1050 nostro
1353 996 1601 1050 omnibus
1649 995 1820 1050 visum
1863 1005 1966 1050 est.
2013 995 2068 1048 lit
2101 994 2201 1049 hoc

605 1088 747 1142 enim
768 1088 906 1158 quod
933 1097 984 1142 tu
1008 1089 1232 1158 putabas
1256 1104 1375 1144 esse
1403 1088 1703 1144 faciendum
1731 1103 1889 1142 nemo
1906 1088 2198 1154 consensit,

607 1180 702 1236 sed
759 1183 991 1236 universi
1038 1184 1212 1251 potius
1255 1183 1612 1252 judicavinius
1660 1182 1788 1236 nulli
1832 1182 2033 1236 homini
2077 1190 2201 1236 nato

604 1275 1030 1329 misericordiam
1056 1275 1147 1330 Dei
1175 1274 1200 1312 ι)
1231 1285 1282 1328 et
1312 1276 1536 1345 gratiam
1571 1275 1958 1344 denegandam.

680 1367 809 1420 Nam
851 1381 971 1420 cmn
1018 1368 1271 1421 Dominus
1317 1369 1367 1421 in
1425 1367 1620 1438 Evang'
1645 1367 1717 1421 lio
1759 1381 1856 1420 suo
1885 1367 2024 1420 dicat
2049 1365 2200 1439 (Luc.

603 1475 691 1523 ix,
725 1459 816 1532 56)
847 1478 859 1512 :
894 1458 1061 1514 Filius
1110 1461 1329 1514 hominis
1373 1477 1473 1514 non
1521 1461 1655 1514 venit
1698 1461 1898 1514 animas
1942 1460 2205 1514 hominum

609 1552 838 1621 perdere,
877 1553 966 1606 sed
1003 1555 1224 1617 salvere,
1275 1562 1530 1623 quantum
1579 1553 1630 1606 iu
1675 1552 1830 1606 nobis
1861 1563 1959 1616 est,
1996 1552 2040 1607 si
2087 1553 2204 1607 fieri

610 1653 822 1713 potest,
880 1644 1023 1698 nulla
1069 1647 1245 1699 anima
1305 1645 1577 1715 perdenda
1627 1655 1729 1699 est.
1768 1644 1904 1710 Quid
1960 1645 2101 1699 enim
2155 1644 2204 1699 ei

609 1733 761 1790 deest
802 1737 892 1806 qui
920 1739 1085 1793 semel
1119 1739 1170 1792 in
1200 1748 1352 1792 utero
1385 1739 1476 1792 Dei
1511 1737 1757 1792 inanibus
1788 1737 2045 1791 formatus
2072 1746 2155 1792 est
2184 1737 2206 1788 ?

2303 543 2397 598 per
2433 525 2690 582 infantem
2721 527 2895 581 vidua:
2918 527 3082 582 lilium
3107 529 3197 599 qui
3231 537 3473 584 mortuus
3495 525 3708 600 jacebat
3735 530 3807 585 ita
3836 546 3897 587 se

2305 624 2470 679 Deum
2495 623 2790 690 deprecans
2817 624 3186 693 superstravit,
3206 633 3264 678 ut
3291 624 3449 694 capiti
3477 636 3635 694 caput
3661 634 3716 680 et
3743 624 3898 680 faciei

2300 714 2467 773 facies
2518 717 2911 788 applicaretur,
2959 726 3013 772 et
3058 718 3323 787 superfusi
3382 718 3593 774 Helisaei
3657 719 3900 775 membra

2301 811 2522 880 singulis
2549 812 2748 879 parvuli
2787 811 3040 865 membris
3067 820 3122 865 et
3173 811 3336 880 pedes
3366 812 3901 884 pedibusjungereu-

2306 914 2389 958 tttr
2412 905 2503 974 (lV
2537 904 2662 975 Reg.
2690 920 2762 970 tv,
2794 903 2904 974 54).
2939 904 3069 971 Qua:
3097 920 3183 960 res
3211 908 3253 959 si
3286 907 3580 960 secundum
3608 907 3901 962 nativitatis

2305 1006 2502 1051 nostra:
2542 1006 2602 1051 et
2645 997 2891 1066 Corporis
2931 997 3341 1066 inaequalitatem
3381 997 3667 1067 cogitetur,
3715 998 3906 1054 adulto

2305 1100 2355 1144 et
2383 1099 2639 1159 provecto
2670 1088 2846 1144 infans
2875 1105 2977 1143 non
3011 1099 3194 1159 posset
3223 1091 3447 1160 mquari,
3481 1107 3582 1146 nec
3620 1093 3904 1148 cobarrere

2305 1191 2359 1236 et
2385 1181 2635 1237 suflicere
2665 1193 2881 1252 possent
2913 1198 3072 1252 parva
3093 1184 3331 1238 membra
3361 1183 3668 1253 majoribus.
3690 1184 3798 1240 Sed
3830 1186 3903 1241 il-

2306 1273 2375 1328 lic
2395 1273 2670 1344 aequalitas
2691 1273 2869 1328 divina
2901 1285 2955 1330 et
2983 1275 3242 1344 spiritalis
3261 1275 3599 1346 exprimitur,
3623 1278 3768 1348 quod
3805 1293 3909 1349 pa—

2308 1382 2395 1421 res
2438 1375 2598 1436 atque
2643 1367 2879 1437 aequales
2927 1367 3033 1421 sint
3063 1382 3252 1424 omnes
3285 1369 3561 1433 homines,
3605 1370 3822 1438 quando
3877 1385 3906 1424 a

2312 1460 2420 1514 Deo
2436 1459 2601 1515 semel
2634 1459 2756 1515 facti
2785 1469 2930 1526 sunt,
2953 1470 3008 1514 et
3032 1461 3199 1530 possit
3221 1471 3350 1515 :Bltls
3381 1471 3563 1516 nostra
3591 1462 3642 1516 iu
3671 1459 3698 1498 ιι
3730 1464 3911 1518 incre-

2310 1557 2508 1609 mentis
2545 1554 2790 1624 corporis
2818 1554 3112 1610 secundum
3145 1555 3402 1610 saeculum
3426 1598 3441 1621 ,
3475 1572 3582 1611 non
3612 1555 3909 1612 secundum

2313 1649 2478 1703 Deum
2515 1648 2712 1703 habere
2739 1649 3052 1715 discrimen;
3084 1649 3185 1703 nisi
3221 1650 3266 1703 si
3309 1660 3363 1704 et
3405 1651 3579 1720 gratia
3624 1650 3759 1721 ipsa,
3791 1666 3913 1721 qua:

2311 1740 2592 1810 baptizatis
2633 1740 2813 1804 datur,
2861 1756 2959 1811 pro
3000 1749 3158 1796 :etate
3207 1741 3587 1812 accipientium
3623 1742 3706 1796 vel
3737 1742 3915 1796 minor

678 1827 844 1883 Nobis
885 1831 1027 1884 enim
1057 1840 1215 1901 atque
1243 1831 1412 1886 oculis
1449 1832 1647 1886 nostris
1673 1831 1968 1887 secundum
1995 1830 2204 1886 dierum
2236 1839 2283 1898 Β
2313 1831 2395 1887 vel
2414 1831 2585 1900 major
2611 1831 2883 1894 tribuitur,
2907 1847 3028 1886 cuin
3056 1832 3288 1901 Spiritus
3307 1843 3524 1888 sanctus
3552 1848 3658 1888 non
3680 1833 3749 1888 de
3765 1849 3917 1889 men-

613 1922 949 1975 sazcularitun
981 1938 1195 1978 cursqu
1227 1924 1474 1994 accipere
1504 1924 1592 1992 qui
1613 1925 1721 1978 nati
1754 1933 1877 2002 sunt
1901 1924 2204 1977 incremen-

612 2021 725 2066 tum
765 2014 1030 2068 videntur.
1065 2014 1330 2070 Czeteruin
1363 2032 1716 2086 quiecumque
1742 2032 1771 2071 a
1801 2017 1910 2072 Deo
1943 2019 2080 2072 fiunt
2111 2017 2208 2073 Dei

613 2104 831 2160 factoris
859 2108 1136 2176 majestate
1163 2118 1218 2162 et
1245 2124 1408 2179 opere
1433 2109 1669 2179 perfecta
1701 2120 1845 2164 sunt.

683 2195 768 2251 Ill.
802 2198 936 2254 Esse
977 2199 1208 2270 denique
1233 2201 1372 2271 apud
1402 2217 1622 2267 omnes,
1653 2203 1772 2257 sive
1799 2201 2062 2268 infantes,
2097 2204 2210 2260 sive

611 2291 846 2361 majores
898 2301 1057 2361 natu,
1103 2309 1262 2348 unam
1314 2293 1480 2349 divini
1539 2296 1780 2351 muneris
1844 2296 2204 2366 arqualitatem

2314 1937 2460 1988 sura,
2491 1923 2585 1977 sed
2612 1922 2680 1978 de
2710 1923 2905 1993 pietate
2938 1933 3100 1993 atque
3128 1923 3457 1994 indulgentia
3487 1936 3704 1995 paterna
3734 1940 3914 1996 aequa-

2315 2017 2381 2072 lis
2425 2017 2676 2073 omnibus
2731 2016 3049 2087 praebeatur.
3103 2015 3236 2070 Nam
3298 2016 3441 2086 (Gal.
3472 2034 3529 2084 ιι,
3571 2018 3626 2091 6)
3672 2019 3814 2074 Deus
3861 2035 3922 2073 ut

2316 2125 2601 2182 personam
2632 2125 2738 2165 non
2769 2111 2981 2180 accipit,
3019 2109 3096 2164 sic
3123 2125 3225 2165 nec
3255 2119 3467 2165 aetatem
3498 2126 3616 2166 cum
3647 2125 3709 2165 se
3737 2112 3920 2165 omni-

2317 2205 2418 2264 bus
2463 2205 2530 2260 ad
2575 2204 2813 2261 etelestis
2837 2204 3022 2276 gratia:
3050 2205 3487 2261 consecutionem
3513 2205 3817 2277 aequalitate
3849 2206 3925 2261 lio

2314 2297 2462 2353 brata
2509 2296 2744 2366 praebeat
2785 2306 3008 2366 patrem.

1830 2389 2214 2448 LECTIONES
2251 2387 2672 2448 VABIAN'TES.

623 2482 724 2594 V2,.
739 2480 893 2539 Quam
918 2486 1016 2533 nati
1041 2491 1152 2534 sunt
1181 2485 1306 2535 Bod.
1333 2487 1379 2544 1,
1406 2484 1454 2534 ⁵3.
1481 2485 1588 2536 NC.
1618 2487 1664 2546 ’1,
1694 2484 1742 2534 2.
1781 2482 1925 2535 Ebor.
1955 2482 2062 2534 Lin.
2091 2485 2212 2534 Ben.

670 2604 698 2642 b
736 2607 1067 2660 Misericordis
1091 2609 1186 2660 Dei
1212 2612 1415 2672 gratiam
1439 2613 1644 2675 August.

2382 2484 2405 2512 °
2445 2481 2611 2539 Fides,
2643 2495 2756 2530 cum
2780 2481 3029 2531 Helisaeus
3054 2484 3183 2531 Lam.
3211 2481 3322 2532 ΝΕ.
3353 2484 3397 2539 1,
3422 2482 3472 2533 ‘2.

2383 2543 2410 2583 ά
2444 2545 2633 2594 Nostrae
2656 2544 2705 2593 in
2729 2546 3050 2595 incrementis
3076 2546 3208 2595 Lam.
3235 2544 3357 2596 Bod.
3381 2544 3427 2593 2.

1980 2673 2063 2727 VA
2072 2667 2338 2727 RIORUM
2375 2669 2607 2725 ΝΟΤᾹΣ.

687 2766 955 2840 DapIizfiri
982 2787 1081 2824 non
1121 2779 1371 2839 apurlere.
1409 2771 1483 2825 De
1515 2770 1789 2840 Baptismo
1818 2767 2100 2840 infantium
2131 2766 2214 2840 vi-

613 2838 682 2890 de
709 2839 1002 2906 Josephuin
1037 2838 1439 2906 Vicecomitein,
1468 2843 1558 2894 lib.
1590 2838 1649 2906 it,
1678 2856 1797 2906 cap.
1834 2844 1882 2905 Ι,
1913 2841 1976 2892 de
1995 2838 2219 2904 antiquis

614 2907 870 2983 ltiiptisini
897 2910 1115 2979 Riiibns,
1133 2925 1182 2966 et
1206 2915 1404 2981 scripta
1422 2913 1715 2983 AllgllCHnﬂ
1739 2911 1924 2966 Bueeri
1947 2926 2065 2983 pag.
2089 2907 2217 2983 655,

617 2980 744 3044 667,
781 2982 904 3037 781.
938 2983 1073 3038 Vide
1110 2985 1269 3038 etiam
1307 2980 1588 3038 tractatum
1635 2983 1889 3037 Florentii
1931 2981 2111 3036 Courii
2158 2981 2222 3033 de

617 3051 770 3106 Statu
795 3053 1122 3122 parvulorum
1146 3056 1255 3108 sine
1295 3054 1560 3123 Baptisino
1602 3055 1970 3107 decedeiiliuiii.
2016 3051 2214 3105 Bith.

689 3123 830 3196 li.-—_
851 3124 1105 3196 Quantum
1124 3143 1238 3179 vero
1256 3129 1321 3179 ad
1340 3144 1544 3180 causam
1561 3127 1611 3179 in
1619 3128 1835 3196 fantium
1855 3125 2088 3196 pertinet.
2112 3123 2220 3196 Lo-

613 3209 711 3248 cus
732 3194 953 3252 insigtiis
976 3196 1044 3250 de
1069 3196 1343 3266 Baptismo
1361 3194 1903 3266 parvulorumeontra
1923 3194 2218 3266 Auabaplis

615 3275 716 3322 tas.
736 3270 892 3332 cujus
919 3264 1160 3321 meminit
1183 3270 1342 3322 etiam
1361 3264 1503 3322 tom.
1535 3285 1594 3331 ll,
1629 3268 1719 3320 lib.
1752 3267 1814 3318 de
1832 3266 2030 3334 Lapsis.
2056 3264 2219 3318 Euiu-

615 3339 738 3411 dein
762 3350 1056 3406 agnoscunt
1077 3340 1135 3393 D.
1153 3338 1389 3411 Cyrillus
1417 3339 1933 3411 2lieroSolymitanus
1960 3336 2220 3390 Caice/iesi

615 3409 818 3480 iiiistag.
850 3425 888 3462 ι.
923 3411 1062 3480 Greg
1117 3407 1244 3465 Nai.
1279 3409 1424 3464 Orat.
1460 3428 1515 3471 tt.
1551 3411 1601 3462 iii
1633 3407 1862 3462 sanctum
1895 3407 2176 3460 Lavacrum
2201 3423 2219 3460 :

615 3479 808 3552 Chrys.
846 3481 989 3534 hom.
1041 3479 1110 3534 ad
1150 3482 1471 3552 Neophytos,
1512 3483 1655 3534 hom.
1697 3496 1770 3546 Ix,
1804 3482 1857 3533 in
1906 3480 2034 3532 Gen.
2074 3487 2128 3532 ct
2166 3480 2218 3531 in

618 3551 765 3603 Psal.
795 3568 910 3617 xw,
952 3569 1012 3606 ac
1044 3556 1290 3607 Ambros.
1323 3551 1374 3606 in
1417 3554 1628 3606 Lucam.
1674 3552 1933 3606 Eumdetn
1971 3552 2030 3604 D.
2081 3552 2213 3619 Aug.

616 3623 687 3675 ab
717 3624 962 3677 universa
990 3625 1226 3679 Ecclesia
1258 3627 1599 3679 observatum
1644 3625 1804 3677 fuisse
1849 3631 2074 3675 testatur
2108 3620 2217 3675 frc-

617 3708 865 3767 queiiter,
899 3701 1198 3767 praesertim
1226 3709 1404 3751 autem
1441 3697 1539 3767 Ep.
1574 3696 1644 3749 28
1671 3739 1685 3759 ,
1715 3696 1823 3764 jam
1846 3695 1990 3767 dicta
2023 3704 2093 3767 et
2120 3694 2212 3747 lib.

619 3781 698 3828 tu,
731 3765 793 3817 de
822 3780 1011 3833 peccat.
1039 3766 1213 3821 Merit.
1255 3781 1301 3822 et
1325 3765 1546 3830 renuas”
1578 3783 1626 3821 c.
1662 3774 1716 3833 li,
1753 3768 1804 3824 7.
1835 3766 1891 3827 8,
1920 3771 1973 3829 9,
2007 3765 2096 3818 ubi
2131 3773 2214 3818 to-

621 3845 728 3890 tam
761 3835 872 3891 fere
906 3839 1041 3892 hanc
1071 3840 1193 3892 citat
1226 3841 1529 3909 epistolam,
1558 3839 1826 3902 quomodo
1850 3838 2010 3891 etiam
2033 3837 2214 3909 lib._tv,

618 3919 796 3981 contra
825 3911 1222 3981 ditasepistolas
1253 3907 1456 3981 Pelea,
1483 3928 1530 3965 c.
1560 3913 1612 3972 8,
1634 3922 1687 3964 et
1720 3911 1810 3963 lib.
1838 3920 2089 3970 tt,contra
2117 3907 2219 3961 Ju-

621 3977 750 4052 limi2
777 3995 826 4033 c.
862 3983 914 4034 5.
945 3977 1242 4036 Goiilirmat
1267 3977 1515 4037 emiidi-tu
1539 3983 1868 4052 Baptismuui
1887 3981 1984 4033 hac
2001 3987 2218 4052 senten-

619 4050 694 4102 tia
718 4048 970 4120 Cypriani
994 4053 1402 4117 etCollegai-uut
1437 4055 1496 4108 D.
1531 4048 1777 4118 Ilieron.,
1807 4052 1907 4105 sub
1937 4053 2094 4105 linem
2123 4051 2213 4105 lib.

620 4134 700 4184 ιιι,
727 4123 916 4197 diiilog.
953 4135 1130 4197 contra
1171 4123 1500 4197 Pelagianos.
1539 4125 1709 4179 Immo
1749 4123 1959 4178 Concil.
1997 4123 2212 4197 Milevit.

622 4207 746 4247 can.
771 4194 824 4257 2,
857 4195 1200 4251 anathemate
1227 4194 1347 4252 eum
1370 4198 1611 4260 damnat,
1641 4197 1728 4264 qui
1759 4206 1914 4264 negat
1946 4196 2217 4261 baptizan-

621 4265 722 4318 dos
753 4267 1004 4331 parvulos
1045 4280 1292 4322 recentes
1319 4269 1386 4321 ab
1416 4271 1581 4322 uteris
1610 4277 1864 4320 utatrtun.
1909 4265 2049 4320 Ante
2088 4281 2216 4319 vero

623 4335 687 4389 D.
720 4335 1047 4408 Cyprianum
1092 4341 1333 4406 ejusdem
1393 4340 1720 4394 mentionem
1759 4339 1978 4391 disertis
2037 4337 2217 4408 verbis

622 4422 862 4479 reperire
879 4420 981 4473 est,
1009 4411 1146 4477 apud
1168 4409 1452 4479 Origenein
1485 4413 1537 4464 iii
1559 4409 1717 4462 Lerit.
1746 4410 1890 4462 hom.
1921 4409 1973 4470 8,
2006 4409 2057 4460 in
2086 4407 2213 4463 an.

623 4487 678 4532 et
707 4480 759 4532 in
791 4478 954 4550 Epist.
986 4481 1052 4532 ad
1097 4478 1422 4549 Roni.,’c:ip.
1476 4483 1543 4545 6;
1595 4481 1980 4550 Tertullianuin
2035 4481 2123 4533 lib.
2157 4481 2217 4532 de

623 4549 1107 4613 Aiiinia,’|ren:eum
1131 4562 1308 4605 contra
1331 4551 1472 4606 liter.
1496 4553 1590 4606 lib.
1617 4552 1672 4611 ti.
1693 4567 1812 4620 cap.
1840 4550 1928 4613 59;
1948 4549 2215 4604 Justiuum

623 4629 781 4675 niart.
812 4634 1002 4690 quaist.
1037 4623 1126 4677 56.
1155 4623 1491 4678 Clementem
1518 4624 1815 4676 Romanum
1847 4623 1942 4675 lib.
1971 4637 2044 4684 v1.
2084 4621 2218 4676 Con-

2320 2763 2575 2828 Ecclesia,
2609 2780 2699 2837 nec
2728 2763 2956 2817 conciliis
2985 2763 3294 2825 institutum,
3323 2769 3411 2817 sed
3446 2780 3646 2837 semper
3672 2773 3920 2819 retentum

2323 2844 2418 2898 est,
2453 2851 2550 2888 non
2583 2835 2681 2888 nisi
2722 2836 3022 2888 auctoritate
3065 2836 3348 2900 apostolica
3375 2835 3620 2888 traditum
3646 2837 3924 2890 rectissime

2325 2907 2566 2958 creditur.
2622 2905 2770 2960 Licet
2831 2906 2882 2958 in
2940 2907 3168 2959 concilio
3227 2908 3328 2962 hoc
3390 2906 3800 2976 Caithaginensi
3855 2907 3923 2962 66

2326 2977 2754 3046 episcoporum,
2818 2976 3051 3029 omnibus
3127 2978 3286 3030 visunt
3341 2980 3404 3030 sit
3469 2979 3598 3030 nulli
3662 2979 3921 3032 hominum

2325 3059 2445 3100 italo
2473 3047 2872 3101 misericordiam
2907 3046 3000 3100 Dei
3042 3058 3087 3100 et
3129 3051 3344 3117 gratiam
3383 3048 3775 3118 denegandam;
3809 3049 3922 3104 haec

2329 3133 2432 3171 non
2500 3119 2566 3171 ad
2627 3119 3103 3186 pmdobaptismtiin
3159 3119 3499 3174 statuendum
3548 3121 3778 3175 adducta
3831 3122 3922 3187 qui

2327 3190 2451 3242 olim
2493 3190 2755 3252 obtinuit;
2810 3190 2903 3260 sed
2957 3190 3020 3242 ad
3054 3189 3304 3244 Afrorum
3337 3191 3434 3244 liac
3462 3192 3511 3243 in
3546 3208 3602 3244 re
3644 3193 3921 3260 judaizau-

2246 3277 2291 3338 ρ
2330 3261 2458 3313 tium
2497 3275 2736 3338 errorem
2771 3259 3122 3338 refellendum
3159 3262 3386 3338 vibrata,
3411 3263 3499 3330 qui
3547 3261 3617 3338 ad
3648 3259 3920 3338 dictane-

2328 3341 2526 3388 tavum.
2554 3331 2947 3385 circumcisioui
2981 3331 3107 3385 olim
3147 3333 3498 3399 pra‘stitutntn
3525 3374 3539 3396 ,
3577 3335 3735 3387 ritum
3765 3335 3916 3387 illum

2325 3401 2679 3456 dill’erendum
2725 3402 3037 3457 censebant.
3085 3402 3315 3457 FELLUS.
3357 3433 3429 3442 ——-
3468 3402 3619 3457 Notat
3666 3404 3921 3459 Baluzius

2323 3488 2507 3527 vocem
2539 3473 2730 3528 deesse
2759 3473 2992 3526 omnibus
3013 3517 3025 3537 ,
3061 3490 3219 3542 quam
3253 3474 3407 3529 valde
3460 3475 3783 3542 supeifliiam
3824 3493 3920 3541 apo

2324 3545 2519 3613 pellat,
2566 3547 2617 3597 iu
2649 3553 2852 3605 septem
2884 3545 3160 3598 codicibus
3190 3547 3454 3613 antiquis,
3483 3554 3693 3598 exstare
3735 3555 3919 3600 tamen

2321 3617 2394 3668 ait
2421 3614 2561 3684 apud
2599 3616 2956 3685 Augustinum.
3006 3615 3110 3671 Sed
3183 3615 3250 3671 de
3301 3615 3575 3670 inutilitate
3619 3614 3734 3684 ejus
3777 3616 3917 3671 mihi

2321 3687 2496 3740 adhuc
2548 3703 2652 3738 nou
2681 3695 2914 3740 constat.
2951 3685 3164 3742 ROU't‘tt.

2397 3757 2560 3811 Nulla
2598 3759 2770 3809 anima
2805 3759 3062 3824 perdenda
3091 3769 3179 3812 est.
3213 3756 3354 3812 Citat
3397 3758 3537 3811 hunc
3558 3756 3735 3812 locum
3761 3774 3922 3814 sanc-

2325 3838 2419 3901 tus
2439 3827 2768 3901 Augustinus
2801 3831 2850 3881 in
2880 3831 3106 3899 epiStola
3128 3831 3193 3883 ad
3219 3830 3601 3901 llyeronimuin
3620 3831 3683 3884 de
3710 3830 3923 3901 Origine

2323 3900 2644 3952 Animarum.
2699 3900 2898 3954 BALUZ.

2395 3972 2684 4027 Secundum
2719 3972 2915 4025 dierum
2932 3973 3252 4026 sccciilariiini
3278 3971 3612 4027 cursuin.Sic
3643 3972 3774 4026 infra
3797 3990 3811 4028 :
3832 3974 3925 4027 Se~

2320 4044 2540 4096 cundum
2589 4045 2864 4104 swculuiit,
2896 4059 2998 4096 non
3044 4046 3320 4097 secundant
3367 4042 3554 4097 Deum.
3603 4044 3728 4098 Nam
3773 4048 3923 4109 apud

2323 4113 2488 4167 Deum
2556 4131 2661 4169 non
2723 4124 2803 4167 est
2860 4123 3092 4184 tempus.
3161 4115 3286 4169 Dies
3353 4114 3529 4184 agitur
3583 4114 3707 4168 dicit
3745 4129 3926 4168 Siccu-

2322 4184 2490 4250 lares,
2544 4187 2616 4241 uti
2679 4186 2745 4240 ab
2813 4185 3118 4239 hominibus
3181 4186 3234 4238 iu
3290 4188 3488 4240 szcciilo
3543 4196 3924 4240 numerantur.

3394 4256 3705 4312 RIGALTIUS.

2392 4330 2558 4385 lll.-——
2582 4327 2760 4381 Vidini:
2792 4328 2976 4392 ﬁlium.
3005 4327 3077 4380 lla
3109 4337 3320 4383 veteres
3349 4329 3617 4381 editiones
3657 4337 3709 4382 et
3733 4343 3931 4382 omnes

2320 4403 2433 4457 lere
2478 4402 2595 4455 libri
2625 4409 2852 4454 veteres.
2889 4399 3156 4453 Paitielius
3195 4399 3362 4454 edidit
3424 4400 3591 4452 ridute
3634 4402 3931 4455 Sunumitis

2323 4474 2485 4541 ﬁliuni
2549 4487 2615 4526 ex
2663 4472 2820 4523 unico
2882 4473 3066 4524 Codice
3125 4471 3452 4540 Anglicano,
3498 4470 3670 4524 fassus
3730 4486 3929 4527 VOCL‘III

2324 4543 2607 4598 Sunaiiiiiis
2643 4541 2937 4595 desiderari
2980 4542 3032 4594 in
3081 4545 3291 4596 eieteris
3334 4541 3570 4611 antiquis
3619 4541 3928 4597 codicibus.

2322 4616 2476 4685 Angli
2495 4614 2825 4685 scripserunt
2845 4611 3204 4666 Suiianiitidis.
3222 4611 3333 4680 Ego
3349 4613 3537 4666 sustuli
3555 4613 3691 4667 hanc
3711 4628 3898 4667 vocem
3911 4658 3928 4678 ,

621 4667 786 4765 gilii.
813 4667 1014 4765 ius.
1038 4667 1942 4765 εςέιῖιῑς·*έῖνδῖδιῑςξῒ’λιεάέιῖ⁷
1960 4667 2057 4746 at.
2088 4667 2211 4764 si.
2243 4667 2294 4725 ι)
2320 4667 2478 4755 qua.
2504 4667 2848 4765 '...,g_..ui....
3148 4667 3495 4765 gi...;........_
3521 4685 3806 4765 nam...
3838 4667 3934 4737 ia:

619 4760 822 4818 Eccles.
859 4760 1192 4828 lliei-ai'c/iite.
1236 4770 1335 4832 Qui
1378 4766 1532 4820 Dion.
1571 4760 1648 4818 'ad
1702 4760 2042 4819 traditionem
2073 4760 2210 4835 Apo-

621 4835 878 4906 stoloruin
911 4851 1030 4890 eum
1063 4837 1247 4899 refert,
1278 4837 1343 4890 ad
1379 4852 1537 4906 quam
1569 4836 1816 4890 eumdem
1844 4839 2002 4890 etiam
2048 4843 2214 4891 refert

623 4905 774 4976 Orig.
802 4909 854 4959 in
886 4906 1050 4976 Epist.
1080 4911 1146 4960 ad
1173 4908 1323 4961 Rom.
1352 4905 1409 4960 et
1427 4908 1486 4961 D.
1513 4909 1649 4976 Aug.
1689 4905 1781 4961 lib.
1808 4923 1838 4960 x
1893 4907 1956 4960 de
1986 4906 2113 4962 Gen.
2147 4908 2214 4960 ad

623 4980 748 5046 litt.,
782 4995 831 5034 c.
861 4978 965 5045 25;
996 4987 1051 5034 et
1079 4979 1170 5034 lib.
1205 4995 1281 5045 Ix,
1317 4979 1380 5033 de
1400 4977 1554 5049 Bapt.
1598 4988 1775 5032 contra
1805 4977 1998 5032 Donat.
2036 4993 2086 5034 c.
2123 4979 2217 5035 24.

1799 5050 2006 5105 Ρλιιιει..

697 5122 1160 5191 Sancti/icundum.
1212 5122 1286 5176 Ita
1314 5137 1503 5177 omnes
1550 5121 1816 5177 editiones
1861 5135 1987 5176 ante
2030 5121 2221 5178 Panic-

623 5195 819 5248 lianam
859 5205 911 5247 et
967 5194 1206 5264 plerique
1251 5194 1369 5247 libri
1409 5205 1640 5248 veteres.
1692 5193 1960 5247 Pamelius
2001 5195 2220 5265 scripsit

622 5265 1036 5334 sacrificandum.
1067 5263 1140 5318 ιω
1171 5266 1331 5319 etiam
1373 5265 1662 5336 Rigaltius,
1708 5266 1950 5334 quamvis
1985 5263 2216 5319 Goular-

620 5340 752 5397 tiUs,
788 5337 1060 5406 repudiata
1103 5337 1330 5390 lectione
1370 5337 1587 5392 Paiuelii
1615 5379 1629 5401 ,
1661 5337 1963 5406 scripsisset
1987 5337 2218 5405 sancti/i-

621 5408 863 5475 eanduni.
930 5409 1076 5461 llanc
1129 5409 1394 5462 lectioneu
1451 5410 1759 5462 maluerunt
1808 5409 1985 5476 Angli.
2047 5406 2215 5464 lleete

621 5480 861 5548 quidem.
913 5479 1007 5533 Est
1054 5477 1196 5532 enim
1244 5481 1462 5546 optima.
1507 5479 1642 5533 Vide
1683 5477 1976 5548 Epistolatn
2027 5477 2116 5542 76,
2147 5479 2215 5534 ad

621 5549 893 5618 Magnum,
919 5565 1038 5619 pag,
1070 5550 1193 5603 152.
1229 5551 1352 5606 155.
1405 5551 1691 5604 ΒΛιυΖιυς.

697 5621 763 5674 In
816 5621 1031 5674 concilio
1095 5632 1266 5674 nostro
1315 5623 1547 5675 omnibus
1600 5624 1762 5674 visum
1811 5630 1902 5674 est.
1961 5620 2215 5689 Augusti-

627 5707 726 5745 nus
772 5692 860 5746 lib.
915 5708 966 5746 tv
997 5692 1059 5744 de
1104 5690 1257 5760 Bapt.
1291 5705 1470 5746 contra
1503 5693 1814 5752 Donatistae.
1846 5708 1964 5761 cap.
1996 5691 2088 5750 23.
2116 5692 2208 5757 24,

622 5762 900 5832 infantium
942 5763 1272 5829 Baptismum
1318 5765 1586 5820 traditioni
1635 5763 1945 5832 apostolicae
2006 5763 2207 5817 adscri-

614 5829 710 5896 bit,
745 5832 880 5885 hanc
925 5832 1164 5898 regulam
1217 5849 1564 5904 proponens;
1600 5829 1750 5899 Quod
1795 5834 2030 5890 universa
2074 5844 2208 5890 tenet

2321 4773 2444 4812 tuen
2481 4770 2567 4810 me
2595 4755 2740 4808 illaut
2781 4755 3049 4823 reperisse
3071 4755 3123 4809 in
3171 4756 3408 4824 quinque
3443 4756 3592 4808 libris
3626 4755 3925 4812 veteribus.

3437 4827 3635 4880 Dsz.

2392 4898 2820 4967 liiwqualitatem.
2882 4897 3104 4953 Caeterte
3163 4896 3316 4952 editt.
3375 4913 3509 4965 quas
3569 4897 3673 4952 vidi
3729 4913 3933 4954 omnes

2322 4981 2544 5044 praeter
2578 4970 2975 5044 Benedictinam
3032 4968 3128 5044 vel
3175 4967 3516 5044 mquuli'tatein
3571 4970 3650 5023 vel
3691 4970 3933 5044 qualita-

2325 5041 2425 5098 lein
2465 5042 2693 5107 habent,
2726 5041 2819 5096 sed
2862 5042 3086 5095 fortasse
3116 5042 3398 5095 lectionem
3433 5050 3701 5109 receptam
3739 5042 3792 5094 in
3830 5057 3936 5095 co-

2325 5117 2533 5171 dicibus
2593 5116 2705 5168 suis
2760 5112 2969 5166 invenit
3026 5111 3584 5166 Baluzius.C:Pterutn
3631 5111 3930 5181 mitigmata

2327 5188 2513 5241 isthtec
2541 5186 2609 5240 ab
2639 5185 2844 5240 insania
2869 5183 2957 5236 illa
2993 5197 3159 5252 prone
3199 5185 3392 5236 absunt
3423 5180 3665 5253 Origenis
3695 5180 3756 5237 et
3777 5183 3933 5238 alio-

2325 5275 2442 5314 ruin
2493 5273 2612 5328 qua:
2663 5257 2822 5310 fidem
2890 5253 3231 5328 historiarum
3282 5269 3552 5307 sacrarum
3602 5254 3932 5328 subvertere

2322 5345 2451 5384 ausa
2505 5325 2619 5394 est,
2671 5339 2726 5382 ut
2780 5327 3064 5398 mysticum
3124 5327 3432 5380 adstrucret
3489 5340 3708 5379 sensum
3760 5325 3930 5383 libris

2322 5402 2490 5456 sacris
2536 5401 2744 5456 Rourn.

2389 5470 2697 5526 Discrimen.
2731 5469 2866 5525 Tres
2906 5468 3024 5524 libri
3077 5476 3289 5523 veteres
3337 5467 3535 5522 habent
3577 5465 3928 5534 ditia-entiam

2317 5546 2393 5599 vel
2421 5543 2712 5608 discrimen,
2747 5545 2883 5598 alius
2907 5541 3200 5594 discrimen.
3232 5540 3311 5594 Ex
3344 5539 3611 5594 similibus
3642 5541 3885 5595 fontibus
3907 5585 3924 5606 ,

2318 5627 2374 5670 ut
2413 5631 2557 5685 smpe
2577 5617 2903 5674 monuimus,
2924 5621 3041 5666 orta
3073 5622 3196 5665 sunt
3227 5621 3305 5665 tot
3334 5611 3589 5665 vocabula
3616 5626 3924 5682 synonyma

2315 5687 2454 5759 apud
2486 5689 2828 5758 Cyprianum.
2867 5685 3064 5759 Βμυι.

2390 5753 2624 5813 Prii-lieni
2663 5771 2880 5829 pati-ein.
2920 5755 2994 5810 lta
3037 5769 3226 5829 omnes
3282 5753 3393 5829 fere
3442 5753 3562 5810 libri
3611 5764 3827 5829 veteres
3871 5766 3925 5811 et

2313 5844 2502 5887 omnes
2541 5825 2822 5887 editiones.
2853 5833 3026 5898 Atque
3077 5843 3141 5884 ea
3189 5827 3352 5884 lectio
3395 5835 3478 5884 est
3525 5830 3747 5899 optima.
3777 5825 3916 5882 Nam
