4260 6266
451 297 591 354 1017

1587 293 1900 352 CONCILIA
1938 293 2561 352 CARTHAGINENSIA.

3619 293 3756 354 1018

525 410 618 466 IV.
651 408 783 465 Nam
812 419 864 465 et
893 410 1035 479 quod
1056 410 1338 481 vestigium
1378 411 1596 468 infantis
1625 414 1674 467 in
1703 414 1891 484 primis
1932 427 2052 482 par—
2081 420 2131 480 Α
2157 413 2242 466 hic
2283 412 2402 467 dies
2440 420 2683 476 octavus,
2728 413 2779 469 id
2825 422 2930 481 est,
2963 422 3085 484 post
3124 413 3406 471 sabbatum
3450 416 3658 485 primus
3701 426 3756 473 et

454 515 542 562 tus
572 505 653 559 sui
689 504 880 559 diebus
923 505 1200 559 Constituti
1231 506 1487 561 tnundum
1540 524 1642 562 non
1680 522 1803 563 esse
1830 507 2046 573 dixisti,

452 601 594 674 quod
628 601 996 671 unusquisque
1040 613 1282 656 nostrum
1340 602 1512 658 adhuc
1546 603 1767 658 horreat
1815 617 2045 657 exoscu-

453 697 588 763 lari,
624 710 721 750 nec
753 694 852 748 hoc
881 707 1128 766 putamus
1161 695 1226 747 ad
1255 697 1526 751 caelestem
1564 695 1789 765 gratiam
1818 694 2049 749 dandam

452 787 839 859 impedimento
901 803 1023 843 esse
1087 798 1356 858 oportere.
1420 788 1691 857 Scriptum
1763 798 1846 842 est
1905 787 2047 841 enim

455 880 587 952 (Tit.
619 897 666 946 ι,
705 882 792 950 15)
826 900 837 932 :
885 879 1073 934 Omnia
1103 881 1293 936 nntnda
1317 890 1433 935 sunt
1464 882 1688 935 mundis.
1719 879 1827 935 Nec
1857 879 2051 950 aliquis

450 987 696 1030 noswum
737 975 788 1029 id
839 977 1000 1030 debet
1053 976 1275 1031 horrere
1313 974 1452 1046 quod
1502 976 1642 1029 Deus
1692 975 1940 1046 dignttus
1969 984 2052 1030 est

450 1068 655 1126 facere.
683 1069 817 1126 Nam
860 1071 958 1125 etsi
987 1070 1165 1124 adhuc
1212 1070 1386 1124 infans
1420 1086 1448 1123 a
1500 1081 1651 1140 partu
1696 1085 1865 1123 novus
1913 1079 2046 1134 est,

453 1178 561 1218 non
594 1166 664 1219 ita
705 1173 788 1220 est
815 1174 991 1219 tamen
1019 1172 1077 1218 ut
1104 1162 1347 1232 quisdam
1381 1163 1527 1216 illum
1560 1163 1611 1216 in
1653 1164 1824 1232 gratia
1875 1161 2048 1216 danda

454 1269 615 1332 atque
681 1259 732 1313 in
784 1273 914 1328 pace
965 1257 1208 1312 facienda
1258 1255 1484 1311 horrere
1531 1255 1726 1310 debeat
1774 1257 2046 1323 osculari,

453 1352 670 1426 quando
720 1352 772 1406 in
818 1350 1004 1406 osculo
1033 1348 1253 1404 infantis
1281 1349 1649 1420 unusquisque
1679 1357 1920 1402 nostrum
1954 1363 2050 1418 pro

451 1461 549 1502 sua
605 1444 868 1515 religione
939 1444 1083 1514 ipsas
1152 1441 1331 1497 adhuc
1385 1451 1633 1498 recentes
1701 1443 1793 1497 Dei
1861 1457 2049 1497 manus

455 1538 652 1594 debeat
680 1537 947 1608 cogitare,
973 1551 1108 1606 quas
1137 1536 1190 1590 in
1235 1536 1449 1591 homine
1478 1536 1641 1591 modo
1681 1535 1909 1591 formato
1937 1545 1963 1572 ιι
1995 1545 2051 1592 et

447 1647 639 1688 recens
678 1632 911 1703 quodam
947 1631 1106 1686 modo
1136 1631 1524 1687 exosculamur
1550 1631 1762 1701 quando
1803 1631 1852 1686 id
1904 1631 2046 1702 quod

452 1725 598 1780 Deus
653 1724 782 1780 fecit
837 1725 1237 1796 amplectimur.
1293 1723 1426 1778 Nam
1489 1724 1627 1794 quod
1659 1723 1686 1762 1)
1734 1725 1788 1778 in
1833 1723 2049 1794 judaica
2085 1770 2100 1782 .

2154 506 2474 573 dominicus,
2507 508 2781 576 praecessit
2812 508 2862 561 iu
2912 508 3160 578 imagine.
3193 507 3324 576 Quae
3367 509 3546 581 imago
3572 525 3752 566 cessa-

2155 599 2229 653 vit
2277 599 2689 665 snpervenieote
2734 600 3072 670 postmodum
3111 591 3333 656 veritate
3360 614 3413 656 et
3439 602 3560 658 datu
3594 604 3748 661 nobis

2154 691 2378 761 spiritali
2430 691 2860 748 circumcisione.

2228 785 2291 840 V.
2335 785 2562 856 Propter
2587 787 2728 857 quod
2756 787 3022 842 neminem
3062 798 3312 859 putamus
3338 806 3367 844 a
3413 792 3581 860 gratia
3621 805 3755 847 con-

2154 880 2426 951 sequenda
2458 881 2863 950 impediendum
2890 899 3010 937 esse
3031 898 3092 937 ea
3127 884 3244 952 lege
3271 900 3390 955 quae
3417 886 3527 954 jam
3556 894 3754 940 statuta

2155 983 2258 1036 est,
2289 989 2389 1028 nec
2436 974 2733 1041 spiritalem
2766 975 3232 1031 circumcisiouem
3264 977 3510 1046 impediri
3550 977 3755 1033 carnali

2153 1068 2562 1122 circumcisione
2592 1066 2811 1130 debere,
2843 1067 2936 1122 sed
2963 1083 3178 1123 omnem
3212 1071 3433 1124 omnino
3478 1069 3753 1125 hominem

2153 1160 2542 1216 admittendum
2578 1175 2698 1216 esse
2725 1161 2790 1215 ad
2826 1162 3051 1231 gratiam
3081 1161 3301 1227 Christi,
3335 1163 3550 1234 quando
3572 1176 3624 1219 et
3649 1164 3752 1219 Pe-

2157 1266 2272 1311 trus
2320 1255 2371 1309 in
2417 1256 2566 1310 Actis
2596 1256 2964 1326 apostolorum
2996 1257 3245 1326 loquatur
3273 1267 3329 1312 et
3357 1257 3494 1311 dicat
3520 1256 3662 1330 (Act.
3695 1273 3752 1323 x,

2153 1348 2247 1420 28)
2281 1368 2293 1403 :
2327 1349 2578 1404 Dominus
2626 1351 2748 1404 mihi
2795 1351 2924 1404 dixit
2962 1353 3213 1406 neminem
3257 1352 3512 1406 hominem
3555 1362 3578 1388 θ
3615 1368 3754 1406 com-

2153 1462 2354 1498 munem
2404 1445 2679 1498 dicendum
2722 1456 2769 1500 et
2800 1447 3142 1500 immundum.
3185 1443 3451 1502 C:cterum
3493 1448 3537 1502 si
3579 1447 3753 1503 homi-

2154 1551 2252 1592 nes
2295 1537 2555 1607 impedire
2585 1536 2786 1608 aliquid
2827 1537 2892 1592 ad
2925 1539 3362 1593 consecutionem
3407 1539 3591 1609 gratiae
3627 1553 3753 1608 pos-

2153 1638 2280 1695 set,
2337 1629 2508 1699 magis
2560 1630 2773 1684 adultos
2821 1639 2876 1684 et
2915 1639 3197 1698 provectos
3241 1640 3296 1685 et
3351 1630 3582 1701 majores
3622 1640 3749 1686 natu

2152 1733 2372 1793 possent
2418 1723 2679 1792 impedire
2719 1732 2931 1792 peccata
2979 1724 3246 1794 graviora.
3283 1723 3448 1778 Porro
3482 1733 3661 1778 autem
3702 1723 3747 1777 si

453 1817 868 1874 circumcisione
910 1818 1111 1873 carnali
1160 1827 1381 1872 octavus
1421 1828 1442 1854 ο
1477 1816 1595 1871 dies
1625 1816 2044 1882 observabatur,
2077 1828 2125 1888 B
2153 1815 2314 1870 etiam
2343 1815 2675 1884 gravissimis
2712 1812 2729 1850 τ
2754 1813 3122 1880 delictoribus,
3157 1824 3211 1869 et
3237 1814 3290 1868 in
3327 1815 3489 1869 Deum
3521 1814 3746 1870 multum

448 1920 845 1965 sacramentum
892 1919 975 1964 est
1025 1909 1302 1964 in'umbra
1350 1917 1510 1978 atque
1558 1907 1610 1962 iu
1662 1909 1890 1979 imagine
1919 1918 2045 1964 ante

449 2002 808 2072 praemissum,
828 2001 922 2056 sed
948 2002 1195 2056 veniente
1212 2000 1425 2056 Christo
1447 2001 1670 2054 veritate
1692 1999 2039 2069 completum.

443 2093 578 2149 Nam
611 2095 700 2166 qui
731 2105 953 2150 octavus
982 2095 1120 2162 dies,
1151 2095 1200 2150 id
1234 2104 1335 2159 est,
1370 2103 1492 2165 post
1517 2095 1795 2149 sabbatum
1839 2094 2042 2164 primus

443 2190 590 2255 dies,
624 2191 836 2246 futurus
866 2198 983 2244 erat
1012 2186 1036 2224 ιι
1069 2203 1174 2259 quo
1206 2187 1462 2242 Dominus
1493 2195 1832 2258 resurgeret,
1865 2196 1920 2241 et
1945 2202 2041 2242 nos

442 2283 744 2340 viviticaret
769 2292 823 2339 et
852 2281 1316 2338 circumcisionem
1345 2280 1498 2336 nobis
1523 2280 1820 2350 spiritalem
1850 2279 2037 2343 daret;

2152 1919 2279 1964 ante
2326 1908 2695 1979 peccantibus,
2740 1923 2860 1962 cum
2909 1917 3090 1979 postea
3127 1907 3475 1975 crediderint,
3522 1907 3748 1963 remissa

2147 2012 2487 2072 peccatorum
2552 2001 2746 2067 datur,
2795 2009 2850 2057 et
2913 2017 2945 2056 a
2987 2002 3254 2072 baptismo
3297 2011 3455 2072 atque
3501 2016 3530 2055 a
3578 2001 3747 2072 gratia

2147 2112 2304 2152 nemo
2333 2097 2660 2167 prohibetur,
2692 2108 2893 2168 quanto
2925 2097 3093 2163 magis
3117 2096 3391 2166 prohiberi
3435 2111 3538 2151 non
3586 2095 3749 2150 debet

2145 2188 2338 2252 infans,
2365 2189 2452 2258 qui
2488 2204 2675 2244 recens
2717 2197 2869 2242 natus
2911 2188 3040 2242 nihil
3072 2189 3328 2258 peccavit,
3360 2187 3460 2241 nisi
3489 2186 3628 2257 quod
3659 2201 3750 2242 se-

2144 2280 2378 2335 cundum
2435 2281 2604 2336 Adam
2654 2282 2944 2336 carnaliter
2987 2289 3143 2336 natus
3195 2279 3501 2353 contagium
3551 2279 3741 2336 mortis

1687 2370 2072 2428 LECTIONES
2110 2372 2197 2428 VA
2211 2374 2529 2430 RIANTES.

510 2470 535 2530 ξ’
561 2467 814 2517 Recenter
829 2471 943 2516 nato
960 2469 1164 2530 August.
1183 2465 1381 2530 Recens
1396 2470 1508 2530 nato
1520 2463 1879 2528 quodammodo
1899 2467 2040 2517 Oxon

505 2527 536 2567 δ
571 2532 773 2589 Quando
799 2531 931 2579 Lam.
960 2526 1067 2579 Νσ.
1097 2531 1144 2578 1.
1172 2529 1297 2578 Bod.
1326 2529 1374 2575 2.
1406 2526 1546 2577 Ebor.

505 2596 528 2625 ο
565 2592 944 2645 Circumcisioue
977 2602 1178 2643 octavus
1209 2593 1342 2641 Lam.
1371 2590 1495 2640 Bod.
1521 2590 1568 2639 εἳ.
1595 2589 1703 2641 NC.
1731 2590 1774 2638 1.

2208 2466 2236 2504 (1
2274 2467 2464 2516 Primus
2489 2468 2680 2517 futurus
2704 2468 2836 2516 Lam.
2863 2465 2988 2516 Bod.
3019 2468 3062 2515 1.

2214 2534 2238 2560 θ
2273 2530 2535 2579 Neminem
2558 2543 2865 2578 communem
2896 2529 3018 2579 Itod.
3043 2529 3090 2578 2.

2217 2592 2238 2631 ί
2275 2592 2579 2642 Delictorum
2609 2589 2731 2643 Tltu.
2762 2590 2902 2643 Corb.

1803 2678 2166 2739 VARIORUM
2206 2677 2434 2735 NOTAE.

441 2784 647 2830 certum
709 2781 792 2829 est
849 2774 1017 2829 Deum
1083 2788 1143 2828 se
1199 2772 1445 2826 omnibus
1498 2773 1804 2828 hominibus
1867 2789 2048 2844 sequa—

442 2846 569 2901 liter
611 2855 866 2902 praestare
914 2856 1143 2914 patrem.
1197 2844 1292 2897 Est
1320 2847 1462 2898 enim
1521 2857 1671 2914 pater
1717 2856 1940 2907 noster,
1993 2847 2045 2900 in

444 2917 638 2988 primis
667 2933 793 2971 vero
839 2931 1024 2971 eorum
1072 2917 1160 2985 qui
1202 2917 1426 2988 credunt
1453 2917 1502 2969 in
1551 2932 1696 2978 eum,
1743 2932 1926 2971 eorum
1955 2919 2045 2986 qui

445 2987 545 3060 per
596 3005 716 3042 eum
771 2989 1088 3060 sanctiticati
1121 2996 1176 3043 et
1232 2987 1419 3055 gratiae
1465 2988 1725 3060 spiritalis
1770 2988 2046 3042 uativitate

447 3059 706 3128 reparati,
741 3059 831 3113 hlii
852 3059 968 3126 ejus
999 3074 1118 3112 esse
1145 3067 1446 3126 coeperunt,
1473 3069 1528 3111 ut
1555 3059 1628 3112 ait
1654 3071 1870 3112 sanctus
1898 3074 2043 3112 mar-

441 3142 527 3199 tyr
557 3131 694 3186 libro
729 3129 792 3183 de
840 3129 1084 3184 Oratione
1128 3128 1414 3196 Dominica,
1449 3145 1568 3198 pag.
1600 3130 1725 3183 2206.
1760 3129 1827 3184 Et
1867 3140 2044 3184 tamen

2239 2773 2452 2826 Veritate
2477 2773 2799 2843 completum.
2852 2769 3081 2838 Quidam
3131 2771 3250 2826 lihri
3289 2782 3497 2829 veteres
3541 2784 3591 2829 et
3630 2773 3749 2830 edi-

2153 2847 2225 2899 tio
2256 2845 2480 2899 Morellii
2512 2843 2707 2897 habent
2735 2844 2786 2896 in
2825 2844 3045 2897 veritate.
3073 2843 3222 2911 Quod
3254 2853 3429 2914 potest
3476 2859 3598 2900 esse
3639 2862 3751 2899 tne-

2151 2919 2363 2972 lius.—
2395 2916 2590 2971 BALUZ.
2636 2915 2787 2970 Adde
2815 2915 3087 2968 editionem
3136 2917 3436 2984 principem.
3469 2917 3677 2971 licunt.

2226 2989 2351 3043 Post
2392 2988 2656 3040 sabbatum
2685 2987 2874 3046 primus
2899 2996 2947 3039 et
2991 2987 3294 3041 dominicus.
3339 2987 3581 3055 Magnum
3625 2996 3750 3042 ante

2151 3058 2250 3114 hos
2310 3060 2571 3114 ducentos
2629 3073 2797 3113 annos
2862 3058 3058 3112 bellum
3115 3073 3232 3111 cum
3286 3060 3516 3112 maxima
3575 3059 3746 3113 utriu-

2150 3147 2255 3200 que
2282 3131 2577 3186 acerbitate
2618 3140 2827 3199 gestum
2876 3140 2930 3183 et
2976 3139 3264 3199 pugnatum
3295 3141 3377 3185 est
3426 3132 3566 3184 inter
3608 3130 3749 3184 Pau-

442 3195 717 3257 Pamelius
762 3203 930 3271 magis
980 3201 1167 3269 prohat
1216 3195 1578 3266 conjecturam
1625 3201 1852 3256 Costerii
1905 3195 2116 3258 exis-C
2152 3195 2260 3255 linn
2323 3202 2391 3257 de
2451 3195 2858 3272 Middelhurgo,
2931 3195 3020 3270 qui
3050 3195 3259 3270 'postca
3318 3201 3416 3255 fuit
3466 3202 3751 3271 episcopus

443 3275 683 3328 timautis
712 3273 996 3342 legendum
1026 3287 1147 3326 esse
1178 3288 1352 3341 parem
1377 3289 1394 3335 ;
1425 3287 1650 3340 eamque
1676 3273 2045 3342 conjecturam

442 3345 734 3407 Pamelius,
773 3355 829 3397 ut
861 3345 975 3408 ipse
1017 3344 1110 3408 ait,
1145 3344 1198 3396 in
1226 3358 1320 3396 sua
1349 3343 1587 3398 editione
1625 3347 1908 3411 posuisset.
1945 3345 2042 3398 nisi

439 3415 876 3472 Contradicentes
907 3415 1184 3469 habuisset
1227 3429 1416 3468 omnes
1443 3415 1609 3468 libros
1648 3415 2044 3481 manuscriptos

440 3499 495 3542 et
526 3503 714 3543 oumes
741 3486 1027 3542 editiones.
1075 3485 1209 3556 Ego,
1241 3493 1415 3540 hirnea
1444 3500 1630 3539 vocem
1665 3503 1838 3555 parem
1865 3485 2042 3556 reperi

441 3559 493 3614 in
531 3559 740 3613 duobus
787 3557 1062 3612 eodicibus
1107 3555 1359 3624 antiquis.
1408 3557 1605 3611 Bawz.

512 3629 911 3684 lV.——Adltuc
975 3629 1176 3682 [torreat
1241 3628 1544 3681 exosculari.
1601 3627 1860 3699 Rigaltius
1927 3629 2039 3682 ait:

441 3699 628 3762 Fidus,
660 3701 724 3755 ad
757 3716 915 3771 quem
943 3709 1024 3754 est
1058 3701 1186 3771 huic;
1212 3699 1434 3767 epistola
1473 3699 1756 3769 Cypriani,
1790 3701 2044 3754 horrebat

442 3771 674 3826 osculari
707 3769 893 3826 recens
922 3781 1074 3825 natos
1105 3769 1367 3833 infantes,
1399 3773 1522 3824 cum
1549 3773 1661 3822 suis
1688 3771 2042 3839 impedimen-

444 3843 516 3896 tis
561 3843 804 3912 prol'usos
841 3845 1024 3910 utique
1071 3852 1125 3895 et
1153 3841 1387 3897 oblitos.
1425 3840 1656 3912 indeque
1687 3843 1737 3893 in
1790 3854 2038 3896 octavum

443 3929 473 3967 a
506 3911 656 3980 partu
702 3914 840 3968 diem
870 3913 1071 3967 differri
1122 3912 1450 3980 Baptismum
1482 3911 1714 3965 volebat.
1751 3913 2038 3966 llorrorem

441 3983 659 4039 discutit
701 3985 1000 4057 Cyprianus
1056 3983 1257 4057 iisdem
1296 3983 1626 4057 argumentis
1674 3985 1864 4048 quibus
1908 3982 2041 4036 Ter-

445 4057 698 4110 tulliauus
746 4053 1031 4110 Marcionis
1065 4054 1297 4108 Ineresin
1345 4053 1643 4106 confutavit
1693 4057 2040 4108 exhorrentis

443 4127 566 4183 fidei
606 4128 910 4181 christiana!
947 4125 1229 4180 articulum
1261 4141 1364 4192 quo
1382 4125 1672 4188 Christum,
1708 4123 1894 4176 Filium
1925 4126 2035 4187 Dei,

440 4199 509 4253 de
546 4198 723 4252 Maria:
759 4199 994 4263 Virginis
1043 4207 1194 4250 utero
1243 4211 1369 4249 vere
1418 4196 1690 4249 hominem
1723 4207 1905 4248 natum
1947 4211 2037 4249 as-

441 4272 690 4325 serimus.
725 4269 952 4322 Christus
980 4269 1158 4322 dilexit
1191 4267 1445 4320 hominem
1485 4267 1631 4319 illum
1661 4267 1712 4319 in
1756 4266 2038 4320 immundi-

440 4343 543 4407 tiis,
575 4342 627 4394 in
669 4353 808 4394 utero
839 4342 1184 4410 coagulatum,
1216 4338 1363 4410 illum
1396 4337 1726 4404 perpudendu
1757 4339 2034 4408 prolatum,

438 4412 586 4466 illum
619 4430 706 4478 per
727 4409 947 4465 ludibria
1001 4410 1266 4463 nutritum.
1323 4409 1542 4475 Proliter
1584 4425 1697 4461 eum
1743 4410 2034 4474 descendit,

441 4494 647 4554 prapter
673 4500 787 4536 eum
817 4483 1127 4554 prtedicarit.
1161 4479 1239 4532 Tu
1269 4481 1375 4554 lucc
1417 4479 1755 4554 erubescenda
1800 4481 1875 4532 illi
1908 4485 2036 4554 facis

440 4552 555 4624 qua:
583 4556 833 4608 redemit?
888 4552 962 4606 'l'u
991 4553 1304 4606 cruori-escis
1331 4553 1380 4604 in
1408 4553 1602 4621 infante
1621 4561 1842 4624 recentes
1866 4553 2034 4604 adhuc

441 4623 538 4680 Dei
584 4626 809 4680 minus?
842 4624 1044 4677 Natura
1072 4623 1356 4677 veneranda
1394 4634 1501 4688 est,
1549 4639 1648 4676 non
1677 4623 2032 4676 erubescenda.

444 4697 571 4750 llase
605 4697 794 4766 lligalt.
827 4695 992 4749 Totus
1021 4695 1106 4749 hic
1136 4705 1515 4766 apparatusex
1571 4693 1793 4748 lithuica
1845 4709 2034 4766 super-

444 4765 937 4838 stilioueoriginem
968 4769 1214 4838 sumpsit.
1243 4765 1568 4838 Macrobius,
1593 4766 1682 4818 Itb.
1717 4781 1753 4830 ι,
1778 4781 1896 4832 cap.
1930 4765 2032 4838 16:

446 4836 560 4899 Est,
595 4835 782 4906 inquit,
825 4837 1129 4892 Nundinnnt
1165 4837 1508 4891 Ruinanorum
1541 4835 1649 4890 Dea
1673 4877 1688 4902 ,
1732 4854 1761 4887 a
1792 4853 1926 4889 nono
1957 4837 2039 4889 die

444 4912 759 4962 nascentium
811 4919 1103 4978 mmcupata
1133 4909 1213 4978 qui
1244 4909 1481 4960 lnstricns
1502 4909 1708 4960 dicitur.
1738 4906 1827 4960 Est
1870 4918 2039 4960 autent

445 4981 552 5034 dies
575 4981 808 5034 lnstricus
829 4997 927 5047 quo
949 4983 1167 5048 infantes
1185 4981 1468 5032 lustrantur
1487 4989 1532 5031 et
1555 4995 1737 5032 nomen
1760 4980 2036 5047 accipiunt.

446 5053 537 5106 sed
565 5053 605 5105 is
639 5055 862 5105 maribus
892 5067 1077 5111 nonus,
1113 5061 1319 5104 octavus
1339 5061 1419 5119 est
1452 5052 1673 5119 feminis.
1703 5050 1834 5103 Dato
1861 5051 2033 5103 infan—

443 5133 527 5178 tes
557 5139 661 5178 non
691 5125 754 5177 ad
789 5123 1030 5176 Osculum
1059 5118 1418 5174 admittendos
1444 5118 1567 5176 ante
1595 5123 1735 5175 diem
1765 5132 2034 5182 octavum,

440 5196 766 5262 sequebatur
813 5196 991 5262 utique
1041 5209 1145 5245 non
1180 5191 1560 5262 haptizaudos;
1615 5193 1841 5263 quilibet
1891 5194 2034 5245 enim

423 5268 810 5321 Christianus.
881 5264 1228 5319 fraternitatis
1292 5263 1414 5332 jure
1464 5263 1529 5317 ad
1580 5280 1725 5334 paets
1797 5263 2039 5318 Osciilum

439 5340 728 5394 admissus.
793 5336 1019 5391 Fumus.

515 5410 905 5466 Sacramentunt
970 5418 1063 5461 cst.
1126 5405 1329 5459 Pariter
1395 5404 1554 5472 hujus
1600 5407 1730 5476 rtypi
1799 5404 2042 5458 meminit

442 5481 504 5536 Ι).
538 5483 868 5551 Augustinus
901 5491 1084 5533 contra
1116 5477 1387 5551 Faustum
1421 5475 1655 5551 blauieh.
1693 5478 1792 5551 lib:
1834 5491 1941 5540 xvi,
1987 5491 2038 5551 c.

436 5554 510 5607 29
529 5572 540 5607 :
560 5547 726 5606 Tertio
773 5554 855 5604 die
881 5566 1163 5618 resurgens.
1187 5564 1331 5616 quem
1354 5547 1662 5600 dominicum
1691 5548 1923 5607 dicimus,
1955 5547 2042 5613 qui

442 5635 556 5690 post
576 5625 840 5677 sabbatum
871 5633 1168 5676 numeratur
1189 5629 1415 5678 octavus,
1434 5618 1585 5690 etiam
1601 5619 2039 5690 circumcisionem

443 5689 607 5746 octavi
633 5695 732 5748 diei
759 5697 825 5748 ad
850 5711 903 5748 se
938 5692 1343 5761 prophetaudum
1396 5689 1648 5761 pertinere
1696 5689 1942 5742 declarat.
1975 5689 2040 5744 Et

447 5767 604 5834 paulo
622 5777 736 5832 post
757 5784 768 5818 :
791 5766 922 5834 Quia
937 5759 1039 5818 ista
1049 5761 1350 5834 resurrectio
1363 5775 1478 5829 qua:
1491 5759 1680 5814 credita
1693 5772 1765 5813 est
1781 5777 1871 5834 n_os
1875 5761 2007 5831 justi
2014 5792 2035 5802 ο

442 5831 580 5905 fient,
607 5831 699 5892 illa
723 5831 913 5894 octava:
927 5837 1028 5890 diei
1055 5833 1433 5906 circumcisione
1458 5834 1678 5903 ﬁgurata
1695 5843 1785 5889 cst.
1802 5831 2031 5889 FBLLUS.

2151 3272 2744 3342 Forosempronieusis,
2794 3273 3010 3326 Petrum
3061 3277 3128 3324 tle
3167 3272 3301 3328 Rivo
3331 3289 3498 3327 sacra:
3550 3276 3752 3343 pagina:

2154 3348 2517 3411 professorem
2570 3345 2622 3397 iu
2676 3344 2949 3397 academia
3009 3343 3355 3411 Lovaniensi,
3401 3355 3453 3398 et
3483 3343 3748 3399 Thomam

2148 3415 2312 3470 Bazin
2340 3458 2352 3478 .
2402 3417 2714 3485 episcopum
2760 3416 3149 3470 chtwieiisem
3196 3427 3249 3470 et
3293 3416 3415 3470 dein
3458 3415 3752 3485 archiepis-

2147 3502 2342 3556 copum
2399 3489 2818 3551 Caesariensem,
2854 3504 2919 3540 an
2951 3487 3037 3540 die
3091 3500 3276 3542 octava
3308 3487 3514 3541 Subhati
3538 3530 3552 3551 ,
3587 3487 3637 3540 id
3666 3496 3750 3541 est

2147 3559 2234 3612 die
2266 3559 2536 3613 dominica
2560 3601 2574 3624 ,
2609 3558 2854 3612 Christus
2887 3561 3288 3614 resurresisset.
3323 3558 3604 3612 Tractatus
3652 3557 3753 3612 Pe-

2148 3631 2212 3683 tri
2258 3631 2327 3686 de
2360 3631 2496 3683 Rivo
2545 3631 2721 3684 editus
2773 3630 2868 3683 luit
2912 3647 3054 3684 anno
3092 3630 3248 3697 1492,
3291 3631 3341 3684 in
3395 3630 3525 3684 urbe
3580 3629 3752 3683 Lava-

2147 3701 2344 3767 nieusi,
2385 3714 2434 3756 et
2471 3702 2618 3756 Pauli
2651 3703 2907 3755 adversus
2938 3703 3152 3755 l‘elrttm
3206 3703 3260 3756 in
3307 3701 3443 3754 libro
3493 3710 3648 3754 Sexto
3679 3701 3745 3754 de

2147 3771 2311 3826 Recta
2368 3773 2591 3826 Pascha:
2644 3771 3029 3826 celebratione.
3087 3776 3152 3826 At
3216 3779 3475 3827 tractatus
3527 3773 3750 3826 Thema:

2147 3844 2382 3896 n0ndum
2413 3843 2588 3898 editus
2630 3842 2855 3896 habetur
2886 3844 2937 3895 in
2969 3842 3288 3898 bibliotheca
3335 3844 3498 3912 regia.
3547 3843 3744 3898 BALUZ.

2220 3913 2357 3965 V.—
2383 3913 2601 3981 Pr0pter
2625 3915 2780 3981 quod.
2802 3923 2906 3967 etc.
2938 3913 3122 3967 Refert
3156 3917 3296 3968 hune
3329 3915 3502 3967 lOI'llttt
3533 3925 3749 3968 S:tltClllS

2144 3985 2476 4053 Augustinits
2506 3998 2755 4038 sermone
2778 3983 2884 4037 9.9i
2909 4031 2924 4045 ,
2958 3999 3075 4053 pag.
3113 3987 3253 4038 Μεεὸ
3295 4000 3444 4037 nera:
3475 3985 3745 4038 editionis.

2143 4055 2430 4109 Bawzws.
2450 4083 2518 4093 ——
2539 4055 2612 4108 lbi
2642 4055 2701 4108 S.
2733 4056 3085 4124 Augustinus.
3106 4056 3191 4110 vel
3210 4056 3345 4108 alius
3371 4057 3510 4122 quis,
3528 4055 3750 4108 adduxit

2143 4125 2359 4188 locum,
2397 4133 2508 4179 haec
2550 4125 2766 4194 quidem
2834 4125 3123 4194 praefatus:
3183 4127 3407 4178 Sanctus
3457 4125 3750 4194 Cyprianus

2142 4208 2212 4250 est
2253 4237 2265 4258 ,
2295 4213 2439 4264 quem
2470 4198 2521 4249 in
2570 4213 2751 4249 manus
2791 4197 3008 4265 sumpsi,
3044 4198 3281 4266 antiquus
3311 4197 3582 4262 episcopus
3610 4196 3747 4250 sedis

2141 4267 2294 4335 huius
2322 4269 2444 4338 quid
2472 4268 2682 4321 senserit
2710 4272 2773 4322 de
2800 4269 3048 4336 baptismo
3072 4267 3425 4336 parvulorum,
3452 4267 3606 4318 immo
3627 4267 3750 4338 quid

2139 4354 2334 4405 semper
2385 4337 2668 4392 Ecclesium
2739 4341 2953 4394 sensisse
3022 4339 3392 4402 monstraverit,
3479 4337 3748 4405 paululum

2138 4411 2367 4476 accipite.
2410 4411 2622 4464 Ruunt.
3236 4443 3250 4455 -

2209 4480 2252 4533 Α
2275 4483 2440 4550 gratia
2477 4482 2828 4551 conscqnendu
2859 4482 2993 4538 Tres
3024 4482 3141 4536 lihri
3189 4490 3399 4536 veteres
3444 4479 3741 4551 praeferunt

2140 4553 2210 4605 ad
2235 4555 2453 4623 gratiam
2485 4554 2912 4623 Consequendam.
2948 4555 3146 4608 BALUZ.

2220 4610 2387 4677 Porro
2431 4637 2618 4683 autem,
2649 4610 2775 4680 'elc.
2807 4626 3002 4679 Totum
3044 4629 3184 4679 hunc
3234 4626 3411 4678 locum
3456 4623 3747 4692 deseripsit

2142 4705 2363 4748 sanctus
2389 4695 2750 4760 Hieronymus-
2781 4699 2830 4750 io
2872 4697 2975 4752 line
3004 4697 3121 4751 libri
3151 4697 3291 4750 tertii
3321 4697 3563 4749 adversus
3594 4693 3745 4749 Peleo

2141 4767 2340 4837 gianos.
2395 4767 2499 4822 Sed
2541 4768 2678 4836 apud
2728 4768 3112 4838 Hieronymum
3165 4768 3359 4833 legitur
3387 4763 3618 4821 remissio
3650 4783 3745 4830 pro

2142 4840 2385 4901 remissa;
2410 4850 2464 4892 et
2494 4854 2589 4908 pro
2615 4856 2680 4892 eo
2703 4840 2844 4910 quod
2877 4839 3015 4907 apud
3038 4839 3365 4910 Cyprianum
3400 4850 3547 4894 recte
3570 4839 3745 4906 scrip-

2144 4918 2255 4962 tum
2296 4921 2379 4963 est
2415 4910 2478 4962 de
2504 4928 2600 4979 ope
2628 4925 2800 4966 nostra
2827 4927 2886 4962 ac
2913 4911 3086 4962 divina
3115 4910 3493 4976 misericordia,
3531 4913 3581 4964 in
3616 4910 3744 4963 Hie-

2143 4996 2371 5051 ronymo
2392 4981 2550 5036 habet
2577 4982 2638 5035 de
2665 5000 2760 5053 ope
2777 4991 2952 5036 nostra
2973 4981 3040 5034 ad
3062 4981 3287 5034 divinam
3313 4982 3741 5035 misericordiam.

3241 5053 3435 5106 Bawz.

2219 5122 2542 5177 Gravissimis
2567 5124 2913 5179 delictoribus.
2956 5123 3313 5193 Negatorihus
3338 5166 3353 5186 ,
3388 5121 3705 5193 sacrilicatis
3725 5163 3739 5188 ,

2147 5194 2416 5248 libellatis.
2457 5194 2752 5250 Delictores
2790 5195 2919 5247 dicit
2951 5192 3055 5249 eos
3075 5196 3164 5262 qui
3193 5194 3353 5248 fidem
3385 5192 3600 5247 Christo
3642 5192 3740 5246 da-

2149 5273 2255 5318 tam
2289 5265 2664 5328 deseruerunt,
2696 5266 3118 5332 dereliquerunt.
3145 5266 3560 5318 Observavimus
3581 5278 3740 5332 supra

2145 5337 2209 5387 ad
2233 5335 2402 5404 Epist.
2439 5351 2502 5388 LV
2545 5337 2637 5406 (al.
2670 5337 2762 5406 LII)
2792 5335 3166 5391 ιὶιοιιιτ.σ-Αι
3192 5351 3323 5389 vero
3355 5337 3523 5405 magis
3550 5335 3741 5388 suadet

2147 5407 2274 5459 illttd
2297 5449 2311 5470 ,
2343 5408 2388 5459 si
2421 5416 2596 5473 postea
2627 5407 2957 5468 crediderint,
2993 5407 3178 5462 iStha'c
3211 5409 3369 5460 verba
3405 5407 3471 5461 de
3503 5408 3740 5460 homini-

2147 5475 2244 5531 bus
2275 5478 2624 5531 eliristianam
2656 5479 2811 5533 [idem
2855 5481 3149 5547 amplexis,
3184 5490 3343 5547 atque
3374 5478 3575 5531 itlcirCo
3605 5477 3740 5546 Bap—

2151 5549 2362 5619 tisntum
2418 5549 2758 5619 petentibus,
2807 5565 3113 5619 exponere,
3171 5565 3267 5617 per
3317 5565 3472 5618 quem
3524 5548 3740 5617 quidem

2147 5618 2404 5685 Baptismi
2452 5618 2610 5673 ritum
2658 5624 2709 5675 in
2763 5618 2977 5675 nomine
3023 5622 3213 5674 Divino
3248 5621 3581 5675 celebratum
3618 5635 3741 5684 pec-

2144 5699 2262 5746 cata
2309 5693 2489 5744 omnia
2536 5692 2765 5748 retnittit
2814 5708 2878 5748 ac
2917 5693 3085 5748 deleri
3127 5691 3384 5818 Ctifdehat
3423 5691 3737 5761 antiquitas.

3215 5778 3378 5818 ouru.

3215 5778 3378 5818 OUTII.

2217 5833 2337 5888 Nisi
2384 5835 2521 5905 quod
2558 5837 2837 5892 secundum
2887 5836 3069 5891 Adam.
3124 5836 3220 5891 Vix
3265 5834 3392 5891 alibi
3434 5834 3734 5908 reperitur,
