4256 6250
534 271 678 335 1019

1858 276 2211 349 RELIQUIJ‘J
2248 277 2519 347 SACBAE.

3709 296 3850 357 1020

536 391 774 462 antiquae
809 389 982 463 prima
1010 390 1288 457 nativitate
1310 390 1595 457 contraxit,
1626 392 1720 464 qui
1761 393 1829 453 ad
1850 396 2133 451 remissam
2161 396 2215 461 Α
2240 394 2528 450 licissimns
2552 395 2604 452 in
2634 394 2814 463 Africa
2853 398 3055 469 lapsus,
3084 400 3291 472 absque
3317 403 3426 462 ullo
3446 406 3646 476 gradus
3676 421 3732 466 et
3751 411 3846 467 ho-

539 495 879 557 peccatorum
922 494 947 521 ⁸
982 484 1351 555 accipiendam
1390 484 1492 540 hoc
1523 486 1640 556 ipso
1678 485 1891 553 facilius
1934 489 2142 544 accedit

536 580 680 651 quod
708 579 778 635 illi
800 578 1167 646 remittuntur,
1190 592 1294 635 non
1321 579 1558 650 propria,
1579 578 1674 633 scd
1706 580 1881 634 aliena
1902 591 2138 651 peccata.

610 672 700 727 Vl.
731 671 1040 737 Etidcirco,
1075 669 1240 724 frater
1260 670 1597 737 charissime,
1634 672 1748 727 hate
1789 670 1887 726 fuit
1914 675 1966 726 in
1998 688 2137 729 con-

537 761 665 831 cilio
694 776 874 825 nostra
902 765 1189 831 sententia,
1208 779 1234 821 a
1266 764 1545 834 Baptismo
1571 776 1736 836 atque
1768 782 1798 821 a
1827 767 1995 834 gratia
2020 768 2137 835 Dei,

542 859 633 929 qui
666 858 919 915 omnibus
948 858 1259 913 misericors
1301 867 1355 913 et
1396 859 1658 929 benignus
1685 869 1740 914 et
1768 860 1885 930 pius
1904 871 2010 926 est,
2042 877 2137 916 ne-

544 952 750 1009 minem
782 966 877 1021 per
908 967 1007 1006 nos
1048 950 1247 1006 debere
1298 950 1597 1022 prohiberi.
1632 952 1784 1020 Quod
1836 969 1957 1009 cum
1999 954 2141 1010 circa

549 1048 832 1111 universos
860 1046 1262 1103 observandum
1310 1047 1379 1103 sit
1428 1055 1587 1116 atque
1633 1048 1996 1115 retinendum,
2031 1060 2139 1111 tum

538 1128 710 1214 magis
738 1143 881 1201 circa
915 1143 1149 1198 infantes
1181 1144 1327 1211 ipsos
1355 1152 1408 1198 et
1446 1157 1638 1197 recens
1690 1154 1847 1199 natos
1885 1142 1912 1181 ι)
1948 1143 2139 1198 obser—

548 1239 788 1299 vandum
830 1248 1102 1307 putamus,
1136 1237 1227 1306 qui
1261 1235 1363 1291 hoc
1396 1236 1512 1305 ipso
1539 1236 1604 1291 de
1625 1252 1726 1307 ope
1753 1248 1937 1293 nostra
1984 1252 2046 1292 ac
2076 1237 2143 1292 de

544 1335 725 1392 divina
765 1333 1132 1391 misericordia
1185 1333 1307 1404 plus
1359 1342 1638 1389 merentur
1666 1334 1808 1404 quod
1858 1334 1912 1389 iu
1967 1331 2143 1402 primo

540 1431 725 1489 statim
749 1430 1044 1487 nativitatis
1066 1445 1176 1486 sua:
1197 1438 1316 1485 ortu
1347 1429 1621 1497 plorantes
1646 1444 1708 1483 ac
1739 1428 1928 1483 flentes
1961 1438 1981 1464 ε
2006 1426 2143 1481 nihil

542 1525 691 1581 aliud
721 1524 925 1580 faciunt
954 1539 1117 1594 quam
1167 1523 1547 1593 deprecantur.
1579 1523 1843 1593 Optamus
1874 1531 1947 1587 te,
1979 1519 2144 1576 frater

539 1618 886 1682 charissime,
915 1632 1131 1687 semper
1159 1616 1297 1693 bene
1326 1615 1527 1671 valere.

538 1729 1119 1788 CARTHAGINENSE
1172 1728 1545 1785 CONCILIIJM

1164 1820 1521 1889 QUARTUM.

684 1952 822 1994 ANNO
860 1951 989 1993 POST
1029 1950 1294 1991 CHRISTUM
1327 1950 1509 1989 ΝΑτωι
1546 1947 1700 1988 CCLIV
1738 1946 1994 1986 BABITUM.

551 2050 641 2121 DE
681 2050 995 2107 BASILIDE
1047 2047 1137 2105 ET
1188 2045 1545 2103 MARTIALE
1606 2042 1949 2099 lllSPANl/E
1999 2041 2137 2097 EPI-

944 2140 1180 2209 SCOPIS
1229 2134 1721 2196 LIBELLATICIS.

538 2255 867 2324 (Erasmti,
909 2254 958 2305 4.
987 2252 1230 2324 _Pamel.,
1270 2247 1706 2324 Rigalt.,_Balua:,
1749 2259 1912 2324 partu.
1957 2244 2137 2324 Paris,

598 2307 746 2370 ι’χνιι.
774 2307 957 2378 Diom,
984 2316 1139 2379 Lips.,
1181 2307 1543 2365 LXVItfRou'th.
1571 2307 1700 2360 ltell.
1748 2308 1877 2367 Scr.,
1906 2324 1955 2372 p.
1998 2307 2058 2357 77
2086 2313 2140 2357 et

604 2383 742 2446 122.)

1609 1726 1741 1783 SUB
1797 1723 2144 1780 CYPRIANO

1127 2438 1550 2505 PROGJMIUM.

610 2540 722 2596 Hoc
751 2537 1038 2594 concilium
1069 2536 1309 2592 habitum
1341 2547 1422 2589 est
1448 2534 1500 2588 in
1534 2531 1743 2596 Africa,
1777 2543 1919 2583 anno
1939 2525 2141 2583 Christi

536 2631 645 2689 9.58
674 2632 742 2687 ad
791 2631 1098 2685 instantiam
1147 2626 1417 2697 HiSpanite
1454 2627 1829 2694 episcoiiorum
1855 2665 1869 2689 ,
1903 2636 1969 2675 eo
1998 2618 2134 2695 fine,

537 2736 596 2787 ttt
639 2726 708 2782 de
738 2739 900 2779 causa
960 2720 1206 2778 Basilidis
1249 2732 1301 2777 et
1336 2719 1616 2785 Martialis,
1664 2715 1928 2772 Africanae
1964 2714 2140 2768 eccle-

538 2819 633 2874 sia:
655 2817 917 2889 judicium
941 2825 1350 2887 cognoscerent.
1375 2813 1544 2868 Causa
1567 2812 1684 2868 talis
1706 2821 1820 2865 erat
1847 2828 1859 2863 :
1882 2809 2139 2864 Basilides

535 2910 887 2983 Legionensis
923 2910 1273 2966 et'blartialis
1321 2907 1683 2963 Asturieensis
1728 2905 1970 2961 ecclesia:
1998 2903 2137 2975 epis-

536 3008 678 3078 copi,
719 3022 784 3062 eo
815 2996 958 3078 quod
989 3004 1041 3059 in
1083 3003 1455 3076 persecutione
1489 3003 1714 3056 fuissent
1746 3000 1901 3070 lapsi,
1932 2999 2138 3053 libella-

536 3099 647 3163 tici,
690 3101 781 3171 qui
813 3098 1067 3154 nimirum
1099 3098 1350 3169 privatim
1395 3096 1553 3151 fidem
1582 3096 1927 3166 abuegautes,
1965 3092 2137 3164 publi-

2246 488 2393 543 noris
2437 487 2720 559 dispendio
2774 490 2843 545 ab
2890 491 3131 549 Ecclesia
3168 496 3336 566 recipi
3378 502 3667 556 temerario
3714 519 3845 561 ausu

2244 580 2639 637 contenderunt
2661 602 2673 638 :
2695 600 2800 652 quo
2818 594 3013 641 conatu
3031 602 3151 642 cum
3174 587 3849 657 frustrareutur,l"elicetnv

2244 688 2347 743 que
2364 689 2483 728 eum
2516 674 2715 731 Sabino
2755 677 2807 733 in
2838 678 3014 739 locum
3043 694 3198 735 suum
3222 683 3543 741 substitutos
3579 689 3846 760 viderent,

2247 763 2505 825 Basilides
2537 766 2704 823 livore
2731 770 3010 827 tabescens
3038 771 3104 826 ad
3134 775 3488 844 apostolicam
3520 780 3707 837 sedem
3740 782 3849 839 Bo-

2246 872 2387 914 mam
2436 874 2497 914 se
2534 861 2801 928 contulit;
2849 863 3027 934 ibique
3067 879 3127 921 se
3164 867 3363 937 injuste
3399 870 3532 926 sede
3571 873 3842 943 privatum

2247 965 2607 1024 conquerens,
2638 954 2913 1025 Stephano
2955 957 3197 1019 Bottiano
3225 961 3472 1017 Pontilici
3503 967 3850 1036 supplicatio-

2247 1059 2368 1099 nem
2404 1046 2653 1115 plurimis
2670 1050 2963 1105 mendaciis
2986 1051 3238 1113 refertam
3257 1056 3504 1119 exhibet,
3520 1074 3583 1114 ac
3611 1076 3705 1130 per
3724 1078 3845 1121 eam

2249 1134 2365 1190 sedi
2425 1152 2488 1191 ac
2541 1138 2729 1197 ltonori
2779 1143 3004 1211 pristino
3057 1146 3266 1203 restitui
3311 1150 3623 1221 suppliciter
3665 1166 3843 1226 rogat.

2246 1227 2399 1295 Quod
2428 1245 2547 1285 eum
2580 1233 2818 1304 epiSt'Opi
2850 1236 3117 1306 lliSpania:
3140 1240 3435 1307 audissent,
3470 1244 3570 1315 ipsi
3598 1247 3702 1300 duo
3733 1249 3849 1305 suf-

2249 1317 2374 1387 fecti
2403 1323 2661 1396 episcopi,
2690 1324 2920 1385 Sabinus
2946 1344 3006 1385 ac
3026 1329 3195 1394 Felix.
3225 1332 3291 1388 ad
3320 1334 3629 1393 Africanam
3661 1338 3854 1397 Eccle-

2247 1414 2381 1471 siam
2434 1418 2772 1488 ablegantur,
2827 1430 2880 1476 et
2926 1424 3138 1495 utrique
3177 1426 3367 1483 littera:
3407 1429 3472 1482 ad
3517 1428 3848 1502 Cyprianum

2248 1509 2592 1582 reliquosque
2619 1513 2737 1584 ejus
2763 1516 3009 1571 ecclesiie
3040 1520 3325 1590 episcopos
3364 1524 3579 1594 scripta:
3609 1541 3853 1585 commu-

2247 1602 2495 1667 nicantur
2523 1646 2538 1670 ,
2592 1616 2649 1665 ut
2693 1608 2897 1663 scilicet
2941 1610 3103 1667 iidem
3149 1614 3387 1683 episcopi
3434 1616 3850 1681 libellatieorum

2247 1696 2475 1753 duorum
2505 1714 2721 1756 causam
2744 1713 3074 1772 cognoscant
3102 1720 3166 1760 ac
3200 1707 3513 1777 dijudicent.
3548 1711 3851 1783 Cyprianus

2172 1766 2220 1869 ᾖ
2251 1792 2410 1863 igitur
2434 1808 2555 1849 cum
2581 1796 2786 1865 legatos
2810 1812 2915 1857 una
2935 1812 3055 1853 cutn
3088 1799 3282 1856 litteris
3310 1770 3580 1872 praedictis
3594 1766 3852 1874 excepis-

2246 1891 2351 1949 set,
2388 1884 2621 1957 collrgas
2648 1888 2917 1953 antistites
2955 1900 3239 1954 convocat,
3280 1900 3337 1948 et
3375 1893 3427 1948 in
3467 1909 3656 1952 eorum
3694 1912 3851 1954 sacro

2248 1990 2512 2031 concessu
2543 1977 2751 2034 litteras
2781 1979 2847 2034 ad
2879 1995 3198 2052 sesuosque
3226 1984 3461 2056 collegas
3486 1989 3718 2059 scriptas
3745 1990 3850 2062 legi

2243 2082 2305 2129 ac
2328 2069 2563 2134 recitari,
2597 2078 2649 2126 et
2676 2071 2742 2125 ab
2776 2072 2966 2128 iisdem
3014 2074 3202 2145 legatis
3239 2076 3292 2131 in
3341 2079 3626 2135 concilium
3669 2082 3850 2139 intro-

2242 2162 2417 2221 ductis
2446 2179 2600 2221 suam
2628 2164 2866 2234 ipsorum
2898 2180 3113 2225 causam
3145 2172 3382 2225 enarrari
3411 2183 3674 2241 procurat.
3706 2173 3843 2241 Quae

2243 2268 2363 2323 cum
2393 2254 2528 2313 facta
2555 2266 2756 2322 essent,
2810 2257 2911 2313 hoe
2965 2259 3109 2331 quod
3152 2261 3220 2316 ab
3250 2262 3513 2332 episcopis
3557 2263 3833 2335 Hispania:

2242 2348 2310 2407 de
2342 2349 2591 2417 Basilidis
2625 2359 2679 2404 et
2718 2351 2973 2406 Martialis
3007 2353 3420 2408 libellaticorum
3459 2357 3843 2427 epise0porum

2240 2441 2599 2513 depositione,
2626 2455 2681 2500 et
2704 2445 2888 2501 Sabini
2908 2461 3029 2501 cum
3058 2446 3223 2503 Felici
3240 2448 3332 2503 suf
3332 2448 3561 2520 lectione
3582 2452 3846 2507 consuto-

2243 2546 2355 2591 tum
2418 2537 2614 2604 fuerat,
2666 2554 2763 2611 per
2804 2539 3070 2598 Africaine
3100 2542 3345 2596 ecclesia:
3385 2543 3671 2614 episcopos
3703 2545 3838 2612 illos,

2240 2629 2330 2703 qui
2370 2629 2493 2695 huic
2531 2632 2763 2686 concilio
2793 2632 3169 2700 interfuerant,
3198 2635 3577 2690 confirmatum
3618 2647 3731 2703 est;
3759 2639 3843 2692 ni-

2242 2723 2437 2777 mirum
2488 2724 2808 2779 libellaticos
2850 2741 3040 2779 omnes
3084 2726 3150 2781 ad
3203 2728 3575 2796 paenitentiam
3624 2729 3840 2798 quidem

2241 2817 2505 2887 agendam
2536 2833 2695 2891 posse
2719 2818 2952 2884 admitti.
2982 2836 3167 2875 verum
3210 2822 3278 2876 ab
3314 2822 3655 2879 ordinatione
3684 2824 3843 2883 cleri-

2241 2912 2379 2974 cali,
2430 2921 2591 2982 atque
2635 2913 2957 2967 sacerdotali
3002 2912 3265 2984 dignitate
3304 2925 3451 2969 recte
3522 2915 3841 2984 prohiberi:

2243 3003 2408 3058 hosce
2458 3003 2596 3058 duos
2650 3004 2810 3059 etiam
2868 3020 2962 3059 sua
3022 3006 3315 3076 episcopali
3371 3006 3635 3076 dignitate
3696 3018 3844 3065 recte

2240 3097 2518 3169 spoliatos,
2543 3097 2798 3153 Sabinum
2823 3113 2885 3152 ac
2902 3097 3136 3155 Felicem
3157 3100 3207 3153 in
3234 3100 3409 3155 locum
3434 3100 3674 3168 ipsorum
3697 3110 3842 3157 recte

534 3206 657 3248 cum
682 3191 948 3247 idolorum
972 3192 1172 3245 cultum
1201 3190 1426 3261 pecunia
1449 3188 1816 3254 redimisseut,
1841 3186 2136 3256 episeopali
2164 3192 2208 3255 C
2243 3188 2500 3247 suffectos
2527 3204 2669 3246 esse.
2699 3190 3141 3257 QUntestimonio
3161 3192 3362 3257 habito,
3389 3193 3502 3269 ipse
3523 3192 3756 3248 Sabinus
3778 3209 3843 3250 ac

536 3284 743 3340 honore
768 3286 835 3338 ad
862 3284 1325 3340 denuntiationem
1355 3282 1591 3337 ﬁdelium
1623 3281 1979 3350 Hispanorum
2007 3296 2130 3350 Spo«

537 3378 757 3446 liantur,
790 3387 844 3434 et
875 3380 925 3434 in
958 3394 1145 3434 eorum
1181 3379 1355 3431 locum
1401 3374 1631 3430 Sabinus
1666 3390 1727 3428 ac.
1758 3371 1904 3429 Felix
1943 3372 2139 3427 substi-

537 3480 785 3529 tuuntur.
818 3470 1079 3528 Cessante
1107 3470 1503 3541 persecutione,
1537 3467 1632 3533 illi,
1665 3467 1806 3523 sicut
1844 3474 1998 3521 antea
2041 3466 2140 3521 Fe-

2246 3281 2440 3346 Felix,
2494 3282 2685 3337 litteris
2747 3279 3000 3355 Cypriani
3054 3283 3392 3354 aliorumque
3463 3287 3840 3356 episcoporum

2245 3374 2311 3439 ad
2340 3374 2669 3446 Stephanum
2700 3383 2753 3428 et
2771 3377 3051 3446 episeopos
3072 3374 3338 3445 Hispania:
3357 3378 3573 3447 scriptis
3596 3392 3841 3432 commu-

2244 3468 2370 3534 niti,
2396 3468 2621 3524 Romam
2668 3467 3012 3539 adnavigant,
3045 3478 3157 3523 tum
3190 3478 3247 3523 ut
3272 3470 3548 3527 mendacia
3573 3469 3830 3526 Bisilitlis

1779 3557 2163 3615 LECTIONES
2202 3559 2618 3615 VARIANTES.

600 3657 627 3719 ἓ
662 3656 1012 3719 Accipiendum
1038 3656 1197 3707 Oxon.

594 3718 625 3757 ἱ)
658 3715 910 3771 Reeenter
937 3727 1074 3769 natos
1102 3718 1225 3768 Bod.
1252 3715 1301 3768 2.
1328 3718 1444 3767 Lam

2311 3653 2335 3683 °
2372 3650 2497 3702 Ortu
2521 3653 2703 3703 flentes
2727 3653 2857 3702 Lam.
2884 3650 3011 3702 Bod.
3038 3650 3085 3701 2.
3113 3649 3220 3703 Litt.
3247 3653 3356 3704 ΝΕ.
3384 3652 3430 3713 1,
3452 3651 3499 3701 2.

1892 3774 2251 3863 vantonun
2288 3776 2516 3834 nom.

535 3879 674 3950 apud
721 3880 980 3950 antiquos
1020 3878 1317 3947 scriptores
1343 3918 1357 3941 ,
1404 3875 1554 3950 locus
1596 3872 1658 3928 ad
1704 3871 2129 3950 confirmandum

534 3944 727 4023 dogma
758 3954 823 4004 de
854 3944 1097 4017 originali
1128 3944 1346 4023 peccato
1368 3988 1380 4010 ,
1417 3944 1585 4015 magis
1614 3946 1889 4023 appositus
1912 3986 1926 4008 ,
1958 3955 2011 4023 et
2039 3961 2132 3998 cx-

535 4016 887 4094 préssusaDe
914 4016 1153 4094 veterum
1184 4022 1282 4074 hac
1312 4022 1362 4074 itt
1394 4034 1555 4094 causa
1590 4018 1799 4094 placitis
1821 4016 2133 4094 consulatur

533 4086 722 4151 auctor
757 4092 1000 4148 Historia:
1032 4091 1361 4162 Pelagianm,
1396 4090 1487 4145 lib.
1523 4086 1692 4162 tt,:qui
1728 4098 1903 4142 tamen
1936 4086 2127 4162 ininic-

534 4168 640 4221 rito
670 4168 882 4235 sugillat
929 4159 1260 4219 Cletnentetn
1310 4159 1772 4235 Alex;itnlriuum,
1816 4159 1974 4235 quasi
2001 4159 2131 4211 doc-

536 4230 762 4293 trinam—
780 4238 847 4291 de
891 4236 1135 4305 originali
1180 4243 1399 4305 peccato
1433 4249 1536 4291 non
1578 4230 2126 4305 satisintcllexisset,

534 4309 799 4379 siquidem
853 4301 1000 4376 que
1028 4301 1282 4361 Sta-amnt.
1331 4306 1422 4359 lib.
1471 4319 1549 4367 tu,
1588 4303 1667 4379 ab
1706 4302 1822 4371 ipso
1860 4301 2130 4379 disputata

535 4373 696 4445 sunt,
728 4373 992 4433 adversus
1037 4379 1340 4431 Ellf‘l'dlllﬂs
1381 4375 1809 4440 intentabantur,
1844 4373 2129 4445 quirere-

535 4442 796 4526 bantvrr'ra
838 4453 1030 4526 γένεσιν
1058 4451 1229 4526 ante;
1261 4449 1656 4526 s'rrtzwca'tpatov.
1702 4456 1754 4498 ιιι
1801 4444 1880 4526 ait
1936 4442 2126 4526 Epiplt.

533 4521 705 4577 Porro
758 4520 1069 4577 asserebant
1117 4522 1376 4575 Adanunn
1415 4520 1748 4572 damnatum.

537 4610 587 4650 c.
620 4596 709 4651 50.
737 4594 1340 4659 Fate—Hieronymus
1371 4589 1534 4643 lib.ut
1557 4590 1673 4642 adv.
1710 4586 1888 4653 Pelag.
1915 4602 1967 4657 p.
2000 4586 2124 4659 5l5.

535 4676 588 4722 et
626 4667 867 4738 pluribus
899 4665 1029 4738 locis
1058 4657 1793 4738 Augustinusaurtoritateni
1829 4657 2133 4738 haruilu'lit-

536 4727 771 4792 terarum
803 4736 1121 4805 Pelagianis,
1142 4727 1197 4789 ut
1228 4735 1430 4805 notavit
1460 4732 1678 4805 Collier,
1717 4728 1943 4805 Histoire
1968 4727 2133 4781 Céné-

533 4808 663 4875 rale,
697 4820 826 4874 etc.,
859 4799 965 4882 vol.
1004 4823 1087 4875 tu,
1125 4822 1244 4882 pag.
1270 4804 1770 4882 590,nohje.cerui_it.
1809 4799 2009 4882 Extant
2038 4816 2133 4882 διιο-

537 4871 659 4935 teni
697 4871 892 4949 prsetvr
938 4871 1082 4932 hunc
1122 4871 1362 4944 aliosque
1405 4874 1657 4949 Cypriani
1684 4874 1857 4949 _|nco_s
1887 4871 2131 4949 insignia

535 4941 780 5021 qumdatn
809 4949 878 5006 de
922 4960 1146 5019 peccato
1177 4941 1397 5021 originis
1424 4941 1642 5000 iulliln‘o
1672 4944 1750 5021 pe
1793 4944 1984 5021 Habitu
2023 4941 2135 4995 Vir-

535 5016 734 5095 gjinum,
768 5038 821 5093 p.
870 5016 1006 5096 130;
1040 5031 1201 5096 atque
1236 5020 1439 5096 adjicio
1486 5016 1936 5096 auctoribusuillis
1989 5023 2137 5096 vete-

536 5088 688 5150 ribus
708 5136 723 5159 ,
766 5088 902 5165 quos
933 5088 1390 5165 tl03ttt:tli§__ltttjtl_s
1429 5089 1657 5165 adduxit
1688 5090 1924 5165 vindices
1953 5088 2134 5165 erudi-

539 5156 797 5222 tissimus
826 5156 1046 5218 Vossius
1080 5166 1131 5218 iu
1167 5156 1318 5217 Hist:
1345 5161 1649 5230 Pelagiana,
1699 5161 1789 5215 lib.
1828 5178 1888 5218 tt.
1925 5172 2041 5227 pag.
2079 5156 2131 5225 l,

538 5237 678 5293 thes.
713 5239 767 5304 5,
815 5236 1175 5305 TheOphilutn
1217 5233 1650 5305 Antiochenam,
1709 5230 2133 5292 Tcrtullianum,

541 5310 721 5380 (Clljitts
754 5303 943 5380 tamen
974 5303 1341 5380 testimonium
1383 5303 1649 5380 quoddam
1681 5313 2138 5380 commemoratur

537 5370 589 5436 in
621 5379 871 5435 Tltesibns
902 5377 1081 5433 Tlteol.
1113 5389 1157 5431 et
1194 5370 1411 5431 Ηὶδιον.⁷
1433 5376 1636 5443 Uispttt.
1669 5391 1703 5430 tt
1741 5378 1807 5429 ab
1842 5374 1966 5429 eod.
2008 5370 2138 5424 Vos-

536 5452 680 5523 sio),
733 5451 1137 5517 Firtniliatntm,
1200 5443 2139 5523 llippolytnntqne,Jvetustissitnos

537 5514 835 5592 Scriptores
862 5540 877 5586 ς
912 5539 1011 5577 nec
1039 5514 1243 5585 dubito,
1269 5514 1411 5594 quin
1444 5514 1644 5594 horruit
1678 5518 1831 5594 dictis
1861 5515 1997 5594 addi
2023 5528 2138 5594 nte-

537 5585 723 5650 rcat'ur
754 5596 1052 5649 Clementis
1101 5585 1323 5648 limnatii
1356 5591 1483 5645 illud
1517 5591 1567 5641 in
1601 5587 1836 5660 Epistula
1864 5590 1928 5643 atl
1959 5585 2141 5660 Corin-

540 5667 699 5732 thios,
731 5682 849 5735 cap.
884 5665 1407 5738 xxxvut.titulorum
1436 5663 1487 5716 itt
1516 5656 1683 5730 Epist.
1714 5660 1804 5738 66,
1850 5675 1967 5730 pag.

547 5730 694 5789 tom.
726 5730 917 5799 tt,'cd.
962 5735 1325 5790 Benedic-time
1375 5737 1703 5800 Augustinus
1757 5734 1869 5787 lnec
1918 5730 2140 5800 scribit:

551 5802 736 5860 Beatus
758 5807 961 5873 quidem
987 5807 1274 5875 Cyprianus
1300 5821 1400 5860 non
1422 5799 1631 5874 aliquod
1654 5805 1906 5859 decretum
1923 5799 2144 5857 condens

1800 4515 1937 4568 Ircn.
1980 4490 2079 4568 llil').
2113 4490 2209 4569 ID

2238 3889 2442 3940 novam,
2467 3873 2557 3929 sed
2579 3873 2821 3929 Ecclesne
2841 3875 2993 3941 [idem
3017 3875 3365 3942 ﬁrmissimam
3382 3892 3585 3929 servans
3600 3875 3669 3929 ad
3686 3879 3846 3931 corri—

2235 3946 2457 4016 gendum
2485 3962 2588 4009 eos,
2622 3946 2708 4011 qni
2739 3948 2985 4014 patubanl
3010 3956 3127 3999 ante
3147 3957 3382 4000 octavum
3409 3949 3541 4001 diem
3567 3948 3843 4003 nativitatis

2237 4033 2336 4069 non
2355 4034 2460 4071 esse
2481 4017 2747 4088 parvulum
2766 4017 3149 4086 baptizandum,
3162 4034 3262 4071 non
3278 4035 3502 4083 carnem,
3518 4028 3607 4071 sed
3619 4020 3841 4073 animum

2237 4088 2365 4141 dixit
2396 4106 2502 4143 esse
2542 4105 2641 4142 non
2674 4088 3005 4158 perdendam,
3038 4099 3083 4142 et
3111 4105 3232 4142 mox
3272 4100 3445 4143 natum
3477 4092 3569 4143 rite
3594 4091 3841 4157 baptizari

2235 4176 2398 4231 posse,
2417 4159 2652 4231 cuiusuis
2679 4159 2979 4229 quibusdam
3001 4160 3313 4230 coepiswpis
3335 4163 3549 4214 censuit.
3581 4162 3789 4217 Βουτιῐ.

2314 4230 2399 4284 Vl.
2434 4262 2504 4271 —
2534 4230 2832 4285 Natiritatis
2879 4247 2988 4284 sua:
3037 4244 3152 4284 ortu
3205 4234 3484 4302 plorantes.
3537 4232 3847 4296 Scriptores

2238 4301 2447 4355 Ethnici
2484 4303 2764 4356 inlantinut
2791 4302 2951 4356 modo
2980 4312 3223 4358 natozum
3253 4302 3467 4370 ﬂetum,
3503 4305 3845 4358 miseriarum

2236 4376 2514 4442 sequentis
2548 4374 2671 4426 vitm
2697 4389 2856 4426 omen
2888 4374 3144 4443 putabant
3173 4393 3184 4427 :
3211 4374 3511 4444 Cyprianus
3545 4376 3729 4441 pietati
3760 4391 3848 4432 as-

2237 4445 2415 4507 cribit,
2460 4453 2515 4498 et
2552 4459 2657 4515 ceu
2685 4459 2905 4515 precmn
2950 4446 3342 4500 inarticulatam
3377 4444 3666 4499 formulam
3695 4461 3849 4500 com-

2238 4516 2475 4570 mendat.
2536 4514 2777 4571 FELL.-—
2804 4515 3029 4585 Quidam
3077 4531 3144 4569 ex
3175 4517 3414 4585 patribus
3445 4515 3845 4585 Antenica-nis,

2237 4586 2392 4656 cujus
2421 4597 2601 4643 tamen
2649 4602 2845 4641 nomen
2894 4603 3007 4641 mea
3041 4587 3239 4641 excidit
3281 4587 3572 4642 memoria.
3607 4602 3799 4642 recens
3822 4629 3839 4654 ,

2236 4668 2483 4712 natorum
2515 4658 2724 4730 vagitus
2753 4659 2817 4712 ad
2850 4658 3274 4728 deplorationem
3305 4659 3511 4729 peceati
3555 4673 3845 4730 paenatque

2236 4731 2459 4798 originis
2492 4746 2603 4783 suae
2631 4729 2938 4800 detorquet.
2977 4730 3189 4785 liouru.

2311 4800 2389 4855 De
2439 4802 2684 4856 BASILIDE
2724 4817 2790 4855 ET
2832 4801 3133 4856 ΜΑιιτιΑιε.
3185 4800 3309 4856 Hcce
3362 4801 3589 4871 epistola
3654 4809 3735 4856 tot
3793 4811 3855 4858 et

2240 4880 2412 4929 tantas
2464 4882 2678 4942 tamque
2729 4876 2866 4926 inter
2909 4891 2968 4927 se
3011 4872 3300 4926 dissimiles
3350 4873 3511 4926 habet
3567 4874 3848 4929 variantes

2238 4944 2497 5013 lectiones
2530 4945 2580 4997 in
2608 4942 2841 5012 antiquis
2880 4942 3274 5013 exemplaribus
3302 4953 3353 4997 et
3396 4944 3720 4999 editionibus
3739 4984 3753 5008 ,
3779 4953 3844 4999 ut

2242 5014 2376 5069 tnihi
2427 5011 2493 5069 iu‘
2530 5015 2635 5068 illis
2681 5011 2991 5083 colligendis
3039 5011 3093 5067 et
3142 5014 3492 5084 disponendis
3540 5025 3685 5069 recte
3733 5030 3859 5069 ma-

2238 5102 2375 5157 gnus
2432 5086 2580 5140 labor
2626 5085 2976 5140 insumendns
3027 5084 3215 5148 fuerit,
3265 5088 3491 5141 multum
3558 5085 3703 5139 tmdti
3755 5086 3860 5142 de-

2241 5168 2508 5211 voratum.
2542 5157 2888 5211 Annotandas
2931 5158 3071 5211 enim
3123 5158 3413 5211 arbitratus
3446 5173 3563 5211 sum
3595 5167 3650 5212 ut
3680 5158 3857 5213 etiam

2242 5230 2403 5285 multa
2443 5240 2497 5283 et
2542 5243 2729 5296 magna
2781 5228 3022 5297 exempla
3069 5226 3255 5283 darem
3312 5229 3548 5283 malacia:
3594 5229 3861 5284 librario-

2247 5317 2363 5353 rntu
2395 5310 2675 5364 veterum,
2705 5301 2793 5369 qui
2824 5301 2999 5353 omnia
3041 5299 3181 5352 licita
3231 5308 3285 5353 et
3329 5300 3507 5354 illicita
3552 5299 3666 5352 ausi
3719 5310 3858 5357 Sunt

2249 5371 2301 5426 in
2340 5369 2709 5426 de~cribeudis
2750 5373 2918 5424 sancti
2967 5371 3217 5441 martyris
3250 5372 3521 5441 Operibus.
3568 5370 3747 5438 Atque
3789 5382 3861 5427 ut

2247 5441 2371 5497 inde
2395 5443 2604 5498 initium
2631 5457 2837 5496 sumam
2870 5442 2956 5494 ubi
2984 5451 3107 5494 sunt
3137 5442 3331 5510 Scripta
3367 5445 3581 5496 nomina
3626 5443 3861 5508 episco-

2246 5530 2459 5586 porum,
2485 5523 2609 5567 sunt
2630 5514 2792 5586 aliqui
2818 5513 3029 5586 codices
3060 5515 3284 5586 antiqui,
3310 5515 3608 5586 suntetiam
3638 5513 3859 5583 aliquot

2247 5584 2530 5647 editiones,
2561 5585 2611 5637 in
2644 5585 2832 5652 quibus
2855 5600 2915 5636 ea
2944 5584 3158 5637 tleSunt.
3188 5585 3246 5638 In
3282 5584 3449 5639 tribus
3492 5584 3725 5654 antiquis
3752 5598 3858 5638 co-

2249 5657 2477 5719 dicibus,
2510 5657 2561 5712 in
2589 5658 2782 5725 quibus
2814 5655 2899 5708 illa
2935 5656 3316 5722 practermissa,
3346 5666 3468 5708 sunt
3493 5652 3721 5725 legitur:
3752 5655 3866 5725 Cy-

2252 5673 2477 5719 utcuius,
2511 5674 2561 5712 tu
2589 5673 2782 5725 qutuus
2815 5673 2899 5708 tua
2935 5673 3316 5722 pranermtssa,
3346 5673 3468 5708 sunt
3493 5673 3721 5725 tegttnr:
3752 5673 3791 5709 ιι
3843 5684 3866 5697 ο

2252 5729 2461 5800 primm:
2483 5727 2952 5800 eticatteriepiscopi
2967 5727 3265 5800 presbyteris
3290 5737 3335 5781 et
3355 5727 3647 5800 diaconibas
3680 5736 3727 5779 ct
3751 5673 3867 5795 pi-

2258 5797 2397 5856 bibtts
2424 5798 2478 5854 in
2503 5797 2755 5869 Hispania
2786 5797 3192 5856 consistentibus.
3224 5798 3281 5856 In
3309 5813 3416 5855 uno
3440 5798 3588 5870 regio
3610 5798 3867 5855 bmctan-
