4260 6266
479 257 619 319 1091

1662 251 1980 313 CONCILIA
2015 251 2639 324 CABTHAGINENSIA.

3647 248 3787 323 toea

477 385 664 431 coram
686 368 959 434 refellant,
990 374 1102 429 tum
1123 366 1285 425 etiam
1315 374 1372 437 ut
1399 367 1719 427 auctoritate
1740 368 1886 425 sedis
1923 383 2082 441 apos—
2106 380 2160 444 Α
2185 368 2412 427 consilia
2461 383 2621 441 quam
2675 366 2854 424 divina
2888 374 3156 439 praecepta
3196 366 3553 438 respondent,
3590 369 3786 439 quibus

479 467 661 525 solitae
680 472 1027 523 contumaces
1053 462 1428 534 episcoporum
1457 462 1725 529 Hispania:
1748 472 2083 533 contempto-

476 575 570 620 res
594 554 1106 628 compescant.Vide
1134 555 1358 624 Baron.,
1378 570 1521 613 anno
1540 554 1669 624 258,
1690 571 1837 610 num.
1869 557 1921 622 1,
1942 555 1999 623 ‘2,
2024 556 2078 623 5,

473 658 538 726 4,
567 656 622 723 Ξ,
655 652 710 720 6,
739 653 794 708 Ἰ.

476 783 798 837 οῐΡιιΑιωε,
822 782 1104 833 CECILIUS,
1133 781 1350 831 Ριιηωε,
1374 781 1728 831 Ροιῑωιιρῠε.
1758 781 2076 835 NICOHBDBS,

547 876 887 928 Luetusnus,
932 873 1240 925 successus,

546 970 797 1020 NDABIUS,
862 967 1205 1016 SECUNDINUS,

548 1064 711 1113 ετοιι.
741 1061 1026 1112 Αυκειιυε,
1055 1060 1263 1111 ΒΑΊΊυὸ,
1295 1061 1518 1110 Ρετιιυδ,
1564 1060 1719 1103 Αιιοε
1762 1059 2073 1113 ιΑΝυΑιιιυε,

549 1155 898 1206 ελτυιικωυε,
945 1153 1100 1194 Αιιυε
1135 1154 1418 1205 Αυκειιιυε,
1459 1154 1779 1206 νεμιητιυε,
1824 1153 2072 1206 ρυιετυε,

549 1249 908 1302 ROGATIASUS,
939 1250 1138 1298 TENAX,
1163 1250 1342 1299 FELIX,
1367 1249 1625 1298 FAUSTUS,
1652 1246 1900 1297 QUINTUS,
1925 1245 2075 1288 ALIUS

545 1342 897 1391 SATURNINUS,
932 1341 1141 1392 LUCIUS,
1175 1340 1513 1387 VINCENTIUS.
1547 1339 1781 1389 LIBOSUS,
1803 1339 2072 1391 GESIINIUS,

545 1435 884 1486 IABCELLUS,
901 1434 1119 1485 ηιωυδ,
1139 1400 1453 1484 Αυιέιριιιυε,
1490 1432 1819 1479 νιετοιιιίιυε.
1852 1398 1921 1472 ἔτ
1948 1432 2071 1472 PAU-

545 1530 667 1578 ως,
701 1529 875 1569 εειιει
901 1528 1243 1568 νιιεδιητειιο
1265 1529 1331 1567 ΕΤ
1352 1528 1603 1568 Ριεειευε
1628 1526 2073 1571 οοκειδτειςτιβυδ

545 1625 616 1665 ΔΙ)
646 1622 932 1671 ιεοιοκειι,
970 1622 1039 1661 B'I'
1081 1621 1354 1660 Αδτυιιιειε
1383 1621 1509 1660 [TI-II
1541 1619 1712 1661 ιηειιο
1754 1619 1979 1663 DIACONO
2007 1621 2072 1660 ΕΤ

546 1718 703 1758 Ριειη
747 1717 1001 1757 ΕΙΕΒΙΤᾹΞ
1056 1716 1503 1758 (ιοΝειετεΝτωυε
1553 1716 1847 1759 FBATBIBUS
1881 1717 1932 1758 ιδ
1977 1716 2073 1756 DO-

546 1811 678 1852 IINO
706 1810 976 1851 εΑιυτει.

544 1932 589 1997 Ι.
621 1933 754 1990 Cum
792 1931 846 1999 in
880 1948 1042 1988 unum
1087 1934 1553 2003 convenissemus,
1597 1934 1829 2005 legimus
1859 1933 2070 1990 litteras

473 2037 702 2093 vestras,
727 2025 923 2085 fratres
958 2024 1294 2095 dilectissimi
1338 2035 1384 2091 τι,
1418 2040 1549 2101 quas
1578 2025 1643 2081 ad
1672 2042 1771 2081 nos
1798 2042 1894 2097 per
1924 2026 2067 2093 Feli-

479 2137 596 2179 cem
626 2132 676 2176 et
699 2119 958 2178 Sabinum
977 2121 1330 2189 coepiscopos
1358 2128 1577 2175 nostros
1602 2134 1697 2189 pro
1723 2119 1847 2176 ﬁdei
1876 2130 2066 2176 vestra:

478 2214 790 2285 integritate
829 2223 883 2269 et
914 2228 1011 2283 pro
1043 2212 1136 2268 Dei
1187 2213 1381 2267 timore
1426 2210 1652 2276 fecistis,
1703 2211 2066 2281 significantes

474 2307 769 2367 Basilidem
798 2316 853 2365 et
895 2305 1193 2375 Martialem
1235 2304 1431 2365 libellis
1476 2304 1796 2369 idololatrian
1826 2320 2067 2361 comma-

473 2403 685 2458 culatos
709 2409 765 2455 et
791 2399 1145 2455 nefandorum
1179 2399 1479 2454 facinorum
1497 2398 1826 2457 conscientia
1853 2400 2065 2454 vinctos
2088 2450 2091 2451 ν

470 2495 839 2566 episcopatum
872 2507 1065 2564 gerere
1089 2500 1142 2548 et
1173 2491 1537 2547 sacerdotium
1570 2491 1662 2547 Dei
1684 2491 2065 2548 administrare

469 2603 580 2645 non
602 2597 904 2657 Oportere;
936 2596 989 2641 ct
1016 2584 1368 2640 desiderastis
1398 2584 1620 2639 rescribi
1651 2584 1716 2638 ad
1747 2583 1861 2639 haec
1889 2583 2063 2650 vobis,

466 2691 521 2737 et
545 2681 749 2752 justam
779 2680 981 2757 pariter
1014 2693 1080 2733 ac
1123 2677 1486 2737 necessariam
1518 2677 1939 2734 sollicitudinem
1966 2694 2061 2735 ve-

465 2783 636 2831 stram
669 2774 753 2829 vel
782 2773 975 2829 solatio
1000 2771 1085 2826 vel
1112 2770 1311 2825 auxilio
1340 2778 1539 2825 nostra:
1569 2772 1854 2827 sententia:
1884 2773 2064 2828 suble-

468 2869 602 2924 vari.
631 2865 739 2925 Sed
765 2866 909 2923 enim
936 2864 1207 2923 desiderio
1233 2864 1359 2920 huic
1385 2874 1567 2921 vestro
1598 2881 1703 2921 non
1739 2875 1845 2920 tam
1875 2875 2061 2921 nostra

1298 872 1555 925 scurras,
1599 874 1964 924 ron'russ'rus,
1993 874 2079 913 ut-

1260 966 1575 1019 POIPONIUS,
1615 966 1950 1011 HONOBATUS.
2000 966 2078 1006 Vl-

2180 462 2506 535 jampridem
2536 462 2822 517 mandatur
2847 476 2980 516 voce
3022 460 3249 527 cmlesti,
3285 471 3340 515 et
3379 460 3474 515 Dei
3503 462 3620 532 lege
3651 476 3788 531 prte-

2183 556 2441 611 scribitur
2482 571 2618 628 quos
2659 563 2713 611 et
2740 555 2928 627 quales
2959 564 3207 625 oporteat
3232 554 3510 609 deservire
3552 555 3709 610 altari
3728 561 3785 612 et

2183 649 2443 718 sacrificia
2498 648 2676 703 divina
2732 647 3031 703 celebrare.
3081 646 3138 702 ln
3198 646 3387 701 Exodo
3436 663 3669 718 namque
3716 646 3785 705 ad

2182 717 2423 792 Moyscm
2454 720 2594 774 Deus
2646 720 2883 790 loquitur
2912 730 2965 774 et
3004 730 3185 773 monet
3212 719 3441 773 dicens:
3478 717 3783 775 Sacerdotes

2180 816 2269 885 qui
2317 814 2567 868 accedunt
2614 814 2683 867 ad
2727 814 3004 868 Dominum
3054 813 3218 867 Deum
3271 815 3684 883 sancti/iocatur,
3717 832 3781 871 ne

2180 906 2313 977 forte
2343 907 2662 976 derelinquat
2691 906 2812 960 illos
2872 906 3123 960 Dominus
3163 906 3361 980 (Exod.
3408 924 3522 975 ιιι,
3552 907 3669 982 22).
3716 908 3784 965 Et

2180 997 2375 1052 iterum
2408 1016 2420 1051 :
2454 997 2520 1053 Et
2558 1015 2674 1052 cum
2723 998 2973 1053 accedunt
3007 999 3301 1054 ministrare
3343 1001 3411 1053 ad
3451 1000 3616 1055 altare
3658 1018 3783 1057 san-

2178 1094 2264 1155 cti,
2287 1110 2388 1147 non
2416 1094 2669 1147 adducent
2710 1094 2761 1146 in
2793 1110 2845 1147 se
2875 1093 3137 1158 delictum,
3169 1111 3232 1148 ne
3262 1100 3550 1149 moriantur
3576 1094 3777 1165 (Exod.

2185 1202 2377 1250 xxvnt,
2402 1185 2519 1255 45).
2551 1186 2681 1241 Item
2712 1187 2761 1239 in
2782 1186 3022 1241 Levitico
3052 1188 3294 1257 przrcipit
3329 1189 3585 1243 Dominus
3611 1200 3666 1245 et
3693 1190 3778 1245 di-

2177 1281 2251 1336 cit
2282 1298 2294 1334 :
2330 1279 2502 1334 Homo
2548 1282 2603 1334 in
2655 1297 2754 1349 quo
2786 1280 2941 1350 fuerit
2973 1282 3175 1335 macula
3204 1292 3250 1335 et
3280 1282 3459 1337 vitium
3487 1299 3591 1337 non
3629 1299 3777 1337 acce-

2178 1374 2260 1428 ἀει
2287 1372 2472 1442 offerre
2492 1374 2626 1427 dona
2652 1373 2757 1428 Deo
2788 1372 2973 1447 (Leuit.
3004 1390 3114 1439 xxx,
3152 1374 3260 1445 l7).

2248 1467 2313 1523 ll.
2343 1468 2473 1533 Qua:
2512 1482 2632 1521 cum
2672 1467 2923 1538 praedicta
2968 1477 3021 1522 et
3052 1468 3332 1523 ntanil‘esta
3367 1467 3396 1507 ι’
3427 1469 3535 1523 sint
3586 1468 3768 1538 nobis,

2177 1561 2464 1634 prmccptis
2490 1562 2684 1616 divinis
2727 1576 2949 1616 necesse
2978 1570 3061 1614 est
3090 1562 3346 1632 obsequia
3381 1571 3561 1616 nostra
3590 1563 3777 1618 deser-

2176 1652 2357 1717 viant;
2386 1666 2484 1704 nec
2512 1664 2795 1718 personam
2830 1653 2881 1703 in
2915 1650 3181 1719 ejusmodi
3210 1650 3373 1705 rebus
3402 1650 3653 1719 accipere
3682 1660 3776 1706 aut

2100 1782 2149 1843 Β
2177 1742 2380 1813 aliquid
2398 1742 2645 1814 cuiquam
2668 1742 2848 1813 largiri
2870 1752 3045 1813 potest
3067 1743 3298 1799 humana
3324 1743 3650 1815 indulgentia
3681 1745 3772 1801 ubi

2177 1840 2469 1895 intercedit
2492 1848 2545 1893 et
2577 1839 2748 1908 legent
2786 1839 2969 1891 tribuit
2998 1836 3175 1892 divina
3207 1839 3559 1909 praescriptio.
3592 1838 3779 1909 Neque

2174 1934 2317 1989 enim
2352 1933 2698 1987 immemores
2732 1945 2856 1985 esse
2886 1929 3145 1984 debemus
3185 1930 3312 1999 quid
3337 1930 3403 1983 ad
3430 1929 3647 1984 .Iudzeos
3679 1945 3774 1999 per

2174 2027 2385 2083 Esaiam
2415 2025 2729 2097 prophetam
2762 2026 2974 2079 locutus
3004 2024 3074 2079 sit
3098 2024 3359 2081 Dominus
3400 2025 3684 2095 increpans
3716 2034 3769 2081 et

2174 2120 2458 2191 indignans
2507 2117 2684 2189 quod,
2717 2117 3040 2186 contemptis
3082 2115 3279 2171 divinis
3328 2117 3635 2187 praeceptis,
3664 2115 3768 2171 hu-

2172 2229 2359 2270 manas
2404 2213 2681 2268 doctrinas
2728 2221 3098 2281 sequerentur.
3134 2209 3371 2282 Populus
3421 2213 3545 2277 iste,
3578 2211 3771 2284 inquit,

2170 2310 2315 2366 labiis
2344 2310 2451 2365 suis
2476 2320 2498 2347 ο
2522 2309 2827 2377 honori/ient
2854 2325 2952 2374 me,
2977 2325 3064 2362 cor
3089 2324 3206 2362 vero
3232 2324 3408 2365 eorum
3441 2305 3467 2345 ἀ
3503 2310 3652 2381 longe
3684 2326 3768 2364 se-

2170 2412 2407 2475 paratum
2435 2411 2505 2456 est
2543 2418 2574 2452 a
2616 2416 2712 2453 me.
2747 2398 2872 2454 Sine
2899 2416 3054 2453 causa
3086 2410 3253 2454 autem
3282 2403 3456 2454 colunt
3486 2418 3585 2466 me,
3617 2418 3769 2456 man-

2172 2497 2293 2549 data
2321 2505 2367 2548 et
2394 2494 2653 2553 doctrinas
2690 2492 2953 2551 hominum
2997 2492 3233 2547 docentes
3266 2492 3436 2565 (Esai.
3466 2510 3619 2556 xxix,
3648 2495 3780 2565 15),-

2171 2586 2324 2654 Quod
2379 2587 2505 2640 item
2553 2584 2812 2637 Dominus
2864 2582 2917 2637 in
2952 2583 3241 2653 Evangelio
3286 2590 3477 2655 repetit
3509 2596 3565 2642 et
3592 2586 3763 2642 dicit:

2168 2680 2400 2753 Rejicitis
2453 2677 2751 2732 mandatum
2806 2674 2902 2732 Dei
2955 2690 3008 2731 ut
3039 2679 3369 2732 traditionem
3416 2689 3633 2735 vestram
3662 2688 3773 2733 sta-

2169 2774 2321 2828 tuatis
2355 2772 2548 2845 (Marc.
2574 2788 2668 2833 vn,
2713 2770 2825 2843 15).
2884 2772 3015 2838 Qua:
3043 2780 3167 2825 ante
3194 2771 3383 2829 oculos
3413 2771 3675 2827 habentes
3714 2781 3769 2827 et

2166 2868 2393 2922 sollicite
2445 2881 2508 2921 ac
2538 2865 2794 2936 religiose
2847 2863 3281 2932 considerantes,
3314 2864 3368 2919 in
3414 2863 3770 2921 ordinationi-

1697 2957 2074 3017 LECTIONES
2112 2960 2532 3018 VARIANTES.

529 3054 558 3084 ⁸
591 3052 837 3106 Carissimi
868 3054 985 3113 ver.

461 3116 481 3180 ε
525 3113 556 3155 δ
585 3116 828 3167 Praedicta
854 3112 1151 3165 et'mandata
1184 3116 1300 3167 Ver.
1328 3112 1422 3169 Vel
1446 3115 1668 3165 mandata
1694 3115 1833 3168 Foss.

2230 3056 2254 3086 °
2282 3054 2596 3107 Sanctilicant
2624 3056 2741 3105 Ver.

2226 3115 2253 3156 εἰ
2281 3115 2451 3179 Longe
2478 3122 2556 3167 est
2579 3130 2606 3164 a
2629 3130 2708 3166 me
2732 3116 2864 3167 Lam.
2893 3115 3036 3169 Ebor.
3063 3115 3187 3168 Bod.
3215 3118 3246 3169 2
3272 3118 3377 3170 ΝΟ.
3406 3117 3451 3166 1.

1789 3199 2142 3257 VARIOIIUM
2178 3190 2406 3257 NOTAE.

464 3295 890 3368 tum:Cypriauus
904 3294 1108 3368 chilio
1119 3307 1167 3354 et
1181 3294 1295 3349 aliis
1309 3293 1550 3368 fratribus
1567 3294 2069 3368 salutemNetustio-

462 3384 550 3426 res
562 3366 822 3425 editiones
839 3366 1036 3422 habent
1051 3368 1262 3420 nomina
1276 3367 1648 3435 episcoporum
1680 3366 1914 3421 Pamelio
1926 3366 2067 3421 etRi-

460 3442 625 3511 galtio
653 3439 846 3508 placuit
866 3454 925 3493 ea
954 3442 1222 3511 omittere.
1247 3439 1367 3511 quia
1391 3438 1775 3511 existimabant
1806 3437 1943 3491 baml
1973 3438 2064 3493 du-

462 3509 550 3566 bie
565 3510 650 3564 illa
666 3526 786 3567 esse
801 3509 1089 3575 superﬂua.
1108 3509 1428 3563 lieiubartus
1444 3518 1497 3562 et
1510 3509 1729 3579 Anglire
1746 3519 2052 3577 posuerunt.

531 3582 750 3636 Certum
792 3591 875 3636 est
898 3580 1034 3635 hanc
1072 3581 1352 3650 epistolam
1381 3595 1500 3634 esse
1543 3582 1950 3648 responsionem
1990 3581 2057 3636 ad

463 3653 744 3723 epistolam
774 3667 930 3717 quam
953 3650 1433 3723 episeopillispani
1454 3652 1782 3723 scripserant
1806 3651 1873 3706 ad
1897 3651 2057 3707 Afros

463 3721 518 3780 in
564 3739 722 3780 causa
778 3723 1022 3778 Basilidis
1071 3733 1125 3776 et
1177 3721 1449 3775 Martialis.
1502 3721 1654 3775 Nulla
1705 3722 1811 3777 illic
1858 3723 2059 3779 mentio

464 3796 705 3865 epistola:
732 3793 798 3848 ab
825 3795 932 3848 illis
953 3793 1164 3862 scripta:
1190 3794 1254 3844 ad
1286 3792 1571 3847 Romanos.
1608 3793 1672 3865 Et
1694 3803 1871 3847 tamen
1898 3794 2060 3865 Baro.

466 3863 608 3930 nius,
639 3867 723 3932 qui
749 3868 860 3925 vult
884 3865 1060 3919 Olllllla
1083 3864 1429 3918 ecclesiarum
1464 3863 1674 3932 negotia
1707 3867 1930 3917 vetustis
1954 3864 2058 3920 illis

466 3937 795 4006 temporibus
827 3936 994 3991 relata
1039 3934 1201 3988 fuisse
1222 3934 1288 3987 ad
1315 3933 1534 4006 Papam,
1568 3934 1857 4006 verisimili
1876 3945 1925 3988 et
1962 3951 2056 3990 ve-

463 4004 699 4063 hementi
732 4025 790 4061 se
818 4006 937 4062 duci
966 4006 1276 4074 conjectura
1312 4004 1387 4058 ait
1419 4014 1474 4057 ut
1515 4004 1785 4058 existimet
1825 4005 2056 4060 Felicem

460 4092 510 4136 et
538 4078 790 4137 Sabinum
819 4079 1101 4144 episcopos
1127 4076 1390 4146 llispanos
1412 4115 1424 4139 ,
1457 4074 1545 4146 qui
1574 4075 1720 4129 missi
1755 4076 1961 4129 fuerant
2006 4077 2058 4131 in

458 4151 717 4215 Africam,
753 4159 807 4203 ut
834 4152 910 4205 sic
926 4147 1176 4220 Cypriani
1201 4145 1413 4220 quoque
1431 4145 1797 4220 sull'ragioAsua
1823 4147 2059 4220 ipsorum

459 4222 721 4278 electione
750 4216 991 4289 probata,
1020 4218 1143 4273 inde
1173 4229 1282 4271 tum
1306 4218 1492 4286 ipsius,
1519 4225 1626 4270 tum
1651 4216 2061 4287 alioruntipsius

458 4288 787 4361 Collegnrutn
844 4292 1039 4345 litteris
1095 4291 1291 4357 pariter
1340 4288 1654 4361 conttuuttiti
1724 4289 1945 4361 Rtiniatn
1994 4292 2059 4343 ad

457 4359 751 4419 refellenda
785 4361 1032 4417 Basilidis
1057 4362 1333 4414 mendacia
1364 4360 1767 4427 aduavigarcnt,
1796 4359 2063 4430 Sedisque

458 4436 771 4499 apostolica:
798 4434 1120 4487 auctoritate
1149 4441 1555 4496 compescerent
1594 4440 1941 4484 contumaces
1971 4433 2059 4499 qui

458 4451 486 4489 3
530 4451 771 4490 ιιειιιιιριις
798 4451 1120 4487 ιιιιίτιιιΐιιῑλιυ
1149 4451 1555 4496 (εοιιψνδρειέηι
1594 4451 1941 4484 ςυιιιιιιιιςιςυδ
1971 4451 2059 4499 ιμιι

456 4451 733 4576 liispanim
775 4506 1060 4576 episcopos
1112 4500 1615 4576 contempsissent.__
1644 4504 1712 4555 At
1762 4501 1887 4576 quia
1924 4502 2059 4576 levis

457 4519 733 4576 Hispania:
775 4519 1060 4629 cptchépos
1112 4519 1587 4570 comempsrsscnt.
1644 4519 1712 4555 At
1762 4519 1887 4571 quia
1930 4519 2059 4559 tths

457 4579 790 4647 conjectura,
842 4586 899 4629 ut
983 4576 1126 4647 icero
1162 4575 1255 4638 ait,
1302 4587 1407 4626 non
1460 4572 1729 4642 penditur,
1773 4574 1872 4628 ista
1921 4575 2060 4630 inter

458 4646 605 4705 leves
638 4648 1023 4703 nmnerabitur.
1052 4646 1252 4700 BALUZ.

533 4718 861 4782 Nicomedes,
895 4729 1001 4773 etc.
1050 4717 1105 4770 ln
1148 4715 1419 4770 nonnullis
1461 4715 1611 4769 libris
1651 4716 1865 4786 scriptis
1907 4727 1960 4771 et
2004 4718 2057 4773 in

457 4790 613 4846 editi.
644 4791 867 4847 Patnclii
895 4801 946 4844 et
977 4787 1193 4856 Rigaltii
1221 4789 1419 4842 omissa
1453 4797 1577 4841 sunt
1608 4788 1821 4841 ncinina
1850 4790 2058 4858 cpisco-

456 4877 651 4934 porum
678 4905 693 4927 ,
740 4878 859 4934 quge
901 4871 1020 4934 post
1057 4859 1406 4934 l’otycarpnm
1454 4859 1539 4934 hic
1567 4871 1887 4934 sequuntur.
1921 4860 2058 4934 Aliis

455 4929 635 4990 autem
671 4929 801 4989 mss.
852 4932 1057 4988 nullum
1105 4929 1300 4999 praeter
1338 4929 1595 4999 Cypriani
1644 4945 1837 4984 nomen
1872 4932 2055 4998 adeSL,

455 5022 509 5060 in
544 5006 812 5076 plerisque
832 5014 1009 5059 tamen
1036 5002 1333 5076 codicibus,
1367 4999 1744 5076 cuiuscuiptis.
1780 5011 1889 5076 tum
1918 5005 2057 5057 anti-

453 5072 614 5148 ῳιίίιις
631 5072 930 5148 impressis,
946 5074 1124 5128 omnia
1148 5072 1496 5148 lurcnomina
1518 5073 1815 5148 signantur.
1839 5072 2053 5129 Reum.

526 5143 841 5203 Lucilianus.
864 5146 940 5202 Ita
972 5145 1216 5200 undecim
1237 5144 1356 5196 libri
1385 5143 1551 5197 nostri
1582 5154 1792 5198 veteres
1814 5155 1867 5199 et
1893 5157 1999 5199 tres
2025 5161 2055 5201 a

453 5217 695 5274 Pamelio
728 5219 946 5273 laudati.
982 5215 1124 5270 Alibi
1150 5215 1404 5285 scriptum
1439 5223 1492 5269 et
1512 5215 1713 5269 editum
1737 5226 1819 5270 est
1864 5215 2056 5271 Lucius

451 5292 535 5346 vel
561 5289 838 5345 Lucianus.
870 5284 1068 5344 Bstuz.
1260 5284 1273 5285 ί
1896 5342 1899 5345 .

525 5361 825 5431 Legionem.
860 5359 1002 5416 Urbs
1032 5368 1114 5414 est
1147 5357 1417 5431 Hispania:
1448 5356 1877 5431 Tarraconensis
1905 5359 1954 5411 in
1987 5360 2054 5413 fi-

452 5429 619 5488 nibus
644 5436 901 5488 Asturam
950 5447 977 5484 a
1020 5431 1191 5483 Nerva
1225 5429 1555 5497 lmperatore
1584 5429 1833 5492 Condita,
1870 5431 1957 5498 qui
2000 5440 2055 5485 et

452 5504 761 5559 Asturicam
811 5503 1167 5564 instauravit;
1218 5504 1360 5559 unde
1393 5517 1457 5554 ex
1490 5501 1679 5553 vicinia
1726 5516 1829 5552 non
1876 5502 2053 5556 minus

454 5592 614 5645 quam
649 5576 865 5640 querela
900 5584 1043 5628 recte
1087 5573 1611 5645 hicconjuugunlur
1650 5571 1893 5623 civitates
1937 5571 2053 5645 ista:

459 5643 515 5697 ut
556 5655 609 5699 et
653 5645 918 5711 Emerita,
955 5645 1085 5699 urbs
1111 5643 1364 5711 adjaccns
1410 5644 1477 5694 ab
1528 5645 1770 5711 Angnsm
1811 5643 2050 5698 condita.

460 5714 666 5781 Quibus
687 5719 899 5773 additur
926 5717 1372 5784 Caesar—Augusta
1402 5712 1533 5784 (vid.
1570 5728 1695 5784 pag.
1719 5714 1830 5783 8i).
1864 5713 2051 5771 iisdem

461 5787 716 5857 auspiciis
744 5797 979 5858 structa,
1005 5784 1199 5859 quibus
1229 5783 1449 5858 pessimi
1469 5783 1700 5855 exempli
1731 5793 2051 5847 attentatum

2174 3296 2436 3350 Martialis
2481 3306 2536 3351 et
2584 3298 2835 3353 Basilidis
2890 3314 3053 3367 grave
3105 3297 3402 3367 periculum
3460 3296 3767 3355 induxerat.

2172 3367 2420 3439 Eccu—
2449 3368 2582 3436 Quae
2610 3371 2775 3424 urbes
2807 3370 2969 3424 hodie
3018 3369 3159 3425 Leon
3181 3409 3196 3435 ,
3240 3369 3454 3439 Astorga
3473 3410 3487 3434 ,
3520 3367 3726 3423 Merida
3749 3413 3762 3436 ,

2167 3437 2460 3510 Zaragosa,
2492 3442 2848 3511 appellantur.
2888 3442 3095 3496 “cum.

2238 3512 2259 3565 Ι
2267 3543 2356 3564 .-
2372 3509 2731 3583 Coepiscopos.
2756 3513 2828 3567 lta
2856 3514 2973 3567 libri
2994 3523 3200 3569 veteres
3214 3522 3267 3567 et
3286 3512 3570 3567 editiones.
3591 3512 3645 3567 lu
3674 3509 3735 3566 lii
3748 3539 3767 3551 -

2161 3584 2394 3656 galtiana
2429 3594 2607 3638 tamen
2646 3593 2701 3638 et
2738 3586 2787 3637 in
2818 3600 2878 3639 ca
2902 3601 3063 3656 quam
3100 3584 3428 3640 Reinhartus
3460 3584 3771 3656 procuravit

2161 3655 2424 3722 scriptum
2482 3666 2566 3710 est
2612 3654 3109 3726 epiacoposzngli
3169 3656 3616 3712 emendaverunt.
3677 3654 3769 3710 Sic

2163 3727 2323 3779 etiam
2354 3729 2492 3794 apml
2525 3726 2790 3782 Victorem
2836 3728 3111 3783 Vitcnsem
3143 3729 3234 3785 lib.
3280 3744 3324 3790 ι,
3356 3743 3475 3795 cap.
3509 3728 3596 3783 15,
3633 3728 3768 3781 scri-

2162 3795 2395 3849 bendum
2431 3807 2509 3849 est
2544 3800 2856 3868 coepiscopis
2885 3815 2981 3863 pro
3004 3814 3069 3853 eo
3097 3799 3240 3868 quod
3273 3799 3342 3851 ibi
3378 3800 3640 3867 scriptum
3674 3806 3760 3851 est

2165 3868 2417 3939 universis
2446 3869 2697 3937 episcopis
2728 3870 2848 3921 tuis.
2885 3868 3018 3922 Nam
3048 3880 3103 3924 et
3147 3873 3197 3922 in
3225 3870 3403 3936 capite
3431 3870 3681 3939 sequenti
3713 3876 3768 3923 et

2163 3938 2285 3990 alibi
2318 3938 2574 4005 scriptum
2607 3950 2688 3991 est
2718 3939 3052 4006 coepiscopis.
3092 3941 3293 3994 llswz.

2242 4008 2448 4061 Libo/lis
2488 4008 2801 4061 idololatria:
2825 4012 3248 4064 commaculatos.
3288 4010 3365 4064 De
3418 4010 3764 4077 libellaticis,

2165 4078 2279 4131 sive
2324 4079 2457 4138 illis.
2490 4079 2580 4146 qui
2623 4080 2862 4132 libellum
2904 4096 2998 4135 seu
3036 4083 3233 4148 jmlicis
3265 4082 3629 4135 testimonium
3661 4080 3765 4135 sibi

2164 4151 2588 4218 comparabant,
2636 4150 2689 4203 in
2735 4166 2841 4220 quo
2883 4153 3141 4220 scriptum
3187 4162 3337 4214 erat,
3378 4155 3525 4220 ipsos
3558 4149 3765 4220 legibus

2164 4217 2527 4286 satisfecisse,
2579 4220 2629 4274 id
2677 4217 2792 4287 est,
2840 4217 2958 4276 Diis'
2978 4217 3348 4289 sacrificasse,
3384 4217 3764 4276 tatnctsi'nibil

2166 4292 2429 4359 ejusmodi
2466 4294 2748 4353 fecissent.
2787 4296 2908 4349 vide
2935 4294 3005 4349 cl.
3038 4294 3391 4349 Moshcmium
3433 4310 3583 4348 more
3627 4309 3761 4359 suo,

2168 4363 2271 4418 Ιηιο
2308 4374 2388 4417 est
2425 4374 2479 4419 et
2504 4365 2664 4418 docte
2702 4373 2757 4418 et
2788 4366 2933 4430 fuse,
2988 4368 3037 4420 in
3070 4367 3249 4433 Opere
3277 4364 3356 4418 De
3387 4365 3556 4421 Rebus
3582 4363 3761 4421 Clu-is—

2085 4464 2140 4525 Β
2169 4434 2422 4525 gia‘i‘iorum
2468 4448 2586 4525 p‘i‘it‘e
2617 4437 2883 4525 Constant.
2937 4437 3013 4491 Μ.
3050 4440 3435 4509 disputantem.
3492 4439 3629 4493 Sate.
3682 4452 3760 4491 ιιι.

2169 4504 2195 4577 §
2230 4507 2278 4567 9,
2314 4524 2432 4575 pag.
2457 4507 2783 4563 482—489.
2820 4509 3023 4565 llouru.

2237 4577 2596 4653 Nefnndornm
2626 4581 2929 4647 facinorum.
2959 4582 3137 4637 Codex
3169 4581 3459 4653 Eligianus.
3490 4585 3551 4634 ob
3582 4580 3763 4650 nefan-

2164 4651 2343 4725 dorum
2362 4652 2651 4725 facinorum
2676 4653 3037 4725 conscientiam
3061 4651 3272 4708 vinctos.
3294 4654 3429 4709 Vide
3452 4669 3611 4725 supra
3634 4667 3754 4723 pag.

2163 4722 2289 4784 592,
2329 4737 2384 4777 et
2412 4722 2675 4792 sequenti.
2712 4723 2912 4779 BALllz.
3344 4772 3351 4779 .

2236 4794 2298 4848 ll.
2327 4825 2398 4836 —
2433 4794 2689 4848 I’rwdicta
2730 4806 2773 4846 et
2804 4797 3154 4866 manifestata.
3204 4798 3278 4852 lla
3324 4798 3605 4853 duodecim
3637 4796 3760 4850 libri

2162 4867 2329 4921 nostri
2362 4881 2571 4922 veteres
2597 4876 2649 4919 et
2675 4867 2908 4936 quinque
2948 4869 3145 4922 laudati
3178 4886 3205 4921 a
3239 4869 3497 4925 Pamelio.
3521 4869 3618 4922 Alii
3649 4868 3758 4921 duo

2163 4941 2330 5008 nostri
2356 4939 2681 4992 habentcum
2708 4939 2952 5008 prwdicla
2969 4950 3014 4992 et
3034 4940 3297 4993 mandata.
3317 4944 3557 5008 Quatuor
3586 4940 3674 4992 alii
3703 4945 3759 4992 et

2161 5021 2373 5064 veteres
2402 5011 2664 5065 editiones
2686 5050 2698 5069 ,
2726 5010 2969 5079 ρνωιιὶςιη
2993 5011 3067 5064 rel
3094 5014 3339 5065 tumulata
3365 5023 3414 5065 et
3442 5011 3711 5078 manifesta
3735 5049 3752 5076 ,

2161 5082 2262 5134 nisi
2290 5081 2430 5148 quod
2461 5091 2506 5133 et
2536 5080 2806 5147 nmnifesta
2834 5081 2987 5135 deest
3015 5083 3065 5135 in
3100 5101 3204 5136 llllt)
3225 5098 3433 5137 eorum.
3465 5081 3621 5137 Addit
3651 5082 3754 5134 l’a-

2160 5151 2351 5205 melius
2376 5150 2646 5219 superflue
2675 5150 2913 5205 additum
2957 5152 3122 5207 fuisse
3154 5156 3203 5207 in
3234 5153 3447 5207 excusis
3491 5153 3570 5207 rel
3610 5169 3758 5205 man-

2160 5223 2624 5294 dataLcIunnon
2672 5231 2857 5294 extent
2911 5224 2961 5276 in
3005 5224 3155 5278 libris
3183 5226 3581 5294 manuscriptis.
3641 5225 3754 5289 Ego

2159 5308 2277 5345 cum
2304 5292 2546 5346 Pamelio
2586 5292 2761 5345 sentio
2804 5294 2941 5346 istud
2987 5296 3260 5361 superflue
3287 5292 3528 5349 additum
3563 5295 3749 5349 fuisse.

2159 5362 2251 5416 Est
2276 5366 2417 5416 enim
2449 5379 2611 5416 Ilttllﬂl
2635 5380 2697 5416 ex
2729 5366 3046 5435 synonymis
3063 5369 3255 5435 quibus
3278 5368 3548 5420 abumlant
3574 5377 3752 5419 vetera

2156 5435 2483 5503 exemplaria
2512 5449 2737 5504 operum
2768 5438 2938 5489 sancti
2972 5440 3240 5493 ntartvris.
3278 5438 3474 5492 κλωπ.
3502 5468 3572 5479 ——
3598 5438 3749 5490 Prte-

2157 5503 2294 5579 dicta
2323 5517 2375 5559 et
2405 5503 2686 5579 ntanifesta
2709 5505 3077 5579 cdd._Pamelii
3108 5510 3301 5577 Rigalt.
3329 5509 3585 5579 Fellique.
3611 5505 3751 5561 Illud

2156 5576 2232 5629 vel
2260 5576 2499 5629 mundata
2531 5576 2655 5630 cdd.
2687 5586 2809 5629 ante
2840 5576 3390 5635 Pameliutu.ROU1tt.

2230 5646 2373 5721 Sine
2401 5664 2579 5707 causa.
2626 5648 2713 5721 hic
2754 5646 2987 5721 reddidit
3018 5652 3316 5721 Cyprianus
3358 5666 3478 5721 qua:
3519 5649 3749 5719 Septua-

2155 5719 2300 5791 ginta
2326 5718 2513 5797 dixcre
2534 5761 2547 5783 ,
2595 5720 2762 5789 μάτην
2802 5719 3041 5779 σέϐονταί
3222 5723 3349 5780 Sine
3377 5718 3543 5779 roum
3564 5718 3599 5792 ,⁷
3624 5736 3750 5776 vane

2156 5790 2445 5863 perperam.
2478 5790 2702 5849 luctu.
