4256 6250
564 370 704 424 1845

1888 363 2235 432 RELIQUIE
2274 364 2541 422 SACRE.

3717 375 3857 458 iOtt

566 486 742 542 sarios
762 494 1068 555 ungeretur.
1085 483 1191 546 Sed
1208 492 1262 544 et
1290 498 1386 554 pro
1407 483 1675 553 baptizato
1699 491 1724 519 ³
1747 496 1906 558 quam
1937 496 2150 552 precem
2178 486 2229 546 Α
2255 496 2322 536 an
2344 483 2431 564 qui
2461 482 2754 552 adversarii
2782 491 2910 550 sunt
2936 483 3166 552 Domini,
3193 494 3250 540 et
3277 487 3532 562 appellati
3565 500 3690 566 sunt
3711 493 3854 568 anti-

564 577 746 635 facere
790 586 965 649 potest
1003 577 1255 642 sacerdos
1289 577 1581 648 sacrilegus
1629 584 1684 642 et
1723 584 1990 647 peccator,
2030 590 2150 628 cum

567 674 827 743 scriptum
855 673 923 732 sit
953 670 1135 745 (Joan.
1168 687 1220 726 lx
1239 713 1251 736 ,
1278 669 1372 741 3|)
1394 688 1406 722 :
1433 669 1572 724 Deus
1596 678 1907 740 peccatorem
1932 684 2031 720 non
2058 683 2152 720 au-

568 767 678 831 dit;
703 767 792 820 sed
809 767 894 835 qui
910 782 1022 820 eum
1041 766 1253 818 coluerit
1272 763 1323 828 ι),
1347 773 1395 818 et
1414 764 1722 818 voluntatem
1746 763 1857 834 ejus
1881 763 2073 833 fecerit,
2094 762 2158 814 il-

567 857 678 912 lum
707 858 868 911 audit.
901 857 1030 925 Quis
1053 869 1231 912 autem
1262 866 1437 926 potest
1466 856 1594 910 dare
1624 856 1766 924 quod
1795 857 1908 923 ipse
1928 871 2032 908 non
2069 854 2154 908 ha-

568 950 712 1016 beat,
758 961 850 1005 aut
880 951 1148 1021 quomodo
1187 959 1364 1020 potest
1400 949 1658 1019 Spiritalia
1688 963 1846 1018 agere
1871 959 1894 986 ο
1921 948 2010 1018 qui
2043 947 2156 1017 ipse

567 1041 811 1097 amiserit
837 1043 1093 1112 Spiritum
1132 1043 1420 1097 sanctum?
1460 1041 1528 1095 Et
1573 1041 1773 1095 idcirco
1809 1041 2157 1110 baptizandus

571 1145 654 1190 est
689 1145 744 1191 et
781 1135 1118 1190 inuovandus
1154 1137 1244 1206 qui
1283 1135 1349 1190 ad
1379 1135 1678 1192 Ecclesium
1706 1135 1853 1192 rudis
1895 1137 2063 1204 venit,
2102 1146 2158 1196 ut

568 1227 716 1282 intus
739 1242 833 1296 per
873 1227 1102 1282 Sanctos
1128 1227 1512 1293 sanctiiicetnr,
1567 1229 1687 1297 quia
1736 1229 1996 1296 scriptum
2033 1238 2153 1284 est:

569 1319 756 1390 (Leuit.
787 1337 899 1388 xxx,
928 1321 982 1384 2,
1015 1331 1061 1375 et
1092 1337 1184 1387 xx,
1217 1321 1312 1390 26)
1340 1339 1352 1374 :
1388 1320 1566 1374 Sancti
1597 1329 1771 1384 estote,
1827 1322 1945 1390 quia
1980 1332 2025 1375 et
2067 1338 2157 1392 ego

567 1426 776 1478 sanctus
796 1433 926 1477 sum,
946 1417 1066 1470 dicit
1080 1415 1332 1470 Dominus
1355 1431 1373 1470 :
1394 1425 1451 1471 ut
1471 1419 1558 1486 qui
1576 1415 1631 1470 in
1651 1430 1890 1472 errorem
1906 1414 1933 1452 ά
1951 1416 2158 1474 seduc—

569 1521 657 1567 tus
685 1525 766 1566 est
783 1523 837 1566 et
859 1512 988 1566 foris
1013 1513 1208 1565 tinctus
1225 1511 1275 1565 in
1300 1510 1575 1580 Baptismo
1593 1527 1722 1565 vero
1747 1521 1802 1565 et
1824 1491 2157 1565 ecclesiasti-

569 1619 635 1658 co
666 1604 829 1668 etiam
871 1603 974 1664 hoc
1004 1604 1175 1672 ipsum
1213 1602 1448 1673 deponat
1484 1603 1624 1672 quod
1672 1603 1833 1672 homo
1875 1609 1943 1656 ad
1991 1602 2156 1658 Deum

566 1697 811 1763 veniens,
865 1697 993 1752 dum
1050 1695 1384 1754 sacerdotem
1445 1696 1675 1767 quaerit,
1725 1697 1780 1752 in
1837 1696 2157 1768 sacrilegum

565 1791 752 1848 fraude
771 1793 972 1846 erroris
987 1793 1228 1847 incurrit.

641 1883 997 1939 lIl.Cacterum
1025 1884 1251 1954 probare
1267 1893 1349 1938 est
1374 1883 1748 1946 hmreticorum
1778 1894 1832 1939 et
1857 1884 2155 1939 schismati-
2189 1887 2236 1947 B

567 1991 755 2032 corum
789 1977 1054 2046 baptisma
1075 1979 1378 2032 consentire
1400 1977 1452 2032 in
1490 1978 1542 2032 id
1564 1976 1705 2046 quod
1749 1977 1826 2044 illi
1850 1977 2159 2049 baptizave-

567 2072 696 2126 rint.
725 2070 911 2141 Neque
940 2071 1083 2124 enim
1125 2080 1302 2140 potest
1328 2085 1450 2138 pars
1483 2070 1592 2125 illic
1618 2070 1794 2125 inanis
1814 2086 1934 2126 esse
1955 2083 2008 2127 et
2034 2087 2159 2142 pars

566 2163 888 2235 praevalere.
904 2162 960 2217 Si
977 2163 1258 2233 Baptizare
1275 2165 1648 2235 potuit,potuit
1663 2165 1984 2236 etSpiritum
2001 2183 2158 2222 sauc-

567 2263 682 2308 tnm
707 2254 860 2310 dare.
885 2255 940 2310 Si
969 2267 1146 2322 autem
1171 2255 1430 2327 Spiritum
1465 2266 1708 2324 sanctum
1747 2258 1876 2313 dare
1915 2275 2021 2314 non
2064 2275 2158 2330 po-

566 2353 695 2412 test,
719 2346 842 2415 quia
860 2345 989 2406 foris
1007 2346 1330 2406 constitutus
1350 2363 1473 2404 cum
1491 2358 1678 2406 sancto
1698 2348 1904 2419 Spiritu
1927 2367 2033 2409 nou
2053 2363 2153 2418 est,

566 2452 670 2493 nec
698 2439 964 2508 baptizare
986 2439 1288 2494 venientem
1319 2448 1512 2510 potest,
1536 2441 1752 2511 quando
1800 2450 1856 2496 et
1889 2442 2154 2513 Baptisms

567 2545 732 2584 unum
761 2533 851 2593 sit,
881 2541 934 2584 et
955 2530 1185 2602 Spiritus
1215 2542 1434 2586 sanctus
1464 2548 1620 2600 unus,
1655 2543 1707 2589 et
1729 2549 1832 2588 una
1860 2535 2098 2591 Ecclesia
2128 2554 2156 2591 a

568 2623 782 2682 Christo
802 2626 1027 2690 Domino
1044 2638 1066 2664 ε
1081 2642 1244 2698 super
1260 2629 1476 2684 Petrum
1497 2627 1514 2664 ί
1541 2630 1749 2700 origine
1762 2632 1981 2684 unitatis
2001 2643 2054 2686 et
2067 2648 2156 2687 ra-

566 2718 715 2792 tione
741 2728 765 2765 κ
793 2719 1031 2773 fundata.
1061 2718 1133 2773 lta
1165 2722 1222 2774 lit
1241 2730 1297 2774 ut
1323 2735 1445 2775 cum
1463 2723 1646 2776 omnia
1672 2722 1812 2791 apud
1838 2723 1958 2777 illos
1980 2725 2155 2779 inania

566 2820 622 2866 et
643 2809 773 2868 falsa
797 2812 926 2873 sint,
955 2811 1086 2874 nihil
1115 2826 1300 2865 eorum
1333 2829 1454 2882 qua:
1478 2812 1555 2866 illi
1588 2815 1856 2884 gesserint
1885 2815 2094 2884 probari
2125 2829 2156 2870 a

565 2905 724 2959 nobis
750 2903 962 2960 debeat.
988 2904 1124 2971 Quid
1157 2904 1299 2959 enim
1320 2913 1497 2976 potest
1513 2915 1691 2960 ratum
1720 2916 1772 2960 et
1799 2906 2016 2970 ﬁrmum
2037 2921 2157 2978 esse

568 2996 708 3066 apud
731 2997 896 3050 Deum
934 2997 1076 3065 quod
1109 2997 1186 3052 illi
1210 2996 1413 3052 faciunt
1441 3013 1574 3066 tinos
1607 2999 1862 3054 Dominus
1894 2999 2078 3056 hostes
2104 3010 2158 3054 et

567 3086 906 3142 adversarios
929 3103 1057 3142 suos
1084 3088 1216 3144 dicit
1246 3089 1298 3143 in
1326 3091 1620 3159 Evangelia
1641 3107 1740 3146 suo
1767 3107 1972 3160 ponens
2000 3092 2153 3161 (Luc.

569 3195 645 3244 ιιι,
674 3178 794 3249 25.)
819 3198 832 3234 :
863 3180 962 3246 Qui
992 3197 1094 3236 non
1123 3192 1196 3236 est
1217 3200 1411 3254 mecum
1440 3186 1709 3254 adversum
1736 3203 1817 3246 me
1845 3197 1920 3240 est
1944 3203 1962 3250 ;
1996 3198 2042 3242 et
2070 3189 2156 3258 qui

2258 575 2472 642 christi,
2503 576 2712 645 possint
2732 575 2865 630 dare
2891 577 3120 650 gratiam
3155 576 3380 650 Christi.
3409 579 3589 658 Quare
3619 583 3709 656 qui
3737 601 3858 640 cum

2261 667 2491 722 Domino
2519 683 2728 736 sumus,
2785 679 2838 724 et
2873 672 3131 725 unitatem
3169 671 3376 742 Domini
3405 682 3651 750 tenemus
3677 688 3730 744 et
3769 695 3858 734 se-

2259 759 2494 815 cundum
2518 761 2634 828 ejus
2657 760 3022 831 dignatiOnem
3052 763 3409 833 sacerdotium
3434 765 3557 836 ejus
3591 769 3640 822 in
3677 768 3860 832 Eccle-

2259 853 2336 906 sia
2364 853 2823 920 administramus,
2842 870 3193 926 qna-cumque
3227 857 3518 912 adversarii
3550 861 3666 926 ejus
3693 837 3857 917 ctan-

2261 951 2460 1006 tichisti
2485 950 2686 1004 faciunt
2717 951 3000 1020 repudiare
3039 963 3092 1005 et
3134 953 3358 1022 rejiecre
3398 963 3453 1007 et
3479 969 3577 1025 pro
3621 956 3858 1024 profanis

2262 1043 2492 1098 ltaherei
2517 1043 2797 1114 debemus,
2819 1055 2872 1097 et
2887 1046 2968 1116 eis
2983 1045 3074 1118 qui
3091 1044 3116 1086 κ
3134 1045 3202 1099 de
3217 1062 3404 1114 errore
3423 1057 3476 1101 et
3498 1051 3754 1118 pravitate
3769 1067 3857 1104 ve-

2262 1140 2473 1208 nientes
2505 1149 2807 1212 agnoscunt
2840 1140 2995 1198 unius
3015 1139 3275 1214 Ecclesia:
3305 1158 3482 1214 verum
3516 1143 3691 1214 (idem,
3727 1146 3856 1204 dare

2262 1233 2369 1290 illis
2401 1248 2494 1302 per
2512 1231 2688 1296 omnia
2732 1232 2925 1285 divina-
2956 1235 3144 1302 gratia:
3174 1244 3510 1289 sacramenta
3543 1247 3597 1291 et
3640 1239 3858 1292 unitatis

2261 1335 2316 1379 et
2339 1326 2461 1380 lidei
2494 1323 2510 1362 1
2539 1325 2842 1381 veritatem.
2873 1325 3134 1397 Optamus
3164 1341 3282 1393 vos,
3305 1326 3500 1382 fratres
3529 1327 3853 1398 charissimi,

2261 1433 2478 1490 semper
2505 1419 2642 1476 bene
2665 1420 2865 1476 valere.

2333 1597 2472 1638 ANNO
2497 1597 2700 1638 CHRISTI
2733 1596 2905 1648 CCLV],
2939 1596 3317 1656 PONTIFICATDS
3347 1597 3392 1637 S.
3424 1569 3680 1638 STEPUANI
3707 1599 3783 1641 111.

2262 1715 2847 1774 CARTHAGINENSE
2907 1717 3279 1774 CONClLlUM
3320 1718 3453 1774 SUB
3506 1717 3855 1777 CYPRIANO

2914 1834 3220 1896 SEXTUM.

2264 1987 2331 2028 EX
2372 1986 2563 2027 AFRICA
2602 1986 2878 2042 PROVINCIQ
2918 1987 2986 2027 ΕΤ
3026 1987 3277 2040 Νιτηιυιλ,
3316 1987 3452 2037 QUOD
3604 1990 3859 2034 BAPTISIO

2851 2059 3124 2102 SECUNDUM
3148 2060 3262 2098 EST.

2263 2179 2468 2244 (Erasm.
2505 2194 2565 2245 ut,
2596 2179 2653 2238 1;
2688 2177 3095 2245 Ραηιει.λΒίεαιι.
3136 2179 3297 2245 Baluz.
3327 2141 3484 2245 Luxu;
3522 2181 3676 2240 Oxon.
3717 2183 3849 2245 Lips.

2322 2255 2481 2303 Lxxu;
2525 2241 2850 2308 i’arisdcxxt;
2881 2239 3129 2293 Couslaut.
3156 2258 3203 2308 p.
3225 2241 3343 2306 216;
3371 2239 3557 2296 Rou'th.
3584 2245 3712 2296 Bell.
3749 2239 3847 2296 scr.

2325 2320 2390 2364 In,
2422 2319 2500 2368 pp.
2523 2304 2584 2352 88
2608 2314 2660 2354 et
2681 2305 2813 2370 H-l.)

2847 2430 3240 2488 PROCEMIUM
3251 2476 3262 2488 .

2260 2571 2511 2635 Signiﬁcat
2533 2585 2590 2622 se
2617 2574 2666 2621 in
2687 2569 2896 2622 concilio
2917 2572 3203 2635 decrevisse
3221 2609 3234 2624 .
3266 2579 3319 2627 ut
3339 2572 3423 2633 qui
3447 2573 3575 2631 apud
3599 2573 3862 2625 hzereticos

2321 2634 2406 2696 aut
2431 2635 2764 2696 st-histuaticos
2790 2636 2921 2683 tincti
2943 2641 3072 2690 sunt,
3103 2634 3374 2684 redeuntes
3399 2638 3456 2683 ad
3481 2635 3754 2688 Ecclesium
3779 2639 3862 2690 ba-

2322 2693 2658 2760 l)tizarctitur;
2694 2706 2746 2761 et
2769 2697 2851 2758 qui
2894 2699 2945 2761 in
2983 2697 3196 2748 Ecclesia
3238 2699 3512 2761 presbyteri
3558 2700 3635 2761 icl
3671 2703 3862 2750 diaconi

2322 2751 2562 2824 ordinati,
2592 2751 2652 2826 in.
2679 2751 2886 2809 schisia
2921 2759 3125 2826 delapsi
3147 2751 3273 2826 sint,
3302 2751 3492 2825 ant'qni
3529 2751 3588 2812 ah
3615 2763 3867 2812 luereticis

2324 2827 2529 2884 promoti
2556 2824 2670 2876 sint,
2698 2831 3012 2871 revertentes
3038 2833 3088 2872 ut
3116 2824 3218 2870 laici
3247 2824 3662 2884 communicarent
3690 2840 3701 2873 :
3725 2827 3861 2874 salvo

2323 2873 2490 2934 lamen
2515 2873 2784 2936 concordia:
2811 2885 3004 2935 vinculo
3039 2885 3147 2934 cnin
3175 2873 3414 2948 episcopis
3453 2889 3536 2950 qui
3574 2884 3722 2938 aliter
3748 2873 3865 2937 sen-

2321 2952 2496 2999 lirent.

2330 3102 2399 3172 Ut
2424 3117 2485 3157 ea
2515 3116 2632 3172 qua:
2667 3101 2999 3174 praecedente
3020 3100 3249 3156 concilio
3270 3103 3556 3158 coostitnta
3582 3112 3708 3156 sunt
3739 3101 3852 3172 ple-

2261 3196 2416 3254 niore
2459 3193 2721 3250 sententia
2769 3193 3174 3259 conﬁrmentur,
3221 3193 3524 3268 Cyprianus
3570 3195 3621 3250 in
3669 3195 3854 3250 eadem

567 3288 670 3326 ποη
691 3289 883 3328 mecum
909 3276 1122 3347 00mg“.
1152 3280 1363 3348 spargit.
1396 3279 1460 3340 Et.
1492 3280 1680 3336 beatus
1705 3298 1919 3352 quoque
1942 3292 2164 3354 aposlor
2189 3285 2231 3347 C
2265 3307 2424 3348 causa
2458 3289 2714 3360 Raptis-mi
2735 3289 2803 3343 ab
2827 3287 3094 3342 hatreticis
3119 3286 3329 3351 collati,
3364 3285 3466 3340 hoc
3493 3287 3683 3342 eodem
3711 3303 3854 3342 anno

566 3365 653 3420 lus
677 3365 908 3421 Joannes
938 3369 1186 3422 mandata
1220 3371 1425 3422 Domini
1456 3380 1510 3425 et
1538 3383 1800 3442 przecepta
1846 3375 2156 3436 custodiens

569 3460 624 3514 in
647 3461 870 3530 epistola
890 3478 980 3515 sua
1012 3465 1253 3532 posuerit
1276 3464 1324 3529 η,
1346 3465 1532 3534 dicens
1562 3465 1783 3542 (lJoan.
1817 3468 1985 3533 ".18,
2019 3469 2105 3537 19)
2139 3489 2152 3524 :

568 3554 794 3608 Audistis
819 3555 939 3624 quia
959 3557 1286 3612 antichristus
1314 3559 1466 3612 venit.
1498 3557 1650 3613 Nunc
1678 3573 1846 3616 autent
1871 3564 2156 3622 antichristi

571 3648 718 3700 multi
749 3649 874 3717 facti
902 3658 1038 3702 sunt.
1071 3648 1219 3704 Unde
1246 3653 1595 3719 cognoscimus
1622 3655 1740 3723 quia
1763 3657 2033 3710 novissima
2064 3660 2155 3712 lto-

567 3759 629 3797 ra
656 3753 749 3798 est.
777 3741 862 3797 Ea:
891 3745 1031 3797 nobis
1054 3745 1304 3813 exierunt,
1339 3747 1428 3800 sed
1450 3765 1550 3814 non
1581 3753 1782 3830 [uerunt
1815 3767 1876 3805 ea:
1905 3753 2064 3818 nobis.
2095 3754 2156 3820 Si

570 3840 704 3900 enim
746 3840 960 3910 fuissent
1007 3856 1069 3894 ea:
1107 3841 1269 3906 nobis,
1312 3843 1612 3908 mansissent
1660 3845 1829 3916 utique
1876 3846 2151 3910 nobiscum.

571 3929 729 3987 Unde
752 3947 850 3988 nos
875 3948 1088 4003 quoque
1107 3935 1360 4004 colligere
1395 3937 1407 3972 ί
1445 3948 1500 3991 et
1520 3938 1865 3995 considerare
1892 3939 2153 3998 debemus

2259 3384 2366 3440 258
2399 3393 2437 3419 "‘-
2482 3383 2776 3452 pleniorem
2817 3389 3140 3434 coaventum
3184 3379 3562 3448 episcoiiorum
3593 3395 3859 3432 convoca-

2257 3478 2354 3541 vit,
2385 3484 2438 3532 et
2465 3491 2528 3528 ex
2555 3472 2727 3530 Africa
2755 3482 2807 3526 et
2838 3471 3084 3526 Numidia
3118 3471 3184 3548 '4'0
3220 3472 3502 3541 episcopos
3529 3481 3581 3526 et
3605 3487 3762 3526 unum
3786 3475 3854 3526 ad

2261 3547 2398 3624 hanc
2429 3565 2693 3638 synodum
2727 3566 2931 3634 coegit,
2959 3580 3025 3618 eo
3055 3547 3159 3620 line
3179 3603 3194 3628 ,
3225 3574 3278 3616 nt
3307 3564 3445 3628 quod
3487 3563 3672 3631 singuli
3719 3579 3845 3618 sen-

2257 3661 2485 3716 tiuntde
2517 3659 2894 3713 traditionibus
2924 3657 3185 3724 majorum
3219 3665 3408 3709 sancte
3437 3664 3488 3710 et
3533 3655 3854 3708 inviolabili-

2258 3764 2340 3828 ter
2367 3752 2664 3817 servandis,
2709 3749 2998 3822 deponant.
3050 3749 3336 3820 Postquam
3383 3761 3566 3801 omnes
3613 3747 3858 3816 praedicti

2257 3850 2661 3918 convenissent,
2691 3827 2856 3910 idem,
2897 3845 3040 3916 quod
3071 3861 3231 3913 supra
3275 3842 3704 3922 przecedentibus
3730 3857 3863 3896 con-

2256 3943 2394 4000 ciliis
2423 3940 2690 3997 Africanis
2717 3941 2768 3994 in
2814 3938 2913 3992 hac
2949 3948 3005 3992 et
3033 3935 3277 3992 Basilidis
3309 3949 3474 3990 causa
3505 3933 3701 3990 habitis
3727 3935 3867 3990 deti-

1861 4077 2239 4138 LECTION-ES
2279 4079 2582 4136 VARIANT
2593 4078 2699 4133 ES.

632 4199 662 4263 9
693 4197 794 4263 Ero
815 4199 1058 4263 haptizato
1084 4201 1216 4250 Lam.
1246 4198 1390 4263 Elter.
1418 4201 1525 4254 NC.
1556 4201 1600 4250 t.

625 4258 660 4296 ἶ)
693 4258 855 4322 Deum
879 4258 1091 4322 coluerit
1126 4265 1252 4313 Bod.
1279 4261 1323 4314 l.

629 4324 654 4392 (ξ
695 4321 941 4392 Spiritalia
966 4327 1307 4392 gerere‘liatn.
1337 4324 1480 4392 Elter.
1511 4325 1616 4377 Litt.
1644 4327 1752 4392 ΝΟ.
1782 4327 1826 4377 1.

627 4383 657 4422 (ι
692 4383 748 4449 In
772 4400 942 4449 errore
971 4383 1104 4436 lam.
1129 4387 1234 4438 ΝΟ.
1263 4389 1309 4449 l,
1335 4387 1381 4436 2.
1409 4387 1512 4439 Litt.

631 4454 655 4519 γ
692 4448 883 4519 Christo
906 4448 1115 4519 l_)ominp
1154 4448 1320 4519 nostro
1346 4450 1468 4502 Bod.
1497 4453 1540 4500 1.
1571 4448 1674 4500 Litt.
1713 4449 1852 4502 Elter.
1895 4450 2003 4501 NG.
2041 4452 2086 4511 1,
2111 4449 2158 4512 2,

577 4511 704 4561 Τὴν.
730 4512 870 4561 Foss.
906 4511 1030 4564 Vict.
1060 4512 1202 4562 Corb.

635 4573 656 4612 ί
694 4573 860 4638 Super
880 4581 1072 4638 petram
1104 4575 1231 4638 Vict.

633 4640 660 4680 ε
696 4636 770 4690 Ex
794 4636 986 4692 ratione
1013 4637 1136 4690 Bod.
1165 4641 1211 4692 1.
1222 4661 1230 4702 ι

2329 4199 2358 4239 h
2395 4200 2540 4260 Ponit
2565 4201 2695 4250 Lam.
2722 4197 2869 4248 Ebor.
2896 4197 2996 4248 Lin.
3023 4197 3130 4246 ΝΟ.
3159 4195 3204 4244 1.

2333 4262 2350 4302 ί
2391 4261 2637 4325 Colligere
2663 4261 2904 4313 debemus
2927 4263 3045 4325 γαν.

2335 4325 2350 4376 i
2391 4323 2451 4376 Et
2478 4319 2674 4388 protaua
2701 4325 2890 4388 habere
2919 4323 3052 4372 Lam.
3083 4321 3186 4388 ΝΟ.
3219 4321 3261 4371 l.
3290 4319 3434 4370 Ebor.
3469 4322 3649 4368 Veron.
3695 4380 3702 4388 _

2332 4389 2358 4428 ιι
2397 4385 2518 4438 litSi
2559 4389 2641 4450 qui
2684 4391 2799 4450 Ver.
2841 4385 2965 4434 Etsi
3005 4385 3203 4447 quidem
3241 4396 3463 4433 errorem
3487 4391 3538 4431 et
3572 4385 3868 4444 pravitatem

2268 4451 2556 4512 rejicientes
2581 4449 2724 4501 Coro.

2337 4511 2357 4558 ι
2397 4514 2454 4563 Et
2481 4513 2681 4564 unitatis
2703 4517 2756 4563 et
2775 4510 2889 4560 ﬁdei
2924 4515 3039 4564 Ver.
3070 4512 3246 4562 Heneti.
3273 4523 3443 4570 nemo;
3466 4534 3509 4561 τι
3543 4521 3608 4559 καὶ
3628 4531 3782 4562 πιπτει-ς
3817 4531 3867 4554 ιι

2269 4589 2452 4634 ἀληθείας,
2478 4573 2634 4632 (inec.

2188 4621 2241 4682 D
2270 4621 2532 4690 ’⁷”ίῖι”ιῖὶξὰέ

1889 4749 2248 4824 unionem
2285 4749 2515 4806 NOTAE.

637 4888 726 4943 Ill.
747 4918 818 4929 -—
837 4888 1006 4961 Super
1036 4889 1267 4944 Petrum.
1299 4889 1494 4945 Versio
1514 4889 1698 4944 Grzeca
1727 4897 1929 4944 tantum
1955 4891 2115 4945 habet
2143 4910 2158 4946 :

564 4959 738 5040 ξπάνω
789 4959 981 5040 Πέῖρνου
1011 4969 1105 5040 τοῦ
1126 4963 1434 5040 Ἀπὸστᾳλορ
1453 4963 1681 5040 ἀρχῆθεν
1699 4963 1930 5040 ἐχότητος
1952 4965 2124 5040 redeas
2139 4995 2157 5002 -

563 5035 826 5107 λιωμένης.
864 5033 981 5104 Ipse
1008 5035 1306 5108 Cyprianus
1329 5035 1453 5108 l_.de
1477 5033 1685 5108 Unitato
1716 5033 1954 5108 Eoi-les.:
1987 5033 2158 5108 Super

561 5103 722 5159 unum
745 5103 968 5176 wdiﬁcat
999 5103 1298 5159 Ecclesium.
1333 5105 1396 5158 Et
1426 5103 1581 5173 paulo
1608 5114 1729 5175 post
1761 5123 1774 5158 :
1811 5103 1877 5160 Ut
1910 5103 2158 5159 unitatem

561 5177 1153 5252 mani[‘estaret,unitatis
1173 5177 1396 5252 ejusdem
1419 5179 1668 5252 originem
1697 5178 1760 5230 ab
1787 5195 1886 5252 uno
1905 5179 2154 5252 incipicnj

563 5256 664 5318 tem
693 5267 784 5303 sua
827 5251 1126 5306 auctoritate
1163 5250 1431 5312 disposuit,
1467 5249 1726 5303 l’aciunus
1753 5251 1909 5318 epist.
1942 5266 1997 5302 ιιι
2033 5267 2043 5302 :
2077 5251 2157 5303 Ad

564 5317 778 5373 Petrum
810 5322 1007 5374 locutus
1027 5330 1097 5373 est
1117 5319 1360 5373 Dominus
1379 5321 1478 5376 :ad
1499 5337 1652 5374 unum
1669 5317 1802 5387 ideo,
1838 5333 1888 5372 ut
1916 5323 2157 5375 unitatem

560 5392 800 5518 {undaret
822 5409 885 5445 ea:
912 5409 1031 5444 uno.
1069 5390 1195 5445 M01:
1225 5392 1446 5460 idipsum
1465 5393 1516 5446 itt
1544 5409 1807 5446 commune
1836 5395 2152 5459 prwcipiens,

619 5479 879 5518 IGALTIUS.
911 5491 976 5504 --
1004 5463 1077 5517 lta
1119 5464 1340 5516 omnino
1397 5479 1492 5518 ut
1550 5464 1666 5517 libri
1703 5474 1908 5518 veteres
1950 5476 2003 5518 et
2049 5464 2152 5518 dno

619 5479 879 5524 IGALTIUS.
911 5491 976 5504 -—
1004 5463 1077 5517 Ita
1119 5464 1340 5516 omnino
1397 5479 1492 5520 XXI
1550 5464 1666 5517 libri
1703 5474 1908 5518 veteres
1950 5476 2003 5518 et
2049 5464 2154 5518 duo

561 5534 763 5605 laudati
794 5553 819 5587 a
848 5534 1100 5589 Pantelio.
1132 5533 1354 5590 Veteres
1398 5537 1664 5589 editiones
1709 5535 1906 5589 habent
1937 5549 2150 5605 petram.

561 5603 638 5659 lta
673 5607 831 5661 etiam
859 5606 1024 5661 editio
1053 5606 1359 5660 Morelliana
1387 5617 1438 5660 et
1473 5616 1581 5662 tres
1609 5606 1729 5660 libri
1759 5603 1984 5660 veteres.
2019 5606 2153 5661 Vide

561 5691 685 5745 qua:
726 5678 776 5730 in
813 5680 981 5748 simili
1013 5693 1171 5730 causa
1204 5687 1382 5731 notata
1411 5689 1534 5732 sunt
1578 5694 1737 5748 supra
1767 5677 1831 5732 ad
1871 5679 2148 5747 epistolam

559 5760 650 5812 IL,
685 5763 737 5815 p.
767 5747 892 5800 428.
928 5749 1207 5802 ΒΑιυῑιυε.

638 5815 892 5888 Posuerit.
920 5819 1169 5872 Fortasse
1198 5817 1407 5888 legend.
1436 5820 1619 5888 posuit.
1645 5818 1702 5872 In
1724 5829 1940 5888 quatuor
1959 5821 2148 5874 codici-

563 5883 656 5937 bus
683 5887 900 5951 scriptis,
925 5889 1015 5953 qui
1043 5888 1096 5939 in
1122 5888 1207 5939 ed.
1230 5887 1404 5942 Oxon.
1429 5883 1820 5956 memorantur,
1845 5901 2022 5946 exstat
2044 5907 2141 5963 po-

2261 4891 2356 4945 nit.
2388 4891 2592 4944 Rourn.

2335 4963 2583 5030 Colligere
2613 4969 2658 5016 et
2687 4960 3025 5015 considerare.
3056 4957 3241 5014 Gricca
3269 4958 3466 5022 versio,
3500 4961 3726 5013 συνιέναι
3777 4961 3866 5011 καὶ

2261 5044 2407 5089 νοεῖν.
2441 5034 2666 5088 FELuj-s.

2339 5110 2677 5178 Quwcuinqnc
2707 5103 2992 5178 adversarii
3011 5105 3127 5178 ejus
3141 5114 3202 5178 _et
3234 5103 3519 5178 antichristi
3568 5103 3766 5178 ("ciunt
3798 5120 3872 5178 re:

2265 5180 2496 5246 pudiare.
2524 5173 2635 5228 Non
2669 5175 2859 5230 id‘vnlt
2888 5187 2941 5246 ut
2975 5173 3101 5228 nihil
3137 5175 3376 5228 facerent
3397 5174 3694 5246 orthodoxi
3720 5174 3868 5244 quod

2265 5245 2497 5310 haeretici
2532 5249 2748 5301 iaciunt.
2777 5247 2833 5300 ln
2862 5245 3080 5314 epistola
3111 5245 3250 5300 enim
3283 5247 3347 5297 ad
3381 5245 3704 5306 .lnliaiannin
3740 5263 3866 5297 enni

2262 5319 2585 5387 objiceretur
2619 5318 3020 5372 Novatianenscs
3046 5320 3112 5369 ad
3141 5336 3192 5370 se
3218 5319 3464 5369 t'ettiettles
3489 5316 3752 5379 baptizare
3777 5331 3870 5369 so-

2261 5392 2406 5454 litos,
2429 5392 2736 5457 respondet,
2762 5391 2827 5442 ad
2855 5407 2944 5444 nos
2973 5407 3070 5442 non
3093 5401 3340 5456 pertinere
3358 5390 3478 5454 quid
3498 5388 3664 5440 hostes
3690 5387 3871 5439 Eccle-

2259 5465 2350 5517 sia:
2373 5464 2583 5531 faciant.
2613 5462 2836 5532 llocipsi
2870 5461 3198 5532 propi‘hitutn
3227 5471 3308 5514 est
3338 5470 3394 5520 ut
3421 5462 3666 5513 conlicial
3691 5475 3705 5521 ;
3734 5460 3870 5512 nihil

2260 5546 2432 5589 ratum
2465 5550 2605 5596 esse,
2639 5545 2729 5587 aut
2758 5551 2822 5587 ex
2845 5534 2964 5599 jure
2993 5533 3170 5587 valere
3197 5532 3336 5598 ipnid
3364 5533 3436 5585 illi
3468 5533 3746 5590 t'ccis~ent,
3778 5532 3867 5599 qui

2258 5618 2406 5676 extra
2460 5604 2752 5660 Ecclesium
2801 5604 2981 5676 positi.
3025 5602 3180 5668 Mox,
3233 5620 3318 5670 per
3346 5603 3732 5676 oitttiiitdiritttc
3757 5618 3872 5670 gra-

2261 5678 2343 5730 tiae
2374 5673 2730 5730 Sacramenta.
2755 5673 2868 5730 Non
2891 5684 3093 5729 tantum
3121 5691 3215 5744 per
3233 5674 3657 5727 eonﬁrinationis
3681 5673 3864 5733 rinnn,

2258 5759 2345 5801 aut
2378 5748 2725 5803 Eucharistice
2769 5743 3286 5801 administrationetn
3318 5789 3331 5810 ,
3410 5747 3501 5798 sed
3550 5747 3711 5798 etiam
3771 5745 3870 5797 Ba-

2251 5819 2455 5888 ptismi,
2507 5821 2595 5890 qui
2642 5821 2707 5873 ad
2753 5818 3052 5874 Ecclesium
3105 5819 3274 5888 ipsam
3308 5817 3510 5872 aditum
3547 5816 3691 5870 facit.
3732 5815 3872 5870 FEL-

2245 5904 2360 5947 ιυε.
