4256 6250
561 305 697 359 ΜΗ

1882 290 2231 361 ΒΕιΙΟυΙιΕ
2268 288 2532 347 δΑΒΒΑῗ.

3724 276 3863 332 1048

559 427 670 483 tur,
696 429 815 473 eum
837 416 1095 484 scriptum
1118 413 1206 476 sit.
1236 411 1287 466 Ν
1293 411 1476 484 isiquis
1489 421 1691 465 renatus
1714 410 1866 481 fuerit
1895 418 1919 445 ει
1942 426 2004 464 ea:
2018 426 2150 481 aqua
2178 414 2229 473 Α
2256 405 2533 478 Evangelii
2584 405 2752 478 legem
2797 403 2825 443 ιι
2866 402 3163 475 apostolica
3213 397 3519 470 magisteria
3561 404 3861 452 servarent.

563 524 613 569 et
629 513 848 583 Spiritu,
865 526 965 563 non
981 518 1142 579 potest
1154 509 1366 562 introire
1376 508 1427 560 in
1444 522 1655 578 regnum
1671 504 1765 559 Dei
1778 503 1954 574 (Joan.
1972 520 2052 570 tu,
2068 504 2123 576 5)
2136 544 2149 557 .

568 607 877 663 Invenimus
898 605 1040 660 enim
1069 604 1228 658 etiam
1253 604 1303 656 in
1331 603 1477 656 Actis
1504 598 1886 669 Apostolorum
1915 597 2050 671 (Art.
2081 615 2112 652 κ
2135 640 2150 665 ,

570 700 688 773 48).
712 700 813 754 hoc
827 712 946 751 esse
965 697 1030 751 ab
1052 696 1323 767 Apostolis
1337 694 1684 759 custoditum,
1703 703 1755 748 et
1769 693 2016 748 salutaris
2035 692 2155 747 fidei

568 796 797 850 veritate
811 802 1102 856 servatum,
1126 802 1176 845 ut
1193 806 1314 847 cum
1334 790 1384 845 in
1404 789 1564 845 domo
1578 788 1811 844 Cornelii
1826 787 2159 844 centurionis

567 904 731 959 super
757 885 1106 955 etlmirosqui
1132 885 1241 939 illic
1267 882 1490 939 aderant
1510 882 1629 937 fidei
1661 882 1839 937 calore
1868 881 2156 946 ferventes,

567 992 623 1035 ct
670 980 719 1033 in
756 979 1036 1033 Dominum
1084 987 1195 1031 toto
1246 976 1407 1030 corde
1458 975 1742 1031 credentes
1789 973 2161 1029 descendisset

566 1074 800 1147 Spiritus
831 1084 1079 1137 sanctus,
1113 1087 1218 1143 quo
1249 1072 1519 1140 adimpleti
1558 1072 1721 1126 variis
1763 1071 1959 1143 linguis
1993 1072 2157 1127 Deum

566 1168 978 1231 henedicereut;
1012 1166 1357 1221 nihilominus
1406 1175 1582 1221 tamen
1616 1167 1828 1222 beatum
1856 1166 2156 1236 apostolum

568 1261 808 1325 Petrum,
842 1259 1009 1313 divini
1045 1258 1296 1328 praecepti
1319 1268 1479 1327 atque
1508 1259 1778 1330 Evangelii
1820 1274 2111 1315 memorem
2140 1301 2156 1325 ,

568 1351 891 1423 prtecepisse
933 1360 990 1403 ut
1020 1349 1418 1418 baptizarentur
1446 1350 1605 1405 iidem
1639 1351 1738 1417 illi,
1774 1350 1863 1421 qui
1889 1351 2000 1421 jam
2043 1349 2159 1404 fue-

564 1454 687 1501 rant
718 1452 906 1499 sancto
935 1442 1133 1512 Spiritu
1169 1443 1346 1511 pleni:
1378 1454 1435 1498 ut
1466 1445 1597 1498 nihil
1634 1446 2051 1514 praetermissum
2080 1447 2158 1501 vi-

2258 501 2595 573 Baptismum
2639 509 2818 555 autem
2864 516 2972 555 non
3019 512 3140 553 esse
3185 510 3295 568 quo
3331 492 3568 548 hmretici
3602 500 3859 561 utuntur,

2260 613 2361 653 nec
2389 612 2708 667 quemquam
2746 595 2886 666 apud
2936 608 3051 661 eos,
3099 591 3191 661 qui
3232 589 3448 645 Christo
3479 586 3862 654 adversantur,

2261 706 2357 763 per
2393 692 2621 761 gratiam
2645 687 2845 745 Christi
2870 702 3027 757 posse
3051 684 3336 757 proficere,
3370 680 3662 752 diligenter
3688 694 3863 750 nuper

2262 798 2577 853 expressum
2601 792 2683 838 est
2711 783 2763 837 in
2795 781 3043 852 epistola,
3076 794 3197 848 qua:
3219 776 3284 831 ad
3307 775 3563 842 Quintum
3592 773 3861 845 collegam

2265 889 2506 935 nostrum
2530 880 2580 932 in
2598 875 2911 932 Mauritania
2931 873 3280 930 constitutum
3312 885 3477 940 super
3492 884 3553 923 ea
3577 884 3636 923 re
3660 870 3861 939 scripta

2261 982 2365 1037 est,
2392 974 2517 1028 item
2549 973 2599 1026 in
2628 970 2820 1026 litteris
2843 983 2977 1039 quas
2997 966 3222 1038 collega:
3246 965 3412 1020 nastri
3435 964 3501 1019 ad
3526 963 3810 1034 episcopos
3836 973 3859 1003 ε

2264 1071 2318 1125 in
2349 1067 2590 1124 Numidia
2616 1064 2967 1135 praesidentes
3007 1073 3132 1117 ante
3161 1060 3404 1116 fecerunt
3436 1075 3451 1115 :
3497 1056 3653 1129 cujus
3678 1058 3869 1113 utrius-

2262 1182 2368 1239 que
2397 1162 2640 1234 epistola:
2665 1159 2912 1230 exempla
2949 1156 3182 1212 subdidi.

2336 1258 2399 1313 Il.
2420 1256 2678 1312 Addimus
2701 1256 2857 1328 plane
2870 1262 2924 1309 et
2948 1249 3317 1321 adjungimus,
3345 1246 3510 1303 frater
3526 1246 3868 1314 charissime,

2262 1368 2530 1409 consensu
2573 1360 2627 1406 et
2678 1349 2996 1404 auctoritate
3047 1342 3341 1407 communi,
3395 1352 3452 1395 ut
3495 1340 3658 1397 etiam
3699 1340 3869 1410 siqui

2264 1444 2565 1517 presbyteri
2609 1451 2704 1497 aut
2740 1439 2972 1505 diaconi,
3011 1436 3100 1508 qui
3132 1436 3215 1491 vel
3247 1433 3300 1488 iu
3327 1433 3565 1489 Ecclesia
3597 1434 3863 1490 catholica

565 1538 807 1603 deretur,
847 1536 1132 1605 quon'iiuus
1169 1550 1263 1605 per
1294 1538 1472 1592 omnia
1514 1537 1682 1592 divini
1714 1539 1969 1609 praecepti
1998 1549 2161 1611 atque
2193 1532 2238 1593 Β
2268 1539 2416 1610 prius
2458 1535 2693 1591 ordinati
2738 1533 2961 1598 fuerint,
3008 1541 3065 1588 et
3095 1525 3440 1601 postmodum
3470 1525 3665 1598 perfidi
3694 1540 3758 1582 ac
3784 1542 3875 1582 re-

1796 1653 2179 1713 LECTIONES
2216 1655 2306 1712 VA
2316 1653 2631 1711 RIANTES.

629 1755 657 1783 ³
690 1752 843 1803 Natus
867 1752 1016 1804 fuerit
1042 1755 1172 1805 Lam.
1199 1753 1344 1804 Ebor.
1370 1754 1477 1805 ΝΟ.
1508 1756 1554 1804 1.

629 1814 660 1853 ι’
692 1816 947 1879 Evangelii
970 1817 1087 1879 lege
1117 1819 1250 1868 Lam.
1278 1814 1419 1868 Ebor.
1451 1817 1558 1869 NG.
1588 1818 1631 1865 1.

2266 1818 2289 1868 1
2328 1757 2373 1867 02
2390 1753 2715 1868 Clogpiscopos
2753 1753 2802 1802 in
2838 1751 3063 1802 Numidia
3102 1751 3238 1802 Lam.
3264 1748 3412 1802 Ebor.
3444 1747 3568 1801 Bod.
3598 1749 3643 1810 l,
3686 1746 3735 1809 2,
3765 1746 3874 1800 NG.

2299 1852 2314 1877 ’
2343 1852 2392 1877 α,
2422 1852 2531 1868 HI...

1928 1901 2290 1961 VARIORUM
2330 1900 2561 1959 NOTAE.

568 2019 930 2084 meminerim,
955 2019 1195 2084 adduxit,
1228 2018 1625 2088 intelligendam
1646 2033 1767 2074 esse
1787 2018 1992 2082 verbis,
2024 2028 2171 2072 utro-

608 2109 667 2146 ue
721 2093 1076 2157 Sacramenta,
1108 2107 1212 2144 non
1268 2106 1459 2159 aquam
1518 2090 1774 2159 Baptismi
1825 2100 1880 2145 et
1937 2089 2172 2160 Spiritus

608 2109 667 2146 ue
721 2109 1076 2157 sacramento,
1108 2109 1212 2144 non
1268 2109 1459 2159 aquam
1519 2109 1774 2159 DapllSlm
1825 2109 1880 2145 et
1938 2109 2169 2160 Spiritus

566 2109 760 2221 Sancti
781 2165 1003 2232 gratiam
1072 2163 1123 2216 in
1183 2177 1249 2216 eo
1298 2162 1572 2227 collatam,
1624 2177 1798 2229 neque
1828 2162 2169 2231 Baptismum

569 2250 871 2305 manusque
920 2233 1312 2304 impositioncm
1356 2235 1815 2305 inptenitentiam,
1866 2234 2036 2289 multo
2074 2234 2173 2287 nti-

571 2304 1054 2376 nus‘Baptismum
1098 2314 1259 2373 atque
1312 2304 1742 2373 Eueharistiam,
1798 2306 1892 2360 sed
1917 2305 2172 2376 Baptismi

569 2387 629 2433 et
682 2374 1115 2432 confirmationis
1188 2388 1542 2431 sacramenta.
1611 2376 1793 2448 Neque
1861 2374 2172 2448 aliteriex-

567 2458 861 2521 ponentem
922 2453 1063 2503 hunc
1112 2456 1183 2521 et_
1225 2449 1534 2503 consimiles
1586 2447 1733 2505 locos
1793 2449 1953 2505 etiam
1998 2447 2175 2521 Mara-

571 2517 702 2577 itum
781 2520 937 2574 video
1010 2521 1062 2574 in
1149 2518 1457 2591 Prazfatiouc
1520 2521 1587 2574 ad
1646 2521 1707 2576 S.
1766 2521 2013 2591 Cypriani
2070 2517 2171 2589 ορ.

573 2610 629 2664 p.
685 2595 790 2648 xvit
813 2602 867 2645 et
918 2607 1074 2664 xvnt,
1103 2591 1231 2664 etsi
1268 2591 1537 2664 existimet
1566 2591 1611 2646 is
1673 2594 1924 2663 quidem,
1969 2602 2173 2664 patrem

572 2662 723 2720 illum
772 2679 876 2719 non
937 2662 1225 2717 neseivisse
1286 2663 1650 2733 Stephanum,
1692 2662 1748 2718 et
1814 2665 1903 2732 qui
1972 2663 2039 2717 ab
2081 2662 2175 2716 illo

574 2738 811 2801 stabant,
868 2736 935 2789 de
987 2750 1237 2789 manuum
1288 2735 1629 2802 impositione
1674 2735 1727 2789 in
1768 2734 2170 2805 paenitentiam,

574 2808 845 2863 haereticis
921 2807 1140 2860 omnino
1208 2806 1512 2861 necessaria
1560 2807 1625 2861 ad
1704 2805 1961 2875 Spiritum
2045 2821 2173 2859 sau-

575 2891 720 2933 etum
763 2877 1166 2945 accipiendum,
1224 2893 1329 2931 non
1381 2877 1449 2932 de
1498 2888 1835 2933 sacramento
1885 2876 2176 2933 Confirma-

2280 2030 2335 2074 to
2388 2027 2510 2089 post
2555 2017 2804 2075 emudem
2855 2016 3181 2089 Cyprianum
3224 2013 3491 2089 Quintus,
3544 2012 3880 2089 Mauritaniae

2277 2085 2585 2158 episcopus,
2607 2089 2797 2145 eadem
2824 2085 2974 2145 dere
2990 2087 3281 2147 consuluit,
3313 2085 3621 2154 notavitque
3642 2100 3755 2144 eos.
3784 2086 3877 2154 qui
3933 2124 3937 2128 η

2279 2163 2570 2218 redeuntes
2601 2161 2887 2218 haereticos
2926 2175 3032 2214 non
3070 2159 3415 2227 baptizabant
3439 2200 3455 2221 ,
3479 2172 3677 2211 morem
3709 2173 3870 2212 suum

2281 2234 2381 2289 hac
2402 2233 2598 2304 duplici
2614 2233 2823 2288 ratione
2850 2232 3060 2297 fulcire,
3079 2229 3218 2304 quod
3240 2230 3491 2285 nimirum
3510 2229 3683 2282 dicunt
3709 2245 3873 2304 unum

2281 2302 2547 2377 Baptismo
2573 2322 2698 2377 esse,
2744 2315 2795 2360 et
2832 2320 2938 2358 sese
2973 2304 3025 2377 in
3061 2302 3163 2377 _ltoc
3202 2302 3874 2377 veteremconsuetudinetn

2280 2372 2441 2445 sequi.
2469 2377 2604 2432 Tum
2635 2373 3026 2449 Cypriauusrad
3050 2373 3307 2442 Quintum
3329 2372 3777 2449 misitepistolam
3806 2373 3875 2427 ad

2282 2442 2539 2505 Numidas
2574 2442 2863 2520 scriptam,
2908 2448 3067 2520 eique
3097 2459 3288 2499 novam
3330 2444 3546 2520 adjecit.
3578 2442 3877 2520 Utramque

2281 2538 2411 2576 vero
2444 2516 2720 2591 Stephano
2758 2518 3071 2591 mittenda_m
3111 2531 3232 2591 esse
3268 2516 3499 2571 concilio
3541 2516 3717 2591 visum
3767 2528 3871 2583 est,

2279 2593 2420 2664 quod
2451 2587 2689 2647 habitum
2720 2593 2818 2647 fuit
2845 2607 2965 2647 cum
2993 2588 3292 2661 Cyprianus
3313 2605 3484 2664 nuper
3517 2587 3596 2664 ad
3616 2588 3871 2664 Quintum

2277 2658 2607 2733 scripsisset.
2647 2658 3051 2719 Desiderabaot
3078 2658 3236 2715 certe
3295 2659 3431 2733 Afri,
3462 2671 3520 2733 ut
3562 2658 3871 2732 Stephanus

2278 2730 2491 2791 celebre
2515 2736 2646 2791 illud
2668 2737 2945 2792 decretum
2972 2734 3208 2788 firmaret
3234 2732 3376 2802 quod
3402 2730 3646 2801 epistola!
3663 2730 3733 2787 ad
3762 2732 3873 2788 Nu-

2278 2808 2452 2863 midas
2480 2811 2827 2864 inseruerunt
2860 2827 2873 2861 :
2901 2804 3253 2873 Baptizandus
3273 2814 3347 2858 est
3375 2814 3423 2857 et
3446 2804 3768 2860 innovandus
3785 2808 3874 2878 qui

2277 2881 2347 2934 ad
2378 2879 2658 2934 Ecclesium
2687 2879 2831 2933 rudis
2861 2878 3017 2943 venit,
3049 2887 3102 2929 ut
3126 2877 3261 2930 intus
3299 2893 3389 2946 per
3408 2889 3611 2932 sanctos
3637 2880 3872 2947 sancti/io

578 2952 763 3012 tionis,
790 2944 1029 3023 locutos;
1066 2948 1204 3023 haud
1236 2950 1377 3002 enim
1417 2964 1736 3018 repugnare.
1770 2960 1829 3023 ut
1871 2947 2171 3023 Cyprianus
2197 2944 2243 3008 C
2277 2963 2439 3007 cetur.
2472 2952 2539 3008 At
2568 2952 2801 3023 probare
2827 2965 2935 3005 non
2961 2948 3135 3023 potuit
3166 2947 3211 3001 is
3240 2944 3512 3023 pontifex,
3545 2951 3691 3020 quod
3738 2944 3867 3019 apo-

574 3038 705 3077 ansa
728 3023 793 3076 ab
813 3020 1136 3076 adversariis
1151 3033 1370 3087 accepta
1390 3031 1782 3075 sacramentum
1796 3021 2172 3076 (lonfirmatio-

578 3096 664 3148 nis
690 3093 989 3147 iterandum
1022 3106 1141 3146 esse
1170 3100 1449 3155 statueret,
1474 3092 1863 3161 quamvisillud
1884 3092 1950 3145 ab
1980 3092 2170 3146 iisdem

578 3165 759 3219 iterari
813 3164 1031 3218 minime
1059 3162 1444 3228 suspicaretur.
1489 3163 1583 3217 sed
1629 3177 1724 3217 eos
1773 3165 1937 3219 sciret
1981 3177 2172 3217 manus

579 3236 977 3305 impositionem
1029 3235 1080 3288 in
1138 3234 1505 3305 pteuiteutiam
1566 3244 1767 3289 tantum
1815 3235 2170 3296 intellexisse,

580 3304 741 3377 quam
772 3308 836 3359 ad
869 3307 1122 3376 Spiritum
1151 3304 1533 3377 conferendum
1560 3305 1918 3359 necessariam
1949 3316 2174 3377 putave—

581 3375 713 3434 rint.
739 3375 948 3433 Videsis
971 3391 1144 3432 tamen
1169 3393 1286 3447 qua:
1314 3375 1451 3430 infra
1481 3377 1547 3431 ad
1572 3377 1731 3431 modo
1760 3377 1961 3431 dictum
1982 3376 2175 3430 Neme-

578 3450 717 3504 siani
768 3449 1078 3518 suffragium
1108 3450 1158 3502 in
1188 3449 1384 3502 concil.
1418 3464 1509 3501 vn.
1538 3463 1589 3518 p.
1625 3449 1715 3509 9'5.
1767 3450 2059 3503 annotabo.
2110 3448 2176 3501 Et

580 3522 827 3576 conferas
853 3538 970 3588 qua:
1000 3521 1064 3575 ad
1094 3520 1401 3587 suffragium
1429 3529 1673 3573 octavum
1698 3520 1937 3588 ejusdem
1960 3519 2173 3573 concilii

584 3608 708 3648 mox
759 3592 1028 3646 dif‘llllllll‘.
1063 3591 1159 3645 llic
1206 3605 1334 3643 Vero
1372 3593 1604 3645 maxime
1654 3590 1855 3645 idCll‘CO
1910 3591 2174 3644 mouenda

584 3664 703 3719 haec
732 3663 893 3727 duxi,
936 3663 1075 3731 quod
1102 3663 1170 3717 de
1224 3661 1495 3731 Baptismo
1530 3670 1584 3716 et
1610 3662 1945 3717 Eucharistia
2000 3663 2173 3716 locant

585 3738 761 3789 minus
790 3748 933 3790 recte
950 3742 1273 3803 exposuerat
1299 3733 1549 3800 Anglicus
1576 3733 1860 3804 interpres.
1891 3734 2101 3789 lloura.

659 3806 905 3861 Renatus.
923 3806 1161 3873 Quatuor
1173 3805 1374 3873 antiqui
1389 3806 1602 3859 codices
1617 3805 1814 3859 habent
1826 3807 1992 3860 denuo
2004 3817 2174 3860 natus.

587 3877 720 3945 Qua!
760 3879 919 3933 lectio
961 3893 1065 3931 non
1106 3877 1376 3945 diSplicet,
1416 3891 1536 3929 cum
1583 3892 1686 3931 vox
1725 3878 1891 3931 denuo
1918 3890 2095 3932 exstet
2124 3880 2177 3931 in

579 3950 762 4019 capite
810 3950 967 4003 tertio
1012 3948 1285 4018 Evangelii
1313 3947 1605 4002 secundum
1633 3949 1918 4014 Joannem,
1966 3964 2031 4004 ex
2072 3963 2179 4019 quo

584 4022 738 4077 locus
770 4021 872 4076 iste
902 4022 1095 4089 petitus
1123 4031 1224 4074 est.
1257 4020 1360 4075 Sed
1396 4029 1520 4088 puto
1554 4019 1911 4091 Cyprianum,
1944 4022 2031 4089 qui
2074 4022 2177 4074 alia

588 4092 836 4147 versione
883 4094 1132 4146 utebatur
1170 4108 1327 4161 quam
1374 4093 1580 4162 vulgata
1635 4102 1846 4156 nostra,
1899 4093 2181 4160 scripsisse

584 4175 813 4219 renatus.
853 4164 1139 4219 BALUZlUS.
1159 4194 1229 4203 —
1258 4162 1428 4217 Natus
1452 4176 1560 4217 tres
1591 4164 1776 4231 scripti
1818 4165 1867 4217 in
1895 4164 1977 4216 ed.
2006 4165 2176 4218 Oxon.

586 4238 915 4293 memorati.
966 4245 1021 4289 et
1075 4236 1229 4289 editio
1272 4233 1523 4305 Cypriani
1583 4236 1859 4359 princelps,
1924 4234 2174 4289 Romana.

1806 4322 1964 4359 cura.

1806 4322 1964 4361 OUTH.

661 4377 732 4433 Et
757 4379 957 4447 spiritu.
1002 4378 1059 4432 In
1108 4393 1208 4432 ms.
1237 4376 1392 4431 Colb.
1421 4376 1508 4431 hic
1533 4377 1746 4431 additur
1786 4387 1960 4430 sancto
1994 4394 2013 4431 :
2041 4376 2184 4448 quod

590 4452 782 4507 abesse
809 4450 1004 4504 debere
1032 4449 1299 4503 Pomelins
1328 4458 1473 4503 recte
1508 4449 1717 4518 probat.
1751 4448 1831 4503 Eo
1856 4460 2032 4503 autem
2075 4453 2181 4504 Ac-

590 4536 739 4578 tuum
767 4522 1183 4591 aposnnlicorum
1229 4520 1494 4589 exemplo,
1541 4534 1649 4590 quo
1695 4536 1837 4574 nunc
1888 4519 2185 4592 Cyprianus

586 4598 911 4650 sententiam
943 4607 1092 4646 suam
1119 4592 1301 4647 fulcire
1334 4593 1534 4657 nititur,
1564 4594 1876 4662 Anonymus
1902 4591 2185 4661 aRigaltio

591 4667 662 4721 ad
691 4666 893 4719 calcem
935 4679 1157 4729 operum
1186 4663 1502 4720 Tertulliani
1541 4662 1717 4717 editus
1743 4664 1987 4734 apposite
2020 4666 2186 4719 utitur

593 4738 660 4791 ad
703 4752 821 4792 eam
873 4734 1275 4791 confutandam.
1307 4734 1434 4789 lude
1485 4735 1625 4788 enim
1657 4736 1889 4790 ostendit
1926 4735 2182 4803 Spiritum

588 4810 846 4864 Sanctum
876 4808 1073 4877 percipi
1104 4808 1340 4875 potuisse
1356 4808 1472 4860 sine
1502 4806 1793 4877 Baptismo,
1811 4808 1947 4861 sicut
1979 4806 2186 4875 Baptis-

592 4894 745 4935 mum
775 4879 892 4932 sine
918 4876 1354 4933 Confirmationis
1381 4876 1719 4931 sacramento
1739 4876 1986 4932 collatum
2020 4878 2186 4933 fuisse

588 4952 712 5006 aliis
745 4950 1058 5005 earumdem
1098 4950 1326 5005 Actuum
1373 4950 1637 5019 exemplis
1674 4949 2011 5005 demonstrat
2044 4947 2186 5005 Con-

591 5038 784 5079 STANT.

662 5097 744 5149 Ad
772 5095 1037 5162 Quintum.
1068 5093 1239 5163 Epist.
1272 5108 1420 5148 uxr.
1449 5091 1647 5147 BALUZ.

664 5169 745 5221 Ad
768 5167 1052 5236 Episc0pos
1064 5165 1117 5218 in
1141 5165 1406 5220 Numidia.
1427 5164 1522 5219 Est
1549 5180 1614 5221 ea
1657 5164 1879 5236 epistola
1904 5164 2182 5236 synodica,

593 5254 716 5311 qua:
740 5238 918 5292 statim
938 5249 1063 5311 ante
1090 5240 1260 5308 posita
1288 5248 1388 5311 est.
1415 5237 1624 5291 Reum.

667 5313 833 5365 Porro
863 5310 1087 5381 epistola
1130 5325 1235 5363 Lxx
1264 5310 1462 5377 scripta
1514 5321 1597 5363 est
1636 5311 1853 5363 nomine
1898 5308 2183 5381 Cypriani,

591 5382 879 5445 Liberalis,
914 5380 1163 5435 Caldonii
1206 5380 1545 5449 aliorumque
1593 5381 1683 5449 qui
1718 5382 1768 5433 iu
1797 5380 2029 5436 concilio
2055 5396 2186 5435 eon-

591 5457 793 5525 gregati
820 5455 1027 5507 litteras
1055 5454 1293 5525 legerant
1337 5452 1404 5506 ab
1432 5451 1732 5506 octodecim
1766 5451 2029 5506 Numidia:
2054 5454 2187 5525 epi-

592 5522 773 5595 scopis
801 5525 1013 5589 missas,
1034 5526 1227 5594 quibus
1251 5522 1630 5596 Cyprianusac
1660 5525 1789 5577 socii
1823 5524 2184 5578 consuleban-

591 5605 685 5651 tttr
711 5597 775 5651 de
802 5597 863 5649 iis
897 5596 985 5664 qui
1008 5596 1149 5665 apud
1175 5596 1437 5649 haereticos
1467 5606 1513 5647 et
1551 5595 1901 5649 schismaticos
1946 5597 2190 5666 baptizati

592 5669 846 5731 videntur,
886 5684 953 5719 au
996 5669 1064 5719 arl
1108 5666 1391 5721 Ecclesium
1437 5667 1765 5728 catholicam.
1801 5682 1914 5734 qua
1947 5684 2050 5721 una
2089 5680 2181 5735 est,

594 5739 844 5809 uenientes
876 5738 1125 5805 baptizari
1154 5738 1383 5791 debeant.
1417 5736 1715 5809 Rescripsit
1745 5737 2028 5809 concilium
2048 5780 2063 5804 ,
2099 5740 2188 5793 cui

593 5804 894 5878 Cyprianus
922 5804 1173 5875 przeerat,
1197 5823 1293 5863 eos
1319 5804 1669 5875 baptizandus
1689 5822 1829 5864 esse.
1864 5808 2016 5865 Haud
2046 5810 2189 5865 mul-

2275 3027 2480 3080 stolicre
2526 3022 2802 3079 traditioni
2834 3022 3340 3091 contrariumcerto
3368 3022 3593 3077 sciebat.
3626 3023 3870 3091 Quapro-

2276 3105 2398 3165 pter
2424 3095 2658 3151 eoncilio
2685 3101 3011 3165 congregato
3057 3104 3111 3146 et
3150 3090 3357 3165 litteras
3394 3091 3493 3147 sibi
3524 3094 3719 3150 missas
3743 3109 3873 3150 con-

2277 3161 2487 3228 futavit,
2520 3178 2573 3222 et
2598 3161 2820 3221 decreto
2852 3165 2960 3220 illis
2990 3167 3195 3221 inserto
3234 3161 3372 3218 hanc
3412 3168 3662 3235 opposuit
3685 3165 3873 3221 delini-

2278 3240 2477 3293 tionem
2513 3255 2525 3291 ε
2555 3237 2617 3294 Si
2645 3238 2758 3307 quis
2793 3253 2912 3307 ergo
2942 3254 2971 3289 α
2997 3252 3312 3305 quacumque
3348 3235 3529 3290 heresi
3577 3238 3765 3291 venerit
3804 3240 3875 3293 ad

2277 3327 2391 3375 nos,
2430 3310 2559 3363 nihil
2584 3311 2874 3369 innovatur,
2907 3308 3007 3361 nisi
3039 3309 3177 3375 quod
3212 3307 3458 3360 traditum
3483 3319 3577 3373 est,
3612 3320 3665 3362 ut
3691 3327 3875 3366 manus

2277 3382 2358 3435 illi
2382 3382 2677 3449 imponatur
2693 3381 2746 3433 in
2769 3380 3133 3449 pwnitentiain.
3154 3379 3229 3434 Ex
3256 3378 3354 3432 ltac
3379 3378 3524 3433 brevi
3540 3384 3874 3448 expositione

2279 3448 2593 3521 intelligitur
2617 3452 2744 3523 quid
2774 3448 2874 3505 Sibi
2906 3450 3032 3504 velit
3059 3448 3363 3523 Stephanus
3392 3449 3473 3504 his
3502 3453 3705 3505 verbis:
3734 3454 3871 3507 nihil

2278 3520 2564 3577 innovetur.
2600 3520 2850 3577 Dixeram
2882 3523 3078 3591 quippe
3122 3520 3269 3577 Afri:
3304 3520 3646 3593 Baptisandus
3696 3534 3768 3577 est
3818 3534 3870 3578 et

2279 3594 2620 3649 inuovandus.
2663 3594 2797 3649 Cutn
2843 3594 3003 3663 igitur
3059 3594 3367 3664 Stephanus
3410 3594 3488 3646 his
3542 3596 3869 3651 contrariam

2281 3666 2501 3721 edicens
2533 3668 2852 3721 sententiam
2877 3666 2973 3726 ait.
2991 3666 3121 3718 nihil
3136 3667 3420 3727 iuuaretur,
3450 3663 3875 3723 subaudiendum

2281 3750 2388 3801 est,
2410 3740 2546 3791 circa
2575 3737 2916 3809 Baptisntunt,
2946 3739 3040 3791 sed
3070 3747 3320 3809 teneatur
3366 3752 3430 3809 ac
3460 3749 3702 3791 servetur
3740 3741 3880 3809 quod

2282 3810 2525 3864 traditum
2552 3820 2647 3863 est.
2682 3808 2810 3862 Inde
2836 3808 2996 3861 etiam
3022 3808 3337 3877 percipitur,
3362 3807 3786 3876 disputationem
3811 3812 3881 3867 de

2283 3880 2559 3949 Baptismo
2585 3879 2958 3934 haereticorum
2984 3880 3035 3932 in
3067 3878 3309 3933 Numidia
3326 3880 3609 3934 excitatam
3640 3881 3875 3948 primum

2282 3951 2535 4025 Cypriani
2583 3968 2646 4006 ac
2685 3952 2953 4025 sociorum
2986 3961 3207 4016 statuto,
3258 3960 3417 4025 atque
3469 3950 3571 4025 hoc
3619 3963 3878 4009 statutum

2282 4022 2477 4079 deinde
2505 4024 2912 4083 controversias,
2936 4038 3055 4092 qutc
3082 4032 3360 4093 tantopere
3386 4022 3715 4091 Stephanum
3738 4025 3884 4080 inter

2283 4110 2347 4149 ac
2384 4094 2713 4167 Cyprianum
2745 4095 2979 4158 exarsit,
3024 4110 3241 4149 causam
3291 4104 3345 4148 et
3371 4096 3632 4162 originem
3664 4096 3885 4154 dedisse

3386 4166 3695 4221 Cousnx‘r.

2357 4242 2419 4296 ll.
2438 4239 2782 4293 -—Autetiant
2797 4237 2957 4304 siqui,
2981 4246 3084 4291 etc.
3106 4236 3332 4293 Nilidior
3345 4237 3496 4292 fieret
3511 4238 3709 4301 oratio,
3730 4241 3773 4291 si
3794 4240 3886 4295 hic

2208 4344 2262 4404 D
2288 4312 2547 4404 particula
2580 4320 2633 4393 ut
2651 4317 2934 4404 CX'jtllnClEl‘,
2957 4310 3227 4404 legeretur
3244 4310 3395 4363 etiam
3423 4310 3465 4363 si
3488 4313 3572 4404 qui
3598 4310 3885 4397 presbyteri

2290 4378 2377 4437 aut
2421 4383 2623 4436 diaconi
2652 4382 2729 4435 vel
2767 4383 2819 4434 in
2842 4378 3093 4452 Ecclesia,
3126 4396 3415 4451 suppresso
3451 4378 3724 4450 postremo
3750 4378 3883 4452 qui.

2294 4455 2349 4510 In
2382 4470 2489 4509 uno
2531 4469 2633 4508 ms.
2669 4454 2966 4508 recentiore
2987 4451 3140 4506 Colb.
3194 4453 3418 4506 habetur
3450 4462 3541 4505 aut
3576 4451 3787 4507 diaconi
3802 4458 3887 4510 vel

2288 4529 2456 4583 clerici
2486 4533 2537 4580 tn
2574 4523 2806 4579 Ecclesia
2829 4540 2847 4577 :
2874 4523 2966 4577 sed
2997 4523 3152 4592 hujus
3177 4524 3379 4579 codicis
3406 4524 3554 4593 plura
3584 4526 3718 4589 loca,
3746 4526 3879 4582 alibi

2289 4610 2477 4669 aperte
2508 4595 2787 4669 vitiata,ei
2810 4593 3100 4669 detrahunt
3121 4599 3513 4669 auctoritatem.
3539 4596 3667 4669 Ejus
3698 4606 3879 4669 tamen

2290 4665 2505 4727 lectioni
2540 4668 2683 4723 favet
2713 4668 3053 4721 Innocentius
3078 4665 3120 4731 l,
3152 4669 3308 4736 epist.
3336 4683 3422 4722 XVI
3446 4668 3512 4721 ad
3541 4666 3882 4737 Macedonas,

2290 4758 2344 4797 η.
2379 4746 2433 4807 8,
2469 4740 2555 4794 ubi
2586 4739 2653 4794 de
2685 4738 2769 4805 iis,
2802 4740 2890 4808 qui
2923 4738 2989 4790 ab
3028 4737 3291 4808 lia-reticis
3334 4738 3580 4808 haptizati
3617 4740 3886 4796 ordinati-

2288 4829 2394 4884 que
2414 4813 2478 4867 ad
2502 4807 3423 4884 Ecclesiamtrauseuut,ait,Nostrae
3446 4812 3530 4863 lea:
3546 4823 3618 4863 est
3636 4810 3888 4867 Ecclesia!

2292 4880 2373 4939 his
2420 4902 2510 4957 per
2536 4899 2742 4957 Antanus
2792 4880 3187 4957 impositioneut,
3210 4881 3399 4957 laicant
3422 4891 3617 4957 tantum
3661 4883 3890 4957 tribuere

2290 4952 2731 5019 communionem,
2774 4969 2871 5006 nea:
2910 4968 2973 5006 ea:
2999 4952 3076 5005 Itis
3116 4953 3332 5020 aliquem
3380 4954 3434 5005 in
3480 4953 3748 5007 clericatus
3792 4955 3892 5009 lto-

2289 5045 2464 5083 norem
2516 5026 2592 5080 vel
2640 5026 2877 5096 exiguum
2914 5024 3206 5095 subrogare.
3234 5023 3343 5077 Eos
3388 5035 3565 5079 autem
3597 5026 3745 5094 quia
3779 5025 3890 5081 Ca-

2290 5100 2479 5154 tholica
2516 5098 2584 5150 ad
2627 5096 2855 5150 Itwresim
2901 5096 3235 5168 transierunt,
3282 5106 3542 5168 praeterea
3564 5096 3730 5168 docet
3779 5114 3889 5153 non

2289 5173 2438 5226 aliter
2463 5178 2693 5241 aportere
2716 5168 2813 5241 nisi
2839 5183 2929 5241 per
2957 5166 3302 5233 paenitentiam
3322 5168 3527 5237 suscipi.
3561 5166 3695 5241 Tum
3725 5184 3885 5241 num.

2290 5244 2324 5298 9
2356 5239 2639 5309 utrumque
2662 5240 2811 5308 ponit
2837 5239 2979 5292 inter
3014 5241 3220 5307 regulas
3248 5251 3452 5309 veteres,
3485 5254 3611 5307 quas
3637 5239 3702 5292 ab
3733 5240 3889 5309 Apo-

2290 5314 2434 5369 stolis
2459 5314 2535 5366 vel
2560 5310 2863 5380 Apostolicis
2888 5310 3010 5362 viris
3040 5311 3254 5363 traditas
3279 5308 3503 5364 Ecclesia
3536 5310 3768 5364 Romana
3788 5308 3888 5365 cu-

2288 5386 2464 5439 stodit.
2522 5383 2729 5452 Quibus
2786 5396 2907 5452 cum
2973 5392 3395 5436 consentaneum
3446 5382 3514 5436 sit
3575 5383 3886 5438 subnexum

2290 5457 2525 5512 Africani
2548 5450 2779 5509 'concilii
2822 5450 3120 5517 decretum,
3174 5452 3365 5507 mirum
3396 5469 3502 5507 non
3547 5461 3630 5509 est
3674 5453 3805 5508 illud
3850 5470 3885 5510 δ

2291 5530 2562 5598 Stephano
2614 5526 2833 5598 mininle
2882 5522 3049 5598 fuisse
3099 5524 3519 5598 contradictnm.
3586 5522 3700 5598 Non
3761 5526 3889 5581 ideo

2292 5594 2467 5654 tamen
2522 5598 2622 5652 hoc
2667 5598 2718 5649 iu
2770 5594 3007 5649 Ecclesia
3060 5596 3308 5661 obtinuit,
3349 5600 3469 5664 quia
3504 5596 3885 5652 haereticorum

2292 5671 2557 5725 ordinatio
2587 5667 2731 5722 nulla
2759 5675 3102 5731 censeretur;
3129 5668 3221 5721 sed
3250 5669 3370 5737 quia
3405 5668 3495 5722 Dei
3523 5668 3801 5722 ministros
3842 5686 3877 5723 a

2289 5741 2707 5813 reprehensione
2735 5738 3089 5813 alienosesse
3117 5748 3275 5809 atque
3313 5740 3680 5813 imntaculatos
3704 5737 3875 5813 dece-

2292 5806 2394 5870 rei.
2424 5813 2684 5881 Quocirca
2715 5812 2758 5865 si
2786 5806 2999 5878 quando
3024 5824 3053 5863 a
3082 5806 3351 5865 communi
3376 5810 3491 5881 lege
3511 5809 3716 5880 excepti
3747 5821 3876 5865 sunt
