4256 6250
362 247 505 305 1049

1541 242 1801 300 CONCILI
1814 246 1850 297 Α
1894 242 1976 296 CA
1985 238 2483 297 RTHAGINENSIA
2498 278 2508 292 .

3513 232 3654 289 1050

358 357 537 417 belles
556 365 743 414 contra
777 355 1078 412 Eeclesiam
1105 355 1374 422 steterint,
1400 354 1483 410 vel
1513 355 1652 423 apud
1677 355 1958 410 htereticos
1985 356 2033 414 Α
2066 352 2159 408 Dei
2206 352 2457 423 populum
2513 351 2718 406 hostilis
2768 348 3050 405 discordia:
3107 349 3287 404 lurore
3336 348 3652 420 pugnasse?

357 467 388 507 a
429 450 907 523 pseudoepiseopis
932 457 987 504 et
1014 449 1342 504 antichristis
1371 458 1555 503 contra
1588 448 1787 503 Christi
1842 448 1955 503 dis-

358 544 684 616 positionem
717 541 935 611 profana
967 543 1303 597 ordinatione
1330 542 1557 613 promoti
1579 542 1708 606 sint,
1740 552 1793 596 et
1820 557 1955 596 con-

362 645 446 693 tra
478 636 646 692 altare
688 650 852 690 unum
897 644 1056 705 atque
1085 634 1323 689 divinum
1363 634 1619 689 sacriﬁcia
1661 634 1789 689 foris
1821 634 1951 690 falsa

357 744 423 785 ac
448 728 709 799 sacrilega
737 727 931 783 oll‘erre
957 729 1132 783 conati
1166 728 1293 791 sint,
1322 742 1416 781 eos
1442 743 1656 798 quoque
1686 727 1787 782 hac
1816 742 1949 781 eon-

355 823 562 879 ditione
600 832 625 859 ιι
657 822 857 892 suscipi
888 837 1010 877 cum
1040 833 1403 885 revertuntur,
1450 832 1506 876 nt
1550 823 1955 877 communicent

357 916 501 979 laici,
529 924 587 971 et
618 915 749 970 satis
780 914 1035 981 habeant,
1069 915 1207 986 quod
1241 914 1597 969 admittuntur
1636 915 1699 967 ad
1744 929 1950 985 pacem,

359 1011 448 1083 qui
473 1009 660 1065 hostes
688 1010 834 1079 pacis
864 1012 1191 1073 exstiterint;
1218 1024 1317 1065 nec
1338 1009 1537 1065 debere
1559 1024 1653 1064 eos
1678 1019 1953 1064 reverteri--

358 1112 534 1159 tentes
576 1118 637 1158 ea
684 1101 826 1173 apud
876 1118 973 1158 nos
1017 1103 1370 1159 ordinationis
1428 1112 1484 1157 et
1535 1101 1756 1157 honoris
1803 1117 1950 1155 arma

354 1196 609 1259 retinere,
655 1196 849 1266 quibus
903 1204 1090 1251 contra
1137 1212 1233 1250 nos
1261 1196 1655 1252 rebellaverint.
1720 1194 1946 1265 Oportet

359 1288 504 1343 enim
547 1287 853 1343 sacerdotes
880 1300 934 1343 et
963 1287 1259 1355 ministros,
1292 1289 1381 1357 qni
1410 1287 1563 1342 altari
1589 1296 1642 1343 et
1669 1286 1950 1342 sacriﬁciis

354 1380 686 1443 deserviunt,
729 1382 966 1451 integros
996 1389 1155 1448 atque
1200 1380 1565 1434 immaculatos
1614 1395 1734 1435 esse
1769 1398 1783 1434 :
1826 1396 1946 1436 cum

354 1472 615 1529 Dominus
648 1472 785 1528 Dens
822 1473 876 1527 in
919 1470 1159 1527 Levitico
1197 1472 1445 1543 loquatur
1480 1480 1536 1528 et
1566 1472 1707 1527 dicat
1740 1491 1752 1526 :
1781 1471 1947 1527 Homo

350 1567 405 1621 in
431 1582 530 1637 quo
550 1566 703 1636 fuerit
730 1566 934 1619 macula
955 1575 1002 1620 et
1022 1565 1216 1632 vitium,
1247 1582 1349 1619 non
1378 1565 1579 1620 accedet
1598 1564 1783 1633 offerre
1811 1566 1947 1621 dona

352 1657 463 1714 Deo
490 1657 675 1732 (Leuit.
710 1674 825 1720 nt.
857 1656 988 1727 21);
1035 1658 1160 1712 item
1193 1657 1246 1712 in
1278 1656 1467 1712 Exodo
1521 1657 1707 1713 eadem
1760 1658 1947 1728 princi-

2058 444 2156 512 Qui
2212 445 2313 500 etsi
2372 444 2473 514 ipsi
2521 444 2859 514 postmodum
2913 443 2977 498 ad
3028 441 3325 497 Ecclesiam
3382 440 3645 506 redeunt,

2058 539 2341 593 restituere
2393 547 2570 592 tatnen
2616 554 2709 593 eos
2739 547 2792 591 et
2839 551 3020 591 secum
3062 550 3315 589 revocare
3358 550 3461 590 non
3524 547 3650 601 pos-

2058 640 2217 694 sunt,
2269 632 2355 701 qui
2407 632 2474 685 ab
2522 632 2599 686 eis
2647 632 2850 686 seducti
2904 640 2957 685 et
3006 629 3132 684 loris
3180 636 3351 682 morte
3395 626 3649 697 przeventi

2057 734 2204 778 extra
2248 724 2547 779 Ecclesiam
2603 726 2718 779 sine
2771 723 3255 779 communicatione
3298 732 3352 776 et
3398 736 3527 790 pace
3560 734 3651 789 pe-

2055 816 2262 871 rierunt
2298 832 2309 868 :
2355 833 2581 887 quorum
2628 817 2819 871 animze
2860 818 2910 870 in
2957 815 3042 869 die
3087 815 3271 885 judicii
3306 814 3373 869 de
3402 814 3646 883 ipsorum

2056 912 2300 965 manibus
2326 923 2660 978 expetentnr,
2683 914 2767 981 qui
2794 910 3107 982 perditionis
3133 922 3376 963 auctores
3406 917 3459 963 et
3484 906 3650 962 duces

2056 1006 2389 1059 exstiterunt.
2404 1006 2467 1060 Et
2484 1006 2681 1059 idcirco
2701 1006 2827 1059 satis
2840 1015 2922 1058 est
2942 1005 3131 1059 talibus
3153 1001 3545 1057 revertentibus
3563 1016 3649 1055 ve-

2055 1097 2194 1151 niam
2212 1098 2324 1152 dari
2352 1117 2365 1152 :
2391 1098 2691 1152 Nontanten
2713 1098 2868 1152 debet
2888 1098 2937 1151 in
2956 1097 3115 1150 domo
3134 1095 3251 1149 lidei
3279 1094 3493 1163 perlidia
3520 1108 3645 1162 pro-

2053 1190 2275 1246 moveri.
2302 1189 2432 1246 Nam
2462 1190 2586 1261 quid
2620 1190 2771 1243 bonis
2796 1200 2848 1243 et
2876 1186 3249 1243 innocentibus
3273 1196 3430 1258 atque
3449 1187 3514 1239 ab
3541 1185 3647 1242 Ec-

2051 1281 2212 1337 clesia
2238 1298 2341 1336 non
2363 1282 2737 1337 recedentibus
2763 1297 3117 1347 reservamus,
3137 1281 3180 1334 si
3203 1295 3296 1335 eos
3320 1280 3407 1350 qui
3434 1294 3463 1333 a
3494 1279 3646 1333 nobis

2051 1377 2388 1438 recesserint,
2411 1386 2465 1432 et
2484 1386 2665 1431 contra
2686 1376 2973 1432 Ecclesium
2997 1375 3261 1439 steterint,
3288 1372 3645 1426 honoramus?

2123 1472 2208 1527 lll.
2256 1472 2378 1526 Ilaec
2409 1472 2473 1526 ad
2500 1471 2884 1527 conscientiam
2919 1481 3086 1537 tuam,
3114 1466 3280 1522 frater
3307 1466 3641 1531 charissitne,

2049 1574 2104 1621 et
2152 1580 2248 1635 pro
2279 1564 2485 1619 honore
2533 1565 2803 1619 communi
2846 1571 2899 1618 et
2951 1577 3047 1632 pro
3087 1562 3312 1631 simplici
3354 1560 3643 1615 dilectione

2049 1662 2384 1731 pertulimus,
2438 1659 2719 1714 credentes
2746 1659 2906 1712 etiam
2941 1658 3032 1711 tibi
3068 1672 3163 1725 pro
3186 1654 3457 1725 religionis
3484 1665 3585 1709 tuze
3612 1652 3639 1691 δ

349 1753 458 1824 piat
481 1761 537 1807 et
559 1751 738 1808 dicat:
781 1751 846 1806 Et
866 1750 1155 1805 sacerdotes
1188 1752 1276 1821 qui
1298 1750 1540 1805 accedunt
1565 1751 1633 1803 ad
1666 1748 1944 1804 Dominum
1976 1760 2021 1821 Β
2048 1762 2103 1808 et
2151 1754 2270 1808 ﬁdei
2324 1751 2548 1807 veritate
2577 1752 2813 1820 placere.
2844 1766 2963 1820 quae
2990 1759 3045 1804 et
3088 1748 3335 1818 religiosa
3368 1748 3563 1815 pariter
3588 1754 3643 1800 et

351 1845 539 1912 Deum,
581 1845 984 1915 sancti/icentur,
1016 1861 1079 1898 ne
1106 1848 1237 1914 forte
1274 1844 1594 1913 derelinquat
1622 1843 1738 1897 illos
1769 1843 1945 1897 Domi-

346 1955 444 1994 nus
474 1937 605 1992 Deus
628 1935 823 2010 (Exod.
853 1952 972 2001 XIX,
993 1936 1065 1990 22
1087 1936 1143 2006 ):
1188 1946 1241 1990 et
1275 1937 1465 1992 iterum
1496 1955 1507 1989 :
1536 1934 1603 1989 Et
1648 1952 1762 1989 cum
1806 1953 1947 1991 acce-

347 2031 476 2084 dunt
506 2029 793 2083 ministrare
825 2029 893 2082 ad
936 2028 1100 2082 altare
1146 2028 1347 2089 Sancti,
1396 2044 1495 2081 non
1526 2028 1780 2083 adducent
1820 2030 1872 2083 in
1895 2047 1947 2083 se

346 2122 607 2189 delictum,
638 2138 699 2175 ne
728 2122 1012 2174 moriantur
1041 2118 1234 2192 (Exod.
1268 2135 1459 2184 xxvut,
1485 2120 1598 2189 45).
1669 2120 1819 2189 Quod
1851 2137 1947 2175 au-

344 2227 455 2273 tem
482 2218 658 2288 majus
688 2225 861 2287 potest
885 2231 1006 2270 esse
1034 2214 1314 2277 delictum,
1346 2222 1439 2267 aut
1464 2230 1581 2284 qua:
1611 2215 1811 2269 macula
1853 2215 1948 2271 de-

343 2310 589 2375 formior,
632 2324 789 2380 quam
836 2308 1092 2362 adversus
1149 2306 1422 2362 Christum
1473 2308 1717 2374 stetisse,
1784 2324 1943 2378 qnam

342 2403 641 2459 Ecclesium
687 2402 824 2473 ejus,
865 2417 1026 2472 quam
1064 2402 1153 2456 ille
1189 2402 1443 2471 sanguine
1499 2417 1597 2456 suo
1662 2402 1858 2472 paravit
1891 2413 1946 2458 et

347 2494 608 2562 condidit,
659 2494 967 2565 dissipasse,
1018 2509 1177 2563 quam
1212 2494 1531 2565 evangelicae
1586 2495 1727 2562 pacis
1765 2510 1826 2549 ac
1863 2495 1945 2549 di-

341 2590 596 2646 lectionis
642 2588 893 2655 oblitum,
940 2598 1129 2644 contra
1176 2589 1479 2643 unanimem
1527 2598 1581 2643 et
1624 2591 1944 2647 concordem

2050 1863 2177 1903 vera
2200 1856 2343 1901 sunt.
2368 1845 2634 1900 Craterum
2663 1848 2860 1900 scimus
2890 1843 3148 1915 quosdam
3178 1841 3319 1913 quod
3342 1842 3505 1897 semel
3543 1843 3640 1898 im-

2051 1939 2286 1995 biberint
2316 1940 2457 1993 nolle
2482 1938 2766 2009 deponere,
2800 1954 2899 1994 nec
2931 1938 3262 2008 prepositum
3295 1952 3447 1990 suum
3478 1935 3632 1992 facile

2052 2044 2282 2100 mutare,
2328 2033 2420 2088 sed
2450 2034 2598 2088 salvo
2626 2034 2762 2087 inter
2801 2033 3036 2102 collegas
3077 2032 3224 2102 pacis
3250 2040 3306 2086 et
3332 2030 3635 2086 concordia:

2050 2127 2282 2188 vinculo,
2304 2125 2545 2195 qttzudam
2566 2126 2778 2197 propria
2802 2142 2919 2196 qu:e
2942 2124 3081 2195 apud
3102 2139 3160 2179 se
3182 2124 3465 2179 semelsint
3481 2138 3637 2177 usur-

2052 2230 2171 2290 pata
2196 2220 2570 2285 retinere.Qna
2598 2220 2648 2271 in
2678 2234 2733 2273 re
2751 2230 2771 2256 ο
2798 2234 2894 2272 nec
2912 2235 3006 2272 nos
3026 2219 3129 2272 vim
3148 2218 3392 2287 cuiquam
3420 2216 3641 2272 facimus

2052 2325 2139 2367 aut
2156 2313 2323 2383 legem
2340 2312 2549 2375 damus,
2565 2328 2685 2367 cum
2708 2312 2899 2367 habeat
2915 2310 2940 2347 ἀ
2957 2314 3006 2366 in
3028 2312 3280 2367 Ecclesia:
3297 2310 3640 2366 administra-

2053 2408 2197 2462 tione
2221 2406 2509 2460 voluntatis
2538 2422 2650 2461 sum
2678 2406 2955 2460 arbitrium
2972 2405 3195 2460 liberum
3217 2420 3352 2459 unus
3372 2406 3595 2474 quiSque
3614 2414 3637 2441 °

2048 2500 2385 2570 praepositus,
2415 2499 2675 2553 rationem
2726 2510 2875 2554 actus
2912 2500 2991 2553 sui
3028 2500 3251 2553 Domino
3306 2498 3635 2553 redditurus.

2052 2591 2072 2630 τ
2098 2594 2354 2660 Optamus
2386 2604 2458 2659 te,
2487 2592 2651 2649 frater
2677 2594 3011 2659 charissime,
3032 2608 3243 2664 semper
3275 2593 3412 2648 bene
3439 2593 3635 2647 valere.

1576 2680 1954 2741 LECTIUNES
1984 2682 2393 2742 VARIAN'I‘ES.

404 2779 433 2808 ¹¹
467 2775 783 2828 Confessione
804 2783 857 2826 et
875 2775 1157 2826 conditione
1186 2775 1315 2825 Lam.
1344 2773 1487 2826 Elter.
1516 2774 1644 2826 Bod.
1670 2775 1717 2826 2.
1748 2779 1793 2827 Ν
1801 2776 1836 2825 C
1847 2817 1855 2826 .
1890 2779 1934 2826 1.

406 2838 437 2876 ι)
474 2838 729 2876 Ποιίσὶηηρ
752 2845 833 2876 mn
866 2840 975 2876 Lam
1022 2837 1144 2876 Rima-
1199 2837 1315 2876 Rnd.
1343 2839 1390 2876 ἓξ
1663 2844 1667 2850 “

410 2838 437 2876 b
474 2838 731 2902 Religione
752 2845 835 2888 tua
860 2840 993 2889 Lam.
1019 2837 1162 2909 liber.
1192 2837 1317 2889 Bod.
1343 2839 1392 2887 2.

410 2906 432 2934 ο
473 2902 579 2963 Qua
602 2909 647 2953 in
671 2916 727 2957 re
751 2914 847 2951 non
873 2904 969 2952 vim
995 2903 1196 2952 Hieron.

2109 2780 2136 2817 (ι
2173 2780 2297 2839 Οιιὶιι
2325 2781 2504 2831 habeat
2530 2779 2734 2832 Hieron.

2112 2846 2137 2906 ῗ
2174 2844 2519 2906 Unu5quisque
2545 2846 2630 2893 tibi
2656 2844 2854 2895 Hieron.

2111 2904 2132 2942 τ
2161 2908 2290 2971 Opto
2321 2904 2515 2971 Aliquot
2538 2922 2651 2959 niss.

1666 3011 2023 3069 VABIORUM
2060 3013 2289 3070 NOT/E.

339 3130 607 3195 nonnulli,
643 3140 765 3198 puta
793 3129 1076 3186 Novatiani
1104 3127 1325 3199 Nicaeae
1366 3142 1571 3199 canone
1595 3128 1651 3189 8.
1685 3138 1737 3181 ut
1766 3128 1926 3182 lnno-
1953 3129 1999 3191 C
2108 3128 2257 3194 Quod
2307 3132 2462 3185 semet
2514 3131 2816 3184 imbiberint.
2862 3131 3031 3199 Epist.
3086 3131 3149 3185 ad
3200 3131 3383 3198 Quiut.
3438 3130 3632 3188 Debere

339 3205 549 3258 centius
581 3197 866 3258 inlaudata
895 3202 1146 3271 epistola,
1175 3198 1341 3266 p.310,
1374 3197 1682 3271 fatetur.ac
1704 3200 1929 3255 Subinde

343 3276 633 3330 Donatisue
677 3284 768 3329 aut
813 3270 942 3330 aliii
982 3284 1038 3327 ut
1094 3283 1211 3341 post
1251 3272 1481 3341 reditum
1515 3270 1926 3333 ordinarentur,

340 3362 602 3413 nusquam
623 3356 703 3400 est
726 3354 1075 3415 praeceptum.
1098 3340 1269 3397 lmmo
1284 3340 1416 3394 Cod.
1451 3358 1572 3397 can.
1595 3344 1727 3397 eccl.
1762 3346 1923 3397 Alric.

340 3432 394 3472 c.
425 3416 515 3477 48.
557 3418 957 3472 reordinationes
998 3431 1101 3471 non
1129 3427 1283 3470 secus
1311 3424 1469 3477 atque
1512 3416 1929 3483 rebaptizationes

340 3489 713 3559 prohibentur.
743 3490 1026 3545 (Ξοῦθοι-ΑΜ
1080 3488 1143 3541 Et
1173 3488 1217 3541 si
1249 3482 1436 3541 vitiosa
1459 3497 1541 3540 ost
1567 3482 1755 3559 oratio,
1790 3497 1921 3541 ut...

340 3558 427 3613 eos
466 3576 692 3631 quoque,
738 3562 905 3630 ipsam
953 3559 1571 3631 sollicitandamitatuen
1606 3558 1744 3611 haud
1776 3569 1923 3627 puto.

341 3630 799 3687 Ponitnr'ioterea
824 3632 957 3699 siqui
987 3648 1082 3699 pro
1106 3631 1306 3701 quique.
1356 3630 1573 3685 Rouru.

414 3702 673 3757 Divinum.
731 3703 865 3759 Tres
914 3703 1033 3757 libri
1084 3712 1291 3757 veteres
1348 3705 1543 3757 habent
1581 3701 1920 3755 individuum.

1457 3774 1743 3828 Bautzms.

419 3844 767 3901 Ordinationis
796 3858 842 3901 et
886 3846 1089 3900 honoris
1138 3863 1301 3900 arma.
1358 3847 1510 3899 Arma
1557 3855 1672 3897 sunt
1731 3847 1922 3897 instrn-

336 3929 508 3974 menta
551 3918 819 3989 cujuslibet
864 3920 977 3983 rei,
1034 3918 1203 3987 inquit
1250 3918 1468 3973 Servius
1524 3918 1595 3989 ad
1624 3932 1658 3970 ιι
1707 3916 1919 3970 ΑΞιιθίιΙ.

336 3991 435 4046 Hic
466 4006 593 4047 vero
610 3988 741 4044 ’sunt
781 3990 1002 4057 insignia
1032 3991 1142 4043 sive
1186 4000 1517 4043 ornamenta.
1570 3988 1925 4055 Quemadnm-

336 4064 461 4117 dum
494 4072 548 4117 et
578 4063 835 4135 llomerns
865 4062 1013 4125 dixit,
1049 4058 1278 4135 ὅπλισθεν
1301 4061 1354 4117 δὲ
1374 4070 1609 4135 γυναῖκες·
1628 4101 1642 4124 ,
1670 4070 1720 4111 et
1755 4061 1802 4109 ιιι
1825 4058 1923 4135 _c|i-

334 4136 449 4206 peis
474 4135 757 4206 illustrium
781 4133 1013 4206 virorum
1046 4133 1295 4202 descripti
1316 4129 1489 4206 vultus
1516 4143 1771 4206 expresso
1790 4129 1922 4206 (tlin-

338 4201 480 4277 race.
512 4207 669 4258 Arma
699 4205 843 4277 lucis.
872 4203 1002 4260 ὅπλα
1032 4201 1305 4277 φωτόςζςιιι
1337 4204 1489 4258 Rom.
1520 4219 1635 4261 xm.
1664 4202 1749 4254 1‘2.
1771 4201 1919 4277 Suid.

336 4276 468 4331 ὅπλα
490 4278 672 4351 φωτός.
699 4276 726 4331 ὁ
770 4273 1160 4351 ᾁπόστοΜέχαξ
1194 4285 1293 4332 τῶν
1320 4280 1514 4351 ape—:6)?
1544 4277 1798 4350 ἐργασίαι.
1833 4273 1926 4325 Πισ-

336 4347 918 4402 ῦΑιτ.’-Λιειιιι1’‹ϊιις
939 4364 1056 4415 ψιςιι
1082 4347 1244 4401 babes
1262 4350 1325 4400 ad
1347 4352 1461 4409 (lin.
1488 4347 1540 4403 6.
1561 4347 1678 4415 pag.
1697 4359 1923 4412 sequen-

336 4418 448 4489 tis).
482 4419 631 4486 Quod
661 4428 826 4491 antem
859 4422 1024 4491 majus
1056 4430 1217 4487 potest
1247 4436 1354 4474 esse
1378 4418 1710 4473 delictnnt....
1747 4419 1924 4470 lurore

336 4492 645 4560 pugnasse?
677 4490 881 4545 ltouru.

406 4560 472 4615 In
508 4562 658 4614 domo
690 4562 826 4629 fidei.
880 4561 934 4615 In
966 4560 1200 4617 Ecclesia
1251 4563 1366 4624 Dei,
1410 4577 1526 4630 quae
1553 4566 1634 4612 est
1682 4558 1914 4613 lidelium

336 4642 526 4687 mater.
565 4632 714 4688 Unde
758 4641 813 4687 et
861 4634 1116 4685 domestici
1149 4633 1300 4699 ﬁdei.
1331 4636 1500 4687 οἶκεῖοι
1543 4640 1627 4691 τῆς
1660 4634 1878 4691 πίστεως
1900 4673 1913 4697 ,

335 4705 402 4757 ad
454 4703 573 4759 Gal.
612 4720 700 4767 \‘l,
747 4704 837 4773 qui
885 4716 1007 4758 sunt
1057 4705 1123 4756 de
1169 4704 1365 4757 familia
1415 4704 1555 4758 lidei.
1597 4704 1815 4757 tilGALT.
1848 4732 1918 4741 ——

334 4775 505 4830 Porro
540 4785 685 4829 notat
735 4776 997 4843 interpres
1055 4776 1343 4845 Anglicus,
1392 4777 1665 4845 perlldiam
1718 4775 1917 4828 ideirco

332 4847 609 4915 appellare
628 4845 951 4917 Cyprianum
980 4848 1349 4902 lin-reticornnt
1372 4858 1425 4902 et
1449 4845 1914 4901 schismaticoruin

333 4919 511 4972 scelus
531 4919 725 4981 solere,
756 4919 896 4987 quod
931 4919 1089 4973 iidem
1121 4921 1382 4981 homines,
1410 4920 1639 4972 tnaximc
1661 4918 1913 4971 sacerdo-

334 5001 448 5050 tes.
480 4991 824 5060 Commissam
873 5006 986 5044 rem
1018 4992 1113 5045 sibi
1147 4993 1213 5043 ab
1247 4991 1482 5046 Ecclesia
1528 4988 1914 5060 prodidissent.

409 5060 474 5114 Et
523 5073 698 5115 contra
746 5059 1024 5114 Ecclesia»:
1080 5064 1324 5118 steterint.
1396 5062 1497 5115 Ista
1534 5059 1786 5115 imitatus
1836 5071 1917 5114 est

331 5134 619 5187 Anselmus
669 5133 951 5200 episcopus
1003 5132 1443 5203 Havelbergensis
1516 5134 1565 5186 in
1627 5144 1770 5187 tomo
1827 5148 1917 5186 xm

329 5204 603 5275 Spicilegii
630 5204 974 5275 (Daclteriaui.
1008 5220 1123 5273 pag.
1145 5204 1267 5258 9.02.
1294 5206 1487 5259 BALUZ.

408 5274 574 5330 [IL—4
595 5274 716 5329 Haec
733 5276 801 5327 ad
824 5276 1182 5327 conscientiam
1209 5286 1362 5328 tuam.
1392 5276 1468 5329 Ex
1488 5274 1569 5328 his
1591 5275 1766 5328 verbis
1788 5275 1915 5328 Ilie-

327 5362 591 5418 rouymus
618 5350 685 5401 ad
711 5346 1066 5415 Luciferianos
1097 5348 1417 5413 observavit,
1450 5352 1659 5400 beatum
1689 5346 1913 5416 Cypria-

328 5417 459 5472 mun
482 5420 595 5474 inec
618 5434 722 5473 noo
743 5435 862 5473 cum
889 5418 1227 5471 anathemate
1246 5436 1449 5480 eorum,
1476 5418 1561 5485 qni
1581 5432 1637 5468 se
1654 5417 1799 5485 soqni
1823 5431 1914 5467 no-

328 5490 573 5553 luerent,
606 5491 843 5547 edidisse
875 5510 887 5544 :
919 5491 1181 5559 siquidem
1214 5489 1263 5542 in
1293 5490 1685 5551 eonunuuione,
1721 5489 1911 5554 inquit,

328 5575 516 5617 eorum
550 5565 866 5633 permansit.
900 5564 989 5633 qui
1036 5561 1315 5616 Sententiae
1358 5576 1469 5633 sua:
1519 5560 1914 5633 Conlt'aierattt,

328 5634 429 5688 sed
453 5630 721 5689 hortatum
748 5630 932 5703 potius
946 5634 1131 5699 fuisse,
1154 5641 1373 5705 propter
1398 5630 1680 5691 Novatum,
1711 5631 1916 5705 et-alias

330 5714 463 5759 tunc
494 5708 728 5761 harreses
752 5702 948 5760 nniltas
970 5702 1309 5766 enascentes,
1344 5718 1410 5757 ne
1440 5706 1719 5772 quisquam
1744 5702 1811 5754 ab
1832 5717 1916 5765 eo,

328 5774 455 5831 sine
484 5776 825 5834 danmatione
852 5778 1051 5834 erroris
1077 5777 1191 5841 sui,
1224 5776 1574 5847 reciperetur.
1606 5773 1916 5830 Risimus.

1948 4523 2000 4583 D

2034 3217 2476 3272 unumquemque,
2522 3220 2622 3255 non
2670 3219 2760 3269 pro
2804 3220 2861 3255 eo
2901 3204 3038 3271 quod
3083 3206 3235 3257 semel
3280 3204 3539 3257 imbiberat
3584 3218 3630 3261 et

2032 3275 2248 3334 tenebat,
2292 3275 2618 3340 pertinaciter
2662 3275 2903 3344 congredi
2927 3290 2945 3336 ;
2989 3278 3075 3328 sed
3113 3277 3157 3329 si
3203 3276 3326 3341 quid
3372 3278 3550 3331 melius
3583 3290 3630 3332 et

2033 3347 2208 3400 utilius
2234 3347 2501 3410 exstiterit,
2528 3345 2739 3399 libenter
2778 3348 3034 3417 amplecti.
3072 3348 3379 3403 lltoaurtus.
3401 3378 3470 3387 —
3500 3348 3627 3404 Per-

2034 3417 2204 3489 tinent
2260 3418 2374 3472 lnec
2423 3418 2489 3471 ad
2550 3418 2870 3489 sententiam
2926 3419 3069 3474 illam
3116 3420 3401 3474 contrarize
3459 3422 3626 3489 partis

2032 3488 2100 3543 de
2151 3490 2524 3543 luereticornm
2577 3488 2880 3557 Baptismo;
2955 3490 3204 3545 conferas
3273 3492 3434 3545 etiam
3507 3509 3625 3559 qua:

2031 3560 2083 3613 in
2123 3562 2256 3614 actis
2308 3561 2498 3630 synodi
2548 3565 2791 3629 proxime
2818 3565 3093 3630 sequentis
3139 3573 3424 3629 ponuntur.
3457 3563 3625 3618 Porro

2029 3632 2232 3705 colligit
2275 3649 2341 3687 ex
2377 3633 2585 3696 verbis,
2645 3650 2764 3701 qua:
2818 3650 2939 3687 mox
2991 3647 3306 3703 sequuntur,
3370 3636 3623 3705 Anglicus

2030 3703 2315 3773 interpres,
2366 3705 2642 3757 censuisse
2685 3720 2872 3758 omnes
2919 3716 3112 3772 prmter
3144 3703 3474 3773 Stephanum
3504 3710 3621 3776 epi-

2032 3789 2225 3843 sc0pos
2272 3776 2522 3830 ﬁdelibus
2575 3777 2734 3830 licere
2784 3778 2851 3829 de
2902 3792 2959 3829 re
2992 3778 3076 3829 illa
3109 3786 3453 3830 controversa
3485 3780 3622 3833 inter

2029 3860 2087 3917 se
2137 3846 2438 3907 dissentire,
2490 3862 2611 3917 quso
2651 3848 2715 3899 ad
2748 3846 3083 3911 disciplinam
3139 3848 3305 3916 magis
3357 3865 3515 3917 quam
3551 3851 3617 3903 ad

2029 3916 2187 3970 fidem
2219 3918 2483 3986 pertint-re
2531 3916 2821 3971 videri-tur.
2858 3918 3108 3972 Fortasse
3151 3928 3326 3971 autem
3368 3921 3435 3972 de
3473 3920 3618 3974 Afris

2027 3989 2365 4056 quibusdam,
2402 4003 2503 4038 non
2530 3990 2595 4040 de
2624 3988 2956 4057 alienigenis.
2992 3991 3104 4040 haec
3134 3989 3385 4043 dixerunt
3417 4007 3618 4058 prmsu-

2030 4058 2147 4123 les,
2199 4060 2484 4113 nonnullos
2540 4058 2679 4112 enim
2722 4060 2879 4115 Alt-os
2921 4061 2987 4115 de
3034 4075 3091 4112 re
3147 4059 3305 4113 aliter
3350 4062 3618 4127 judicasse

2026 4145 2183 4199 quam
2233 4130 2557 4201 Cyprianum
2591 4146 2856 4200 suosque,
2881 4130 3205 4202 Cyprianum
3242 4134 3517 4187 certiorem
3551 4133 3618 4188 fe-

2028 4213 2170 4255 cerat
2210 4203 2432 4268 Quintus
2456 4204 2505 4254 in
2538 4201 2847 4255 Mauritania
2882 4201 3183 4273 episc0pus,
3213 4213 3268 4254 ut
3299 4219 3361 4257 ex
3392 4206 3615 4269 epistola

2030 4274 2195 4340 ipsius
2222 4274 2467 4344 Cypriani
2498 4274 2561 4324 ad
2594 4274 2838 4327 eumdem
2868 4274 3119 4340 Quintum
3144 4282 3375 4327 constat.
3408 4276 3611 4331 Roma.

2027 4374 2099 4383 —
2119 4344 2266 4411 Quod
2294 4344 2447 4398 semel
2470 4346 2771 4397 imbiberint.
2793 4344 2982 4399 Cicero
3001 4347 3091 4397 lib.
3116 4361 3166 4398 tv
3189 4350 3615 4401 acadctnicarnnt

2028 4415 2391 4483 Qun-stionuut
2416 4457 2430 4475 .
2475 4431 2595 4479 cap.
2628 4418 2698 4470 '5:
2750 4418 2855 4472 Sed
2898 4419 3065 4469 nescio
3103 4418 3354 4488 quomodo
3394 4420 3619 4489 plerique

2027 4503 2197 4540 errare
2240 4489 2434 4541 malunt
2475 4503 2682 4556 euntque
2725 4491 3021 4542 sententiain
3066 4505 3216 4559 quam
3255 4491 3617 4544 adamaverunt

2028 4560 2404 4629 pugnacissime
2432 4562 2700 4625 defendere
2726 4578 2875 4629 quant
2906 4562 3014 4613 sine
3043 4563 3319 4630 pertinacia
3347 4561 3467 4631 quid
3494 4578 3614 4614 cou-

2022 4632 2329 4702 stuntissime
2358 4632 2556 4685 dicatur
2585 4635 2859 4698 exquirere.
2893 4632 3216 4696 Lactantius,
3252 4633 3342 4687 lib.
3376 4649 3426 4687 ιιι
3448 4676 3461 4695 ,
3490 4649 3610 4702 cnp.

2022 4701 2091 4754 2i
2118 4720 2129 4754 :
2167 4703 2302 4769 Quid
2332 4703 2498 4755 dicunt
2526 4705 2586 4755 de
2614 4705 2678 4756 iis
2708 4710 2872 4757 nescio
2901 4705 2985 4773 qui
3014 4720 3127 4756 cum
3163 4707 3313 4757 semel
3342 4701 3611 4758 aberrave-

2020 4774 2160 4846 rint,
2200 4784 2485 4827 constanter
2522 4776 2573 4827 in
2611 4778 2825 4828 stultitia
2868 4786 3184 4846 perseverant
3222 4786 3268 4828 et
3306 4782 3446 4831 vanis
3486 4793 3615 4830 vana

2022 4844 2333 4919 defendunt,
2368 4847 2465 4898 nisi
2493 4848 2627 4916 quod
2656 4863 2739 4899 eos
2771 4844 3022 4899 interdum
3057 4858 3175 4913 puto
3207 4858 3293 4919 aut
3320 4850 3428 4919 joci
3459 4866 3616 4902 causa

2025 4918 2377 4990 philosophari
2414 4928 2500 4969 aut
2552 4919 2822 4984 prudentes
2858 4928 2904 4970 et
2943 4919 3075 4971 scios
3128 4918 3389 4972 mendacia
3440 4921 3617 4990 defen-

2023 4989 2190 5041 denda
2231 4991 2514 5051 suscipere,
2557 4991 2701 5056 quasi
2744 4998 2799 5041 ut
2838 4991 3041 5058 ingenia
3081 5008 3172 5043 sua
3208 4992 3258 5041 in
3291 4992 3437 5045 malis
3466 4989 3615 5044 rebus

2022 5072 2285 5112 exerceant
2324 5061 2399 5112 vel
2426 5069 2704 5132 ostentent.
2742 5059 2939 5113 Cadius
2967 5061 3342 5132 Calcagninus,
3379 5064 3429 5115 in
3474 5063 3612 5116 libro

2020 5132 2085 5183 de
2118 5132 2288 5185 libero
2313 5129 2567 5192 Arbitrio,
2605 5147 2721 5199 pag.
2750 5136 2883 5185 590‘:
2918 5133 3011 5183 nisi
3036 5129 3233 5188 tantum
3257 5145 3380 5187 esset
3402 5135 3613 5202 quibus-

2019 5203 2136 5254 dam
2170 5208 2299 5253 nmle
2333 5202 2607 5267 anapicatis
2646 5203 2859 5268 ingeniis
2895 5205 3221 5266 impudentite
3259 5216 3310 5257 ut
3352 5222 3450 5258 non
3491 5222 3611 5258 eru-

2021 5275 2221 5325 bescant
2252 5271 2487 5336 explosus
2516 5292 2574 5325 ac
2606 5274 2874 5327 damnatas
2904 5275 3052 5327 etiam
3083 5280 3345 5339 Opiniones
3376 5293 3615 5330 revocare

2018 5356 2170 5411 atque
2199 5358 2448 5402 asserere,
2483 5360 2583 5396 non
2613 5361 2785 5398 amore
2812 5346 3011 5413 quidem
3044 5352 3297 5411 veritatis,
3332 5352 3421 5401 sed
3449 5360 3618 5402 osten-

2018 5414 2158 5467 tandi
2190 5415 2375 5491 ingenii
2398 5425 2449 5491 _et
2476 5417 2745 5491 captatith
2770 5433 2911 5491 aurte
2948 5422 3208 5489 papuluris
3239 5422 3424 5491 gratia.
3466 5420 3613 5473 (iou-

2016 5495 2270 5556 gruenter
2300 5486 2364 5539 ad
2398 5484 2511 5537 huic
2544 5488 2820 5555 Origenes,
2866 5484 2956 5541 lib.
2989 5484 3216 5544 {contra
3239 5484 3473 5544 Ὧιιῐςιιιιι
3496 5534 3506 5553 ,
3545 5493 3621 5545 ait

2024 5560 2309 5634 molestam
2342 5572 2453 5634 rem
2482 5574 2608 5634 esse
2633 5566 3027 5634 contentionem
3062 5567 3497 5634 obstinatamth
3526 5578 3621 5614 vo-

2024 5631 2283 5683 luntatem
2328 5630 2611 5684 resistendi
2642 5632 2800 5684 etiam
2833 5634 3158 5700 manifestis,
3196 5630 3426 5699 putlm‘e'
3447 5636 3625 5687 disce-

2021 5700 2179 5755 dendi
2213 5717 2239 5752 :t
2270 5703 2542 5757 consuetis
2569 5704 2910 5772 opinionibus
2938 5706 3130 5773 quibus
3154 5709 3264 5771 jam
3319 5708 3527 5773 imbuta
3554 5711 3641 5773 est

2022 5775 2227 5839 anima,
2258 5788 2358 5829 nec
2386 5779 2457 5835 ab
2489 5767 2620 5829 ullis'
2640 5767 3115 5833 consuetudinibus
3154 5767 3463 5839 "hominem
3501 5767 3651 5826 ditii-
