4256 6250
644 286 778 350 1051

709 419 847 464 anno
871 420 1081 482 capts"
1105 421 1282 476 CCLV],
1313 420 1694 472 ρους-ηιατυς
1717 421 1764 466 s.
1791 421 2050 466 STEPHANI
2075 423 2154 480 tu.

601 519 1242 599 ,CARTHAGINIENSE
1281 520 1652 580 concuauu
1707 523 1838 580 sua
1879 521 2226 613 CYPRIANt‘

1246 615 1610 679 SEPTIMUM.

999 723 1067 763 EX
1097 724 1282 764 TBIBUS
1317 724 1520 765 ΛΡΜΕῶ
1556 724 1867 774 PROVINCIIS,

819 801 1006 868 QUOD
1048 801 1134 856 DE
1175 800 1510 857 BAPTISMO
1545 802 1851 860 TERTIUM
1891 801 2040 860 EST.

637 912 853 984 (Oxon,
876 915 1195 984 ltiB‘LBalu‘zq
1221 933 1269 984 p.
1299 916 1655 984 Q29._I_iou_th.,
1689 916 1977 984 Rell.__Sc_r.
2022 931 2070 981 p.
2119 917 2226 979 IOI,

845 989 849 994 ·
916 977 1176 1042 107,148,
1204 977 1388 1034 etm.
1419 980 1524 1042 Ed.,
1553 977 1707 1043 Lips,
1739 995 1784 1043 p.
1811 979 1945 1044 aes.)

1215 1083 1635 1142 PROCEMIUM.

707 1175 838 1230 Cum
872 1175 1175 1248 Stephanus
1207 1195 1336 1251 papa
1369 1195 1430 1234 ea
1461 1194 1578 1246 qua:
1608 1178 1945 1248 prmcedcnte
1974 1178 2231 1235 Africano

636 1270 944 1326 conciliode
971 1271 1296 1341 Baptismate
1324 1274 1701 1329 haereticorum
1730 1284 1923 1328 statuta
1954 1288 2104 1329 erant
2137 1291 2233 1346 per

642 1362 850 1418 litteras
878 1365 1135 1431 redditas,
1170 1377 1225 1421 ut
1255 1382 1412 1435 supra
1439 1367 1692 1427 diximus,
1729 1368 2087 1437 reprobasset,
2125 1385 2231 1425 non

635 1465 918 1510 cunctatus
945 1468 1021 1512 est
1051 1459 1368 1532 Cyprianus,
1391 1460 1594 1528 majore
1613 1475 1840 1514 numero
1857 1462 2230 1531 episeoporum

635 1545 954 1618 Carthagine
969 1550 1109 1604 aliud
1123 1551 1406 1605 concilium
1423 1551 1718 1606 celebrare.
1739 1552 2060 1607 Convocatis
2076 1555 2234 1624 igitur

636 1655 701 1694 ex
730 1640 930 1705 Africa,
965 1641 1211 1698 Numidia
1239 1654 1291 1697 et
1319 1643 1656 1707 Mauritania,
1692 1644 1959 1715 episcopis
1986 1663 2229 1712 Lxsxvn,

633 1733 932 1803 iisdemque
949 1733 1255 1804 Carthagini
1275 1737 1593 1792 coeuntibus
1615 1735 1858 1792 kalendis
1884 1741 2230 1808 septembris.

1956 285 2314 369 aettem
2341 285 2616 352 SACRE.

3790 292 3932 370 ωδε

2253 409 2303 484 Α
2330 414 2474 480 sunt,
2497 407 2712 477 quibus,
2732 414 2928 480 praeter
2946 409 3167 478 Lxxxvit
3185 409 3559 484 episcoporum
3589 411 3657 470 de
3689 413 3935 486 nullitate

2331 499 2674 572 Baptismatis
2697 500 2765 554 ab
2791 501 3045 570 haeretica
3067 503 3247 558 collati
3276 504 3594 567 sententias;
3623 505 3769 562 aliud
3799 507 3932 580 nihil

2329 595 2658 649 continetur.
2686 594 2881 650 Earum
2905 595 3363 668 impugnationem
3382 599 3622 670 quiSquis
3647 603 3797 670 petit,
3825 603 3934 670 An-

2336 689 2580 758 gustinus
2601 688 2854 758 prmdicto
2877 688 2996 744 loco
3017 691 3278 746 consulat.
3298 692 3572 750 Canonetn
3595 711 3706 751 XIX.
3733 673 3933 768 Νερωῂί

2337 790 2389 836 et
2416 797 2530 846 vni,
2561 781 2867 847 Laudiceni,
2899 782 2982 854 his
3005 784 3376 855 episcoporum
3412 786 3783 846 Africanorum
3811 806 3936 848 scn-

2332 874 2513 928 teutiis
2555 873 2688 934 nihil
2730 873 3052 944 patrocinari
3100 875 3234 940 inira
3281 879 3498 946 patebit.
3533 882 3926 952 Aunotationes

2329 975 2508 1021 autem
2533 966 2600 1021 de
2628 966 2956 1037 singulorum
2987 969 3363 1040 episcoporum
3391 972 3475 1028 hic
3502 974 3933 1046 subscriptorum

2330 1059 2458 1125 vita,
2492 1060 2656 1129 patria
2679 1071 2732 1116 et
2763 1061 3022 1128 litoribus,
3053 1061 3318 1120 Pamelius
3343 1065 3727 1135 suppeditabit;
3764 1069 3926 1134 Plura

2331 1151 2492 1210 etiam
2539 1151 2795 1228 Baronius
2821 1168 2963 1220 anno
2991 1154 3117 1220 258,
3149 1172 3300 1222 num.
3351 1157 3423 1214 69,
3453 1172 3504 1214 et
3550 1161 3923 1225 sequentibus.

3348 1252 3550 1320 Seven.
3583 1255 3784 1312 BINIUS.

2410 1353 2722 1411 SENTENTIIE
2779 1356 3137 1406 EPISCOPORUM
3178 1360 3415 1412 LXXXVII,
3459 1364 3528 1404 DE
3561 1364 3863 1408 HEBETICIS

2952 1453 3314 1506 Barrizsants.

2404 1546 2537 1604 Cum
2578 1551 2629 1604 in
2681 1566 2841 1605 unum
2896 1551 3205 1622 Carthagini
3245 1555 3627 1612 convenissent
3664 1557 3928 1616 Kalendis

2334 1641 2666 1712 Septembris
2716 1644 2952 1713 episcopi
2999 1646 3212 1714 plurimi
3261 1662 3332 1701 ex
3380 1649 3653 1717 provincia
3712 1649 3936 1719 Africa,

2337 1737 2606 1804 Numidia,
2639 1739 2971 1805 Mauritania,
3006 1755 3126 1794 cum
3158 1742 3490 1814 presbyteris
3517 1754 3572 1800 et
3594 1744 3935 1813 diaconibus,

635 1839 778 1879 anno
797 1825 923 1883 258.
959 1827 1059 1882 hoc
1082 1828 1296 1883 tertium
1328 1829 1378 1882 in
1401 1828 1588 1899 eadem
1641 1829 1896 1896 Baptismi
1921 1845 2079 1884 causa
2109 1846 2235 1887 con-
2266 1813 2312 1892 ii
2343 1842 2604 1900 praesente
2631 1833 2790 1886 etiam
2821 1833 2992 1902 plebis
3016 1835 3244 1888 maxima
3271 1813 3439 1904 parte,
3470 1846 3525 1891 ct
3552 1837 3708 1892 lectae
3751 1848 3940 1894 essent

636 1919 815 1974 cilium
840 1921 1094 1976 celebrat.
1117 1921 1281 1990 Cujus
1303 1922 1477 1986 initio,
1496 1922 1734 1978 recitatis
1755 1922 1875 1978 hinc
1900 1923 2024 1979 inde
2040 1925 2232 1982 litteris

632 2013 865 2081 scriptis,
889 2013 1219 2077 Stephanum
1251 2016 1408 2068 tacito
1431 2015 1546 2083 ejus
1571 2016 1785 2070 nomine
1813 2017 2060 2086 suggilat.
2099 2021 2230 2074 Acta

637 2104 794 2176 hujus
818 2108 1028 2161 concilii
1063 2109 1206 2176 plura
1235 2123 1344 2164 non
1376 2118 1589 2163 exstant
1612 2125 1770 2179 quam
1795 2126 1854 2163 ea
1879 2126 1998 2180 quze
2028 2127 2092 2166 ex
2122 2110 2230 2183 Cy-

637 2203 825 2272 priano
843 2202 970 2258 etS.
1005 2203 1300 2271 Augustino
1332 2203 1395 2256 de
1413 2202 1677 2271 Baptismo
1706 2214 1883 2260 contra
1913 2204 2227 2270 Donatistas,

612 2294 730 2370 rlib.
765 2311 841 2358 nt,
865 2310 1021 2367 capp.
1045 2298 1100 2362 4,
1128 2296 1182 2364 5,
1209 2295 1263 2364 6,
1297 2306 1352 2353 ct
1377 2298 1470 2353 lib.
1496 2300 1588 2362 vii,
1618 2313 1737 2368 cap.
1766 2300 1818 2365 I,
1845 2299 1948 2355 huc
1977 2301 2226 2356 translata

2335 1926 2531 1979 litterae
2560 1924 2806 1982 Jubaiani
2849 1925 2916 1980 ad
2954 1925 3278 1998 Cyprianum
3310 1927 3482 1990 factm,
3517 1930 3642 1984 item
3684 1930 3938 2002 Cypriani

2333 2019 2400 2074 ad
2445 2019 2761 2074 .Iubaianum
2809 2021 3104 2090 rescriptae,
3152 2022 3219 2076 de
3261 2021 3533 2078 haereticis
3576 2024 3934 2094 baptizandis,

2333 2113 2569 2184 quidque
2595 2113 2936 2184 postmodum
2966 2114 3238 2185 Cypriane
3257 2114 3550 2172 Jubalanus
3574 2116 3710 2171 idem
3735 2118 3942 2172 rescri—

2335 2208 2520 2278 pserit,
2551 2207 2850 2278 Cyprianus
2891 2207 3026 2262 dixit
3054 2226 3066 2260 :
3102 2208 3366 2278 Audistis,
3391 2209 3611 2280 collegm
3641 2209 3936 2265 dilectissi-

2334 2302 2425 2366 mi,
2444 2300 2568 2369 quid
2591 2299 2719 2354 mihi
2747 2299 3059 2365 Jubaianus,
3079 2303 3433 2372 coepiscopus
3463 2312 3660 2365 uoster,
3685 2301 3930 2373 scripse-

1961 2392 2321 2450 VARIORUM
2350 2392 2582 2449 ΝΟΤΛΕ.

635 2484 792 2539 cilius
816 2485 969 2540 avelli
1001 2500 1155 2551 quam
1184 2485 1251 2540 ab
1277 2485 1342 2540 iis
1372 2501 1492 2553 quae
1519 2486 1584 2540 ad
1616 2488 1896 2556 opiniones
1923 2487 2214 2556 pertinent.

637 2556 982 2614 Claudianus.
1007 2557 1311 2621 Mamertus,
1341 2558 1392 2612 in
1419 2559 1956 2626 prommiolihrorum
1980 2557 2045 2611 de
2065 2556 2216 2614 Statu

637 2629 862 2682 animae:
900 2628 1144 2700 Magnum
1173 2631 1224 2682 in
1254 2646 1433 2699 genere
1467 2631 1688 2686 humano
1729 2629 2004 2695 multorum
2041 2630 2218 2700 vitium

637 2710 710 2754 est
739 2717 985 2771 arrogans
1013 2701 1266 2768 imperitia
1293 2709 1339 2754 et
1364 2702 1603 2772 pervicax
1644 2703 1693 2755 in
1733 2701 2061 2772 defendendis
2101 2717 2215 2772 per-

636 2787 755 2840 pere
780 2773 1096 2841 prtesttmptis
1124 2771 1446 2837 opinionibus
1476 2773 1774 2840 pertinacia.
1798 2771 2043 2834 ’Angeliis
2071 2771 2214 2824 Poli-

639 2843 837 2906 tianus,
856 2858 972 2912 eap.
995 2844 1026 2896 9
1050 2843 1535 2908 Miscellaneorum,
1558 2843 1716 2902 tradit
1735 2845 2015 2898 Domitium
2029 2841 2218 2908 Calde-

637 2915 812 2968 riuuin
839 2930 933 2981 pro
954 2915 1215 2969 sententia
1238 2915 1320 2967 cui
1346 2916 1508 2970 semel
1531 2915 1831 2969 adhaeserat
1850 2916 2008 2969 etiam
2031 2921 2216 2981 contra

637 3001 821 3040 verum
842 2979 1208 3040 contumacem
1235 2995 1286 3037 et
1310 2985 1677 3041 refractarium
1706 2987 1884 3040 fuisse.
1915 2986 2108 3041 BALUZ.
2161 2979 2169 2996 '

709 3055 926 3112 CONCIL.
947 3057 1345 3111 CARTHAG.VII.
1366 3088 1438 3098 —-
1458 3056 1586 3111 Cum
1612 3060 1662 3110 in
1685 3075 1860 3109 unum.
1877 3055 2037 3112 Gesta
2065 3055 2220 3120 huius

639 3128 848 3182 θοιιοίὶῆ
867 3131 1070 3197 primus
1086 3129 1324 3181 omnium
1343 3130 1500 3182 edidit
1521 3129 1773 3182 Erasmus
1787 3144 1906 3183 cum
1928 3113 2094 3180 titulis
2107 3103 2220 3196 gio:
2246 3103 2290 3165 (ἶ

639 3199 755 3262 ria),
788 3199 838 3254 id
863 3209 964 3262 est,
991 3215 1112 3254 cum
1140 3199 1412 3254 vocabulis
1435 3201 1800 3255 confessornm
1822 3211 1874 3254 et
1902 3209 2217 3270 martyrum,

637 3285 756 3339 qua:
801 3271 1016 3341 pradiva
1043 3281 1168 3324 sunt.
1216 3272 1517 3325 nominibus
1561 3271 1911 3341 quorumdam
1938 3273 2220 3340 episcopo-

640 3357 779 3396 rum.
802 3339 910 3394 Hos
926 3341 1110 3396 titulos
1127 3341 1314 3398 Grzeca
1339 3344 1512 3395 versio
1531 3339 1633 3395 non
1666 3343 1841 3407 habet,
1861 3339 2030 3410 neque
2055 3342 2218 3395 editio

637 3412 944 3467 Morelliana
970 3428 1097 3468 :eos
1116 3428 1241 3467 vero
1253 3415 1379 3466 satis
1394 3424 1596 3467 constat
1617 3429 1720 3468 non
1740 3417 1964 3478 scriptos
1989 3413 2149 3465 fuisse
2172 3414 2222 3466 in

638 3485 824 3553 gestis,
853 3484 944 3538 sed
978 3482 1188 3538 additos
1217 3493 1395 3552 postea
1423 3499 1451 3538 a
1474 3485 1698 3554 quodam
1749 3484 2006 3538 Studiose.
2046 3484 2222 3550 Quare

640 3555 793 3608 valde
818 3556 1009 3609 mirum
1037 3568 1114 3609 est
1139 3555 1258 3608 illos
1281 3554 1444 3609 fuiSse
1467 3565 1702 3610 retentos
1726 3557 1776 3610 in
1804 3554 2038 3610 editione
2067 3557 2130 3610 li.
2161 3555 2219 3608 P.

644 3626 922 3680 llarduini.
944 3625 1425 3694 lleSponditantein
1442 3639 1657 3681 saueius
1676 3628 1999 3694 Augustinus
2021 3627 2069 3679 in
2090 3625 2224 3679 libro

640 3707 793 3752 sexto
808 3699 869 3752 de
885 3697 1142 3764 Baptismo
1153 3697 1691 3762 adversusDonatistas
1705 3698 1768 3752 ad
1781 3713 1842 3752 ea
1858 3712 1976 3765 qua!
1989 3695 2222 3764 episcopi

640 3774 693 3823 in
724 3784 789 3823 eo
818 3769 1045 3824 concilio
1073 3771 1376 3840 congregati
1410 3770 1700 3823 attulerunt
1733 3785 1829 3836 pro
1854 3767 2219 3840 conﬁrmanda

642 3842 894 3910 opinione
917 3856 1008 3894 sua
1039 3841 1104 3895 de
1141 3839 1410 3908 Baptismo
1441 3840 1832 3895 hmreticorum.
1872 3839 2087 3910 Viderat
2125 3840 2227 3892 hoc

640 3913 924 3966 concilium
956 3911 1280 3968 Hutnberlus
1309 3915 1592 3979 episc0pus
1621 3912 1795 3983 Sylvaz
1822 3909 2107 3983 Candidati,
2138 3909 2226 3980 qui

641 3983 735 4041 lib.
757 3999 770 4036 t
791 3983 1048 4037 adversus
1070 3983 1424 4044 Simoniacos.
1449 3998 1566 4053 cap.
1597 3981 1677 4048 Ix,
1701 3984 1775 4037 ait
1799 3999 1812 4034 :
1840 3981 1945 4037 Sed
1967 3994 2011 4034 et
2041 3981 2230 4050 glorio-

641 4071 728 4125 sus
756 4066 950 4125 martyr
977 4065 1021 4107 et
1050 4055 1281 4124 pontifex
1325 4053 1612 4125 Cyprianus
1645 4055 1765 4124 quid
1794 4053 1858 4107 de
1881 4053 2231 4125 haereticorum

641 4122 958 4194 Baptismrite
977 4122 1293 4189 sanxerit,”
1315 4122 1530 4180 concilio
1550 4122 1711 4184 ipsius
1728 4125 1977 4180 evidenter
1996 4122 2231 4194 cognosci

645 4199 844 4266 poterit.
876 4197 1066 4252 Eadem
1097 4199 1229 4251 enim
1266 4209 1444 4254 contra
1485 4198 1616 4252 illud
1645 4214 1758 4251 cum
1789 4212 1892 4250 suis
1923 4196 2231 4265 coepiscopis

643 4268 812 4323 sanxit
846 4269 980 4334 quod
1030 4278 1078 4322 et
1126 4271 1326 4339 praefati
1383 4285 1598 4324 canones
1642 4267 1940 4336 Apostolici.
1990 4270 2232 4339 Canones

644 4342 787 4394 enim
830 4340 1143 4408 Apostolici,
1195 4355 1329 4409 quos
1379 4341 1550 4395 rcl'ert'
1583 4339 1930 4400 Humbertus,
1976 4338 2234 4396 damnant

646 4411 1020 4464 lucreticoruiu
1056 4411 1344 4474 Baptisuia.
1371 4409 1504 4467 Vide
1536 4413 1778 4466 notitiam
1804 4409 2230 4468 Ecclesiasticam

644 4482 964 4540 Caba-sntii.
984 4499 1099 4551 pag.
1121 4483 1170 4544 7,
1197 4482 1283 4536 ubi
1307 4483 1406 4550 agit
1434 4483 1500 4536 de
1517 4481 1810 4537 canonilms
1833 4482 2229 4550 Apostolorum.

645 4552 931 4608 Bawzws.
950 4584 1020 4594 —
1040 4555 1120 4607 Ait
1153 4553 1203 4608 in
1235 4554 1517 4610 Annalibus
1536 4554 1645 4608 suis
1663 4551 1981 4620 Cyprianicis
2007 4553 2227 4606 I'earso-

644 4623 795 4679 dius.-
831 4645 850 4676 ι
874 4625 1147 4680 Sententia
1179 4626 1230 4678 in
1262 4634 1403 4679 tanta
1432 4625 1638 4696 synodo
1675 4625 1960 4696 licetrvcra
1994 4638 2098 4696 non
2133 4624 2222 4686 sit,

645 4705 698 4748 et
721 4712 749 4748 a
781 4696 836 4750 S.
864 4697 1158 4762 Augustino
1186 4706 1365 4764 postea
1397 4693 1611 4765 propter
1640 4695 1944 4752 Donatistas
1973 4693 2222 4760 refutata,

646 4767 854 4833 insigne
896 4779 1072 4822 tamen
1103 4769 1202 4822 hoc
1227 4779 1306 4822 est
1335 4767 1656 4824 venerandae
1683 4767 2011 4835 antiquitatis
2040 4781 2228 4820 monu-

649 4848 909 4892 mentum.
947 4859 964 4891 ι
1001 4839 1077 4893 Ad
1119 4855 1206 4894 an.
1243 4839 1363 4898 I56,
1389 4839 1418 4908 ᾗ
1444 4855 1518 4900 Ix.
1550 4837 1672 4894 llaec
1701 4848 1838 4898 acta.
1868 4853 1986 4893 cum
2021 4837 2084 4908 ab
2116 4843 2226 4892 Au-

643 4910 858 4978 gustino
905 4915 957 4964 iu
997 4911 1086 4964 lib.
1119 4926 1165 4963 vn
1195 4920 1248 4964 et
1288 4928 1354 4965 vn
1389 4907 1460 4964 De
1491 4909 1754 4978 Baptismo
1805 4925 1982 4970 contra
2014 4907 2228 4961 Donati-

643 4991 749 5034 stas
802 4983 954 5036 nobis
1007 4992 1318 5036 conservata
1369 4993 1548 5037 essent
1579 5023 1592 5043 ,
1651 4980 1774 5035 inde
1819 4982 2014 5035 inserta
2063 4980 2229 5038 luisse

644 5054 895 5125 operibus
923 5054 980 5108 S.
1020 5052 1270 5125 Cypriani
1320 5054 1386 5106 ah
1431 5052 1740 5125 earumdem
1779 5052 2128 5125 _editt_t_ribus._
2157 5054 2231 5125 ait

645 5123 890 5180 Matthias
933 5121 1305 5194 Damieumayr
1351 5126 1404 5178 in
1451 5123 1859 5179 Institutionibus
1905 5121 2042 5182 Hist.
2082 5121 2228 5177 Eccl.

645 5195 709 5250 N.
737 5197 798 5251 Τ.
831 5197 951 5268 Per.
981 5213 1019 5260 ι,
1051 5212 1170 5259 Cap.
1203 5213 1274 5257 IV,
1308 5196 1336 5268 §
1369 5195 1421 5252 8.
1453 5213 1502 5264 p.
1536 5198 1654 5250 ll'w.
1682 5195 2033 5268 Yetjsimilius
2061 5195 2230 5249 dixis-

645 5279 745 5339 set,
772 5285 800 5321 a
829 5267 1079 5339 Cypriani
1111 5266 1373 5332 librariis;
1397 5283 1517 5322 nam
1545 5266 1740 5322 incdit.
1763 5266 2095 5332 Erasiniana,
2115 5282 2231 5336 qua:

645 5338 867 5395 Basileze
897 5355 1037 5394 anno
1072 5340 1213 5394 L520
1244 5354 1439 5394 excusa
1469 5348 1572 5404 est,
1617 5338 1918 5393 iudicantur
1957 5339 2070 5392 lucc
2115 5348 2230 5394 acta

646 5425 765 5483 cum
795 5413 964 5483 tribus
1006 5409 1255 5483 Cypriani
1307 5411 1548 5483 epistolis
1594 5426 1661 5465 ex
1705 5411 1927 5483 vetustis
1962 5409 2235 5483 codicibus

645 5481 824 5538 addita
854 5481 1018 5536 fuisse
1039 5481 1105 5536 ab
1135 5483 1374 5537 Etasmo.
1402 5481 1571 5536 Immo
1603 5483 1653 5536 in
1704 5481 1940 5550 pluribus
1987 5482 2233 5552 Cypriani

647 5555 1022 5623 manuscriptis
1067 5555 1278 5608 inventa
1325 5563 1466 5607 sunt.
1518 5555 1717 5608 Eadem
1765 5552 1963 5608 habent
2013 5563 2236 5608 vetusta:

646 5625 1000 5679 conciliorum
1051 5624 1444 5685 Collccliones;
1477 5633 1528 5678 et
1559 5641 1624 5678 ex
1673 5624 1856 5686 Latina
1901 5625 1952 5677 in
2008 5624 2238 5694 linguam

647 5694 887 5750 Graii-am
917 5711 1070 5752 versa
1118 5705 1331 5750 exstant
1383 5698 1432 5748 in
1473 5696 1697 5750 Zonaras:
1752 5695 2133 5749 Commentariis
2185 5696 2239 5748 in

651 5766 900 5829 (.‘anoncs,
930 5777 1012 5819 etc
1041 5766 1144 5836 ,ad
1167 5782 1285 5836 pag.
1315 5768 1442 5828 271,
1467 5768 1554 5822 ed.
1584 5766 1754 5824 I’aris,
1777 5769 1901 5818 anni
1934 5767 2091 5822 1618.
2117 5766 2233 5835 Ipsa

654 5849 812 5899 porro
840 5851 1011 5890 causa:
1045 5835 1206 5890 fuisse
1231 5836 1483 5894 iacebitis
1510 5836 1868 5897 Orientalibus
1889 5839 2134 5904 opinatus
2158 5846 2241 5896 est

2327 2484 2692 2560 Renaudotius
2719 2493 2858 2560 tom:
2881 2501 2918 2540 tt
2940 2484 3400 2560 Liturg.0riental.
3421 2485 3633 2543 Collect.
3669 2504 3788 2560 pag.
3803 2489 3932 2554 9.99,

2323 2567 2380 2610 ut
2408 2557 2784 2612 haereticorum
2826 2556 3153 2624 Baptismum
3201 2560 3585 2628 reprobarent;
3641 2556 3762 2626 uani
3803 2577 3930 2618 cum

2321 2642 2554 2697 canones
2591 2630 2940 2683 conciliorum
2994 2642 3233 2683 veterum
3288 2634 3339 2684 in
3389 2629 3632 2685 Graecam
3688 2631 3923 2694 linguam

2324 2696 2712 2768 transferrent,
2771 2699 2911 2769 quod
2971 2699 3165 2754 factum
3211 2703 3331 2762 est,
3387 2703 3461 2754 ait
3519 2702 3928 2770 ltenaudotius,

2328 2787 2354 2846 ¢_
2374 2770 2529 2837 paulo
2555 2773 2671 2846 post
2696 2780 3008 2846 occupatam
3039 2787 3066 2823 a
3097 2771 3496 2827 Mithamedauis
3538 2775 3774 2846 Syriam,
3807 2775 3924 2829 haec

2323 2842 2547 2917 decreta
2576 2842 2798 2917 reliquis
2827 2843 3250 2917 conjunxerunt;
3282 2846 3520 2914 tantique
3545 2842 3798 2917 martyris
3829 2861 3932 2900 no-

2325 2927 2444 2965 men
2479 2914 2582 2966 illis
2615 2913 2784 2967 fraudi
2823 2912 2952 2977 fuit,
2995 2914 3121 2968 dum
3168 2915 3411 2970 homines
3437 2912 3654 2972 'veteris
3688 2912 3929 2972 historize

2325 2981 2618 3057 haudsatis
2641 2986 2816 3057 periti,
2849 3001 2968 3057 qua;
2989 2985 3056 3057 ab
3076 2986 3178 3040 illis
3198 2989 3462 3057 octoginta
3481 3000 3688 3057 septem
3717 2991 3929 3057 episco-

2323 3054 2418 3127 pis?
2457 3054 2526 3110 de
2577 3054 2971 3127 rebaptizandis
3023 3055 3289 3111 haereticis
3326 3054 3628 3113 constituta
3686 3054 3922 3127 luerunt,

2323 3126 2511 3197 eodem
2529 3127 2644 3197 loco
2662 3126 2956 3180 halmerunt
2973 3143 3034 3180 ac
3049 3129 3248 3197 reliqua
3267 3131 3616 3183 conciliorum
3641 3132 3880 3186 decreta.
3898 3126 3919 3183 ἡ

2325 3196 2450 3271 I_I:ec
2476 3198 2583 3253 ille.
2607 3196 2872 3271 Czeteruin
2899 3198 2965 3271 de
2986 3196 3460 3271 Veneta'Cypriani
3481 3202 3738 3260 editione.
3765 3218 3931 3270 quam

2325 3267 2631 3342 Spireusetn
2659 3268 2838 3324 Fellus
2864 3270 3056 3337 aliique
3083 3267 3352 3339 appellant
3377 3313 3392 3336 ,
3422 3289 3540 3342 quae
3571 3290 3700 3326 vero
3727 3290 3756 3326 a
3786 3267 3926 3328 Vin-

2323 3338 2504 3393 delino
2528 3342 2764 3411 Spirensi
2787 3356 2929 3396 anno
2953 3338 3126 3405 H71,
3147 3343 3384 3397 Venetiis
3409 3338 3665 3412 impressa
3693 3353 3796 3408 est,
3820 3350 3930 3402 hoc

2325 3412 2498 3470 obiter
2542 3412 2768 3473 notabo;
2808 3413 3118 3466 adornatam
3165 3412 3331 3467 fuisse
3381 3415 3522 3470 illam
3575 3416 3638 3468 ad
3686 3416 3922 3471 formam

2325 3482 2577 3554 editionis
2624 3499 2811 3539 revera
2839 3526 2853 3544 ,
2897 3485 2946 3537 ni
2999 3483 3171 3546 fallor,
3221 3488 3497 3554 principis,
3555 3501 3675 3554 quae
3716 3487 3922 3544 eodem

2326 3567 2465 3608 anno
2494 3553 2677 3608 Roma:
2704 3570 2900 3608 excusa
2932 3554 3135 3619 fuerat,
3171 3553 3418 3621 foliorum
3450 3557 3498 3616 id
3527 3557 3712 3612 ordine
3751 3566 3926 3627 atque

2329 3640 2551 3680 numero
2603 3634 3077 3687 commonstrantc,
3108 3627 3234 3682 dum
3280 3630 3477 3683 omissa
3502 3631 3659 3683 estin
3703 3627 3926 3686 Veneta

2328 3695 2827 3769 editioueepistola
2863 3696 2927 3752 ad
2979 3699 3196 3754 Paulum
3225 3715 3285 3765 ιι,
3332 3699 3394 3758 Ρ.
3434 3700 3497 3756 R.
3547 3700 3613 3754 ab
3663 3703 3938 3769 episcopo

2331 3768 2594 3840 Aleriensi
2625 3767 2840 3837 praalixa
2862 3810 2874 3831 ,
2904 3769 2992 3838 qui
3021 3785 3086 3824 ex
3113 3781 3322 3825 vetusto
3340 3771 3633 3840 exemplari
3649 3767 3938 3826 Parisien-

2331 3838 2373 3891 si
2421 3837 2758 3910 Cyprianum
2803 3837 2960 3893 manu
3008 3856 3102 3893 sua
3155 3837 3535 3909 descripserat.
3573 3842 3811 3910 Denique
3863 3847 3940 3899 ad

2329 3909 2532 3981 calcem
2569 3912 2684 3964 libri
2726 3909 2906 3968 Veneti
2963 3911 3047 3964 hic
3097 3913 3364 3980 coiophon
3410 3923 3638 3968 exstat:
3681 3909 3942 3981 Loquitur

2333 3979 2488 4054 lector
2513 3983 2580 4054 ad
2615 3981 2940 4054 Iiindclinum
2989 3979 3265 4051 spirensem
3293 3985 3545 4050 artiﬁcem
3565 4028 3579 4047 ,
3610 3986 3697 4054 qui
3741 3979 3945 4051 episto—

2330 4051 2409 4106 Ias
2424 4051 2577 4124 Beati
2617 4051 2861 4124 Cypriani
2895 4054 3061 4108 reddit
3083 4055 3134 4107 in
3163 4056 3324 4108 lucem
3362 4051 3686 4112 κραταιὴ.
3715 4055 3939 4112 Ιίοιςτιι.

2409 4123 2686 4178 Provincia
2727 4125 2924 4198 Africa.
2960 4125 3153 4198 Plinio
3197 4124 3673 4198 Zeugitanaregio,
3723 4137 3771 4180 et
3818 4144 3944 4196 qua:

2335 4200 2558 4267 propria:
2611 4205 2810 4250 vocetur
2855 4197 3051 4267 Africa,
3087 4198 3176 4251 lib.
3213 4215 3263 4262 v,
3311 4197 3361 4254 c.
3404 4199 3457 4252 ὁ.
3485 4197 3615 4264 Qua:
3649 4198 3942 4267 nimirum,

2334 4278 2485 4334 Capta
2513 4265 2868 4340 Carthagine,
2897 4265 2946 4321 in
2978 4268 3276 4340 Romanam
3311 4269 3566 4324 ditionem
3604 4271 3776 4336 primo
3809 4265 3946 4339 per;

2335 4346 2592 4402 venerat,
2627 4348 2680 4393 et
2707 4339 2756 4392 in
2787 4340 3074 4407 provinciae
3101 4339 3323 4394 formam
3360 4341 3705 4408 rcdigebatur
3740 4357 3752 4391 :
3783 4358 3949 4408 quae-

2336 4424 2439 4478 que
2471 4411 2654 4464 Iloune
2690 4408 2757 4463 ad
2805 4409 3037 4464 Alricum
3069 4416 3309 4479 proxime
3337 4412 3641 4478 adjaeebat.
3699 4411 3942 4469 FELLus.

2343 4511 2413 4521 —
2441 4480 2628 4540 Mirum
2659 4491 2740 4536 est
2771 4480 3067 4550 Tripolim,
3098 4499 3216 4550 qua:
3256 4499 3359 4536 una
3386 4493 3504 4537 erat
3535 4486 3943 4551 provinciarum

2340 4553 2732 4615 Africanarum,
2763 4568 2867 4604 non
2901 4553 3066 4607 fuisse
3093 4555 3414 4608 nominatam
3462 4555 3513 4607 in
3551 4555 3648 4608 hoc.
3674 4555 3942 4620 concilio,

2331 4637 2452 4694 cum
2501 4635 2718 4694 constet
2770 4625 2822 4677 in
2877 4639 2942 4678 eo
2997 4633 3265 4692 tamquam
3313 4634 3608 4694 prmsentes
3662 4627 3946 4681 nominari

2331 4693 2646 4754 Munnulum
2689 4693 3062 4762 Girbitanum,
3115 4693 3353 4750 Natalem
3409 4695 3711 4756 Oeensem,
3767 4696 3948 4750 Pam-

2335 4766 2510 4836 peiuin
2569 4766 2970 4831 Sabratensem,
3019 4775 3073 4820 et
3126 4768 3352 4836 Drogam
3404 4767 3941 4838 Leptiiuagnensem,

2332 4839 2419 4907 qni
2446 4847 2592 4892 certe
2619 4849 2772 4891 erant
2797 4839 3034 4907 episcopi
3067 4839 3352 4906 provincizc
3383 4839 3753 4908 Tripolitanae,
3789 4855 3942 4909 pne-

2332 4909 2518 4962 sertim
2555 4923 2676 4964 cum
2709 4918 2920 4963 constet
2949 4909 3206 4978 Tripolim
3249 4909 3409 4964 fuisse
3435 4921 3768 4964 numeratam
3800 4913 3949 4966 inter

2333 4981 2634 5049 provincias
2679 4979 2870 5034 Africae
2900 4983 2952 5034 in
2996 4981 3226 5035 concilio
3267 4981 3728 5036 Cabarsussitauo.
3762 4981 3953 5037 BALE-

2334 5067 2468 5106 ztus.
2489 5081 2558 5091 —-
2575 5052 2848 5106 lilonuerat
2867 5049 3068 5113 Fellus.
3096 5063 3149 5104 ut
3172 5052 3326 5121 paulo
3347 5063 3466 5120 post
3488 5051 3712 5118 videbis,
3731 5067 3949 5119 septem

2335 5123 2548 5190 quidem
2586 5121 2749 5177 fuisse
2792 5124 3103 5193 partitiones
3136 5123 3329 5177 Μιιίοω
3371 5136 3617 5193 τυκρθειιι
3663 5126 3952 5192 regirninis

2337 5194 2508 5248 civdis
2531 5211 2545 5258 ;
2573 5193 2665 5248 sed
2700 5205 2809 5247 tres
2834 5205 3037 5249 tantum
3061 5195 3224 5250 luisse
3249 5195 3645 5250 ecclesiasticas
3672 5211 3738 5249 ex
3765 5196 3953 5262 Syno-

2337 5266 2389 5318 di
2423 5265 2579 5334 hujus
2609 5267 2758 5319 initio
2796 5266 3152 5336 colligendum
3183 5281 3320 5320 esse.
3347 5266 3664 5331 Septenaria
3696 5269 3952 5333 quidem,

2339 5336 2484 5406 prius
2513 5338 2741 5399 senaria,
2759 5339 2934 5404 extitit
2957 5338 3348 5405 provinciarum
3377 5338 3602 5402 divisio;
3627 5340 3722 5393 sed
3747 5339 3953 5395 iisdem

2341 5411 2669 5478 temporibus
2713 5412 2811 5462 sub
2858 5410 3031 5462 Africa
3077 5410 3343 5477 provincia
3393 5409 3658 5462 interdum
3691 5424 3956 5478 compre-

2342 5480 2506 5534 hensa
2559 5481 2699 5534 civili
2741 5480 2949 5534 ratione
3004 5481 3166 5535 fuisse
3216 5480 3446 5547 Tripolis
3491 5480 3722 5546 videtur,
3779 5484 3954 5538 simul

2343 5552 2651 5606 memoratis
2688 5551 2930 5605 Numidia
2964 5561 3018 5606 et
3042 5552 3354 5606 Mauritania
3373 5595 3387 5617 ,
3415 5569 3535 5621 qua:
3561 5551 3690 5608 olim
3719 5553 3823 5608 sub
3847 5569 3950 5607 re-

2342 5625 2497 5693 gibus
2525 5623 2757 5681 I‘ui-rant.
2785 5623 2992 5677 Roma.

2416 5692 2704 5764 Cyprianus
2732 5696 2882 5748 dixit.
2909 5695 3240 5750 Sententiam
3269 5694 3313 5748 is
3356 5711 3504 5748 suam
3533 5694 3752 5748 ultimus
3783 5697 3912 5750 tulit
3933 5715 3956 5761 ;

2349 5766 2463 5830 tunc
2485 5777 2663 5820 autem
2687 5781 2791 5820 non
2824 5781 2919 5836 per
2939 5766 3155 5821 modum
3179 5765 3412 5833 suﬂragii
3436 5766 3812 5824 allerebautur.
3840 5767 3952 5823 sed

2351 5836 2673 5906 prxlatiouis
2695 5879 2710 5906 ,
2734 5848 2784 5896 et
2812 5849 2869 5894 ut
2893 5840 3269 5896 consultationi
3310 5839 3502 5894 futura:
3531 5839 3709 5894 aditus
3738 5838 3958 5909 paude~
