4256 6250
663 343 804 403 1055

1993 342 2346 414 nauem/t3
2387 343 2651 401 suam.

3806 339 3826 392 1
3837 337 3915 394 0:10

658 474 822 516 unum
847 457 936 515 ubi
968 472 1093 530 spes
1117 473 1242 517 vera
1266 469 1351 516 est
1377 469 1432 516 et
1461 461 1594 517 fides
1623 468 1792 517 certa.
1826 459 1913 516 Sic
1939 460 2085 515 enim
2115 461 2248 514 scri-
2280 462 2326 522 Α
2356 469 2544 515 centur
2571 461 2772 515 nullum
2802 460 2998 516 habent
3029 459 3214 516 salutis
3244 460 3509 516 effectum.

660 563 806 624 plttm
836 562 915 608 est
946 572 958 608 :
987 553 1103 610 Una
1124 556 1269 624 ﬁdes,
1299 573 1399 610 una
1420 574 1552 627 spes,
1578 574 1735 610 unum
1760 554 2243 628 Baptistno(Epltcs.

659 664 730 715 tv,
766 649 842 720 5),
879 663 983 704 non
1015 651 1154 720 apud
1187 651 1490 711 haereticos,
1518 651 1604 705 ubi
1628 666 1752 720 spes
1779 650 1920 703 nulla
1945 646 2248 703 estetlides

657 740 814 806 faISa,
841 741 932 795 ubi
961 742 1139 796 omnia
1171 758 1264 812 per
1293 743 1627 798 mendacium
1660 754 1946 810 geruntur,
1976 741 2064 796 ubi
2090 757 2248 796 exoro

657 836 795 892 cizat
822 835 1203 900 dmmoniacus,
1233 850 1626 893 sacramentum
1667 839 1958 906 interrogat
1976 879 1989 898 .
2013 837 2163 906 cujus
2189 851 2250 889 os

658 941 714 988 et
741 931 900 987 verba
932 947 1126 988 cancer
1151 934 1421 996 emittunt,
1454 933 1610 988 [idem
1639 932 1729 987 dat
1763 931 2008 997 inﬁdelis,
2039 931 2247 984 veniam

657 1023 974 1082 delictorum
1018 1026 1200 1080 tribuit
1230 1027 1542 1092 sceleratus,
1593 1036 1647 1080 et
1692 1026 1743 1078 in
1794 1024 2009 1078 notuiue
2052 1022 2247 1078 Christi

658 1115 814 1187 tingit
839 1118 1206 1183 antichristus,
1234 1118 1501 1173 benedicit
1531 1133 1558 1170 a
1595 1119 1703 1172 Deo
1722 1117 2058 1184 maledictus,
2087 1117 2248 1170 vitam

657 1209 937 1280 pollicetur
965 1221 1226 1276 mortuus,
1261 1225 1446 1281 pacem
1483 1209 1572 1264 dat
1595 1211 1943 1280 impacilieus,
1979 1209 2145 1263 Deum
2181 1209 2252 1262 in.

659 1313 813 1358 vocat
858 1302 1236 1374 blasphemus,
1280 1303 1637 1358 sacerdotium
1689 1303 2028 1358 administrat
2075 1302 2253 1372 profa-

660 1415 782 1463 nus,
817 1400 964 1469 ponit
992 1400 1161 1454 altare
1190 1401 1499 1470 sacrilegus.
1529 1399 1607 1454 Ad
1631 1398 1746 1453 Ita-c
1770 1399 1946 1452 omnia
1970 1398 2171 1452 accedit
2199 1408 2252 1450 et

665 1491 794 1547 illttd
813 1492 1093 1555 malntn,ut
1115 1493 1380 1546 antistites
1397 1492 1592 1547 diaboli
1609 1491 1837 1545 audeant
1861 1490 2250 1545 Encharistiam

660 1586 856 1648 facere;
874 1596 963 1639 aut
981 1588 1068 1655 qni
1088 1586 1189 1640 illis
1201 1587 1455 1640 assistunt
1470 1585 1647 1639 dicant
1662 1585 1774 1638 lucc
1794 1585 1968 1637 omnia
1988 1583 2116 1637 falsa
2134 1598 2252 1638 esse

658 1677 725 1732 de
749 1678 1035 1733 lisereticis.
1060 1677 1198 1734 Ecce
1220 1678 1284 1733 ad
1317 1679 1490 1749 qualia
1521 1679 1725 1748 cogitur
1756 1678 1990 1731 Ecclesia
2023 1693 2250 1732 consen-

658 1775 838 1839 tire,et
853 1775 966 1828 sine
986 1775 1110 1843 Bapt
1123 1775 1257 1828 ismo
1275 1789 1337 1828 ac
1356 1774 1505 1828 venia
1524 1773 1840 1827 delictorum
1859 1774 2250 1826 communicare

2433 551 2754 623 Polycarpns
2802 553 2869 608 ab
2905 553 3196 614 Adrumeto
3235 553 3369 606 dixit
3395 571 3407 607 :
3436 551 3536 621 Qui
3569 535 3912 607 baareticoruni

2355 644 2625 713 Baptisma
2658 647 2883 715 probant
2911 658 3151 700 nostrum
3181 655 3461 701 evacuant.

2422 736 2656 792 Novatus
2686 755 2712 792 a
2744 739 3084 808 'l‘hamugade
3105 739 3239 793 dixit
3265 757 3276 790 :
3309 739 3459 793 Licet
3488 738 3722 793 sciamus
3748 752 3913 794 omnes

2353 827 2656 899 Scripturas
2680 830 3040 884 testimonium
3066 830 3292 885 reddere
3321 831 3388 885 de
3411 831 3627 884 salutari
3644 831 3912 900 Baptismo,

2353 921 2610 977 debemus
2637 920 2810 978 tamen
2843 923 3000 978 fidem
3029 934 3262 978 nostram
3295 923 3620 992 exprimere,
3654 925 3914 980 haereticos

2353 1031 2405 1076 et
2433 1021 2805 1075 scltismaticos
2829 1022 2895 1075 ad
2925 1020 3220 1076 Ecclesiam
3247 1021 3552 1086 venientes,
3581 1020 3667 1090 qui
3712 1019 3919 1089 pseudo-

2354 1115 2601 1184 baptizati
2630 1115 2890 1180 videntur,
2922 1113 3123 1169 debere
3149 1128 3241 1168 eos
3267 1115 3319 1168 in
3348 1112 3493 1167 fonte
3519 1113 3732 1180 perenni
3768 1113 3922 1182 bapti-

2354 1209 2461 1262 zari
2480 1252 2494 1274 ,
2527 1219 2580 1262 et
2601 1207 2720 1262 ideo
2750 1207 3041 1262 secundum
3073 1208 3434 1262 testimonium
3463 1207 3850 1277 Scripturarnm
3877 1216 3920 1261 et

2353 1303 2646 1359 secundmn
2671 1303 2942 1358 decretum
2969 1303 3295 1372 collegarum
3326 1310 3629 1356 nostrorum
3673 1300 3922 1356 sanctissi-

2356 1414 2456 1451 mze
2480 1399 2750 1452 memoriae
2779 1399 3011 1452 virorum
3035 1412 3224 1452 omnes
3251 1396 3622 1452 schismaticos
3646 1406 3700 1451 et
3732 1395 3924 1450 haereti-

2356 1508 2448 1546 cos
2471 1495 2558 1563 qni
2587 1493 2650 1546 ad
2682 1493 2974 1548 Ecclesiam
3006 1492 3253 1547 conversi
3281 1503 3400 1545 sunt
3436 1491 3692 1560 baptizari
3717 1532 3730 1555 ,
3765 1489 3855 1544 sed
3883 1499 3925 1544 et

2355 1602 2448 1640 eos
2471 1588 2557 1654 qtti
2586 1587 2815 1641 ordinati
2851 1585 3192 1651 videbantur,
3224 1585 3362 1639 inter
3388 1585 3552 1637 laicos
3578 1583 3761 1650 recipi.

2429 1679 2772 1733 Ncntesianus
2799 1694 2828 1732 a
2855 1677 3133 1732 Thubunis
3159 1676 3290 1730 dixit
3317 1696 3328 1731 :
3351 1677 3619 1746 Baptisma
3645 1674 3784 1745 quod
3815 1674 3927 1729 dant

2358 1773 2594 1829 lueretici
2638 1783 2692 1827 et
2732 1773 3055 1828 schismatici
3101 1787 3204 1825 non
3248 1786 3367 1825 esse
3416 1786 3598 1824 verum
3647 1770 3840 1838 tibique
3886 1771 3929 1824 in

657 1868 1015 1939 compellitur.
1039 1868 1205 1936 Quam
1225 1884 1358 1933 rem,
1385 1869 1592 1931 fratres,
1620 1866 1800 1938 fugere
1821 1883 1882 1921 ac
1905 1869 2069 1923 vitare
2091 1869 2248 1923 debe-
2277 1875 2322 1934 Β
2352 1867 2638 1937 Seriptur'ts
2664 1867 2862 1921 sanctis
2890 1867 3214 1921 declaratum
3249 1874 3330 1918 est
3355 1883 3367 1920 :
3392 1865 3642 1935 quoniam
3675 1865 3770 1933 ipsi
3798 1879 3920 1935 pra:-

657 1976 777 2016 tnns
797 1973 846 2014 et
871 1977 898 2012 a
923 1969 1069 2014 tanto
1095 1960 1299 2014 scelere
1322 1975 1420 2014 nos
1440 1971 1769 2028 separare,et
1789 1976 1948 2013 unum
1977 1961 2245 2029 Baptisma

659 2060 870 2117 tenere,
900 2051 1038 2122 quod
1067 2051 1166 2105 soli
1198 2051 1454 2106 Ecclesiae
1482 2068 1508 2104 a
1541 2053 1765 2106 Domino
1792 2067 2104 2106 concessmn
2144 2064 2245 2107 est.

730 2145 940 2198 Primus
967 2161 994 2197 a
1013 2143 1270 2215 ~Misgirpa
1298 2144 1466 2199 dixit:
1494 2141 1704 2200 Censeo
1734 2162 1943 2200 omnem
1978 2145 2246 2201 hominem

655 2236 723 2292 ab
745 2237 933 2292 hmresi
967 2238 1271 2292 venientem
1299 2237 1697 2308 baptizandum.
1725 2238 1945 2294 Frustra
1972 2241 2113 2294 enim
2142 2241 2251 2295 illic

658 2341 806 2401 putat
833 2343 896 2386 se
917 2345 1036 2385 esse
1068 2330 1412 2400 baptizatum,
1447 2347 1568 2386 cum
1597 2349 1702 2386 non
1745 2334 1812 2386 sit
1844 2333 2113 2402 Baptisma
2150 2335 2248 2389 nisi

660 2425 712 2480 in
746 2424 984 2482 Ecclesia
1026 2441 1188 2479 unum
1229 2434 1284 2481 et
1320 2442 1503 2480 verum
1538 2443 1551 2479 :
1583 2428 1704 2497 quia
1741 2436 1795 2482 et
1831 2428 1967 2482 Dens
2010 2445 2165 2494 unus,
2197 2439 2250 2484 et

665 2519 798 2575 ﬁdes
825 2536 948 2587 una,
985 2533 1036 2576 et
1067 2520 1304 2576 Ecclesia
1333 2537 1434 2576 una
1465 2532 1566 2583 est,
1600 2522 1650 2575 in
1678 2538 1778 2592 qua
1810 2531 1916 2577 stat
1945 2539 2107 2578 unum
2142 2523 2246 2578 Ba-

655 2614 848 2685 ptisma
873 2623 928 2669 et
951 2614 1228 2678 sanctitas,
1259 2622 1314 2668 et
1341 2624 1556 2670 czctera.
1588 2614 1718 2669 Nam
1759 2632 1876 2686 qum
1905 2616 2034 2672 foris
2057 2632 2245 2670 excer-

2354 1965 2508 2034 positi
2539 1978 2725 2017 eorum
2763 1961 2878 2016 falsi
2907 1961 3096 2017 christi
3142 1970 3261 2014 sunt
3297 1971 3349 2013 et
3382 1959 3498 2013 falsi
3534 1959 3836 2029 prophetae.
3865 1958 3935 2011 di-

2351 2067 2506 2110 cente
2528 2056 2750 2108 Domino
2770 2071 2866 2126 per
2888 2055 3226 2110 Salomonem
3256 2072 3267 2108 :
3297 2053 3398 2121 Qui
3419 2053 3579 2119 ﬁdens
3599 2063 3670 2104 est
3690 2053 3741 2104 in
3765 2053 3921 2120 falsis,

2353 2149 2434 2202 hic
2455 2151 2614 2219 poscit
2638 2161 2826 2210 rentes,
2854 2149 2986 2201 idem
3007 2161 3171 2202 auten:
3197 2148 3303 2217 ipse
3325 2149 3542 2217 sequitur
3561 2161 3674 2199 aves
3692 2148 3926 2198 uolantes.

2356 2241 2554 2297 Deserit
2581 2243 2711 2296 enim
2756 2244 2861 2296 vias
2892 2242 3048 2295 vincte
3082 2257 3208 2303 sum,
3233 2257 3265 2293 a
3303 2241 3488 2293 semitis
3518 2256 3629 2293 vero
3667 2239 3819 2306 agelli
3854 2238 3930 2291 sui

2354 2339 2556 2390 erravit.
2595 2335 2891 2408 Ingreditur
2918 2346 3083 2388 autem
3125 2351 3213 2403 per
3237 2334 3350 2388 avia
3381 2335 3487 2387 loca
3531 2345 3677 2401 atque
3700 2333 3847 2385 arida
3886 2342 3932 2384 ct

2352 2441 2536 2484 terrain
2585 2432 2886 2485 destinatam
2923 2432 2973 2483 in
3013 2431 3148 2484 sitim
3173 2471 3186 2493 ,
3214 2429 3466 2482 contrahit
3503 2437 3670 2480 autem
3712 2426 3938 2479 manibus

2351 2527 2662 2588 infructuosa
2689 2523 2871 2592 (Prov.
2905 2540 2980 2589 Ix,
3027 2522 3113 2586 12,
3152 2524 3237 2586 18,
3270 2538 3368 2574 sec.
3424 2521 3571 2591 us).
3605 2519 3673 2574 Et
3703 2519 3895 2573 iterum
3929 2537 3940 2571 :

2349 2621 2424 2673 Ab
2449 2637 2580 2688 aqua
2607 2620 2773 2673 aliena
2805 2619 2998 2673 abstine
3024 2628 3089 2684 te,
3125 2628 3169 2671 et
3197 2619 3256 2671 de
3287 2621 3427 2689 fonte
3455 2625 3697 2670 extraneo
3722 2630 3786 2666 ne
3811 2613 3944 2665 bibe-

1945 2709 2304 2766 VARIORUM
2333 2711 2554 2766 NOTAE.

657 2809 838 2865 cilium
878 2807 1026 2862 illum
1063 2849 1077 2870 ,
1106 2806 1171 2860 ad
1222 2821 1379 2872 quem
1437 2805 1598 2860 mittit
1644 2805 1947 2860 Tractatum
2000 2821 2152 2859 suum
2185 2807 2248 2858 de

664 2880 820 2936 Caeno
848 2878 1054 2934 Domini
1083 2878 1404 2950 Cyprianus,
1437 2876 1638 2944 iudicat
1667 2877 1901 2950 Ceillier.
1940 2880 1989 2930 in
2025 2876 2250 2930 Histoire

661 2954 898 3025 générale
929 2951 1016 3006 des
1056 2949 1271 3025 Au’teurs
1312 2953 1481 3005 sacres
1530 2961 1575 3004 et
1603 2949 1807 3016 ecclés.,
1838 2950 1942 3003 vol.
1977 2966 2053 3011 ιιι,
2077 2964 2127 3003 c.
2160 2953 2251 3016 5|,

670 3022 698 3099 §
730 3026 782 3099 ’ζ
818 3041 871 3094 p.
901 3025 1024 3099 570.
1059 3022 1271 3099 licem:

738 3091 1026 3151 Exercizat.
1080 3093 1135 3148 ln
1169 3093 1325 3147 codd.
1349 3091 1644 3148 Veroueusi
1684 3100 1738 3146 et
1786 3092 1916 3147 Fox.
1950 3094 2250 3159 exorcidiat,

665 3168 807 3239 quod
835 3185 896 3218 ex
933 3166 1118 3239 vitiosa
1148 3165 1601 3239 pronuntiatione
1635 3166 1803 3239 venit,
1835 3167 1965 3218 cizat
1994 3176 2047 3239 ut
2069 3167 2250 3239 cidjnt,

667 3236 807 3295 unde
833 3239 945 3299 alii,
975 3237 1148 3290 cidiut.
1177 3236 1480 3292 RICAL‘I‘IUS.
1499 3267 1569 3275 —
1589 3237 1661 3292 lita
1693 3238 1742 3289 in
1766 3236 2134 3291 Comtnodiani
2163 3236 2252 3289 ln-

667 3320 869 3370 struct..
900 3324 1122 3362 munero
1148 3310 1212 3363 57
1245 3309 1308 3360 ad
1341 3325 1388 3376 p.
1429 3307 1555 3371 250,
1584 3307 1672 3360 ed.
1728 3309 1903 3365 Davis.
1941 3310 2120 3362 titulus
2151 3321 2251 3370 est,

673 3382 772 3452 Qui
792 3382 1092 3452 ittdtcidiant
1119 3381 1333 3450 fanatici
1362 3394 1456 3448 pro
1483 3379 1763 3452 iudaizant,
1789 3381 1874 3432 lllll
1897 3379 1978 3433 hic
2001 3379 2255 3452 Cypriani

669 3450 816 3509 locus
841 3469 962 3507 cum
987 3451 1372 3505 Commodiauo
1407 3450 1695 3503 confertur.
1728 3451 1935 3506 Rocrn.

745 3526 1131 3581 Sacramentunt
1172 3523 1468 3592 interrogat.
1516 3520 1742 3574 Additur
1770 3539 1868 3576 vox
1896 3523 2172 3592 sacrilegus
2205 3523 2256 3576 in

673 3598 802 3653 edit.
830 3597 1022 3650 Baluzii
1053 3637 1067 3658 ,
1120 3593 1342 3648 fortasse
1389 3607 1455 3646 ex
1516 3609 1643 3647 mss.
1675 3594 2035 3648 nescientibus
2083 3605 2258 3647 tamen

674 3669 991 3723 vocabulum
1020 3667 1186 3721 editis.
1217 3665 1269 3718 ni
1296 3663 1467 3728 fallor,
1501 3665 1765 3727 omnibus,
1809 3664 2262 3735 lnterpretatione-

673 3756 776 3812 que
805 3739 984 3812 Crateri
1024 3749 1083 3812 et
1121 3737 1425 3805 Augustino.
1463 3735 1641 3812 Delevi
1683 3752 1963 3812 eam,cum
1995 3739 2121 3789 mihi
2146 3739 2263 3804 qui-

675 3807 797 3866 dem
847 3811 986 3865 haud
1036 3809 1271 3878 placeret
1317 3807 1540 3876 repetita
1584 3823 1681 3861 vox
1729 3808 1778 3861 in
1817 3812 1993 3862 statim
2030 3818 2146 3873 post
2174 3825 2261 3862 se-

675 3884 983 3952 quentibus,
1014 3881 1151 3949 ponit
1189 3879 1350 3952 altare
1379 3879 1672 3952 sacrilegus.
1725 3879 2055 3934 Servandum
2085 3890 2262 3932 autent

678 3949 728 4008 id
753 3953 956 4020 censui,
987 3952 1126 4022 quod
1157 3951 1312 4020 paulo
1340 3960 1461 4022 ante
1486 3966 1512 4001 a
1546 3949 1759 4004 Baluzio
1781 3952 1832 4005 in
1859 3961 2002 4005 textu
2033 3953 2262 4018 positum

678 4036 759 4080 est
783 4021 1028 4096 geruntur
1074 4039 1170 4096 pro
1221 4022 1382 4096 veteri
1435 4021 1665 4096 lectione
1695 4034 1936 4096 aguntur,
1968 4032 2020 4075 et
2051 4039 2170 4077 mox
2198 4022 2264 4077 ad

682 4092 838 4150 lineiu
870 4096 1025 4165 hujus
1055 4094 1285 4162 sull'ragii
1311 4092 1532 4146 Domino
1555 4109 1656 4165 pro
1682 4093 1806 4147 Deo.
1849 4096 2051 4150 llouru.

761 4163 962 4222 Primus
993 4187 1022 4219 η
1053 4166 1320 4232 Misqirpa.
1373 4165 1508 4219 Urbs
1553 4163 1882 4236 Zeugilanm.
1934 4167 2266 4236 Augustinus

683 4239 861 4307 habet,
892 4241 1084 4309 primus
1112 4237 1262 4290 Felix
1287 4255 1317 4288 (ι
1346 4236 1615 4309 .llisgirpu.
1641 4234 1803 4304 lthue
1830 4234 2266 4307 lltilllctt—Su-pltts,

681 4321 736 4368 et
784 4306 1060 4380 designato
1104 4310 1312 4376 repetit.
1356 4306 1486 4361 Ctttn
1539 4324 1665 4360 vero
1717 4321 1925 4363 CtttlSlL‘l.
1981 4306 2158 4379 plures
2186 4310 2270 4364 hic

685 4384 933 4451 subsequi
978 4381 1224 4444 Felices;
1260 4388 1314 4433 et
1349 4380 1591 4434 solemne
1641 4381 1708 4432 sit
1755 4381 1993 4448 ejusdem
2041 4382 2270 4435 nominis

687 4455 986 4524 episcopos.
1014 4455 1220 4524 adjecta
1244 4452 1624 4524 aliqttatmtata
1659 4453 1876 4518 reliquis
1899 4453 2222 4520 distinguere
2251 4470 2263 4504 :

2356 2819 2560 2863 laverat
2609 2819 2731 2862 ante
2759 2809 3042 2875 Pamelius,
3082 2829 3100 2859 ι
3133 2809 3296 2863 Omisi
3326 2824 3442 2863 cum
3475 2823 3574 2861 ms.
3625 2818 3676 2860 et
3702 2806 3947 2861 Mamilio

2359 2881 2498 2946 quod
2533 2882 2950 2936 interserebatur
2996 2882 3161 2944 Felix,
3199 2891 3308 2934 tmn
3341 2881 3390 2934 in
3421 2879 3628 2933 esensis
3655 2892 3770 2932 tum
3807 2879 3952 2948 apud

2360 2953 2424 3009 Ι).
2477 2955 2864 3021 Augustinum,
2914 2970 2980 3008 eo
3006 2954 3144 3022 quod
3196 2954 3396 3018 priutus
3442 2952 3725 3021 episcopus
3785 2968 3948 3020 supra

2363 3035 2507 3078 tomo
2533 3027 2702 3092 primo
2730 3041 2850 3078 cum
2904 3025 3022 3078 aliis
3069 3025 3350 3093 epistolam
3400 3039 3553 3078 uvtu
3581 3024 3893 3089 scripserit.
3927 3044 3944 3072 ι

2366 3097 2597 3164 Epistola
2641 3097 2753 3148 lure
2783 3105 2863 3149 est
2890 3097 3096 3150 concilii
3126 3099 3369 3162 superius
3399 3096 3659 3148 munerati
3685 3111 3766 3149 tv.
3804 3095 3955 3148 Scri-

2363 3171 2501 3221 bitur
2534 3169 2658 3221 urbs
2691 3167 2912 3238 illigirpa
2952 3169 3002 3222 itt
3031 3168 3148 3221 edd.
3184 3168 3404 3233 Erasini,
3447 3167 3769 3232 .llanutiiqne
3796 3210 3810 3226 .
3854 3167 3958 3218 Au-

2359 3245 2558 3310 gustino
2613 3251 2660 3289 el
2718 3241 2943 3292 conciliis
2974 3241 3136 3303 editis,
3189 3251 3242 3292 et
3301 3241 3515 3300 rectius,
3548 3255 3670 3292 nam
3725 3239 3959 3307 Migirpa

2358 3328 2478 3365 cum
2512 3313 2561 3363 in
2595 3311 2790 3363 Notitia
2824 3321 2931 3364 tum
2968 3313 3019 3364 in
3053 3310 3238 3364 Callet.
3269 3311 3509 3379 Carthng.
3542 3323 3873 3373 memorata,
3908 3311 3961 3361 in

2363 3384 2631 3452 provincia
2691 3385 3057 3451 proconsulari
3112 3384 3208 3434 sita
3258 3392 3358 3436 est.
3396 3383 3510 3436 νεά.
3545 3383 3759 3448 Dupinii
3812 3380 3964 3435 Geo-

2361 3454 2547 3523 arapb.
2573 3470 2777 3506 sacram
2811 3453 3000 3507 Africa?
3020 3454 3082 3508 S.
3110 3453 3295 3519 Optato
3320 3453 3605 3521 prmﬁxam,
3642 3469 3690 3517 p.
3719 3454 3793 3506 δὲ
3849 3452 3972 3505 Etsi

2365 3535 2510 3580 notat
2539 3526 2838 3580 Harduiuus
2865 3526 2962 3580 Ieci
2991 3529 3039 3580 in
3073 3541 3172 3578 ms.
3201 3540 3297 3578 suo
3325 3524 3585 3595 Miscirpa.
3618 3524 3836 3578 ηοω-ιι.

2437 3597 2756 3665 Polycurpus
2794 3597 2856 3649 ab
2883 3596 3178 3649 Adrumeto.
3215 3595 3262 3649 ls
3288 3607 3368 3649 est
3395 3598 3484 3651 ille
3503 3594 3579 3650 de
3607 3610 3713 3663 quo
3745 3594 3970 3647 mentio

2366 3669 2499 3722 facta
2540 3671 2587 3720 iu
2638 3672 2792 3738 epist.
2831 3684 2950 3721 XLvt
2995 3669 3058 3720 ad
3114 3667 3316 3722 Pamel.
3350 3685 3496 3722 num.
3546 3667 3613 3722 A5
3639 3677 3693 3720 et
3724 3666 3982 3720 fortasse

2365 3757 2450 3810 ep.
2489 3756 2677 3794 LXXXVI
2709 3739 2770 3791 ad
2803 3740 2974 3800 l’am.,
3027 3756 3171 3792 num.
3207 3739 3293 3794 68.
3324 3739 3485 3794 FELL.

2444 3812 2800 3864 Testimonium
2828 3811 3068 3863 reddere.
3108 3812 3273 3880 Vulgo
3311 3812 3405 3864 sibi
3455 3811 3811 3864 testimonium
3861 3811 3984 3862 red-

2367 3885 2503 3942 dere,
2547 3881 2686 3952 quod
2745 3885 2940 3934 mutavi
2977 3882 3077 3937 fide
3130 3885 3283 3936 nixus
3324 3884 3440 3935 edit.
3477 3883 3838 3944 lirasmiamc,
3872 3883 3990 3934 Att-

2368 3956 2576 4025 gustini,
2596 3955 2974 4022 interpretisque
3000 3953 3161 4008 (irasci
3199 3965 3253 4025 et
3281 3954 3629 4025 cenciliorum.
3665 3953 3912 4008 linunt.

2443 4025 2586 4079 Inter
2612 4027 2768 4079 (uicos
2820 4026 2995 4090 recipi.
3025 4027 3112 4078 Sic.
3167 4023 3465 4096 (Cyprian)
3495 4027 3654 4093 epist.
3693 4025 3773 4078 ad
3809 4031 3992 4079 Anto-

2371 4097 2584 4150 uiaunm
2615 4115 2627 4150 :
2664 4097 2751 4149 Sic
2781 4107 2944 4149 tamen
2974 4097 3226 4150 admissus
3256 4108 3327 4150 est
3348 4096 3679 4162 Traphimns,
3717 4113 3784 4150 ut
3822 4099 3998 4151 laicus

2371 4170 2713 4221 communicet.
2744 4168 2963 4222 lilGaLT.
2985 4200 3053 4207 —
3073 4168 3219 4222 Adde
3241 4169 3377 4236 qm-d
3401 4184 3556 4235 supra
3575 4167 3806 4220 dictum
3835 4178 3926 4222 est
3946 4169 3997 4220 iu

2371 4241 2518 4309 epist.
2543 4239 2740 4293 concilii
2765 4238 3005 4306 Curi/mg.
3032 4248 3083 4302 4,
3109 4257 3161 4305 p.
3191 4240 3280 4300 82,
3305 4250 3354 4291 ct
3377 4249 3510 4300 not.,
3542 4255 3593 4306 p.
3629 4239 3727 4292 Π.
3764 4240 4004 4294 Boc'ru.

2449 4311 2590 4364 Falsi
2641 4312 2834 4364 christi.
2870 4311 3005 4364 Fﬂl>i
3063 4311 3354 4365 christiani.
3410 4311 3483 4364 Ita
3524 4311 3905 4365 restituimus
3935 4327 4006 4364 ex

2375 4383 2477 4436 fide
2511 4393 2746 4437 veterum
2794 4382 3070 4438 librorum.
3112 4383 3439 4436 Confirmant
3482 4391 3660 4435 autem
3722 4383 3890 4435 hanc
3922 4399 4008 4435 re-

2375 4457 2704 4508 stitutionem
2739 4456 2898 4507 verba
2927 4454 3244 4508 Secuudiani
3278 4471 3304 4504 a
3333 4453 3539 4520 Carpis,
3592 4469 3651 4522 p.
3683 4455 3824 4510 ’5⁸5³5
3855 4467 4018 4507 aeto-

687 4522 882 4580 stxbcst
918 4541 1021 4578 non
1083 4522 1214 4597 levis
1245 4523 1500 4597 suspicio,
1533 4523 1797 4597 illumqui
1846 4524 1944 4576 hoc
1986 4525 2102 4578 loco
2150 4539 2270 4578 se.:-
2295 4538 2348 4597 D
2375 4543 2491 4579 rum
2544 4525 2798 4578 concilii:
2925 4525 3188 4578 christiani
3237 4542 3334 4577 non
3381 4536 3520 4586 stmt,
3549 4527 3848 4593 quomodo
3877 4525 4018 4597 chri-

689 4599 903 4652 tentiam
937 4597 1056 4649 tttlit
1087 4595 1313 4648 Felicem
1349 4594 1512 4647 fuisse
1539 4594 1890 4663 appellatum.
1919 4607 1970 4647 et
2003 4597 2123 4652 quia
2145 4605 2270 4649 ante

687 4669 921 4738 reliquos
951 4667 1180 4738 dixerat,
1203 4669 1657 4738 pritntnnivocari,
1681 4675 1737 4718 ut
1765 4684 1790 4716 a
1818 4666 1998 4738 Felice
2025 4684 2053 4719 a
2089 4667 2265 4736 Bagai,

686 4741 790 4792 alio
823 4739 997 4793 Felice
1043 4740 1111 4791 ab
1141 4737 1353 4794 llthina,
1379 4753 1407 4788 a
1441 4737 1728 4794 Marozaui,
1756 4753 1783 4788 a
1815 4737 2141 4798 Βιιςιηουιιίδ,
2167 4752 2216 4790 et
2237 4755 2268 4792 a

685 4810 991 4880 Gurgitibus
1030 4810 1486 4878 distingueretur;
1535 4816 1587 4861 et
1637 4809 1726 4872 ita,
1773 4810 1918 4875 lapsu
1961 4811 2089 4863 satis
2140 4826 2266 4875 pro-

684 4881 824 4936 clivi.
851 4883 1000 4951 primi
1030 4897 1213 4934 vocem
1271 4896 1390 4949 quae
1442 4896 1717 4932 ntunct'ttiu
1764 4882 2101 4933 ευΙυηιιιιοΛ.»
2127 4882 2268 4933 desi-

681 4957 899 5022 gnabat,
927 4968 1051 5007 vero
1076 4952 1310 5016 nemine,
1331 4962 1604 5022 tamquam
1629 4967 2048 5017 superrueatteo,
2068 4954 2268 5005 omisso

683 5020 735 5079 in
769 5040 959 5079 nomen
993 5024 1284 5078 transiisse.
1316 5020 1556 5077 Civitatis
1587 5024 1740 5088 huius
1765 5026 1996 5092 episcopi
2040 5026 2266 5077 mentio-

686 5113 806 5150 nem
841 5097 1038 5150 faciunt
1065 5097 1202 5149 inter
1232 5095 1365 5147 alios
1403 5093 1594 5147 Collat.
1627 5097 1875 5162 Carthag.
1903 5105 1955 5148 et
1989 5093 2122 5149 V'tct.
2162 5095 2262 5148 Vit.

682 5168 850 5222 Porro
878 5167 1190 5229 notandmn,
1218 5167 1266 5218 in
1306 5164 1480 5219 Africa
1508 5165 1787 5230 Primates,
1810 5181 1910 5218 non
1959 5167 2025 5219 ab
2057 5167 2264 5220 urbium

682 5241 872 5308 opibus
896 5251 989 5292 aut
1019 5239 1378 5308 praerogativa
1411 5237 1498 5289 sed
1528 5239 1804 5290 secundum
1828 5251 2022 5305 tempus
2044 5255 2148 5290 sine
2182 5255 2266 5291 or-

681 5306 980 5377 dinationis,
1013 5319 1068 5364 ut
1097 5311 1290 5364 Leonis
1319 5306 1388 5362 IX
1422 5308 1595 5364 verbis
1627 5317 1763 5370 utar,
1798 5312 2002 5363 censeri
2033 5313 2220 5364 Solitos
2248 5328 2261 5363 :

680 5395 838 5452 atque
884 5383 1005 5436 ideo
1030 5399 1171 5435 senes
1221 5382 1644 5451 appellabantur.
1669 5383 1889 5444 Insuper
1921 5384 1970 5432 in
2002 5381 2265 5451 suffragiis

681 5455 916 5508 ferendis
941 5455 984 5507 is
1015 5453 1110 5508 fuit
1131 5469 1248 5508 mos
1271 5463 1578 5523 perpetuus,
1613 5463 1668 5504 ut
1695 5453 1726 5504 ii
1756 5456 1843 5520 qui
1877 5453 2030 5520 primi
2058 5452 2120 5505 ad
2149 5454 2265 5520 cpi-

679 5536 955 5596 scupatutu
992 5526 1240 5595 promoti,
1277 5536 1401 5578 ante
1450 5525 1952 5596 aliosAsenteutiam
1998 5524 2261 5579 dicerent.

677 5593 856 5666 Quare
905 5593 1020 5650 illos
1047 5599 1134 5667 qui
1186 5598 1270 5650 hic
1313 5596 1554 5650 ordinem
1586 5593 1822 5660 ducunt,
1867 5599 2262 5664 provinciarum

680 5672 934 5740 primates
980 5667 1141 5724 fuisse
1180 5669 1449 5722 existimo.
1513 5668 1725 5737 Septem
1779 5668 1993 5736 quidem
2053 5669 2265 5721 fuerunt

678 5741 994 5806 partitiones
1042 5741 1254 5803 Africo,
1314 5750 1558 5804 rcSpcclu
1608 5741 1878 5808 regiminis
1929 5742 2098 5792 civilis
2128 5759 2138 5794 :
2171 5740 2262 5792 sed

680 5819 1022 5879 tresgtantum
1047 5810 1208 5863 luisse
1232 5811 1644 5873 ecclesiasticas,
1669 5827 1731 5865 ex
1763 5811 1950 5879 synodi
1983 5811 2137 5867 huius
2160 5810 2261 5862 ini-

681 5878 753 5930 tio
780 5877 934 5928 datur
961 5880 1204 5946 intelligi.
1228 5880 1458 5933 Faunus.
1483 5880 1675 5936 —Vid.
1707 5877 1888 5949 supra,
1922 5899 1973 5951 p.
2011 5882 2134 5935 151.
2157 5880 2262 5938 No-

2374 4601 2566 4650 stiunos
2586 4600 2778 4666 faciunt
2807 4597 2826 4648 .'
2852 4594 2964 4649 Non
2994 4598 3238 4663 diSplieet
3265 4608 3440 4648 tamen
3465 4598 3624 4648 lectiu
3657 4614 3815 4665 quin
3843 4596 4024 4651 habet

2375 4669 2494 4736 fulsi
2521 4671 2714 4722 chris-ti.
2740 4668 2939 4722 Bawz.
2977 4698 3046 4706 —
3074 4669 3338 4722 Parnelins
3360 4683 3570 4736 quoque
3591 4679 3876 4736 quatuor
3910 4683 4026 4721 me.

2377 4750 2680 4792 tuuraverat
2727 4741 2962 4802 codices,
2994 4741 3043 4793 in
3091 4741 3280 4806 quibus
3330 4739 3604 4806 legebatur
3658 4742 3817 4807 falsi
3873 4739 4025 4792 citri-

2372 4813 2544 4864 stiani.
2579 4812 2681 4866 Sed
2731 4811 2951 4882 alteram
3005 4813 3246 4864 revocavi
3294 4810 3644 4882 locutionem,
3705 4829 3867 4882 qum
3903 4824 4032 4866 cum

2375 4884 2533 4953 petita
2585 4892 2727 4936 esset
2780 4897 2844 4935 ex
2897 4881 3080 4935 Matth.
3116 4899 3260 4945 XXIV,
3304 4881 3396 4940 2i.
3429 4891 3483 4935 et
3518 4880 3699 4935 Marc.
3737 4880 3895 4942 thtt,
3937 4883 4031 4940 ἐξ,

2373 4965 2482 5008 tum
2513 4971 2540 5006 at
2575 4954 2886 5008 Firtttlliattti
2930 4954 2978 5005 itt
3035 4953 3236 5007 (τρικυιή
3288 4953 3571 5005 adhibetur
3620 4955 3939 5017 epistula.
3971 4953 4036 5006 Et

2373 5036 2538 5078 tamen
2590 5042 2686 5077 non
2738 5024 2889 5092 pudet
2936 5026 3270 5090 Stephanum.
3305 5025 3475 5092 inquit
3507 5024 3613 5086 ille,
3647 5023 4047 5095 Cyprianum

2374 5097 2836 5168 psietnlochristum
2864 5106 2927 5156 et,
2956 5096 3428 5164 pseudoupostolnnt
3453 5105 3497 5149 et
3525 5095 3812 5150 dolosam
3847 5114 4044 5168 opera-

2370 5171 2503 5220 rium
2532 5170 2718 5220 dicere.
2750 5167 2952 5221 lict't‘u.

2445 5240 2547 5304 Qui
2585 5240 2744 5306 ﬁdens
2782 5251 2855 5312 est
2894 5241 2943 5291 in
2969 5239 3149 5312 falsis,
3180 5247 3283 5291 ete.
3339 5237 3527 5312 Omnia
3557 5237 3722 5304 huic,
3794 5258 3953 5312 quae
3987 5256 4053 5294 ex

2370 5314 2544 5378 Capite
2577 5327 2716 5364 nono
2770 5310 3154 5363 l’rovcrbiorum
3201 5310 3495 5363 secundum
3526 5325 3623 5362 Lxx
3701 5310 4057 5380 tleSttziipta

2370 5391 2512 5445 sunt,
2550 5392 2805 5452 respuunt
2854 5382 3184 5450 exemplaria
3213 5381 3373 5435 llcbr.
3411 5382 3766 5453 etiVulgata
3807 5383 4062 5453 interp.

3469 5452 3663 5506 linum
3681 5490 3695 5503 .

2445 5525 2720 5579 Extraneo.
2745 5525 2997 5592 Quamvis
3036 5525 3135 5578 alia
3191 5525 3367 5584 lectio.
3397 5541 3516 5593 qua:
3550 5525 3751 5580 habet
3833 5530 4064 5586 alieno.

2372 5598 2508 5652 bona
2560 5598 2667 5662 sit,
2700 5609 2916 5651 coactus
2944 5612 3060 5650 sum
3110 5607 3316 5649 mutare
3345 5606 3560 5664 propter
3582 5606 4078 5654 διιειηι-ῇιειιριιι

2370 5681 2608 5742 vctcrtttn
2648 5667 3031 5734 cxctttpltriuut
3080 5685 3093 5730 ;
3137 5668 3344 5742 ctenim
3405 5677 3655 5742 extraneo
3694 5739 3708 5742 _
3742 5674 4078 5742 scriptum

2370 5742 2544 5794 inveni
2601 5741 2652 5794 in
2700 5741 3083 5808 septemdecim
3135 5740 3285 5794 libris
3330 5741 3526 5792 nostris
3568 5745 3624 5789 et
3694 5739 3776 5794 in
3823 5739 4085 5797 diiuhus

2369 5813 2718 5880 Anglicanis;
2772 5814 2934 5866 immo
2986 5812 3426 5866 tnouasteriensis
3460 5853 3474 5876 ,
3511 5811 3558 5862 in
3602 5822 3772 5885 quo
3851 5816 4094 5885 legitur

2367 5877 2596 5947 externo,
2625 5885 2812 5952 probat
2866 5885 3002 5939 hanc
3043 5885 3393 5939 mutationem
3444 5896 3559 5937 esse
3613 5877 4040 5948 legitinﬁm
4077 5899 4089 5930 τ
