4256 6250
332 228 511 303 tosi‘

1500 251 1809 312 CONCILIA
1850 250 2469 320 CARTHAGINENSIA.

3476 265 3617 334 1058

328 362 422 429 ris,
454 371 508 416 ut
537 363 743 435 longum
773 365 911 419 vivus
934 374 1147 437 tempus,
1178 368 1490 431 adjiciantur
1515 374 1665 427 etiam
1689 372 1780 427 tibi
1802 373 1923 425 (mni
1949 373 2003 433 Α
2028 374 2230 431 sionem
2247 378 2464 446 faciunt,
2493 378 2595 436 hoc
2613 389 2696 436 est
2718 381 3095 439 schismaticos
3115 395 3168 441 et
3183 385 3486 446 haireticos.
3504 392 3617 450 Nisi

326 455 464 510 vitta.
500 457 562 510 Et
587 457 639 511 in
658 455 948 528 Evangelio
970 458 1147 514 divina
1171 477 1265 517 sua
1299 479 1425 519 voce
1456 464 1710 520 Dominus
1740 476 1924 519 nomer

328 549 489 605 Jesus
516 550 762 607 Christus
803 552 1010 609 locutus
1050 565 1134 610 est
1173 556 1359 614 dicens
1384 577 1396 612 :
1424 557 1541 613 Nisi
1575 561 1688 630 quis
1714 569 1922 613 renatus

324 644 480 714 fuerit
509 660 573 699 ea:
600 661 734 716 aqua
771 654 817 701 et
845 646 1046 717 Spiritu
1071 666 1172 705 non
1203 662 1363 721 potest
1392 653 1601 708 introire
1627 655 1681 707 in
1710 670 1921 726 regnum

326 736 427 791 Dei
457 736 639 811 (Joan.
669 756 747 806 iii,
777 741 856 812 5).
890 742 985 797 Hic
1009 754 1091 799 est
1120 745 1350 817 Spiritus
1379 749 1468 818 qui
1494 749 1561 803 ab
1590 749 1741 804 initio
1773 751 1914 803 lere-

322 830 480 888 batur
520 849 683 903 super
720 850 905 905 aquas.
947 835 1134 907 Neque
1175 840 1316 893 enim
1357 839 1591 910 Spiritus
1617 842 1733 896 sine
1775 857 1913 912 aqua

325 927 531 997 operari
556 937 749 998 potest,
772 943 944 1000 neque
963 947 1097 1002 aqua
1119 931 1234 988 sine
1262 932 1486 1003 Spiritu.
1506 934 1640 990 Male
1663 951 1791 1006 ergo
1811 935 1912 990 sibi

328 1020 540 1091 quidam
570 1021 988 1091 interpretantur
1013 1034 1072 1078 ut
1091 1024 1270 1080 dicant
1299 1026 1443 1096 quod
1469 1042 1565 1098 per
1596 1043 1784 1083 manus
1816 1016 1912 1082 ini-

326 1114 644 1185 positiouein
671 1116 926 1185 Spiritum
964 1129 1203 1174 sanetum
1246 1122 1510 1190 accipiant
1556 1133 1608 1177 et
1652 1125 1729 1177 sic
1775 1124 1910 1178 reci-

325 1208 553 1277 piantur,
574 1224 695 1264 cum
725 1210 1064 1267 manifestum
1095 1213 1165 1267 sit
1189 1224 1413 1285 utroque
1439 1216 1787 1272 Sacramenta
1816 1217 1911 1272 de—

322 1300 451 1357 bere
482 1316 576 1357 eos
614 1305 821 1358 renasci
853 1305 905 1359 in
937 1305 1172 1361 Ecclesia
1210 1307 1492 1363 catholica.
1524 1309 1675 1365 Tunc
1712 1312 1911 1381 quippe

325 1404 575 1465 poterunt
597 1398 687 1451 ﬁlii
708 1399 798 1454 Dei
824 1414 966 1468 esse,
991 1401 1203 1457 dicente
1222 1402 1482 1473 Apostolo
1507 1421 1520 1456 :
1544 1403 1791 1461 Curantes
1810 1423 1913 1460 ser-

319 1508 437 1546 uare
455 1494 695 1548 unitatem
723 1493 949 1565 Spiritus
974 1498 1028 1551 in
1053 1500 1411 1567 coniunctione
1437 1504 1766 1573 pacis,ununt
1786 1521 1906 1558 cor-

317 1595 489 1654 pus,et
518 1604 652 1642 unus
679 1588 929 1657 Spiritus,
961 1591 1094 1646 sicut
1121 1594 1285 1647 vocati
1304 1595 1422 1648 estis
1447 1595 1501 1648 in
1525 1612 1628 1649 una
1647 1613 1738 1665 spe
1761 1613 1905 1650 voca-

316 1679 467 1734 tionis
482 1691 819 1744 vestrat,unus
837 1681 1105 1751 Dominus,
1130 1701 1235 1738 una
1258 1684 1407 1754 ﬁdes,
1436 1703 1592 1740 unum
1617 1686 1900 1756 Baptisma,

2026 482 2155 538 ergo
2180 472 2486 539 acceperint
2511 473 2781 541 Baptisma
2809 475 3044 542 salutare
3072 475 3126 532 in
3157 477 3395 535 Ecclesia
3421 482 3613 539 catho-

2026 562 2145 623 lica.
2175 579 2293 633 quae
2318 580 2419 619 una
2444 578 2527 621 est
2551 608 2565 632 ,
2595 568 2727 622 salvi
2769 582 2890 624 esse
2915 585 3021 636 non
3051 581 3316 640 possunt,
3361 574 3456 631 sed
3486 590 3611 633 cum

2023 657 2323 713 carnalibus
2349 659 2400 713 in
2423 659 2626 728 judicio
2655 661 2861 717 Domini
2884 662 3086 719 Christi
3115 664 3534 725 damnabantur.

2092 747 2374 806 Januarius
2391 768 2419 804 a
2438 750 2701 810 Lambese
2714 754 2849 809 dixit
2865 772 2878 808 :
2894 757 3200 813 Secundum
3215 759 3612 831 Scripturarum

2022 851 2323 896 sanctarum
2352 844 2726 900 auctoritatem
2753 846 2988 903 decerno
3010 850 3293 908 haereticos
3314 868 3504 910 omnes
3526 855 3617 911 ba-

2021 935 2317 1003 ptizandos,
2347 946 2401 991 et
2429 937 2508 991 sic
2554 938 2604 992 in
2635 940 2926 996 Ecclesium
2963 953 3200 999 sanetam
3228 945 3610 1006 admittendos.

2090 1027 2284 1083 Lucius
2317 1044 2348 1082 a
2383 1028 2570 1086 Castra
2615 1029 2799 1087 Galbae
2854 1032 2989 1088 dixit
3024 1032 3196 1090 :Cum
3243 1037 3504 1095 Dominus
3554 1041 3610 1098 in

2019 1118 2305 1190 Evangelio
2327 1138 2424 1176 suo
2448 1121 2644 1178 dixerit
2669 1143 2681 1178 :
2718 1122 2816 1179 Vos
2842 1126 2960 1179 estis
2979 1129 3058 1181 sal
3082 1138 3250 1195 terrm,
3276 1130 3320 1183 si
3344 1140 3513 1186 autem
3527 1134 3609 1188 sul

2015 1213 2324 1284 infamatum
2364 1216 2549 1286 fuerit,
2580 1216 2633 1270 in
2659 1232 2756 1288 quo
2793 1218 3043 1272 satietur?
3078 1218 3159 1274 Ea:
3183 1238 3242 1276 eo
3280 1223 3350 1276 ad
3392 1223 3610 1280 nihilum

2014 1308 2193 1362 valebit
2220 1309 2317 1363 nisi
2360 1321 2414 1363 ut
2457 1311 2764 1381 projiciatur
2791 1313 2934 1381 [oras
2962 1322 3011 1367 et
3054 1316 3376 1371 conculcetur
3415 1317 3477 1371 ab
3512 1321 3608 1373 Ito-

2013 1403 2229 1458 minibus
2273 1402 2526 1470 (Matt/aq
2566 1421 2619 1472 ν,
2670 1406 2811 1477 15);
2865 1416 2922 1461 et
2958 1408 3149 1463 iterum
3177 1420 3299 1481 post
3334 1426 3610 1469 resurrec-

2014 1497 2209 1553 tionem
2255 1513 2404 1554 suam
2430 1500 2646 1553 mittens
2676 1500 2965 1568 Apostolos
2988 1516 3135 1571 suos,
3167 1505 3502 1563 mandaverit
3524 1508 3608 1565 di-

2010 1593 2192 1648 dieens
2223 1610 2233 1644 :
2262 1592 2398 1647 Data
2417 1603 2491 1647 est
2512 1592 2638 1646 milii
2661 1595 2825 1648 omnis
2847 1604 3069 1664 potestas
3094 1597 3147 1651 in
3166 1601 3291 1653 ctelo
3303 1609 3352 1653 et
3376 1602 3429 1654 in
3448 1612 3603 1657 terra.

2007 1682 2107 1749 Ite,
2139 1694 2183 1738 et
2213 1684 2388 1738 docete
2411 1700 2585 1739 omnes
2625 1696 2825 1757 gentes,
2857 1688 3170 1757 baptizantes
3210 1708 3295 1745 eos
3325 1693 3378 1746 in
3404 1695 3607 1750 nomine

312 1786 445 1825 unus
474 1770 608 1826 Deus
640 1771 877 1844 (Ephes.,
908 1790 979 1837 iv,
1009 1776 1061 1842 5,
1091 1774 1169 1848 4).
1194 1775 1320 1831 Haec
1344 1778 1521 1832 omnia
1549 1779 1791 1835 Ecclesia
1813 1795 1904 1835 ca-
1931 1774 1978 1835 B
2007 1779 2183 1835 Patris
2195 1790 2243 1834 et
2260 1778 2386 1834 Filii
2398 1789 2454 1833 et
2477 1780 3132 1854 Spiritussantti(tllatth.,
3156 1801 3347 1852 xxvut,
3375 1788 3464 1856 18,
3492 1789 3602 1862 19).

312 1864 512 1922 tholiea
542 1866 793 1937 loquitur.
834 1868 903 1925 Et
930 1869 1120 1926 iterum
1154 1871 1208 1925 in
1234 1870 1526 1941 Evangelio
1557 1873 1688 1929 dicit
1719 1875 1900 1931 Domi-

310 1972 416 2014 nus
442 1975 457 2013 :
483 1957 628 2026 Quod
652 1970 829 2016 natum
855 1973 928 2017 est
956 1962 1020 2017 de
1053 1980 1205 2018 carne
1226 1981 1345 2018 caro
1371 1975 1465 2032 est,
1496 1976 1543 2021 et
1567 1968 1705 2038 quod
1728 1980 1903 2024 natum

311 2065 388 2110 est
442 2056 507 2110 de
557 2056 763 2127 Spiritu
786 2057 997 2127 spiritus
1038 2068 1160 2125 est;
1197 2060 1315 2132 quia
1357 2060 1491 2115 Deus
1542 2062 1767 2132 Spiritus
1809 2078 1904 2137 est,

310 2158 360 2203 et
386 2148 449 2204 de
472 2147 581 2205 Deo
610 2160 758 2206 natus
785 2162 857 2207 est
879 2149 1082 2224 (Joan.,
1114 2169 1192 2220 iii,
1220 2152 1298 2225 6).
1334 2153 1476 2226 Ergo
1503 2170 1692 2211 omnes
1733 2156 1905 2213 haere-

310 2244 403 2301 tici
428 2252 484 2301 et
506 2244 831 2301 schismatici
858 2248 1037 2301 omnia
1063 2262 1416 2318 quaecumque
1447 2249 1645 2305 iaciunt
1667 2252 1900 2307 carnalia

308 2346 457 2407 sunt,
508 2337 720 2394 dicente
758 2338 1018 2410 Apostolo
1058 2339 1384 2412 :Manifesta
1425 2343 1559 2396 enim
1599 2356 1717 2398 sunt
1746 2359 1904 2414 opera

311 2431 506 2498 carnis,
535 2446 647 2501 quae
673 2441 805 2497 sunt,
836 2432 1211 2503 fornicationes,
1242 2434 1598 2499 immunditiw,
1633 2438 1898 2506 incestum,

307 2524 638 2592 idololatria,
672 2525 930 2594 veneﬁcia,
960 2526 1260 2591 inimicitiae,
1289 2530 1582 2595 certamina,
1614 2532 1773 2599 zelus,
1803 2534 1902 2601 ira,

309 2618 583 2674 divisiones
605 2659 621 2685 ,
654 2619 866 2673 litereses
887 2661 900 2683 ,
931 2629 981 2672 et
1019 2621 1099 2673 liis
1138 2619 1360 2686 similia;
1385 2622 1448 2677 de
1474 2623 1654 2692 quibus
1688 2628 1906 2695 praedici

312 2716 471 2781 vobis,
496 2716 623 2770 sicut
645 2716 887 2785 praedico.
905 2716 1147 2785 quoniam
1161 2716 1464 2787 quicumque
1488 2720 1683 2789 faciunt
1700 2738 1908 2794 regnum

313 2808 415 2865 Dei
436 2827 536 2865 non
555 2810 925 2865 liwreditabuut
948 2808 1123 2882 (ϐαι,
1142 2827 1197 2876 v,
1222 2812 1309 2875 l9,
1331 2810 1423 2877 20,
1443 2811 1556 2882 9.1).
1574 2812 1910 2873 Condcmoat

314 2902 499 2973 itaque
522 2902 810 2973 Apostolus
838 2917 959 2958 cum
988 2902 1239 2958 omnibus
1263 2903 1417 2959 malis
1456 2914 1511 2961 et
1538 2922 1633 2963 eos
1656 2910 1745 2979 qui
1774 2911 1909 2966 divi-

2006 1875 2140 1931 Cum
2172 1891 2301 1950 ergo
2345 1877 2687 1931 uianil'estum
2734 1877 2806 1931 sit
2849 1876 3170 1945 Ιιωτθιίουε,
3198 1880 3251 1934 id
3292 1890 3378 1937 est
3420 1882 3605 1941 hostes

2008 1969 2240 2035 Christi,
2272 1985 2377 2025 non
2405 1970 2665 2039 integram
2704 1968 3036 2025 Sacramenti
3065 1970 3463 2030 confessionem
3502 1973 3605 2030 ha-

2006 2064 2157 2130 bere,
2188 2067 2316 2122 item
2341 2064 2715 2119 schismaticos
2750 2079 2854 2118 non
2883 2077 3042 2134 posse
3080 2064 3301 2123 condire
3341 2067 3604 2138 sapientia

2007 2160 2272 2230 spiritali,
2301 2173 2422 2213 cuin
2466 2158 2565 2228 ipsi
2594 2156 2663 2212 ab
2705 2155 2944 2212 Ecclesia
2969 2197 2985 2224 ,
3018 2172 3139 2228 quae
3180 2173 3283 2213 una
3314 2169 3427 2227 est,
3454 2175 3608 2217 rece-

2007 2255 2186 2311 dendo
2214 2252 2726 2309 infatuaticontrarii
2755 2252 2879 2308 facti
2910 2253 3042 2319 sint,
3067 2252 3161 2308 ﬁat
3181 2254 3320 2310 sicut
3338 2256 3598 2326 scriptum

2007 2358 2111 2417 est,
2142 2349 2336 2403 Domus
2363 2348 2735 2403 contrariorum
2762 2344 2886 2416 legis
2914 2344 3059 2401 debet
3087 2348 3516 2418 emundationem,
3543 2360 3600 2407 et

2008 2460 2346 2516 consequens
2368 2454 2449 2499 est
2479 2459 2575 2499 eos
2595 2443 2684 2514 qui
2712 2458 2742 2496 a
2764 2442 3052 2499 contrariis
3074 2443 3325 2515 baptizati
3350 2446 3611 2518 inquinati

2007 2550 2133 2596 sunt
2159 2539 2330 2610 primo
2358 2537 2573 2610 purgari
2595 2547 2648 2591 et
2671 2547 2794 2592 tunc
2822 2535 3038 2591 demum
3064 2537 3341 2606 baptizari.

2081 2634 2343 2690 Crescens
2371 2648 2401 2687 a
2429 2632 2571 2687 Cirta
2604 2630 2737 2685 dixit
2767 2648 2779 2684 :
2812 2629 2868 2684 In
2897 2638 3044 2685 tanto
3064 2640 3206 2687 emta
3232 2633 3599 2690 sanctissimo-

2011 2725 2620 2791 runicousacerdotum,
2667 2723 2820 2779 lectis
2842 2723 3035 2779 litteris
3062 2724 3314 2797 Cypriani
3359 2725 3605 2783 dilectis-

2011 2822 2133 2878 simi
2187 2820 2358 2877 nostri
2400 2818 2468 2874 ad
2496 2818 2836 2884 Jubaianuni,
2884 2817 3119 2889 itemque
3146 2818 3212 2873 ad
3242 2819 3596 2890 Stephanum,

1657 3052 1749 3107 VA
1760 3053 2021 3113 RIORUM
2056 3051 2287 3111 NOTAE.

316 3167 457 3244 intra
496 3166 548 3219 in
592 3164 917 3244 allocutione
969 3164 1150 3244 Sedati
1182 3180 1211 3218 a
1240 3163 1514 3244 Tubiirbo,
1566 3183 1617 3237 p.
1651 3169 1791 3244 552,7
1809 3187 1905 3241 pro
1932 3174 1976 3238 C
2008 3130 2149 3244 ergo,
2198 3171 2469 3244 et‘doeete.
2494 3167 2563 3223 Et
2612 3166 2771 3244 uulgo
2820 3165 2901 3244 sic
2937 3164 3152 3244 legitur
3190 3165 3242 3244 in
3292 3164 3428 3244 Non.
3461 3165 3603 3244 Test.

238 3271 245 3275 ε
316 3242 515 3295 alienus
538 3236 707 3292 codex
730 3234 1256 3301 Gratianoiiolitanus
1283 3239 1442 3293 habet
1462 3234 1747 3295 extraneas.
1764 3234 1900 3299 'B'AL.

315 3341 390 3355 —~
403 3309 686 3381 AuguSIiiii
701 3322 913 3377 quoque
929 3306 1052 3362 reda
1062 3309 1253 3377 rgutio,
1276 3323 1393 3378 qua-
1409 3326 1551 3380 sirpe
1563 3312 1673 3380 jam
1695 3329 1906 3369 memo-

317 3394 431 3439 rata
464 3391 565 3445 est,
598 3395 782 3455 vocem
806 3394 1048 3455 extraneo
1069 3385 1332 3455 agnoscit,
1356 3396 1677 3455 quamquam
1711 3388 1763 3440 in
1787 3389 1904 3455 ipso

318 3451 1216 3526 suﬂ'ragioAalterum‘_voeabulum
1268 3454 1495 3520 p0sitnui
1548 3455 1713 3511 habes
1761 3451 1901 3526 apud

317 3521 565 3583 eumdem
586 3524 821 3578 Patrem.
849 3521 979 3595 Mox,
996 3538 1153 3595 aquas
1180 3538 1276 3593 pro
1298 3539 1502 3590 aquam,
1535 3542 1652 3595 qua:
1676 3521 1903 3585 caetero-

318 3615 436 3655 rum
466 3606 548 3654 est
574 3597 859 3665 scriptura,
893 3594 1144 3648 Baluzius
1175 3596 1370 3662 posuit.
1402 3595 1611 3651 Roma.

395 3693 531 3758 Quia
558 3689 698 3745 Deus
737 3688 982 3759 Spiritus,
1011 3698 1113 3743 etc.
1151 3687 1282 3743 Vide
1329 3689 1519 3743 librum
1552 3691 1731 3745 domui
1761 3693 1902 3749 Petri

314 3766 599 3822 Constant.
622 3762 676 3817 in
705 3776 810 3831 quo
843 3760 1230 3814 continuantur
1269 3760 1512 3814 vindicia:
1536 3772 1776 3817 veterum
1807 3780 1903 3820 co-

314 3838 524 3902 dicum,
554 3850 604 3899 p.
636 3834 703 3888 57
733 3832 849 3904 (52,
875 3831 987 3900 55).
1007 3831 1136 3904 Diti"
1161 3833 1373 3904 ——__Agit
1398 3831 1595 3887 Millins
1620 3851 1830 3904 quoque
1850 3838 1901 3890 in

312 3907 613 3979 Appendice
637 3905 702 3979 ad
746 3902 798 3956 Ν
804 3914 911 3956 otas
939 3904 1004 3979 iii
1036 3902 1174 3957 Test.
1207 3902 1258 3955 N
1264 3920 1322 3956 ου
1350 3943 1364 3967 ,
1391 3920 1449 3979 Ρ.
1479 3905 1540 3979 ξι
1580 3908 1666 3957 ed.
1690 3902 1898 3979 pauiu,

314 3974 518 4037 dé'lioc
549 3977 853 4032 Latinorum
886 3974 1268 4037 additaiiiento,
1316 3974 1433 4044 quia
1484 3976 1622 4030 Deus
1676 3976 1900 4047 Spiritus

314 4064 413 4114 est.
446 4061 491 4106 et
518 4050 582 4105 de
612 4048 716 4101 Deo
761 4058 909 4099 natus
938 4059 1009 4099 est
1036 4062 1053 4107 ;
1083 4062 1202 4113 qua:
1232 4047 1445 4114 quidem
1476 4049 1734 4109 clausula,
1766 4060 1811 4103 et
1839 4066 1902 4103 ea;

316 4124 431 4181 Deo
455 4132 604 4176 natus
632 4132 726 4185 est,
756 4119 807 4171 iii
835 4118 1205 4187 antiquissimo
1231 4120 1353 4172 cod.
1384 4117 1660 4187 Evangelii
1690 4120 1900 4187 Latino,

317 4197 411 4267 qui
460 4191 705 4267 biblioth.
740 4190 1045 4267 Dodleiaua:
1067 4199 1150 4243 est
1180 4230 1195 4255 ,
1223 4189 1455 4267 additur.
1485 4188 1748 4267 Οςιτιθτιιῃι
1783 4192 1904 4267 el-

318 4262 404 4324 liis
437 4268 574 4322 istud
593 4278 639 4318 et
664 4263 728 4316 de
750 4262 854 4315 Deo
882 4272 1032 4315 natus
1048 4273 1120 4316 est
1150 4263 1388 4330 exponit.
1422 4274 1469 4315 et
1506 4274 1656 4316 nutus
1688 4263 1750 4316 de
1780 4264 1905 4325 Sui-

317 4343 446 4399 ritu.
478 4339 542 4392 de
563 4336 672 4390 Deo
698 4344 845 4387 natus
866 4343 956 4388 est.
984 4333 1059 4387 Dc
1088 4347 1193 4402 quo
1221 4342 1397 4386 tamen
1431 4334 1904 4402 iulerpretameuto

320 4412 440 4467 hinc
466 4410 686 4465 aduolat
715 4405 959 4459 Maranus
980 4405 1032 4457 in
1060 4402 1372 4476 Prwfatione
1389 4404 1456 4456 ad
1482 4402 1819 4474 Cyprianum,
1850 4422 1900 4476 p.
1933 4414 1983 4474 Β

319 4485 414 4539 56.
439 4501 459 4534 ι
489 4481 665 4536 Militis
680 4477 962 4532 commode
988 4475 1162 4530 editor
1182 4475 1505 4530 Oxouieiisis
1533 4477 1683 4538 illud.
1709 4476 1771 4530 de
1798 4476 1907 4532 Deo

321 4565 474 4608 natus
502 4562 593 4619 est,
624 4553 703 4606 sic
742 4549 991 4616 explicat,
1021 4559 1174 4600 natos
1196 4548 1262 4600 de
1291 4546 1490 4619 Spiritu
1518 4547 1729 4619 degDeo
1753 4558 1908 4602 natus

320 4636 430 4681 cst.
462 4633 529 4679 At
559 4617 739 4678 dicere
791 4620 1064 4674 debuisset
1096 4618 1466 4678 Neuiesianus.
1498 4619 1560 4672 de
1588 4617 1690 4672 Deo
1735 4631 1910 4674 nutum

318 4708 416 4754 est.
449 4696 548 4764 Qui
577 4694 914 4749 mediocriter
942 4690 1200 4764 attendet.
1228 4689 1364 4764 hanc
1397 4689 1555 4760 hujus
1576 4691 1675 4744 loci
1708 4690 1911 4764 videbit

321 4785 451 4825 esse
476 4762 843 4831 sententiam,
879 4763 1020 4833 quod
1051 4778 1117 4816 ex
1148 4762 1347 4829 Spiritu
1401 4773 1581 4816 uatum
1609 4772 1710 4829 est,
1743 4763 1910 4831 Spiri-

323 4851 439 4895 tum
469 4854 607 4899 esse.
638 4840 757 4907 quia
801 4835 1032 4905 Spiritus
1060 4844 1461 4907 satietas,_ciiiii
1504 4835 1640 4907 Deus
1664 4844 1733 4888 sit
1760 4845 1813 4889 et
1842 4850 1910 4889 ex

322 4913 441 4966 Deo
466 4920 620 4965 natus
647 4904 715 4962 Sit
757 4913 875 4963 sive
914 4907 1240 4976 processu-it
1295 4904 1435 4977 (Ιιςιεο
1464 4905 1604 4959 enim
1639 4906 1909 4960 interdum

321 4983 471 5039 idem
500 4984 736 5049 sonant),
769 4995 866 5050 pro
895 4992 1100 5050 summa
1132 4992 1224 5029 sua
1260 4987 1520 5046 potestate
1571 4978 1790 5047 Spiritus
1818 4993 1912 5032 eos

324 5055 493 5110 el'lieit
517 5070 649 5123 quos
676 5047 969 5123 regenerai.
1007 5068 1023 5100 ι
1058 5047 1268 5102 Roum.

400 5118 990 5179 IdololatritefAddidit
1028 5134 1211 5173 vocem
1243 5122 1454 5173 servitus
1482 5118 1702 5174 forsitan
1727 5137 1793 5175 ex
1822 5135 1913 5175 co-

323 5197 543 5254 dicibus
582 5196 689 5251 suis
730 5195 995 5255 Balllzilh',
1026 5206 1183 5260 quam
1217 5194 1456 5261 agnoscit
1485 5191 1707 5259 Vulgata
1750 5192 1912 5246 inter-

324 5270 560 5341 pretatio
612 5276 827 5321 vertens
870 5264 1127 5341 idolorum
1153 5264 1386 5341 servitus,
1415 5264 1709 5341 tiua2_i|is;i,
1746 5276 1803 5315 ut
1833 5265 1911 5315 vi-

323 5334 507 5406 detur,
536 5338 867 5411 Cyprianicae
914 5335 1159 5392 lectionis
1198 5344 1282 5390 est
1309 5336 1478 5404 origo.
1534 5334 1674 5403 Ergo
1724 5349 1910 5389 vocem

323 5413 510 5488 omisi.
543 5410 754 5488 Eoum.
877 5485 883 5488 _
1032 5479 1043 5488 _
1287 5480 1309 5488 _
1356 5482 1364 5488 ι
1490 5477 1543 5488 η
1591 5477 1600 5488 ,
1656 5474 1695 5488 ι,

402 5482 667 5538 Lambese.
715 5485 960 5555 Λαμαίσα
1002 5479 1114 5557 θίγε
1158 5480 1439 5557 Anagnia-ot
1488 5477 1624 5557 Ptt'i‘l.
1654 5474 1913 5557 Numidia:

328 5556 484 5620 urbs,
515 5555 709 5628 dequa
762 5546 919 5623 supra
948 5567 1013 5608 ex
1044 5546 1246 5628 tanton."
1288 5552 1506 5628 insuper
1555 5546 1726 5628 Cypr.
1752 5548 1907 5628 epist.

328 5645 421 5686 ιιι
471 5617 538 5683 ad
584 5617 732 5682 Pam.
788 5617 1014 5681 numero
1059 5622 1129 5680 55
1172 5620 1599 5677 Lambesitanam
1645 5617 1913 5672 coloniam

324 5700 582 5773 appellati.
616 5697 779 5773 FELL.
833 5769 862 5773 Δ
1005 5767 1015 5773 _
1268 5765 1303 5773 η
1345 5764 1356 5773 _
1434 5763 1442 5773 .

408 5761 512 5840 lle,
544 5780 591 5826 et
611 5772 802 5827 docete.
824 5767 1018 5825 Cmteri
1045 5775 1240 5838 printer
1268 5763 1539 5821 Baluzium
1570 5761 1768 5820 habent
1795 5779 1805 5815 :
1838 5761 1917 5821 Ite

2014 3232 2146 3301 nam
2165 3241 2343 3297 addita
2374 3252 2456 3296 est
2507 3232 2765 3308 particula
2796 3232 2884 3293 οὖν
2935 3232 3419 3304 in'exemplaribus
3462 3239 3614 3296 Grie-

2010 3319 2088 3373 cis
2118 3313 2417 3384 impressis,
2449 3309 2815 3384 renitentibus
2838 3320 3015 3384 tamen
3046 3310 3294 3384 plurimis
3331 3311 3612 3384 codicibus

2011 3379 2410 3453 manuscripiis.
2460 3385 2578 3437 Mox
2612 3383 2664 3436 in
2709 3379 2979 3452 sull‘ragiis
3023 3379 3091 3437 f0
3119 3381 3270 3439 et29
3316 3391 3373 3437 et
3416 3383 3488 3439 55
3518 3383 3612 3439 ubi

2007 3461 2236 3515 all'ertur
2265 3452 2434 3522 lacus,
2478 3470 2600 3524 ergo
2645 3453 2798 3525 abest
2826 3470 2841 3516 ;
2874 3452 3017 3509 sicut
3067 3453 3209 3525 apud
3240 3463 3519 3509 auctorem
3547 3455 3613 3510 de

2008 3530 2325 3598 Rebaptism.
2351 3531 2415 3581 ad
2441 3543 2492 3598 p.
2523 3525 2649 3581 558.
2681 3524 2895 3598 Rouru.

2018 3606 2025 3615 ‘
2079 3595 2275 3657 Domus
2301 3595 2678 3653 contrariorum
2711 3599 2852 3667 legis.
2887 3595 3032 3651 LXX
3070 3596 3268 3653 habent
3309 3600 3463 3655 ὀικὶαι
3507 3622 3611 3656 πα·

2007 3678 2242 3750 ρανόμων
2289 3672 2612 3746 apstine-ovat
2660 3670 2993 3750 καθᾳρισεέιόν.
3029 3667 3252 3725 Hebraea
3306 3680 3421 3725 toto
3471 3670 3614 3728 caelo

2007 3736 2255 3822 'videiitur
2284 3736 2506 3820 distare.
2538 3765 2678 3816 mas:
2829 3736 3010 3815 εὗηκ
3043 3759 3150 3815 Nec
3180 3760 3336 3817 facile
3363 3771 3447 3818 est
3474 3778 3609 3817 cou-

1999 3859 2207 3929 jcctura
2239 3854 2453 3925 assequi
2484 3852 2611 3924 quid
2658 3868 2767 3922 pra:
2802 3852 2973 3907 oculis
3021 3850 3281 3907 haberent
3312 3853 3486 3910 Graeci
3524 3857 3608 3929 ing-

2006 3925 2267 4021 terpretes
2289 3991 2303 4016 ,
2350 3950 2452 4003 nisi
2499 3948 2636 4002 forte
2680 3961 2777 4016 per
2817 3961 3056 4002 errorem
3092 3947 3332 4016 legerant
3362 3929 3497 4003 75m:
3526 3925 3606 4031 γε

2003 4049 2143 4098 nisu
2175 4042 2475 4097 habitacula
2500 4040 2755 4095 derisoris
2783 4039 2835 4093 iu
2870 4039 3218 4106 piameutum.
3250 4039 3482 4098 FELLUS.

2082 4116 2262 4169 Primo
2292 4113 2523 4185 purgari.
2559 4112 2811 4185 Anglicus
2837 4112 2911 4163 ait
2939 4112 3203 4185 interpres
3316 4130 3334 4164 ι
3376 4129 3477 4185 per
3498 4128 3613 4183 pae-

2012 4208 2031 4240 ‹
2071 4181 2349 4243 ηῑιθηιίιιίιι
2376 4181 2495 4255 qua!
2521 4183 2723 4252 agenda
2756 4192 2838 4236 est
2864 4181 3394 4255 :ititeadmissiouein
3420 4184 3483 4238 ad
3504 4181 3611 4239 Ec-

2011 4279 2032 4312 ‹
2069 4261 2289 4314 clesiain
2336 4251 2428 4327 per
2456 4251 2813 4326 Baptismuui.
2856 4273 2873 4305 ι
2910 4251 3015 4327 Sed
3050 4252 3271 4310 forsitan
3305 4255 3610 4327 intelligen-

2007 4331 2106 4386 dus
2136 4340 2220 4385 est
2245 4325 2609 4392 exorcismos,
2643 4327 2731 4397 qui
2762 4329 2811 4379 in
2835 4325 3102 4397 sull'ragiis
3133 4341 3252 4389 VIII,
3283 4338 3336 4383 et
3363 4325 3514 4394 xxxi,
3552 4336 3609 4383 et

2011 4418 2215 4467 simu,
2252 4401 2556 4456 hominibus
2595 4399 2872 4454 conversis
2907 4399 3272 4452 commendari
3312 4409 3367 4452 et
3408 4398 3609 4467 iniungi

2014 4474 2243 4530 videtur.
2276 4471 2445 4527 Porro
2478 4475 2527 4526 in
2554 4485 2766 4539 canone
2796 4471 3026 4539 septimo
3056 4468 3275 4524 Concilii
3316 4471 3612 4525 tecumeiiici

2012 4546 2220 4599 secundi
2251 4560 2366 4598 mos
2396 4543 2733 4598 exorcizandi
2764 4553 2869 4596 tam
2898 4542 3019 4595 illos
3058 4540 3341 4597 hmretiCos
3361 4582 3377 4606 ,
3424 4542 3513 4613 qui
3556 4543 3608 4598 iti

2013 4634 2079 4672 eo
2102 4617 2475 4678 nominantur,
2504 4629 2661 4681 quam
2688 4613 2953 4680 ethnicos,
2984 4621 3106 4668 ante
3136 4614 3486 4685 Baptismum,
3515 4613 3609 4669 ﬁr-

2015 4698 2191 4743 matur
2217 4704 2278 4742 ac
2304 4687 2588 4743 stabilitur.
2623 4686 2832 4741 ltourn.

2094 4759 2324 4828 Itemque
2353 4762 2420 4812 ad
2448 4758 2786 4828 Stephanum.
2818 4757 2893 4812 Ita
2926 4757 3183 4827 scriptum
3213 4766 3297 4813 est
3327 4757 3379 4813 in
3406 4758 3602 4814 editio-

2017 4833 2189 4899 uilius,
2220 4842 2273 4886 et
2307 4831 2359 4885 in
2389 4832 2638 4884 omnibus
2666 4829 2777 4884 fere
2801 4830 2948 4883 libris
2971 4831 3261 4885 veteribus.
3290 4831 3418 4896 Quae
3444 4832 3607 4885 verba

2015 4905 2208 4959 desunt
2242 4905 2291 4956 in
2324 4902 2556 4957 Fuxensi
2581 4943 2597 4967 ,
2629 4911 2773 4955 recte
2800 4910 2977 4955 autem
3003 4902 3201 4957 omissa
3248 4901 3299 4955 in
3329 4902 3419 4956 illo
3440 4902 3606 4956 fuisse

2015 4986 2072 5031 et
2109 4976 2176 5031 de
2197 4977 2273 5030 eri
2301 4975 2497 5028 debere
2540 4973 2663 5028 hinc
2683 4972 2950 5042 colligitur
2977 4972 3116 5041 quod
3153 4982 3356 5027 certum
3385 4973 3452 5026 sit
3482 4972 3605 5026 titil-

2018 5048 2118 5101 lam
2145 5059 2299 5101 antea
2327 5047 2622 5101 litterarum
2648 5043 2895 5114 Cypriani
2927 5045 2991 5097 ad
3013 5043 3344 5113 Stephanum
3374 5046 3606 5099 mentio-

2018 5133 2139 5173 nem
2170 5120 2283 5172 tieri
2309 5119 2358 5170 in
2395 5120 2493 5171 hac.
2517 5114 2757 5187 synodo,
2786 5115 2860 5187 uti
2892 5122 3033 5169 recte
3057 5116 3360 5187 observayit
3389 5125 3612 5181 sanctus

2018 5192 2347 5257 Augustinus
2368 5227 2382 5250 ,
2430 5188 2520 5241 lib.
2548 5184 2612 5240 ’νι
2675 5185 2740 5267 de
2774 5184 3245 5267 Baptismo-contra
3276 5185 3610 5267 Donat-stas,

2017 5256 2135 5328 Cap.
2171 5261 2258 5323 15,
2287 5259 2370 5313 ubi
2393 5260 2555 5312 etiam
2582 5256 2845 5312 scribitse
2867 5258 3144 5326 epistolam
3178 5257 3320 5311 illam
3353 5256 3613 5328 Cypriani

2017 5327 2428 5399 atl’SIt-pliauum
2458 5347 2560 5383 non
2588 5328 3007 5383 vidisse.Vermii
3024 5330 3072 5384 id
3094 5330 3281 5399 probat
3299 5327 3439 5384 istud
3461 5327 3615 5383 addi-

2019 5398 2309 5458 tamentum
2330 5415 2448 5455 esse
2468 5399 2767 5455 vetiis.Vid.
2787 5413 2970 5468 supra,
2993 5416 3045 5468 p.
3065 5398 3189 5456 502.
3217 5401 3420 5456 BALUZ.
3436 5429 3506 5441 --—
3535 5398 3614 5454 lbi

2018 5482 2228 5529 constat
2249 5476 2403 5527 aliter
2419 5474 2653 5526 sensisse
2673 5469 2798 5523 olim
2827 5474 2893 5525 de
2914 5471 3012 5527 hac
3038 5489 3096 5526 re
3124 5471 3409 5526 Baluziuni
3434 5487 3450 5537 ;
3475 5470 3618 5527 hanc

2019 5545 2159 5600 enim
2190 5548 2356 5615 ipsam
2388 5544 2666 5613 epistolam
2711 5543 2963 5612 appellat,
2996 5558 3154 5611 quam
3195 5542 3463 5615 Crescens
3491 5541 3612 5615 epi-

2012 5613 2503 5686 seopiisCirteusis
2532 5624 2923 5669 commemorat
2973 5615 3228 5686 scriptam
3286 5630 3317 5669 a
3345 5613 3626 5686 Cypriane

2019 5691 2083 5743 ad
2112 5688 2464 5758 Stephanum,
2497 5700 2726 5758 eamque
2778 5701 2923 5741 nunc
2949 5701 3054 5758 non
3101 5693 3538 5758 exstareputai,
3576 5692 3638 5758 et

2020 5752 2287 5818 diversam
2340 5760 2508 5819 fuisse
2564 5774 2589 5813 a
2623 5752 2874 5831 Cypriani
2928 5757 3013 5813 illa
3068 5758 3136 5824 ad
3185 5752 3539 5834 Stephanum
3567 5752 3645 5812 da
