4256 6250
686 302 826 362 1065

1986 291 2334 368 ΒΕΙΛΩΗΙΔΕ
2373 290 2648 352 ΞΑΟΒᾹΣ.

3837 287 3978 349 ίοθῑ

682 428 950 492 temperat
993 434 1146 476 error
1191 419 1434 482 veritati,
1480 418 1649 475 multo
1695 389 1863 490 magis
1911 420 2111 474 veritas
2153 433 2257 472 non
2287 417 2340 479 Α
2363 413 2432 470 ab
2463 412 2737 470 hiPI'CliCiS
2774 412 3053 484 tinguntur
3082 417 3138 466 et
3164 409 3235 466 de
3265 409 3596 482 tingentibus
3625 409 3886 482 loquitur.
3919 413 3972 470 Si

679 517 946 572 consentit
967 515 1156 570 errori.
1189 515 1255 570 Et
1285 514 1405 570 ideo
1435 530 1532 568 nos
1564 514 1816 571 Ecclesi:e
1844 515 2139 568 assistimus
2159 555 2174 578 ,
2207 514 2260 567 in

678 629 780 684 qua
813 610 1193 681 pra'sidemus,
1239 618 1296 664 ut
1327 609 1645 678 baptismum
1678 607 1795 676 ejus
1824 608 1925 676 ipsi
1956 607 2054 662 soli
2085 606 2258 660 vindi-

674 715 883 768 cantes,
912 719 1007 759 eos
1032 718 1167 774 quos
1186 701 1420 758 Ecclesia
1452 719 1555 756 non
1587 700 1878 769 Baptizavit
1907 700 2256 766 baptizetuns.

746 795 897 851 Alius
916 794 1250 851 Secundinus
1275 809 1304 846 a
1327 792 1512 861 Carpis
1534 792 1684 846 dixit:
1715 791 1959 847 [heretici
1984 789 2259 845 christiani

673 901 819 955 sunt,
848 904 915 943 an
947 888 1089 942 non?
1121 886 1178 942 Si
1209 884 1486 942 christiani
1513 893 1656 949 sunt,
1687 899 1782 939 cur
1809 884 1860 937 in
1893 883 2131 938 Ecclesia
2167 882 2258 937 Dei

670 1000 776 1040 non
799 983 957 1037 sunt?
983 982 1038 1036 Si
1057 980 1330 1037 christiani
1353 997 1457 1034 non
1481 990 1623 1044 sunt,
1647 975 1916 1048 qunmndn
1937 975 2258 1030 christianos

670 1075 908 1132 faciunt?
939 1080 1044 1129 Aut
1081 1089 1187 1142 quo
1226 1072 1512 1143 pertinebit
1551 1087 1730 1126 sermo
1779 1070 1987 1123 Domini
2033 1067 2258 1123 dicentis

675 1168 894 1242 (Matth.
923 1183 993 1221 xu
1016 1207 1033 1234 ,
1059 1167 1170 1237 30):
1200 1165 1301 1233 Qui
1326 1181 1426 1218 non
1454 1174 1523 1219 est
1550 1181 1763 1228 mecum,
1789 1163 2033 1218 adversus
2058 1179 2136 1216 me
2160 1170 2251 1227 est,

668 1277 715 1320 et
744 1265 830 1336 qui
856 1279 956 1317 non
987 1277 1178 1315 mecunt
1205 1259 1398 1331 colligit
1426 1259 1642 1330 spargit.
1678 1258 1826 1312 Unde
1855 1265 2068 1312 constat
2095 1270 2257 1324 super

667 1361 805 1415 lilios
832 1359 1037 1412 alienos
1064 1366 1118 1412 et
1147 1356 1362 1410 soboles
1392 1352 1693 1408 antichristi
1722 1352 1980 1421 Spiritum
2011 1358 2253 1405 sanctum

661 1467 758 1524 per
787 1464 976 1506 manus
1014 1447 1405 1518 impositionetn
1438 1443 1808 1500 tantummodo
1839 1458 1945 1498 non
1975 1457 2132 1512 posse
2160 1441 2253 1496 de-

663 1544 954 1609 scendere,
998 1557 1120 1597 cum
1162 1539 1505 1596 manifestum
1534 1540 1604 1592 sit
1651 1535 1932 1592 haereticos
1981 1533 2252 1604 Baptisma

660 1654 766 1693 non
809 1635 1027 1690 habere.

728 1729 1032 1786 Victorious
1060 1743 1088 1781 a
1113 1726 1390 1782 Thabraca
1418 1723 1582 1780 dixit:
1608 1721 1664 1780 Si
1697 1723 1821 1778 licet
1851 1721 2123 1776 hazreticis
2152 1720 2251 1776 ba-

2363 507 2505 562 enim
2561 507 2650 577 qui
2695 504 2838 577 apud
2887 503 3006 559 illos
3053 502 3401 572 baptizantur
3439 517 3537 573 per
3582 503 3966 560 remissionem

2371 612 2711 671 peccatorum
2742 600 2901 654 vitam
2931 606 3190 653 aeternam
3204 607 3628 667 consequuntur,
3659 613 3758 653 cur
3782 598 3849 654 ad
3873 599 3970 655 Ec-

2363 695 2580 750 clcsiam
2613 692 2868 748 veniunt?
2899 690 2953 748 Si
2987 704 3116 745 vero
3141 707 3171 744 a
3203 701 3414 744 mortuo
3441 687 3628 744 salutis
3658 689 3793 744 nihil
3822 691 3964 748 acci-

2365 787 2526 856 pitur,
2557 801 2619 840 ac
2646 792 2892 855 proptera
2917 783 3095 855 agnito
3119 797 3303 838 errore
3336 783 3562 853 pristino
3594 783 3660 838 ad
3689 786 3966 842 veritatem

2362 896 2482 934 cum
2521 879 2838 950 poenitentia
2881 886 3246 946 revertuntur,
3283 894 3390 933 uno
3429 877 3574 932 vitali
3617 877 3962 950 Baptismate,

2363 973 2504 1044 quod
2540 975 2592 1028 in
2625 973 2863 1028 Ecclesia
2895 972 3160 1028 catholica
3191 981 3302 1040 est,
3327 971 3646 1028 sanctificari
3676 972 3967 1031 debebunt.

2435 1068 2626 1123 Castus
2647 1085 2676 1122 a
2699 1067 2853 1124 Sicca
2875 1067 3009 1122 dixit
3036 1086 3050 1122 :
3073 1067 3196 1136 Qui,
3221 1077 3526 1138 contempta
3551 1068 3791 1135 veritate,
3822 1083 3961 1139 pra:-

2361 1167 2524 1218 sumit
2554 1163 2994 1220 consuetudinem
3027 1163 3217 1234 sequi,
3248 1173 3340 1218 aut
3367 1164 3506 1221 circa
3537 1162 3727 1222 fratres
3753 1164 3968 1229 invidus

2360 1267 2444 1312 est
2483 1267 2537 1312 et
2579 1257 2876 1328 malignus,
2911 1256 3103 1328 quibus
3142 1257 3338 1313 veritas
3378 1257 3664 1322 revelatur,
3695 1271 3786 1313 aut
3822 1258 3970 1315 circa

2359 1350 2524 1404 Deum
2564 1350 2803 1422 ingratus
2841 1360 2945 1416 est,
2990 1349 3146 1421 cujus
3188 1351 3540 1422 inspiratione
3574 1351 3970 1424 Ecclesia.ejus

2359 1443 2662 1500 instruitur.

2425 1537 2744 1594 Eucbratius
2769 1553 2798 1592 a
2825 1537 3024 1594 Thenis
3051 1537 3183 1594 dixit
3211 1557 3224 1594 :
3258 1537 3446 1594 Fidem
3484 1549 3726 1596 nostram
3775 1550 3830 1598 et
3858 1539 3971 1598 Ba-

2356 1630 2620 1700 ptismatis
2643 1631 2869 1702 gratiam
2897 1642 2952 1688 et
2983 1632 3113 1702 legis
3139 1632 3518 1689 ecclesiasticae
3542 1635 3785 1706 regulam
3818 1635 3964 1694 Deus

2356 1733 2409 1779 et
2435 1723 2693 1779 Dominus
2722 1736 2904 1780 noster
2948 1723 3106 1781 Jesus
3133 1724 3376 1782 Christus
3417 1742 3516 1782 suo
3554 1743 3652 1782 ore
3673 1729 3967 1798 Apostolos

657 1823 859 1895 ptizare
893 1831 946 1876 et
990 1821 1265 1875 remissam
1303 1829 1639 1889 peccatorum
1671 1816 1800 1871 dare
1821 1857 1836 1884 ,
1867 1815 1991 1886 quid
2026 1814 2144 1869 illos
2173 1813 2253 1868 in-
2283 1828 2330 1888 Β
2358 1817 2560 1873 docens
2589 1818 2926 1890 per-implevit
2953 1819 3141 1875 dicens
3169 1834 3190 1874 :
3215 1817 3316 1890 Ite,
3351 1829 3397 1874 ει
3421 1819 3600 1875 docere
3619 1837 3795 1876 οηιηεε
3822 1819 3965 1876 σοι.

654 1915 916 1971 {amamus
943 1925 996 1968 et
1027 1913 1308 1967 luereticos
1345 1912 1716 1982 appellamus?

728 2008 879 2062 Alius
902 2006 1046 2062 Felix
1064 2007 1130 2059 ab
1150 2005 1340 2061 Utbina
1359 2005 1492 2059 dixit
1510 2023 1522 2059 :
1542 2003 1746 2059 Nemini
1764 2002 1982 2058 dubium
2002 2010 2104 2068 est,
2124 2017 2250 2057 san-

651 2100 874 2158 ctissimi
912 2100 1340 2166 consacerdotes,
1386 2116 1491 2154 non
1527 2106 1729 2156 tantum
1772 2113 1928 2167 posse
1961 2096 2246 2152 humanam

652 2195 1121 2266 praesumptionem
1158 2204 1414 2263 quantum
1461 2192 1665 2244 Domini
1692 2190 1859 2243 nostri
1895 2188 2021 2243 Jrsu
2045 2187 2246 2243 Christi

650 2287 974 2343 adorandum
1031 2297 1085 2341 et
1139 2285 1497 2341 venerabilem
1556 2285 1906 2354 majestatetu.
1978 2282 2246 2339 Memores

648 2399 778 2454 ergo
831 2382 1086 2455 periculi,
1133 2382 1234 2437 hoc
1271 2395 1486 2452 quoque
1540 2396 1645 2434 non
1701 2389 1901 2433 tantum
1957 2378 2245 2432 observare

648 2474 938 2541 debetuus,
971 2489 1155 2529 verum
1187 2473 1348 2529 etiam
1381 2473 1447 2528 ab
1475 2471 1723 2525 omnibus
1752 2470 1907 2524 nobis
1937 2467 2244 2526 confirmari

646 2577 858 2638 oportet
893 2579 950 2622 ut
986 2581 1176 2622 omnes
1215 2565 1450 2621 haeretici
1482 2564 1571 2635 qui
1603 2563 1668 2618 ad
1705 2564 1880 2618 sinum
1923 2561 2111 2616 matris
2143 2561 2244 2616 Ec-

646 2662 826 2719 clesia:
853 2673 1139 2718 accurrunt
1165 2663 1518 2732 baptizentur,
1548 2670 1604 2714 ut
1633 2675 1785 2714 mens
1811 2659 2055 2714 haeretica
2077 2700 2092 2725 ,
2124 2672 2243 2726 qua:

644 2755 894 2811 diuturna
925 2755 1042 2810 tabe
1074 2755 1273 2825 polluta
1300 2764 1404 2821 est,
1425 2752 1846 2808 sanctiﬁcatione
1868 2751 2088 2806 Lavacri
2115 2766 2242 2820 pur-

642 2859 761 2922 gata
803 2849 854 2904 in
888 2849 1078 2904 melius
1107 2849 1448 2905 reformetur.

713 2942 941 3009 Quietus
967 2957 999 2996 a
1023 2941 1230 2996 Berucb
1261 2940 1424 2996 dixit:
1453 2941 1552 3009 Qui
1586 2941 1692 2998 lide
1723 2944 1983 3010 vivimus,
2013 2938 2238 3011 obsequi

643 3037 708 3092 iis
736 3053 854 3108 qua:
882 3035 1207 3092 instruendis
1231 3035 1384 3091 nobis
1411 3045 1538 3091 ante
1571 3036 1830 3107 prtedicta
1859 3047 1985 3093 sunt
2015 3035 2236 3092 credula

641 3133 1015 3189 observatione
1055 3133 1337 3190 debemus.
1384 3131 1516 3187 Nam
1553 3133 1813 3204 scriptum
1851 3143 1932 3187 est
1961 3131 2103 3202 apud
2133 3131 2235 3188 Sa-

2355 1925 2444 1981 tes,
2473 1915 2788 1989 baptizantes
2816 1933 2900 1973 eos
2927 1918 2982 1972 in
3005 1918 3206 1972 nomine
3236 1915 3408 1971 Patris
3429 1926 3476 1972 et
3503 1915 3632 1972 Filii
3651 1928 3698 1972 et
3727 1917 3963 1990 Spiritus

2351 2009 2514 2064 sancti
2541 2007 2758 2075 (Matth.
2796 2026 2978 2074 simu,
3014 2008 3120 2080 i9).
3154 2008 3366 2063 Falsum
3410 2023 3538 2080 ergo
3579 2008 3959 2066 literelicorum

2352 2100 2620 2170 Baptisma
2649 2111 2704 2158 et
2732 2103 2973 2173 iniquum
3001 2118 3030 2158 a
3059 2104 3213 2158 nobis
3246 2102 3556 2173 pellendum
3588 2116 3671 2160 est
3707 2113 3762 2160 et
3801 2103 3960 2161 omni

2351 2197 2704 2254 detestatione
2743 2199 3103 2266 refutandum,
3137 2200 3205 2256 de
3243 2217 3470 2272 quorum
3508 2215 3604 2256 ore
3631 2199 3791 2263 virus,
3841 2215 3958 2254 non

2350 2293 2476 2358 vita,
2507 2309 2608 2350 nec
2645 2294 2812 2366 gratia
2844 2295 3076 2352 caelestis
3103 2337 3118 2360 ,
3161 2294 3255 2350 sed
3307 2293 3636 2366 blasphemia
3665 2292 3955 2349 Trinitatis

2349 2385 2688 2454 exprimitur.
2724 2386 2789 2440 Et
2816 2387 2936 2443 ideo
2957 2387 3232 2442 venientes
3248 2385 3313 2441 ad
3343 2387 3638 2442 Ecclesium
3669 2385 3958 2442 lttcreticos

2347 2477 2554 2548 integro
2582 2486 2636 2533 et
2671 2477 2935 2534 catholico
2965 2478 3292 2550 Baptismate
3317 2477 3579 2549 baptizari
3604 2478 3808 2535 debere
3843 2493 3958 2534 ma-

2346 2571 2594 2626 nifestum
2636 2580 2739 2640 est,
2781 2581 2840 2628 ut
2885 2589 2913 2627 a
2963 2571 3291 2644 blasphemia
3347 2589 3458 2628 sua:
3502 2572 3950 2644 praasumptionis

2347 2664 2614 2733 purilieati
2640 2665 2845 2736 possint
2873 2665 3104 2737 Spiritus
3129 2667 3299 2722 sancti
3327 2666 3496 2737 gratia
3529 2664 3844 2722 reformari.

2417 2758 2644 2815 Libosus
2709 2775 2740 2814 a
2799 2759 2940 2831 Vaga
2985 2759 3161 2816 dixit:
3205 2759 3260 2816 In
3300 2759 3591 2831 Evangelia
3647 2760 3956 2827 Dominus,

2343 2849 2522 2922 (Joan.
2547 2849 2730 2921 x1v,6)
2776 2849 2885 2923 Ego
2933 2867 3068 2919 sum,
3117 2847 3326 2921 inquit,
3375 2851 3578 2906 veritas.
3612 2849 3728 2906 Non
3757 2850 3954 2908 dixit:

2344 2941 2456 3012 Ego
2472 2957 2590 2997 sum
2608 2942 2958 2998 consuetudo.
2981 2942 3186 3014 Itaque,
3216 2942 3445 2998 veritate
3473 2941 3958 3014 manifestata,ce-

2341 3033 2432 3089 dat
2454 3033 2785 3090 consuetudo
2811 3033 3046 3102 veritati,
3077 3043 3135 3089 ut
3154 3035 3255 3090 etsi
3286 3035 3338 3088 in
3371 3035 3705 3104 praiteritum
3725 3037 3858 3106 quis
3893 3036 3952 3090 in

2341 3128 2579 3184 Ecclesia
2606 3126 2890 3184 haereticos
2921 3144 3026 3184 non
3057 3127 3361 3200 baptizabat
3385 3143 3528 3184 nunc
3557 3126 3835 3199 baptizare
3864 3128 3959 3183 in-

640 3229 907 3286 lomonem
944 3229 1169 3300 (Eccles.
1207 3245 1408 3293 xxxrv,
1444 3230 1571 3301 25):
1604 3228 1702 3295 Qui
1727 3230 2020 3297 baptizatur
2044 3247 2075 3283 a
2102 3245 2239 3283 mor-
2268 3233 2313 3296 ρ
2346 3219 2526 3291 cipiat.

637 3323 743 3382 tuo,
771 3316 892 3385 quid
918 3317 1120 3386 proﬁcit
1145 3314 1334 3371 lavatio
1354 3315 1507 3386 ejus?
1530 3313 1684 3384 Quod
1714 3316 1898 3385 utique
1925 3314 1990 3369 de
2025 3314 2110 3368 bis
2135 3315 2226 3386 qui

2406 3315 2601 3370 Lucius
2653 3329 2683 3369 a
2746 3313 3016 3373 Thebeste
3056 3313 3190 3371 dixit
3222 3333 3236 3370 :
3267 3313 3558 3374 Haereticos
3585 3313 3954 3387 blasphemas

1956 3448 2314 3506 VARIORUM
2351 3447 2583 3505 NOTAE.

639 3633 870 3674 mterore
882 3615 1199 3685 etsqualore
1214 3613 1565 3684 paenitentiae.
1584 3612 1882 3667 RicALr.—
1901 3610 2125 3685 Dubium
2142 3627 2209 3665 an

637 3691 897 3760 intelligat
918 3684 1134 3744 Cassius
1156 3703 1220 3742 ex
1251 3685 1559 3760 pmnitentia
1584 3685 1855 3751 squalidos
1882 3693 1937 3760 et
1963 3684 2212 3760 lacrymis

635 3754 941 3817 difﬂuititles
957 3778 971 3824 ;
987 3776 1054 3814 an
1074 3761 1225 3814 malis
1245 3754 1488 3811 litoribus
1501 3765 1784 3818 corrurttos
1809 3765 1863 3809 et
1885 3754 2208 3821 deploratus.

633 3833 771 3889 Infra
799 3832 1022 3888 dicitur;
1056 3831 1200 3885 Mens
1234 3829 1487 3890 liceretica,
1512 3843 1626 3896 qua:
1649 3827 1891 3879 diuturna
1921 3827 2034 3880 tabe
2057 3827 2218 3892 pollu-

632 3916 684 3958 ta
714 3916 783 3959 est
811 3921 829 3958 :
851 3903 992 3973 quod
1015 3904 1077 3957 ad
1097 3904 1452 3974 posteriorem
1471 3916 1597 3974 scus
1622 3914 1687 3950 :m
1717 3899 1951 3952 inclinat.
1987 3897 2215 3974 FELLUS.

703 3971 950 4030 Ecclesia:
976 3971 1278 4030 assistiinus.
1316 3972 1502 4029 Graeca
1542 3971 1740 4040 lnierp.
1787 3972 2131 4043 συνιστάμεθα
2155 3979 2216 4044 τῇ

631 4049 891 4124 ἐκκλησίᾳ.
926 4048 1134 4103 liourn.

704 4141 970 4208 Quomodo
1010 4141 1329 4195 Christianos
1360 4137 1573 4207 faciunt.
1609 4136 1710 4190 Ista
1743 4137 1940 4190 desunt
1979 4135 2029 4188 iu
2061 4135 2220 4206 quin-

629 4231 734 4286 que
758 4213 992 4286 antiquis
1019 4212 1379 4286 codicibus_et
1421 4208 1558 4278 apud
1603 4208 1993 4286 Augustinum,
2022 4216 2079 4286 et
2122 4221 2217 4275 pro

631 4279 698 4341 iis
724 4279 916 4354 legitur
945 4284 1260 4353 simpliciter
1290 4283 1438 4350 ﬁunt,
1474 4293 1526 4334 ut
1565 4279 2213 4354 scribendumAvideatur,

629 4358 672 4411 si
693 4350 970 4410 Christiani
1001 4350 1102 4409 non
1137 4365 1273 4419 sunt,
1304 4354 1451 4422 ﬁant,
1485 4351 1755 4420 quomodo
1779 4360 1898 4417 post
1927 4351 2041 4404 hinc
2072 4350 2214 4422 t-dita

628 4438 890 4495 scriptum
928 4428 1159 4480 vidimus
1182 4427 1232 4479 in
1262 4421 1447 4478 cudtce
1490 4425 1660 4478 sancti
1707 4425 1990 4491 Arnulphi.
2051 4421 2210 4476 Fiunt

2312 3611 2616 3690 Cyprianus
2645 3613 2698 3668 in
2724 3610 2961 3690 Epistola
2983 3614 3052 3668 ad
3073 3613 3356 3690 Quintum;
3379 3615 3541 3690 immo
3560 3614 3630 3690 ita
3659 3612 3745 3690 vel
3769 3617 3950 3690 Inep-

2316 3686 2419 3739 tius
2466 3684 2829 3758 adduceretur
2877 3687 3136 3740 Siracida:
3189 3687 3351 3754 istud,
3403 3688 3448 3742 si
3495 3688 3544 3742 id
3572 3686 3682 3742 fieri
3717 3684 3945 3758 p05si't,

2316 3771 2478 3826 quam
2502 3767 2649 3810 ante.
2673 3757 3109 3815 Additamentum
3134 3767 3314 3814 tamen
3336 3761 3580 3816 esstatiu
3609 3757 3753 3816 Edit.
3787 3761 3958 3819 ﬂar-

2318 3827 2476 3881 duina
2503 3827 2868 3883 Conciliorum.

2395 3925 2722 4002 Blasphcmia
2751 3926 3042 4002 Trinitatis.
3073 3928 3336 3986 Observet
3354 3930 3544 3996 lector,
3579 3931 3665 3988 hic
3691 3944 3752 3989 et
3781 3935 3954 4002 alibi,

2329 3996 2593 4052 Trinitatis
2643 4015 2830 4055 vocem
2888 4000 3156 4056 Personas
3199 4002 3410 4056 divinas
3471 4004 3788 4070 designare.
3859 3996 3963 4064 Sic

2323 4070 2471 4144 Tert.
2501 4070 2621 4144 adv.
2651 4071 2834 4138 Pras.,
2853 4073 2984 4128 c.5z
3014 4071 3302 4128 Numerum
3331 4085 3377 4128 et
3402 4075 3803 4144 dispositionem
3830 4077 3967 4134 Tri—

2322 4142 2526 4204 nitatis,
2557 4141 2854 4198 divisionem
2886 4155 3196 4214 prtesunmnt
3227 4141 3710 4214 Unitatisfquando
3750 4147 3963 4207 Unius:

2320 4229 2383 4267 ea:
2396 4215 2670 4290 semetipsa
2692 4215 2926 4290 derivatis
2951 4215 3376 4290 Trinitatem,non
3399 4218 3698 4272 destruatur
3727 4221 3802 4276 ab
3832 4222 3966 4290 illa,

2317 4285 2406 4360 sed
2426 4357 2434 4360 _
2454 4286 2853 4360 administretur.
2891 4287 3074 4358 Itaque
3101 4289 3236 4360 duos
3270 4299 3320 4344 et
3346 4300 3444 4343 tres
3485 4292 3600 4359 jam
3618 4292 3902 4360 jactitant
3929 4285 3968 4347 ti

2318 4357 2462 4431 nobis
2489 4359 2779 4431 prtedicari,
2808 4375 2862 4414 se
2890 4357 3003 4414 vero
3033 4361 3184 4415 unius
3208 4359 3301 4415 Dei
3315 4357 3534 4416 cultores
3561 4357 3918 4431 priuaturum
3942 4380 3966 4420 :

2315 4430 2462 4506 quasi
2489 4446 2600 4506 non
2620 4441 2666 4506 et
2689 4428 3280 4506 AUnitasirrationaliter
3307 4432 3540 4494 collecta,
3562 4428 3817 4489 ‘Iueresin
3862 4441 3968 4506 fa-

628 4500 792 4561 enitn,
825 4517 928 4554 non
963 4507 1254 4552 nascuntur
1282 4495 1595 4556 Christiani,
1630 4496 1703 4569 uti
1756 4495 2097 4569 observatum
2113 4504 2210 4569 est
2243 4509 2292 4569 ί)
2318 4501 2455 4564 ciat;
2481 4513 2526 4555 et
2557 4499 2781 4555 Trinitas
2807 4503 3130 4558 rationaliter
3163 4520 3407 4569 expensa,
3437 4506 3701 4558 veritatem
3731 4495 3964 4562 caniti-

627 4587 786 4636 sunra
808 4587 926 4642 pag.
950 4571 1076 4642 5⁵15,
1100 4570 1454 4642 Βλιυῑιιξξέ-
1473 4569 1631 4642 Apud
1647 4566 1984 4642 Augustinum
1999 4564 2212 4634 quidem

627 4653 702 4708 et,
735 4636 958 4697 aui-tuire
1002 4641 1174 4704 Fello,
1205 4642 1273 4694 Μ.
1312 4638 1467 4692 Ebor.
1499 4653 1552 4692 et
1589 4637 1744 4690 Bodl.
1776 4636 1811 4689 2
1845 4636 2220 4708 Zuttaramque

623 4707 1049 4790 7ntaemm_qtii
1084 4713 1264 4776 habet,
1297 4711 1488 4790 legatur
1509 4711 1658 4790 ﬁant,
1689 4709 1859 4790 ipst_u_n
1889 4708 2037 4767 illud.
2075 4707 2216 4777 quod

627 4780 783 4841 italus
809 4789 886 4840 vir
920 4786 1111 4839 dot-tus
1140 4780 1500 4838 cmnmendat.
1549 4781 1655 4836 St'd
1706 4780 1834 4833 mihi
1876 4790 2053 4834 tamen
2098 4796 2213 4834 atu-

626 4857 902 4929 pliandum
937 4856 1164 4910 videtur.
1199 4855 1409 4909 Βυυτιί.

695 4951 1000 5022 Canﬁrmari
1026 4959 1243 5019 Oportet.
1286 4948 1374 5022 Sic
1423 4945 1707 5022 emendate
1758 4942 1926 5022 edidit
1965 4942 2214 4998 Baluzius

623 5024 758 5081 forta
792 5016 851 5079 se
877 5041 939 5076 ex
980 5016 1196 5090 scriptis
1224 5021 1372 5075 suis:
1406 5018 1531 5070 dum
1566 5016 1653 5090 alii
1685 5025 1773 5090 aut
1803 5016 2059 5090 omittunt
2087 5031 2212 5069 ver-

623 5099 746 5152 bum
766 5105 981 5165 oportet,
1005 5087 1300 5162 conﬁrmari
1325 5102 1500 5144 tamen
1520 5089 1606 5165 vel
1626 5088 1927 5156 conﬁrmare
1952 5087 2206 5165 legentes,

621 5178 709 5223 aut
737 5159 959 5221 verbum
991 5159 1225 5218 debemus
1259 5171 1376 5232 post
1406 5162 1729 5231 con/innare,
1763 5176 1867 5213 noti
1897 5169 2016 5229 post
2039 5159 2213 5213 obser-

619 5257 757 5302 vare,
793 5247 1069 5310 praestant.
1105 5236 1312 5292 llourn.

696 5335 905 5400 Quietus
934 5349 965 5384 a
993 5329 1216 5385 Baruch.
1263 5328 1315 5382 In
1358 5325 1682 5400 Ver0tiensi_
1697 5323 1970 5400 confessor
2000 5324 2209 5400 Quietus

619 5425 650 5461 a
670 5396 870 5473 Bai-ag.
892 5406 1115 5461 “IGAL'I‘.
1138 5432 1210 5443 ——
1238 5403 1309 5456 Ile
1329 5400 1493 5455 titulis
1514 5400 1627 5454 istis
1652 5398 1899 5452 Baluztus
1925 5412 2084 5466 supra
2108 5396 2208 5451 sub

617 5479 826 5534 initium
855 5487 1122 5531 natarum.
1147 5475 1359 5529 Roma.

687 5570 990 5642 Baptizatur
1010 5586 1040 5621 a
1066 5577 1283 5642 mortuo.
1314 5563 1567 5642 sequitur
1595 5562 1752 5642 istud.
1775 5573 1821 5642 et
1843 5563 2024 5642 iterant
2045 5562 2205 5642 tangit

616 5633 893 5703 mortuum,
929 5643 980 5695 in
1024 5640 1142 5694 edd.
1173 5635 1378 5691 Erasnti
1403 5633 1561 5706 atque
1591 5634 1744 5688 Felli.
1783 5634 1836 5686 In
1868 5635 2054 5706 harum
2074 5633 2203 5706 edi-

617 5717 822 5770 tionum
867 5713 1167 5782 posteriore
1189 5709 1341 5782 testis
1369 5709 1614 5782 lectionis
1642 5705 2197 5782 citatur_.4ugus_tinus,

617 5802 736 5851 qua:
765 5776 942 5839 tamen
973 5785 1025 5837 in
1054 5781 1336 5850 Augustini
1374 5781 1513 5834 sicut
1555 5777 1798 5851 Cypriani
1840 5776 2201 5851 Benedictinis

620 5846 965 5922 editionibus,
1009 5846 1204 5909 tueriio
1249 5851 1447 5920 reiecta
1479 5846 1800 5918 cstJNeque
1846 5847 1996 5903 addit
2033 5846 2197 5903 verba

2324 4581 2452 4646 tuat.
2499 4572 2650 4646 Fat:
2673 4571 2808 4646 Cum
2845 4573 3181 4642 Theolihilus
3225 4579 3510 4646 episcopus
3550 4577 3964 4633 Antioclieuus

2317 4645 2580 4725 jatnan‘te
2603 4644 2995 4725 Tertullianum
3017 4646 3233 4725 τμάδος
3251 4644 3435 4725 vocem
3469 4647 3535 4701 de
3572 4647 3756 4725 tribus
3809 4649 3965 4725 Reif-

2321 4715 2470 4789 sonis
2501 4715 2789 4789 Dignisin
2820 4715 2913 4771 lib.
2959 4733 2996 4772 tt
3028 4715 3158 4773 A'do.
3199 4717 3522 4789 Autolycum,
3553 4734 3602 4774 c.
3632 4719 3743 4785 23,
3782 4722 3966 4776 adhi-

2323 4783 2544 4862 buisset,
2577 4785 2890 4862 Trinitatem
2910 4798 3092 4856 postea
3123 4783 3380 4844 dixerunt
3409 4789 3601 4845 Latine
3632 4783 3965 4862 loquentes

2320 4854 2703 4931 Tcrtulliattus,
2735 4854 3163 4931 Cyprianusque,
3197 4863 3286 4931 qui
3335 4862 3433 4914 hac
3480 4877 3613 4916 voce
3665 4854 3820 4920 usus
3874 4876 3968 4923 est

2318 4929 2745 5006 non_uno_loco,
2774 4929 2829 4985 et
2856 4932 3018 4987 homo
3055 4929 3298 5003 ejusdem
3327 4932 3500 4988 aetatis
3543 4931 3632 4988 hic
3668 4935 3810 5006 ipse
3843 4937 3963 4993 Eu-

2315 5001 2538 5055 cratius.
2572 5001 2785 5057 Booru.

2385 5093 2427 5145 A
2456 5092 2789 5159 blasphemia.
2816 5093 2974 5151 Utita
2999 5096 3293 5151 scriberem
3324 5111 3409 5152 me
3439 5098 3726 5165 compulit
3755 5112 3964 5157 aucto-

2315 5163 2442 5217 ritas
2467 5167 2776 5243 quindecim
2799 5177 3038 5221 veterum
3060 5167 3472 5243 exentpiariuttt.
3494 5163 3681 5224 Antea
3715 5171 3962 5243 legebao

2315 5246 2401 5308 tur
2429 5253 2458 5288 a
2491 5237 2816 5302 blasphemia:
2839 5254 2948 5293 sate
2973 5240 3384 5308 prtrsumptione.
3409 5240 3538 5305 Qua:
3576 5256 3733 5298 sane
3783 5237 3962 5301 lectio

2313 5307 2544 5362 trahetur
2575 5310 2626 5362 in
2664 5309 2978 5378 qttibtlsbattt
3013 5310 3288 5365 codicibus
3332 5310 3587 5378 antiquis.
3620 5313 3957 5373 BALuztus.

2311 5408 2382 5420 --
2408 5379 2737 5461 Augustinus
2789 5396 3001 5452 quoque
3055 5382 3234 5448 habet,
3258 5399 3286 5435 a
3311 5382 3633 5452 blasphemia
3654 5403 3787 5444 suc
3805 5405 3960 5461 pra:-

2307 5453 2632 5520 samptionis.
2669 5451 2880 5507 Roma.

2379 5543 2592 5598 Libosus
2617 5562 2649 5598 a
2686 5542 2848 5614 Vaga.
2882 5544 2937 5598 lu
2972 5544 3268 5601 Veroncnsi
3303 5548 3532 5615 Confess.
3580 5558 3638 5603 et
3675 5550 3867 5610 Mart.
3897 5556 3956 5610 in

2307 5618 2448 5689 nobis
2472 5616 2606 5670 areis
2622 5619 2814 5689 positus
2840 5615 3050 5672 Libosus
3079 5636 3126 5689 αν
3143 5617 3300 5689 l’aga.
3337 5621 3554 5675 lilGAL‘l‘.

2377 5687 2564 5762 Lucius
2614 5685 2645 5762 _a
2697 5685 2957 5762 Thebeste.
3008 5685 3238 5762 quer'.
3279 5689 3509 5762 Confess.
3557 5703 3610 5746 et
3677 5696 3868 5756 Mart.
3900 5703 3956 5756 in

2307 5758 2491 5817 Fausti
2516 5760 2705 5830 positus
2735 5758 2951 5816 Leacias
2973 5779 3004 5816 a
3029 5759 3294 5819 Theueste.
3328 5758 3546 5821 Brom.
