4262 6236
366 313 492 372 lt)8|

715 409 1049 490 Epts'rom
1086 423 1299 486 MAGNI
1337 419 1662 480 CYPRIANI

612 571 693 624 Ad
721 569 803 644 (1)
841 568 1116 624 Iovianum
1148 569 1360 640 ejusque
1393 562 1679 636 episcopos.

434 699 564 757 Cum
595 702 645 757 iu
673 703 943 757 communi
969 701 1200 758 concilio
1220 716 1483 765 essemus,
1517 698 1699 752 dilecti
1730 696 1946 764 fratres,

359 792 584 864 legimus
606 795 812 850 litteras
835 811 864 848 a
887 795 1038 850 vobis
1053 795 1264 858 missas,
1285 795 1352 850 de
1381 794 1442 847 iis
1471 794 1558 863 qui
1583 791 1652 846 ab
1685 791 1949 846 Itu'relicis

355 888 439 943 vel
465 887 826 944 schismaticis
849 889 1100 958 baptizari
1122 889 1218 944 Vibi
1241 897 1386 952 sunt,
1407 885 1740 942 venientibus
1769 883 1832 938 ad
1855 899 1945 939 ca-

357 982 608 1039 tbolicnm
628 983 948 1049 Ecclesium,
967 1001 1085 1056 qum
1100 1000 1200 1038 ttna
1223 992 1326 1048 est,
1355 983 1407 1038 in
1429 998 1529 1054 qua
1554 981 1882 1048 baptizamur
1896 988 1949 1034 et

359 1092 763 1146 regeneramur.
793 1077 866 1132 De
882 1079 1076 1148 quibus
1089 1076 1429 1138 conﬁdimus.
1450 1091 1544 1128 vos
1560 1089 1770 1142 quoque
1791 1073 1946 1144 quiin

357 1168 445 1224 illa
472 1169 944 1240 agetis,catholica'
960 1168 1216 1226 Ecclesiae
1235 1169 1456 1225 canonis
1472 1166 1772 1222 ﬁrmiuttem
1798 1179 1948 1223 tene-

356 1279 416 1321 re
439 1273 645 1320 :tatueu
669 1264 919 1331 quoniam
943 1265 1221 1319 nobiscum
1249 1264 1380 1319 estis
1402 1261 1792 1318 communionis
1823 1276 1942 1329 par-

356 1357 564 1426 ticipes,
583 1365 637 1412 et
654 1368 871 1427 propter
900 1372 1241 1412 communem
1263 1355 1599 1410 dilectionem
1628 1353 1694 1408 de
1715 1369 1781 1409 eo
1802 1368 1948 1423 qua:-

353 1465 475 1505 rere
496 1449 760 1516 voluistis,
790 1465 896 1505 non
919 1465 1112 1505 novam
1141 1449 1458 1504 sententiam
1483 1462 1654 1517 neque
1668 1461 1809 1500 nunc
1827 1445 1946 1501 l‘uu-

351 1540 530 1597 datam
567 1540 840 1596 aﬂ'erimus
866 1559 880 1607 ;
911 1541 1004 1598 sed
1035 1557 1156 1612 quae
1181 1542 1306 1595 olim
1338 1541 1406 1595 ab
1435 1539 1824 1611 antiquioribus
1853 1553 1944 1593 ac-

354 1633 694 1688 curatissime
715 1633 1186 1703 etdiligentissime
1203 1631 1301 1688 fuit
1317 1632 1644 1693 examinata.
1667 1647 1785 1688 eam
1805 1647 1832 1684 a
1853 1647 1947 1684 vo-

351 1724 431 1780 bis
447 1725 839 1781 observandam
864 1726 1013 1782 vobis
1033 1727 1563 1785 communicavimus.
1588 1734 1642 1780 et
1662 1723 1945 1796 conjungi-

1493 301 1802 361 CONCILIA
1843 297 2468 359 CARTHAGINENSIA.

1983 419 2032 479 Α

3512 299 3651 360 1082

2456 425 2771 478 ΕΠΙΣΤΟΔΗ
2797 425 2920 475 ΤΟΥ
2949 423 3244 478 MEI‘AAOT

2055 565 2345 636 κυπριανοῦ
2370 562 2498 635 πρὸς
2515 562 2601 616 τὸν
2615 558 2848 614 Ἰοϐιανὸν
2885 559 2972 612 καί
2995 557 3184 612 ἐκείνου
3215 577 3652 621 συνεπισκοπους.

2125 699 2196 754 Ἐν
2249 699 2569 771 κοινοϐονλίῳ
2623 693 2762 760 ὅντες
2818 699 3074 771 ἀγαπητοί
3123 694 3323 770 ἀδελφοί
3377 699 3656 771 ἀνέγνωμεν

2052 792 2335 868 γραμμάτα
2368 790 2449 864 ἀφ’
2476 791 2618 863 ὑμῶν
2645 790 2890 845 στάλεντα
2913 790 3056 861 παρὰ
3083 795 3182 843 τῶν
3204 795 3310 850 τοῖς
3332 789 3601 865 αίρετικοῖς
3626 791 3657 852 ἣ

2053 893 2425 959 σχισματικοῖς
2448 883 2729 940 δοκούντων
2751 883 3090 959 βαπτίζεσθαι
3110 883 3404 956 ἐρχομένων
3417 883 3548 958 πρὸς
3568 887 3658 942 την

2052 981 2308 1040 καθολικὴν
2335 979 2626 1036 Ἐκκλησίαν
2649 1019 2664 1042 ,
2707 980 2817 1038 ἥτις
2863 978 2972 1032 ἐστί
3002 979 3126 1049 μία,
3169 978 3218 1030 ἐν
3310 975 3659 1051 βαπτιζόμεθα

2053 1078 2138 1129 καὶ
2182 1074 2575 1146 άναγεννὼμεθα.
2613 1073 2730 1142 Περί
2776 1066 2840 1123 ὧν
2887 1071 2972 1124 καί
3018 1071 3366 1140 πεποίθαμεν.
3407 1070 3492 1122 καί
3522 1067 3658 1140 ὑμᾶς

2053 1167 2240 1227 αὐτοὺς
2266 1167 2429 1220 ἐκεῖνα
2457 1163 2780 1224 ποαττὸντας
2805 1167 2894 1220 τήν
2922 1161 3242 1236 στερρότητα
3277 1169 3368 1223 τῆς
3396 1160 3658 1224 καθολικῆς

2048 1259 2338 1319 Ἐκκλεσίας
2359 1262 2719 1329 κατακρατεῖν·
2737 1251 2873 1326 ὅμως
2890 1256 2999 1308 ἐπεί
3016 1256 3343 1327 συγκοινωνοί
3361 1255 3500 1325 ἡμῶν
3516 1255 3654 1320 ἐστε,

2050 1359 2136 1410 καί
2164 1360 2381 1419 ζητῆσαι
2400 1355 2519 1426 περὶ
2539 1354 2724 1408 τούτου
2747 1349 2831 1407 διά
2852 1355 2940 1410 τήν
2963 1353 3127 1408 κοινήν
3141 1351 3341 1424 αγάπην
3359 1349 3651 1416 ἠθελήσατε,

2051 1448 2110 1501 οῦ
2138 1447 2431 1522 πρόσφατον
2448 1447 2667 1518 γνώμην.
2690 1441 2805 1497 οῦδέ
2827 1448 2913 1498 νῦν
2939 1440 3259 1515 ἡδρασμένην
3281 1443 3654 1518 προσφέρομεν,

2051 1539 2178 1594 άλλά
2208 1543 2296 1597 την
2320 1538 2476 1593 πάλαι
2504 1538 2607 1591 ὑπὸ
2631 1544 2729 1591 τῶν
2749 1537 3158 1610 προγενεστέρων
3175 1537 3312 1607 ἡμῶν
3329 1537 3460 1608 μετά
3483 1538 3657 1600 πάσης

2049 1634 2315 1711 ἀκριϐείας
2339 1636 2425 1686 καί
2452 1631 2736 1702 ἐπιμελείας
2776 1629 3208 1702 δεδοκιμασμένην
3228 1673 3242 1694 ,
3274 1634 3358 1684 καί
3401 1631 3484 1706 ὑφ’
3511 1632 3654 1705 ὑμῶν

2050 1728 2516 1802 παρατηρηθεῖσαν.
2546 1725 2840 1795 κοινοῦμεθα
2858 1724 2979 1794 ὑμῖν
3005 1726 3093 1777 καί
3113 1725 3478 1797 συζεύγνυμεν,
3499 1730 3653 1780 τοῦτο

351 1833 492 1884 Inus,
518 1818 568 1872 id
588 1834 802 1890 quoque
819 1835 961 1876 nunc
992 1818 1461 1890 statuentes,quod
1494 1833 1710 1887 semper
1738 1816 1929 1873 fortitet

2053 1823 2140 1874 καί
2166 1825 2254 1872 νῦν
2285 1822 2735 1893 χειροτονοῦντες,
2768 1812 2907 1878 ὅπως
2937 1813 3021 1869 διά
3056 1818 3249 1876 παντὸς
3289 1818 3527 1889 ἰσχυρῶς
3569 1819 3654 1871 καί

349 1909 728 1982 stabiliterque
757 1912 1022 1968 tenuimus
1046 1953 1062 1979 ,
1095 1922 1150 1965 ut
1181 1925 1338 1966 nemo
1369 1911 1540 1982 pOSsit
1567 1909 1822 1979 baptizari
1855 1923 1948 1964 ex-

348 2007 430 2054 tra
461 1999 717 2057 Ecclesia:
746 2002 1026 2058 catholica:
1052 2003 1405 2075 Baptismutu.
1445 2001 1536 2072 qui
1581 2017 1716 2056 unus
1757 2013 1861 2069 εει,
1890 2010 1946 2058 ει

349 2091 402 2148 in
453 2092 568 2148 sola
619 2093 881 2150 catholica
925 2094 1163 2152 Ecclesia
1216 2097 1505 2164 reperitur.
1551 2095 1819 2166 Scriptum
1864 2102 1946 2150 est

345 2186 486 2241 enim
542 2204 555 2240 :
621 2186 709 2242 Me
759 2187 1071 2262 reliquerunt
1135 2188 1325 2258 {autem
1374 2202 1519 2258 aqua
1547 2187 1689 2246 vitae.
1725 2198 1771 2242 et
1801 2186 1945 2257 fode-

344 2291 463 2335 runt
488 2280 582 2336 sibi
634 2280 778 2337 lacus
836 2285 1139 2355 pcrforatos,
1191 2283 1277 2355 qui
1329 2299 1512 2353 aquam
1560 2284 1816 2338 continere
1857 2299 1946 2340 ne-

344 2383 550 2442 queunt.
584 2374 646 2430 Et
695 2389 882 2430 rursus
908 2390 1058 2431 sacra
1091 2375 1366 2446 Scriptura
1397 2375 1496 2430 huc
1522 2377 1944 2445 prmsigttilitrans

343 2463 512 2521 dicit:
539 2465 614 2520 Ab
643 2484 776 2538 aqua
804 2468 974 2523 aliena
1005 2469 1261 2534 abstinete,
1293 2479 1338 2524 et
1367 2485 1429 2523 ea:
1484 2471 1625 2541 fonte
1673 2469 1839 2523 alieno
1883 2484 1945 2523 ne

343 2556 516 2614 bibite.
565 2557 789 2629 Oportet
839 2569 1017 2618 autem
1076 2577 1269 2634 aquam
1329 2563 1559 2632 primum
1629 2563 1844 2633 purgari
1891 2572 1945 2618 et

341 2650 666 2708 sauctiticari
713 2669 742 2706 a
783 2654 1100 2722 sacerdote,
1154 2663 1213 2710 ut
1261 2656 1431 2726 possit
1482 2657 1699 2726 proprio
1729 2654 1940 2726 Btptis-

341 2751 484 2798 male
515 2743 748 2799 hominis
785 2744 874 2816 qui
905 2745 1206 2817 baptizatur
1239 2759 1452 2814 peccata
1483 2748 1685 2804 eluere.
1718 2747 1850 2803 Nam
1888 2757 1944 2804 et

341 2851 439 2905 per
466 2836 799 2892 Ezet-bielctu
836 2839 1150 2912 prephetam
1191 2841 1318 2895 dicit
1347 2839 1643 2897 Dominus:
1680 2839 1743 2894 Et
1767 2859 1942 2913 asper-

338 2946 564 3002 gamuos
589 2949 722 3004 aqua
749 2950 901 3004 pura.
931 2944 978 2988 et
1002 2935 1259 2989 mandabo
1309 2935 1447 2990 vobis
1497 2952 1585 2990 cor
1635 2951 1842 3002 novum,
1893 2946 1940 2991 et

337 3025 574 3094 spiritum
625 3041 810 3080 nouum
863 3025 992 3080 dabo
1045 3027 1217 3093 vobis;
1260 3038 1313 3084 et
1343 3042 1466 3082 cum
1506 3027 1649 3082 dicat
1683 3028 1938 3084 Dominus

339 3116 389 3173 in
441 3116 692 3174 Numeris
739 3135 752 3172 :
795 3117 863 3172 Et
912 3121 1084 3174 omnia
1138 3136 1251 3189 quae
1297 3132 1466 3192 tanget
1497 3120 1810 3183 itmnundus,
1840 3121 1938 3174 im-

2052 1911 2292 1983 ἀσφαλῶς
2328 1915 2634 1984 κρατοῦντες
2665 1905 2854 1980 μηδένα
2884 1907 3222 1982 βαπτίζεσθαι
3265 1905 3514 1962 δύνασθαι
3554 1905 3654 1974 ἔξω

2052 2013 2144 2066 τῆς
2173 2003 2430 2064 καθολικῆς
2455 2001 2740 2063 Ἐκκλεσίας
2767 2001 2874 2062 ἐνὸς
2905 1997 3046 2061 ὄντος
3072 2001 3459 2072 βαπτίσματος.
3493 2002 3579 2055 καί
3603 2003 3653 2055 έν

2050 2096 2177 2168 μόνῃ
2203 2094 2431 2168 καθολικῇ
2445 2093 2704 2169 Ἐκκλεσίᾳ
2727 2093 3060 2168 ὑπάρχοντος
3103 2093 3396 2169 Γέγραπται
3414 2092 3514 2166 γάρ
3544 2091 3655 2166 Ἐμέ

2050 2189 2375 2260 ἕγκατέλιπον
2419 2193 2584 2263 mw}?
2628 2186 2817 2249 ὕδατος
2859 2191 3076 2252 ζῶντος,
3116 2189 3201 2240 καί
3228 2185 3425 2262 ὤρυξαν
3456 2186 3654 2251 ἑαυτοῖς

2049 2285 2266 2345 λάκκους
2338 2285 2832 2356 συντετριμμένους,
2884 2284 2968 2336 καί
3029 2284 3099 2352 μή
3151 2277 3460 2351 δυναμένους
3514 2277 3654 2356 ὕδωρ

2049 2385 2292 2450 συσχεῖν.
2318 2380 2410 2431 Καὶ
2425 2376 2572 2432 πάλιν
2599 2377 2629 2434 ἡ
2651 2375 2951 2448 άγίαΓραφη
2972 2374 3344 2446 προμηνυούσα
3358 2373 3504 2446 λέγει’
3533 2371 3652 2430 Ἀπὸ

2049 2467 2235 2529 ῦδατος
2266 2469 2526 2542 ἀλλοτρίου
2564 2468 2885 2538 άπὸσχεσθε,
2930 2468 3014 2519 καί
3057 2467 3159 2520 ἀπὸ
3186 2474 3352 2538 πηγῆς
3386 2465 3653 2539 αλλοτρίας

2048 2568 2119 2635 μή
2148 2567 2295 2621 πίητε
2359 2569 2443 2615 Δεῖ
2482 2559 2535 2615 δὲ
2570 2561 2952 2632 καθαρίζεσθαι,
2988 2560 3073 2611 καί
3101 2556 3395 2628 ἁγιάζεσθαι
3423 2559 3481 2612 τὸ
3509 2556 3649 2634 ὕδωρ

2047 2666 2251 2734 πρῶτον
2282 2657 2382 2711 ἀπὸ
2421 2661 2514 2710 τοῦ
2537 2655 2736 2726 ἱερέως,
2762 2653 2845 2706 ’ίνα
2872 2650 3052 2726 δυνηθῇ
3083 2659 3155 2724 τῷ
3180 2649 3290 2724 ἰδίῳ
3321 2652 3650 2724 βαπτίσματι

2045 2755 2143 2815 τάς
2183 2752 2441 2826 ἁμαρτίας
2479 2755 2571 2805 τοῦ
2601 2748 2974 2824 βαπτίζομένου
3021 2748 3282 2822 ἀνθρώπου
3321 2747 3644 2818 ἀποσμῦζαι.

2044 2846 2132 2899 Διά
2169 2864 2222 2899 τε
2250 2841 2475 2907 Ἰεζεκιήλ
2499 2846 2591 2896 τοῦ
2621 2844 2880 2916 προφήτου
2917 2839 3050 2910 λέγει
3078 2838 3275 2912 Κύριος·
3307 2839 3396 2890 Καί
3421 2837 3647 2912 ραντίσω

2045 2936 2182 3008 ὑμᾶς
2211 2937 2415 3007 καθαρῷ
2445 2930 2615 2991 ῦδατι,
2655 2935 2740 2986 καί
2779 2931 3002 3003 καθαριῶ
3043 2928 3200 3000 ὑμᾶς,
3241 2930 3325 2981 καί
3352 2924 3501 2981 δώσω
3527 2928 3646 3000 ὑμῖν

2043 3026 2256 3102 καρδίαν
2277 3031 2469 3085 καινήν·
2497 3027 2583 3079 καί
2600 3029 2804 3095 πνεῦμα
2835 3024 3002 3077 καινὸν
3029 3019 3179 3076 δὼσω
3204 3022 3252 3074 έν
3281 3021 3417 3091 ὑμῖν.
3440 3018 3571 3091 (Πῶς
3591 3020 3646 3077 δέ

2043 3119 2258 3176 δύναται
2287 3121 2562 3192 καθαρίσαι
2608 3119 2694 3171 καί
2739 3115 2951 3188 ἁγιάσαι
2989 3113 3127 3190 ὕδωρ
3194 3113 3532 3188 ὁάκάθαρτος
3578 3115 3644 3169 ὢν

336 3210 529 3264 munda
584 3221 732 3264 erunt
777 3227 791 3242 ο
829 3211 1101 3281 quomodo
1147 3222 1323 3282 potest
1372 3212 1651 3282 baptizaus
1691 3211 1822 3267 dare
1847 3213 1929 3268 alii

2043 3216 2218 3276 αὐτὸς.
2254 3216 2338 3268 καί
2367 3211 2491 3288 παρ’
2585 3217 2788 3282 πνεῦμα
2809 3208 2949 3281 ἅγιον
2980 3209 3069 3262 οὐκ
3094 3207 3250 3268 ἐστίςὶ
3281 3209 3524 3281 Λέγοντος
3548 3214 3642 3264 τοῦ

338 3304 712 3360 remissionem
762 3315 1130 3375 peccatorum,
1183 3306 1272 3375 qui
1326 3320 1430 3359 non
1488 3315 1664 3375 potest
1717 3305 1933 3375 propria

335 3406 554 3464 peccata
598 3405 748 3452 extra
782 3395 1080 3451 Ecdesium
1125 3395 1436 3453 dimittere?
1484 3396 1590 3452 Sed
1617 3407 1669 3452 et
1711 3397 1820 3464 ipsa
1853 3397 1935 3452 iu-

335 3489 628 3560 terrogatio
655 3506 775 3561 qua:
804 3493 862 3545 lit
899 3491 948 3546 in
979 3490 1330 3561 Baptismate,
1361 3501 1445 3546 est
1487 3492 1635 3546 testis-
1667 3493 1930 3558 veritatis;

333 3584 574 3642 dicentes
599 3589 743 3642 enim
770 3587 821 3642 ei
848 3587 936 3658 qui
956 3588 1297 3642 examinatur
1321 3605 1334 3640 :
1359 3586 1549 3643 Credis
1580 3589 1744 3644 vitam
1776 3600 1932 3645 teter-

334 3693 456 3734 nam
479 3689 533 3733 et
561 3679 934 3734 remissionem
967 3692 1309 3750 peccatorum
1336 3681 1608 3750 accipere?
1635 3681 1765 3735 nihil
1791 3682 1930 3738 aliud

333 3771 584 3842 dicimus,
620 3787 778 3843 quam
819 3773 959 3844 quod
995 3774 1047 3828 itt
1079 3772 1341 3829 catholica
1372 3774 1607 3830 Ecclesia
1659 3774 1772 3828 haec
1814 3775 1930 3831 dari

328 3877 578 3935 possunt.
605 3863 760 3938 Apud
785 3863 1068 3920 haereticos
1093 3875 1295 3932 autem,
1321 3865 1406 3920 ubi
1425 3865 1664 3920 Ecclesia
1692 3883 1795 3921 nou
1823 3877 1924 3936 est,

324 3955 516 4011 haberi
547 3971 652 4011 non
691 3965 865 4026 potest
913 3967 1250 4026 peccatorum
1276 3959 1524 4014 remissio
1555 3976 1568 4012 :
1602 3968 1658 4014 et
1687 3958 1808 4014 ideo
1837 3961 1927 4028 qui

323 4045 704 4103 Ita-reticttrum
735 4049 1086 4118 patrocinium
1137 4050 1434 4119 suscipiunt
1467 4094 1482 4115 ,
1518 4051 1600 4105 vel
1626 4050 1825 4107 debent
1853 4052 1930 4107 in-

325 4142 751 4212 terrogationem
781 4152 1010 4208 mutare,
1036 4143 1116 4198 vel
1143 4146 1424 4198 veritatem
1455 4143 1670 4198 intueri.
1695 4143 1928 4200 Necesse

324 4243 414 4290 est
435 4235 600 4288 etiam
634 4251 757 4290 eum
785 4237 872 4306 qui
905 4236 1204 4305 baptizatus
1226 4247 1336 4298 est,
1371 4235 1556 4306 inungi
1579 4278 1594 4300 ,
1623 4247 1679 4290 ut
1708 4250 1927 4306 accepta

322 4329 600 4393 unctione,
649 4327 737 4380 ﬁat
787 4327 986 4382 Christi
1050 4329 1334 4398 particeps.
1368 4327 1710 4384 Sauctiﬁcare
1749 4336 1925 4383 autem

320 4421 501 4476 oleum
535 4436 637 4473 ttun
687 4430 860 4489 potest
909 4421 1213 4488 harreticus,
1258 4421 1349 4491 qui
1397 4436 1495 4476 nec
1539 4421 1708 4476 altare
1742 4423 1921 4488 habet,

318 4527 423 4567 nec
468 4511 788 4567 Ecclesiatn.
819 4511 933 4568 Non
985 4523 1157 4583 potest
1183 4523 1362 4568 autem
1413 4515 1629 4568 omnino
1677 4513 1920 4569 Chrisma

2038 3311 2222 3382 Κυρίου
2254 3308 2304 3361 ἐν
2325 3312 2430 3367 τοῖς
2459 3307 2722 3380 Αριθμοῖς·
2756 3305 2848 3356 Καί
2884 3303 3088 3356 πάντων
3134 3296 3201 3352 ὧν
3233 3298 3421 3371 ἅψεται
3459 3299 3484 3354 ὁ
3513 3302 3640 3354 άκά-

2034 3405 2250 3478 θαρτος.
2284 3401 2546 3474 ἀκάθαρτα
2592 3396 2762 3457 ἔσται.
2794 3403 2906 3456 πῶς
2937 3393 3198 3467 βαπτίζων
3248 3390 3462 3448 δύναται
3507 3389 3639 3447 ἄλλω

2035 3493 2213 3550 δοῦναι
2249 3490 2391 3549 ἅεσιν
2440 3491 2702 3567 ἁμαρτιῶν
2741 3488 2767 3543 ὁ
2811 3493 2880 3562 μὴ
2908 3485 3130 3548 δυνηθεὶς
3160 3488 3226 3540 τὰ
3269 3482 3374 3539 ἴδια
3404 3485 3640 3557 ἁμαρτήε

2034 3611 2175 3662 ματα
2200 3585 2293 3653 ἔξω
2315 3596 2405 3648 τῆς
2437 3585 2729 3645 Ἐκκλεσίας
2771 3583 3074 3641 άποθέσθαις
3114 3578 3256 3632 Ἀλλά
3304 3581 3389 3632 καί
3436 3579 3565 3637 αῦτὴ
3605 3580 3635 3636 ἠ

2035 3684 2283 3755 ἐρώτησις
2312 3682 2342 3739 ἡ
2368 3682 2416 3734 έν
2446 3687 2519 3749 τῷ
2545 3678 2872 3753 βαπτίσματι
2896 3676 3150 3749 γινομένη,
3184 3673 3383 3746 μάρτυς
3411 3673 3520 3727 ἐστὶ
3545 3679 3637 3732 τῆς

2035 3772 2284 3834 άληθείας.
2315 3774 2558 3845 Λέγοντες
2575 3772 2676 3844 γὰρ
2697 3776 2770 3842 τῷ
2795 3768 3133 3837 ἐξεταζομένῳ
3153 3807 3168 3824 .
3192 3767 3420 3826 πισεύεις
3440 3767 3635 3819 αἰώνιον

2033 3869 2164 3929 ζωήν
2191 3869 2276 3920 καί
2315 3861 2488 3936 ἄφεσιν
2523 3862 2788 3935 ἁμαρτιῶν
2815 3858 3087 3930 λαμϐάνειν
3105 3897 3120 3919 ,
3152 3859 3243 3910 οῦκ
3269 3851 3388 3910 ἄλλο
3414 3879 3464 3912 τι
3491 3856 3633 3929 λέγο-

2033 3982 2146 4033 μεν,
2180 3962 2221 4012 εἰ
2251 3961 2319 4030 μὴ
2365 3953 2441 4010 ὅτι
2467 3956 2516 4008 ἐν
2543 3963 2604 4026 τῇ
2635 3953 2867 4024 καθολικῇ
2890 3951 3148 4025 Ἐκκλεσίᾳ
3178 3949 3377 4008 δοθῆναι
3397 3947 3629 4003 δύναται.

2032 4054 2174 4128 Παρὰ
2190 4049 2243 4105 δὲ
2269 4055 2374 4109 τοῖς
2401 4049 2670 4122 αίρετικοῐς
2694 4043 2821 4099 ὅπου
2838 4043 3107 4100 Ἐκκλησία
3128 4045 3219 4097 οῦκ
3251 4041 3389 4096 ἔστιν
3445 4039 3628 4095 ἀδύνα-

2030 4166 2116 4199 τον
2152 4141 2532 4216 ἁμαρτημάτων
2560 4135 2734 4212 ἄφεσιν
2769 4136 2974 4196 λαϐεῖν,
3021 4137 3108 4188 καί
3146 4132 3228 4190 διὰ
3266 4139 3418 4190 τοῦτο
3448 4134 3492 4186 οί
3530 4140 3631 4188 τῶν

2030 4237 2295 4312 αἱρετικῶν
2326 4239 2598 4304 συνήγοροι
2623 4231 2654 4290 ἢ
2693 4234 2782 4288 τήν
2820 4231 3132 4305 έπερῶτησιν
3163 4227 3368 4291 ἀλλάξαι
3405 4226 3629 4298 ὀφείλου-

2029 4353 2129 4395 σιν,
2156 4328 2186 4390 ἣ
2230 4335 2318 4388 τήν
2349 4328 2574 4387 ἀλήθειαν
2603 4322 2866 4384 ἐκδικῆσαι
2888 4367 2898 4379 .
2939 4326 2982 4378 εἰ
3022 4329 3092 4394 μή
3134 4345 3185 4378 τι
3220 4323 3394 4381 αὐτοῖς
3424 4323 3509 4374 καί
3538 4325 3627 4379 τήν

2025 4421 2316 4479 Ἐκκλησίαν
2344 4421 2750 4496 προσ-νέμουσιν.
2795 4412 2884 4478 οῦς
2937 4415 3210 4488 βάπτισμα
3256 4410 3398 4485 ἒχειν
3452 4410 3626 4468 διαϐε-

2029 4516 2308 4570 ϐαιοῦνται.
2334 4513 2543 4586 Ἀνάγκη
2565 4509 2617 4565 δέ
2641 4512 2751 4566 ἔστι
2777 4513 2863 4564 καί
2891 4511 3132 4584 χρίεσθαι
3157 4507 3243 4564 τὸν
3271 4507 3626 4580 βεϐαπτισμέο

314 4618 442 4660 esse
471 4601 612 4675 apud
661 4604 964 4660 haereticos.
996 4605 1160 4660 “Nobis
1206 4605 1348 4658 enim
1389 4605 1592 4660 clarum
1639 4617 1742 4668 est,
1776 4605 1922 4660 nullo

2038 4627 2130 4662 ρον.
2146 4606 2230 4659 ἶνα
2251 4603 2420 4658 λαϐὼν
2449 4607 2678 4675 χρίσμα,
2703 4602 2930 4672 μέτοχος
2949 4601 3154 4672 γένηται
3177 4604 3422 4674 Χριστοῦ.
3451 4595 3624 4671 ’Λγία-

313 4695 484 4752 modn
505 4695 642 4766 apttd
671 4696 790 4751 illos
812 4698 1132 4752 sattt'tilicari
1159 4711 1316 4766 posse
1343 4697 1520 4754 oleum
1542 4697 1606 4752 ad
1630 4699 1920 4768 gratiarum

309 4791 609 4846 actionem.
639 4790 794 4846 Scire
821 4792 982 4854 cuitu,
1009 4804 1058 4848 et
1089 4807 1191 4846 uou
1230 4793 1474 4862 ignorare
1499 4790 1756 4846 debemus
1779 4792 1921 4863 quod

306 4884 577 4955 scriptum
605 4891 689 4940 est
725 4901 739 4937 :
777 4881 960 4937 Oleum
989 4885 1267 4954 peccatoris
1309 4899 1432 4938 non.
1461 4883 1742 4954 impinguet
1768 4894 1921 4953 caput

302 4993 506 5032 munt.
555 4975 708 5044 Quod
752 4976 968 5046 quidem
1001 4978 1162 5031 etiam
1193 4975 1320 5030 olim
1362 4974 1680 5045 signiﬁcavit
1705 4986 1922 5030 sanctus

303 5069 556 5138 Spiritus
596 5069 647 5122 in
679 5067 926 5131 Psalmis,
972 5083 1037 5122 uc
1083 5068 1219 5122 forte
1249 5067 1510 5122 abductus
1549 5069 1761 5138 aliquis.
1804 5078 1857 5123 et
1885 5083 1916 5122 ει

300 5170 463 5219 recta
495 5161 575 5216 via
611 5161 885 5227 aberraus,
916 5161 1055 5231 apud
1086 5161 1391 5228 luereticos,
1423 5163 1620 5219 Christi
1654 5163 1720 5218 ad
1733 5178 1912 5217 versa-

298 5256 452 5318 rios,
468 5253 771 5323 inungatur.
797 5253 1076 5321 Quomodo
1095 5265 1275 5311 autem
1296 5274 1391 5326 pro
1416 5272 1482 5311 eo
1507 5257 1596 5328 qui
1620 5256 1915 5326 baptizatus

297 5357 404 5404 est
431 5347 758 5418 peccabitur,
791 5363 898 5403 non
931 5348 1205 5416 sacerdos,
1237 5348 1332 5415 sed
1360 5349 1672 5420 sacrilegus,
1701 5359 1755 5402 et
1783 5361 1912 5418 pec-

294 5443 724 5500 catorwiccnte
743 5442 1039 5514 Scriptura,
1054 5443 1196 5515 quod
1216 5443 1355 5498 Deus
1381 5453 1667 5513 peccatores
1694 5458 1796 5495 non
1821 5455 1914 5492 au-

294 5537 416 5601 dit,
437 5535 524 5589 sed
537 5536 581 5590 si
605 5537 716 5604 quis
745 5547 818 5591 est
847 5537 963 5608 pius
988 5553 1050 5590 ac
1074 5537 1362 5609 religiosus,
1395 5547 1442 5590 et
1469 5536 1580 5606 ejus
1606 5535 1911 5588 voluntatem

391 5673 470 5746 (1)
503 5673 844 5746 Jubaianum.
869 5674 935 5732 At
955 5676 1008 5731 in
1038 5676 1170 5732 edit.
1199 5675 1402 5732 Pamel.
1432 5683 1487 5730 et
1513 5674 1630 5746 Rig.
1663 5672 1909 5730 inscribi-

289 5760 409 5806 tur
435 5747 500 5820 ad
528 5745 842 5820 Ja‘nuarium
870 5759 926 5802 et
962 5759 1189 5804 caeteros
1217 5749 1500 5820 episcopos
1542 5745 1798 5806 Numidas
1836 5746 1904 5804 de

291 5825 378 5878 ha
391 5817 651 5888 ptizaudis
673 5817 964 5876 haereticis.
986 5821 1182 5878 lunae.

2027 4721 2118 4755 σαι
2148 4697 2201 4754 δὲ
2231 4695 2392 4752 ἔλαιον
2417 4698 2475 4750 οῦ
2503 4693 2716 4750 δύναται
2739 4693 2765 4747 ὁ
2786 4693 3038 4768 αίρετικὸς
3064 4690 3089 4745 ὁ
3111 4695 3236 4762 μήτε
3262 4693 3623 4766 θυσιαστήριον

2026 4791 2189 4864 ἔχων,
2215 4795 2341 4864 μήτε
2369 4789 2650 4852 ἐκκλεσίαν,
2681 4784 2784 4841 ὅθεν
2809 4788 2866 4840 οὐ
2898 4787 3112 4842 δύναται
3139 4787 3346 4859 χρίσμα
3375 4786 3433 4840 τὸ
3459 4787 3623 4856 παρά-

2025 4909 2128 4943 παν
2155 4887 2298 4960 παρὰ
2325 4891 2430 4945 τοῖς
2466 4883 2736 4955 αἱρετικοῖς
2761 4874 2906 4934 εἶναι.
2937 4875 3185 4952 Πρόδηλον
3210 4877 3308 4952 γάρ
3339 4879 3476 4932 ἔστιν
3505 4879 3622 4948 ἡμῖν

2023 4979 2272 5052 μηδαμῶς
2308 4976 2552 5032 δύνασθαι
2597 4973 2889 5047 άγιάζεσθαι
2928 4968 3052 5046 παρ’
3092 4970 3295 5030 ἐκείνοις
3335 4968 3503 5023 ἔλαιον
3549 4971 3621 5029 εἰς

2023 5075 2381 5147 εὐχαριστίαν.
2427 5067 2620 5123 Είδίναι
2655 5069 2758 5141 γάρ
2788 5069 2872 5120 καί
2904 5070 2973 5136 μὴ
3001 5065 3194 5138 ἀγνοεῖν
3221 5063 3478 5136 ὀφείλομεν
3497 5104 3508 5126 ,
3541 5058 3619 5117 ὅτι

2016 5168 2322 5239 γέγραπται⁶
2388 5158 2583 5216 Ἐλάιον
2678 5156 2982 5231 άμαρτωλοῦ
3057 5162 3148 5214 τήν
3240 5153 3451 5226 κεφαλήν
3516 5159 3619 5224 μοῦ

2016 5262 2087 5330 μή
2139 5256 2411 5311 λιπανάτω.
2472 5250 2536 5307 Ὀ
2590 5251 2650 5311 δὴ
2710 5254 2794 5304 καὶ
2848 5249 3003 5306 πάλαι
3048 5249 3264 5322 εμηνῦσε
3318 5250 3378 5303 τὸ
3418 5253 3618 5318 Πνεῦμα

2017 5355 2076 5408 τὸ
2113 5351 2254 5425 ἅγιον
2281 5354 2330 5406 ἓν
2363 5351 2584 5422 Ψαλμοῖς
2604 5391 2620 5414 ,
2651 5353 2720 5421 μή
2753 5355 2864 5409 πῶς
2893 5348 3228 5419 έξιχνιασθείς
3253 5368 3332 5407 τις
3353 5385 3366 5407 ,
3399 5347 3485 5399 καί
3512 5346 3616 5400 άπὸ

2015 5454 2106 5508 τῆς
2136 5447 2327 5506 εὐθείας
2349 5441 2468 5498 ὁδοῦ
2485 5444 2746 5503 πλανηθείς
2769 5443 2915 5516 παρά
2938 5448 3046 5503 τοῖς
3069 5442 3340 5515 αἱρετικοῖς
3385 5446 3492 5500 τοῖς
3522 5443 3616 5493 τοῦ

2013 5544 2238 5614 Χριστοῦ
2298 5537 2586 5597 ἀντιπάλοις
2639 5538 2846 5609 χρισθῇ.
2883 5541 2991 5595 Πῶς
3021 5533 3075 5589 δὲ
3135 5532 3334 5599 εῦξεται
3360 5533 3494 5607 ὑπὲρ
3521 5538 3616 5588 τοῦ

2010 5630 2383 5702 βάπτιστεντος
2403 5630 2526 5699 οὐχὶ
2551 5630 2732 5701 ἱερεὺς,
2765 5628 2868 5681 ἀλλ’
2892 5627 3151 5701 ἱερόσυλος
3179 5629 3266 5680 καί
3291 5623 3618 5700 ἁμαρτωλὸς,

2007 5722 2254 5797 λεγούσης
2275 5730 2367 5784 τῆς
2393 5730 2612 5798 Γραφῆς·
2645 5719 2722 5776 ὅτι
2748 5719 2774 5775 ὁ
2801 5722 2923 5782 Θεὸς
2953 5719 3268 5791 ἁμαρτωλῶν
3293 5719 3385 5772 οῦκ
3414 5718 3619 5783 ἀκούει,

2007 5815 2110 5876 ἀλλ’
2136 5815 2221 5869 ἐάν
2244 5837 2324 5878 τις
2345 5813 2588 5880 ,θεοσεϐὴς
2653 5853 2668 5881 ,
2695 5817 2778 5870 καὶ
2804 5816 2862 5870 τὸ
2887 5813 3074 5884 θέλημα
3095 5813 3256 5867 αὐτοῦ
3272 5809 3626 5877 ποιῆ,τοῦτου
