4216 6262
542 369 683 430 1085

1789 350 2141 423 ιιιιιιρωιε
2178 348 2452 411 SACRE.

3702 346 3843 406 1084

541 489 687 561 facit,
720 501 833 541 eum
861 483 1025 538 audit.
1055 482 1157 536 Per
1182 489 1421 536 sanctam
1448 476 1746 535 Ecclesiam
1775 482 2119 547 peccatorum
2148 507 2160 532 λ

2263 471 2420 533 κούει;
2435 471 2524 525 Διά
2550 478 2642 533 τῆς
2661 467 2813 544 άγίας
2826 469 3111 534 Ἑκκλεσίας
3120 476 3334 544 νοοῦμεν
3349 467 3526 544 ἄφεσιν
3545 472 3837 542 ἁμαρτιῶνο

539 582 917 643 remissionem
965 575 1319 648 intelliqimus
1351 594 1365 631 :
1395 573 1527 642 Qui:
1569 582 1743 629 autem
1797 569 1923 625 dare
1971 576 2135 640 potest

540 676 600 733 id
635 675 772 747 quod
822 674 933 744 ipse
980 688 1083 727 non
1133 670 1324 726 habet?
1372 669 1449 723 vel
1498 665 1750 740 quomodo
1802 673 1965 736 potest
2017 679 2138 733 ope-

543 772 652 827 rari
673 768 951 839 spiritalia,
981 767 1070 839 qui
1099 764 1351 837 Spiritum
1373 771 1604 819 sanctum
1649 757 1876 831 abjecit.’
1905 755 1972 811 Et
2017 753 2138 811 ideo

545 865 709 923 etiam
755 856 1007 918 renovari
1047 858 1208 916 debet
1249 858 1341 929 qui
1382 856 1447 912 ad
1478 852 1773 911 Ecclesiam
1815 851 2051 916 accedit,
2080 857 2140 904 ut

544 962 693 1017 intus
734 973 831 1031 per
865 965 1084 1013 sanctos
1122 951 1507 1009 sanctiiicetur.
1537 950 1804 1019 Scriptum
1845 956 1928 1002 est
1963 943 2138 1000 enim:

548 1052 730 1111 Sancti
759 1051 920 1117 eritis,
952 1051 1081 1107 sicut
1136 1058 1180 1105 et
1231 1065 1324 1121 ego
1375 1056 1581 1102 sanctus
1628 1061 1762 1108 sum,
1794 1043 1925 1098 dicit
1956 1039 2139 1097 Domi-

546 1165 650 1209 nus
670 1191 685 1216 ,
713 1158 771 1207 ut
799 1147 890 1219 qui
916 1145 972 1202 in
1008 1160 1245 1202 errorem
1275 1144 1526 1199 seductus
1554 1150 1666 1207 est,
1695 1142 1747 1194 in
1776 1152 1908 1195 vero
1955 1144 2009 1193 et
2051 1151 2141 1189 ec-

549 1242 856 1301 clesiastico
902 1240 1257 1312 Baptismatc,
1288 1238 1403 1311 ipse
1433 1250 1647 1308 quoque
1691 1235 1794 1290 hoc
1834 1242 2025 1300 exuat,
2051 1231 2141 1303 qui

551 1338 714 1394 homo
741 1335 808 1394 ad
840 1336 1007 1392 Deum
1039 1334 1304 1391 accedens
1332 1341 1386 1388 et
1416 1331 1753 1388 sacerdotem
1784 1344 2029 1401 qumrens
2048 1369 2062 1394 ,
2091 1328 2143 1382 in

550 1447 737 1511 errore
790 1430 1043 1485 inventus
1084 1428 1134 1484 in
1186 1428 1525 1503 sacrilegium
1576 1427 1781 1483 incidit.
1840 1423 1933 1480 Est
2001 1423 2144 1479 enim

552 1525 931 1583 hmreticorum
972 1535 1029 1581 et
1067 1523 1534 1581 scliismaticornm
1582 1521 1829 1577 haeresim
1877 1519 2142 1590 probare,

552 1635 648 1677 eos
673 1619 766 1699 qui
787 1614 855 1676 ah
877 1618 981 1675 illis
1013 1615 1261 1690 haptizati
1290 1625 1414 1673 sunt
1438 1614 1813 1685 comprobare.
1848 1610 1964 1667 Non
1998 1608 2143 1664 enim

551 1720 732 1786 potest
754 1712 807 1769 in
838 1722 991 1785 parte
1018 1712 1229 1775 valere;
1260 1710 1303 1767 si
1332 1708 1473 1787 enim
1514 1723 1619 1764 non
1648 1705 1818 1777 potuit
1858 1703 1905 1760 is
1946 1703 2033 1773 qui
2069 1711 2151 1757 est

552 1815 704 1862 extra
756 1802 956 1862 habere
990 1801 1269 1875 spiritum,
1293 1815 1399 1856 non
1440 1808 1615 1871 potest
1641 1799 1943 1852 venientem
1973 1795 2148 1865 bapti-

2237 565 2325 624 Τίς
2344 561 2398 618 δέ
2418 561 2636 619 δύναται
2663 562 2838 620 δοῦναι
2856 562 2982 638 ὅπερ
3011 567 3167 628 αὐτὸς
3182 567 3272 620 οὐκ
3285 561 3420 636 ἔχει,
3440 563 3474 623 ’ὃ
3496 572 3607 626 πῶς
3622 562 3841 617 δύναται

2238 659 2559 728 πνεῦματικά
2594 658 2912 732 ἐργάζεσθαι,
2957 657 2983 712 ό
3022 657 3292 713 ἀποϐαλὼν
3322 663 3521 729 Πνεῦμα
3548 654 3722 731 ἅγιον;
3750 658 3844 711 Διά

2238 751 2391 803 τοῦτο
2415 751 2499 802 καί
2521 751 2852 804 ἀνανεοῦσθαι
2877 750 3056 822 ὀφείλει
3077 749 3102 804 ὁ
3124 753 3254 827 πρὸς
3274 749 3655 809 τῆνἘκκλεσίαν
3676 746 3843 820 ἐρχό-

2239 858 2410 912 μενος,
2444 840 2530 895 ἵνα
2555 838 2660 895 ἔσω
2684 838 2769 895 διά
2807 848 2908 897 τῶν
2953 842 3110 916 ἁγίων
3139 842 3372 917 άγιασθῇ·
3400 842 3689 916 γέγραπται
3711 842 3839 915 γάρ,

2241 931 2321 990 ὅτι
2350 933 2485 1007 ἅγιοι
2511 931 2708 1003 ἔσεσθε,
2737 936 2900 997 καθώς
2920 938 3017 1010 ίγώ
3046 934 3188 1010 ἅγιος
3214 940 3336 1009 εἰμι,
3364 937 3495 1008 λέγει
3506 939 3706 1013 Κύριος.
3734 932 3844 991 Ἰνα

2241 1030 2328 1082 καί
2350 1027 2375 1083 ὁ
2403 1029 2488 1083 ἐπί
2518 1029 2711 1091 πλάνης
2740 1030 3061 1103 βουκοληθείς
3086 1031 3137 1084 έν
3170 1037 3243 1103 τῷ
3266 1029 3435 1087 ἀληθεῖ
3462 1031 3548 1082 καί
3573 1027 3845 1085 ἐκκλησία-

2245 1128 2407 1194 στικῷ
2451 1121 2779 1195 βαπτίσματι
2819 1126 2904 1177 καί
2943 1124 3070 1178 αὐτό
3097 1127 3250 1178 τοῦτο
3280 1119 3638 1184 ἀποδύσηται,
3670 1118 3726 1181 ὅς
3764 1139 3847 1181 τις

2244 1215 2377 1291 πρός
2420 1217 2541 1271 Θεόν
2572 1218 2859 1290 ἐρχόμενος
2906 1213 3169 1287 ἅνθρωπος
3208 1218 3293 1269 καί
3334 1216 3471 1289 ἱερέα
3500 1215 3753 1278 ἐπιζητῶν
3791 1213 3848 1267 ἕν

2245 1310 2408 1384 πλάνη
2434 1311 2651 1384 εὑρεθείς
2677 1310 2923 1383 ἱεροσύλῳ
2947 1310 3263 1381 προσέπεσε.
3287 1307 3577 1377 Δοκιμάζειν
3604 1306 3705 1376 γάρ
3732 1306 3848 1360 ἐστι

2247 1407 2305 1461 τό
2334 1411 2434 1460 τῶν
2460 1404 2722 1478 αἱρετικῶν
2750 1408 2835 1459 καί
2861 1410 3227 1476 σχισματικῶν
3251 1402 3525 1475 βάπτισμα
3541 1441 3555 1461 ,
3577 1401 3637 1455 τό
3661 1419 3848 1454 συνευ-

2249 1495 2409 1552 δοκεῖν
2445 1504 2552 1559 τοῖς
2581 1495 2672 1552 ὐπ’
2696 1498 2893 1551 ἐκείνων
2928 1496 3378 1568 βεϐαπτισμένοις.
3411 1496 3484 1549 Ού
3506 1494 3606 1566 γάρ
3632 1491 3850 1547 δύναται

2249 1592 2300 1644 ἐν
2327 1590 2469 1665 μέρει
2484 1590 2876 1662 ύπερισχύνειν·
2920 1590 2963 1641 εί
2986 1585 3203 1647 ἠδυνήθη
3228 1586 3505 1658 βαπτίσαι,
3533 1582 3733 1655 ἴσχυσε
3762 1585 3853 1637 καί

2250 1682 2391 1755 άγιον
2412 1688 2614 1755 Πνεῦμα
2641 1680 2839 1737 δοῦναι’
2869 1682 2913 1735 εί
2935 1683 3025 1735 οὐκ
3045 1679 3281 1740 ἠδυνήθη,
3312 1676 3391 1735 ότι
3416 1677 3517 1745 ἕξω
3547 1676 3612 1733 ὢν
3638 1684 3845 1750 Πνεῦμα

2254 1775 2395 1851 ἅγιον
2425 1777 2514 1829 οὐκ
2540 1771 2677 1849 ἔχει,
2707 1774 2765 1829 ού
2801 1773 3016 1829 δύναται
3043 1777 3101 1830 τό
3139 1774 3420 1849 ἐρχόμενον
3448 1772 3703 1844 βαπτίσαι
3742 1771 3857 1833 ἑνὸς

555 1913 711 1966 zare,
738 1910 861 1955 cum
885 1896 952 1956 sit
990 1912 1127 1953 unus
1166 1894 1500 1968 Baptismus,
1532 1902 1585 1947 et
1612 1908 1749 1947 unus
1776 1900 1995 1945 sanctus
2022 1888 2145 1957 Spi-

2263 1867 2394 1931 Βντος
2419 1874 2511 1924 τοῦ
2541 1869 2933 1940 βαπτίσματος,
2962 1870 3049 1922 καί
3090 1868 3201 1929 ἑνός
3227 1863 3373 1929 ὄντος
3398 1870 3491 1922 τοῦ
3517 1865 3664 1939 ἁγίου
3696 1866 3855 1919 Πνεύ-

554 1991 725 2063 ritus,
768 2001 825 2048 et
863 2006 967 2047 una
1023 1984 1299 2055 Ecclesia,
1346 2002 1376 2043 a
1423 1985 1638 2045 Christo
1685 1983 1914 2040 Domino
1963 1988 2149 2037 nostro

555 2081 792 2156 dicente,
818 2082 886 2138 ab
908 2080 1064 2137 initio
1105 2094 1267 2153 supra
1317 2078 1535 2136 Petrum
1583 2077 1883 2147 apostolum
1930 2070 2149 2131 fundata

556 2172 779 2235 unitate.
810 2172 880 2230 Et
905 2170 1028 2229 ideo
1057 2188 1176 2249 qua:
1200 2171 1268 2227 ab
1295 2173 1375 2233 eis
1406 2168 1543 2226 facta
1571 2179 1726 2237 sunt,
1749 2184 1870 2224 cum
1889 2169 1995 2223 sint
2016 2166 2150 2223 falsa

559 2274 614 2324 et
640 2282 801 2341 vana,
830 2266 1009 2323 omnia
1050 2273 1175 2325 sunt
1213 2263 1517 2335 reprobata.
1560 2262 1745 2334 Neque
1792 2261 1933 2317 enim
1976 2269 2152 2332 potest

560 2376 681 2419 esse
717 2362 831 2419 Deo
857 2370 1070 2434 gratum
1096 2369 1149 2417 et
1179 2370 1456 2432 acceptum
1501 2354 1644 2431 quod
1678 2356 1735 2413 lit
1762 2356 1829 2411 ab
1855 2354 1990 2419 illis,
2016 2357 2151 2424 quos

564 2454 823 2512 Dominus
867 2437 1050 2512 hostes
1094 2462 1150 2509 et
1188 2451 1526 2508 adversarios
1568 2450 1696 2507 dicit
1721 2449 1774 2505 in
1809 2447 2148 2520 Evangelils:

564 2549 665 2620 Qui
716 2567 819 2605 non
867 2560 941 2609 est
986 2565 1200 2619 mecum,
1230 2557 1409 2605 contra
1434 2563 1516 2603 me
1542 2556 1616 2603 est
1638 2591 1653 2615 ,
1684 2555 1733 2602 et
1760 2546 1846 2616 qui
1869 2563 1970 2601 non
1998 2545 2149 2601 colli-

563 2644 637 2714 git
689 2660 921 2715 mecum,
949 2640 1217 2715 dispergit.
1259 2640 1394 2711 Quin
1441 2638 1602 2695 etiam
1647 2638 1836 2696 beatus
1877 2637 2154 2708 apostolus

562 2735 799 2797 Joannes
824 2743 1089 2809 praecepta
1121 2733 1332 2789 Domini
1361 2748 1602 2800 servans,
1632 2732 1686 2789 in
1733 2731 1967 2803 Epistoia
2015 2745 2153 2800 prae-

566 2828 785 2903 scripsit
836 2842 850 2886 :
881 2827 1159 2885 Audivistis
1189 2828 1326 2902 quod
1354 2827 1684 2883 antichristus
1712 2825 1845 2880 venit
1865 2866 1880 2888 ,
1936 2832 1981 2878 et
2022 2838 2156 2879 nunc

566 2920 719 2980 etiam
768 2925 919 2980 multi
973 2923 1261 2979 antichristi
1299 2923 1426 2997 {acti
1454 2930 1591 2977 sunt.
1626 2916 1776 2976 Unde
1802 2917 2155 2992 cognoscimus

565 3016 703 3088 quod
748 3026 971 3073 extrema
1016 3018 1143 3071 hora
1192 3024 1287 3071 est.
1350 3012 1434 3069 Ea:
1486 3012 1631 3069 nobis
1659 3014 1909 3076 exierunt,
1933 3008 2025 3064 sed
2056 3024 2157 3064 non

567 3118 712 3164 erant
750 3126 814 3166 ea:
860 3109 1025 3165 nobis.
1060 3107 1212 3166 Unde
1250 3120 1303 3164 et
1345 3122 1442 3163 nos
1486 3104 1786 3177 intelligere
1829 3113 1889 3177 ct
1922 3104 2159 3174 cogitare

567 3198 828 3259 debemus
852 3245 868 3269 ,
894 3205 940 3259 si
971 3203 1061 3259 Dei
1111 3203 1311 3258 inimici
1338 3242 1353 3267 ,
1381 3211 1433 3256 et
1459 3199 1550 3274 qui
1579 3196 1879 3255 antichristi
1905 3205 2031 3253 sunt
2059 3211 2160 3252 no-

2251 1984 2434 2035 ματος,
2462 1964 2548 2017 καί
2573 1967 2695 2035 μιᾶς
2721 1961 3005 2023 Ἑκκλεσίας
3026 1962 3127 2017 ύπό
3146 1964 3372 2035 Χριστοῦ
3390 1963 3484 2015 τοῦ
3500 1961 3686 2031 κυρίου
3712 1958 3856 2031 ἡμῶν

2253 2056 2423 2112 ἐπάνω
2451 2058 2640 2129 Πέτρου
2671 2061 2763 2111 τοῦ
2791 2054 3079 2110 ἀποστόλου
3099 2055 3324 2127 ἀρχῆθεν
3357 2052 3588 2126 λέγοντος
3620 2050 3857 2114 ἑνότητός

2253 2149 2689 2225 τεθεμελιωμένης.
2736 2153 2828 2208 Καί
2874 2146 2958 2205 διά
2991 2156 3143 2205 τοῦτο
3180 2149 3247 2205 τά
3282 2146 3375 2203 ὑπ’
3406 2150 3573 2203 αὐτῶν
3616 2146 3858 2219 γινομένα

2253 2243 2418 2318 ψευδῆ
2455 2249 2541 2299 καί
2567 2246 2685 2301 κενά
2714 2244 3030 2320 ὑπάρχοντα
3058 2244 3229 2299 πάντα
3250 2242 3390 2298 ἐστίν
3436 2240 3677 2315 ἀδόκιμα.
3722 2237 3858 2295 Ούδέ

2252 2341 2354 2414 γάρ
2381 2334 2593 2395 δύναται
2627 2335 2801 2394 δεκτόν
2836 2341 2922 2392 καί
2948 2338 3143 2393 αίνετὸν
3170 2331 3296 2390 εἶναι
3327 2338 3473 2409 παρὰ
3498 2340 3608 2409 Θεῷ
3640 2340 3740 2390 τῶν
3761 2333 3859 2390 ὑπ’

2254 2434 2452 2486 ἐκείνων
2477 2432 2758 2506 γινομένην,
2783 2427 2871 2491 οὓς
2894 2428 2919 2484 ὁ
2940 2430 3122 2503 Κύριος
3147 2427 3421 2500 πολεμίους
3440 2430 3526 2482 καί
3547 2426 3860 2491 ἀντιπάλους

2256 2525 2418 2580 αὐτοῦ
2442 2523 2574 2597 λέγει
2600 2525 2650 2577 ἐν
2676 2529 2783 2584 τοῖς
2805 2521 3146 2595 Εὐαγγιλίοις’
3176 2518 3235 2576 Ὀ
3261 2525 3330 2593 μή
3345 2517 3413 2575 ὢν
3438 2518 3551 2592 μετ’
3575 2521 3700 2591 ἐμοῦ
3732 2518 3856 2575 κατ’

2256 2622 2383 2692 ἐμοῦ
2427 2621 2538 2675 ἐστι
2558 2657 2573 2681 ,
2605 2619 2692 2672 καί
2730 2615 2757 2673 ό
2785 2622 2855 2691 μή
2886 2617 3121 2691 συνάγων
3149 2616 3261 2688 μετ’
3290 2617 3415 2688 ἐμοῦ
3452 2615 3738 2685 σκορπίζει.
3763 2613 3864 2668 Καὶ

2257 2712 2285 2768 ὁ
2306 2713 2556 2787 μακάριος
2582 2711 2866 2772 ἀπόστολος
2890 2708 3115 2771 Ἰωάννης
3145 2707 3349 2771 ἐντολάς
3367 2710 3552 2783 Κυρίου
3576 2713 3742 2779 τηρῶν
3765 2747 3779 2770 ,
3805 2706 3856 2760 ἐν

2257 2814 2319 2878 τῇ
2345 2804 2609 2876 Ἐπιστολῇ
2648 2802 2990 2880 προέγραψεν
3019 2802 3293 2857 Ἠκούσατε
3346 2798 3424 2856 ὅτι
3462 2800 3488 2854 ὁ
3516 2803 3864 2872 Αντίχριστος

2260 2895 2478 2975 ἔρχεται
2497 2939 2511 2962 ,
2555 2900 2640 2952 καί
2667 2902 2755 2950 νῦν
2798 2893 2852 2951 δέ
2880 2899 3216 2972 Δντίχριστοι
3239 2893 3411 2950 πολλοί
3437 2892 3722 2966 γεγόνασιν,
3752 2887 3861 2945 ὅθεν

2257 2993 2567 3065 γινώσκομεν
2589 2986 2666 3044 ὅτι
2695 2988 2901 3060 ἐσχάτη
2929 2989 3039 3059 ὥρα
3066 2988 3224 3043 ἐστίν.
3258 2980 3331 3050 Ἐξ
3368 2986 3507 3057 ἡμῶν
3537 2980 3705 3045 ἦλθον,
3747 2978 3859 3037 ἀλλ’

2261 3080 2353 3138 ούκ
2387 3079 2517 3142 ἦσαν
2541 3080 2647 3154 μεθ’
2668 3080 2829 3152 ήμῶν.
2868 3074 3006 3134 Ὀθεν
3034 3080 3121 3133 καὶ
3165 3076 3311 3149 ἡμεῖς
3347 3077 3570 3131 συνιέναι
3606 3074 3862 3148 ὀφείλομεν

2262 3174 2349 3232 καί
2374 3183 2499 3231 νοεῖν
2527 3177 2596 3236 ὡς
2624 3174 2668 3229 oi
2700 3176 2877 3251 ἐχθροι
2904 3172 3091 3246 Κυρίου
3112 3174 3197 3226 καί
3221 3170 3267 3224 oi
3294 3168 3631 3246 Αντίχριστοι
3661 3171 3859 3239 ὠνομα-

570 3296 796 3361 minati,
830 3296 1040 3353 Domini
1065 3298 1291 3371 gratiam
1316 3296 1445 3352 dare
1475 3308 1580 3351 non
1611 3301 1873 3367 possunt,
1904 3290 2026 3347 ideo
2059 3303 2157 3344 nos

2263 3268 2436 3340 σμένοι
2459 3262 2665 3322 δυνατοί
2690 3267 2781 3319 ούκ
2809 3260 2901 3319 εἶεν
2928 3264 3087 3337 χάριν
3124 3262 3298 3318 δοῦναι
3340 3267 3433 3317 τοῦ
3457 3262 3641 3333 Κυρίου
3663 3263 3748 3313 καί
3776 3257 3863 3315 διά

571 3391 663 3464 qui
709 3404 895 3449 sumus
933 3404 1057 3446 cum
1100 3390 1437 3457 Domino,et
1463 3386 1672 3441 Domini
1710 3386 1965 3441 unitatem
2008 3392 2159 3436 tene-

573 3498 725 3553 mus.
757 3494 815 3543 ut
854 3498 951 3555 pro
985 3483 1101 3555 ejus
1138 3483 1399 3555 dignitate
1441 3476 1878 3557 suppeditantcs,
1912 3473 2163 3531 sacerdo-

575 3579 707 3637 tium
743 3577 863 3651 ejus
899 3577 951 3631 in
992 3576 1232 3637 Ecclesia
1274 3575 1541 3647 gerimus,
1581 3582 1930 3645 qumcumque
1974 3568 2163 3625 adver-

575 3671 700 3731 sarii
729 3680 785 3731 et
820 3669 985 3740 ipsius
1024 3672 1240 3742 generis
1266 3667 1481 3730 hostes,
1515 3674 1570 3721 et
1596 3663 1899 3720 antichristi
1935 3661 2160 3727 faciunt,

574 3762 895 3835 reprobate.
935 3777 1253 3828 removere,
1289 3767 1342 3816 et
1383 3759 1648 3830 abjicere,
1694 3764 1747 3811 et
1789 3771 1885 3828 pro
1930 3751 2165 3825 profanis

577 3855 778 3917 habere
805 3857 1062 3917 debemus
1091 3874 1105 3911 :
1136 3856 1310 3929 iisque
1327 3854 1416 3928 qui
1438 3852 1506 3908 ah
1526 3867 1715 3909 errore
1741 3861 1793 3906 et
1817 3849 2168 3922 perversitate

577 3952 829 4019 veniunt,
861 3967 1003 4011 verat
1031 3962 1085 4011 et
1120 3949 1502 4011 ecclesiastica:
1548 3945 1670 4002 ﬁdei
1721 3944 1940 4000 omnino
1985 3942 2167 4013 cogni-

579 4047 777 4105 tionem
804 4044 956 4111 dare.
979 4044 1175 4105 divinae
1202 4043 1454 4121 potentia:
1478 4040 1812 4116 mysterium,
1844 4048 1899 4095 et
1928 4035 2164 4105 unitatis,

578 4147 636 4196 et
663 4139 805 4209 ﬁdei,
832 4148 888 4197 et
914 4139 1173 4198 veritatis.

652 4232 993 4293 ZONARAS.
1023 4232 1259 4306 Epistula
1288 4233 1417 4300 lucc,
1447 4244 1787 4303 quoscumque
1807 4228 1870 4282 ab
1900 4224 2168 4289 haereticis,

581 4336 672 4384 aut
696 4327 1032 4385 schismaticis
1057 4326 1358 4397 baptizatos,
1382 4326 1425 4383 si
1449 4324 1517 4379 ad
1545 4320 1829 4377 Ecclesiam
1867 4317 2174 4376 catholicam

583 4436 637 4486 se
661 4420 928 4492 recipiant,
956 4419 1140 4475 iterum
1164 4418 1416 4489 baptizari
1439 4416 1607 4490 jubet,
1632 4430 1839 4485 eamque
1875 4410 2176 4467 sententiam

583 4516 739 4575 uariis
764 4512 1204 4582 epicltiretnatibus
1231 4529 1292 4571 ac
1330 4510 1841 4585 cnthymcmathibus,
1864 4508 2177 4577 Scriptura:-

585 4628 683 4684 que
707 4609 1008 4669 testimoniis
1044 4608 1335 4679 can/irruat.
1379 4610 1438 4663 At
1474 4621 1588 4663 vero
1617 4603 1839 4665 secunda
1871 4600 2177 4656 oecumenica

586 4706 812 4779 synodus
831 4721 1025 4763 canone
1052 4704 1288 4771 septimo,
1316 4718 1418 4757 non
1444 4716 1615 4757 omnes
1640 4699 1726 4771 qui
1745 4714 1807 4755 etc
1823 4696 2003 4751 Ita’resi
2017 4694 2177 4750 demi-

588 4810 759 4872 grant,
791 4798 1056 4869 Baptismo
1082 4802 1264 4853 iterum
1288 4794 1590 4868 expiandos,
1614 4793 1703 4851 sed
1744 4791 1873 4849 alios
1907 4790 2105 4863 quidem
2135 4791 2179 4844 si

591 4893 726 4953 datis
751 4893 936 4949 libellis
960 4908 1108 4949 suam
1134 4902 1377 4962 prteterea
1404 4889 1613 4961 quisque
1637 4886 1868 4943 bwresim
1887 4899 2183 4954 omnemque

2261 3366 2414 3417 τοῦτο
2434 3362 2575 3431 ἡμεῖς
2611 3366 2683 3432 τῷ
2716 3360 2880 3432 Κυρίῷ
2913 3355 3096 3421 ἲοντις,
3129 3360 3212 3413 καί
3241 3357 3454 3414 ἑνότητα
3473 3357 3658 3428 Κυρίου
3686 3375 3859 3428 πρατ-

2263 3460 2489 3515 τοῦντες,
2528 3455 2616 3507 καί
2652 3456 2786 3508 κατὰ
2825 3456 2915 3511 τὴν
2947 3453 3090 3516 ἀξίαν
3119 3451 3279 3507 αὐτοῦ
3320 3450 3730 3524 χορηγούμενοι,
3773 3450 3867 3506 τήν

2264 3548 2518 3623 ίερατέιαν
2550 3548 2711 3601 αὐτοῦ
2748 3547 2799 3600 ἐν
2839 3555 2901 3618 τῇ
2936 3543 3192 3620 Ἐκκλεσίᾳ
3213 3545 3648 3620 λειτουργοῦντες,
3679 3539 3775 3595 ὅσα
3818 3540 3871 3594 οε

2265 3640 2596 3710 αντικείμενοι
2639 3639 2815 3711 αὐτῷ,
2848 3638 3087 3693 τουτέστι
3126 3637 3354 3707 πολέμιοι
3395 3637 3482 3689 καί
3536 3637 3865 3707 Αντίχριστοι

2266 3737 2523 3793 ποιοῦσιν,
2562 3730 2965 3805 ἀποδοκιμάσαι,
2996 3734 3083 3785 καὶ
3110 3731 3429 3788 ἀποποιῆσαι
3454 3730 3542 3783 καί
3563 3725 3872 3801 άποῤῥίψαι,

2268 3827 2354 3880 καί
2381 3826 2448 3887 ὡς
2471 3824 2663 3899 βέϐηλα
2688 3822 2831 3896 ἔχειν
2859 3824 3134 3896 ὀφείλομεν,
3169 3825 3254 3876 καί
3292 3828 3400 3882 τοῖς
3444 3821 3546 3876 ἀπό
3570 3820 3759 3881 πλάνης
3784 3820 3877 3873 καί

2272 3920 2643 3993 στρεϐλότητος
2677 3919 2977 3994 ἐρχομένοις
3020 3917 3104 3971 ἐπί
3147 3918 3331 3990 γνώσει
3374 3920 3464 3975 τῆς
3507 3913 3740 3974 ἀληθινῆς
3779 3913 3875 3965 καί

2271 4013 2695 4075 ἐκκλησιαστικῆς
2737 4016 2963 4073 πίστεως
3005 4008 3181 4066 δοῦναι
3219 4008 3567 4069 καθόλουθιίας
3609 4005 3880 4079 δυνάμεως

2275 4110 2579 4182 μυστήριον.
2608 4105 2842 4168 ἑνότητός
2865 4125 2919 4160 τε
2946 4107 3033 4159 καί
3060 4106 3285 4164 πίστεως
3304 4102 3392 4155 καί
3418 4099 3671 4160 ἀληθείας.

2348 4208 2628 4256 ΖΩΝΑΡΛΣ.
2662 4196 2797 4255 Αὕτη
2821 4198 2852 4255 ἦ
2882 4196 3143 4261 ἐπιστολὴ,
3173 4192 3405 4257 καθάπαξ
3448 4194 3571 4253 τούς
3605 4190 3710 4245 ύπό
3738 4187 3885 4261 αἶρε-

2276 4301 2427 4349 τικῶν
2453 4292 2484 4352 ἦ
2524 4296 2890 4366 σχισματικῶν
2912 4288 3293 4361 βαπτιστέντας
3335 4285 3791 4361 προσερχομένους
3819 4290 3887 4355 τῇ

2278 4386 2507 4458 καθολικῇ
2527 4383 2783 4458 Ἐκκλεσίᾳ
2811 4382 3149 4457 βαπτίζεσθαι
3170 4377 3498 4436 διατάττεται
3523 4380 3610 4432 καί
3630 4378 3680 4431 έν
3705 4374 3886 4448 διαφό-

2276 4503 2378 4557 ρων
2403 4481 2762 4553 ἐνθυμημάτων
2778 4519 2792 4542 ,
2817 4479 2902 4532 καί
2949 4474 3367 4550 ἐπιχειρημάτων
3407 4474 3494 4527 καί
3518 4471 3682 4546 ῥητῶν
3702 4489 3889 4543 γραφι-

2279 4584 2379 4632 κῶν
2402 4577 2488 4632 τόν
2513 4577 2688 4629 οἰκεῖον
2715 4573 2862 4647 λόγον
2891 4571 3301 4635 κατωσκευάζει.
3335 4562 3445 4621 Ἡδὲ
3466 4564 3683 4634 δευτέρα
3716 4566 3889 4618 οἰκου-

2203 4663 2258 4728 D
2283 4675 2457 4746 μενικὴ
2478 4668 2690 4730 σύνοδος
2710 4670 2759 4722 έν
2780 4666 2950 4721 κανόνι
2972 4667 3133 4726 αὐτῆς
3153 4661 3353 4735 ἑϐδόμῳ
3371 4663 3428 4716 οὐ
3457 4680 3656 4721 πάντας
3683 4658 3734 4723 ἐξ
3755 4656 3890 4729 αἶρέ-

2284 4785 2413 4821 σεων
2435 4761 2852 4838 ἐπιστρέφοντας,
2894 4754 3078 4813 ἂνωθεν
3126 4757 3315 4810 κελεύει
3359 4753 3733 4826 βαπτίζεσθαι,
3778 4748 3889 4804 ἀλλ’

2285 4859 2563 4933 ἀπαριθμεῖ
2577 4876 2718 4915 τινας
2744 4856 2832 4927 μέν
2853 4850 2954 4907 δεῖν
2975 4850 3224 4923 δέχεσθαι
3245 4846 3480 4909 διδόντας
3496 4845 3773 4908 λιϐέλλους,
3802 4844 3890 4898 καί

591 4937 726 4953 “”⁷’“
751 4937 934 4949 ’⁷⁷⁷⁷⁷⁷⁷
960 4937 1107 4949 ”’”’““
1134 4937 1305 4962 Γ”””’
1321 4937 1375 4944 ”“
1405 4937 1609 4961 1""1"'
1637 4937 1730 4942 ""‘
1750 4937 1789 4943 "
1895 4937 1906 4943 ‘
1960 4937 1963 4938 '
2099 4937 2111 4954 σ

590 5006 624 5044 a
651 4986 905 5047 catholica
929 4995 976 5042 et
1000 4984 1288 5057 apostolica
1319 4983 1415 5039 Dei
1442 4982 1670 5040 Ecclesia
1707 4981 1931 5039 alienum
1961 4995 2160 5037 errore"

2286 4952 2744 5023 άναθεματίζοντας
2784 4951 2899 5004 τίνα
2943 4967 2996 5002 τε
3042 4947 3227 4999 οἰκείαν
3289 4942 3485 5017 αἵρεσιν
3517 4937 3763 5001 ἕκαστον,
3802 4938 3891 4991 καί

2340 5050 2362 5057 _
2545 5049 2554 5057 .
2749 5048 2772 5057 ..
2959 5042 2973 5057 ι
3051 5042 3061 5057 ι
3115 5038 3127 5057 ι
3180 5043 3189 5057 ο
3339 5042 3362 5053 -
3395 5045 3430 5057 Α
3495 5041 3518 5051 ~
3615 5034 3690 5057 lt_\
3722 5037 3775 5057 αι
3806 5026 3891 5057 μμ.

591 5089 922 5148 execrantur,
959 5078 1252 5135 charactere
1291 5086 1521 5143 notatos,
1551 5076 1646 5131 Itoc
1672 5072 1745 5131 est
1789 5083 1966 5133 sancto
2011 5070 2185 5131 Chris-

594 5189 729 5236 ntats
770 5179 1005 5235 inunctos
1048 5176 1250 5233 admitti
1298 5184 1532 5244 oportere
1577 5173 1834 5239 decernit;
1890 5168 2017 5227 alios
2070 5182 2185 5223 vero

598 5287 772 5328 omnes
793 5312 809 5338 ,
841 5284 905 5328 cm
929 5268 1113 5342 quibus
1142 5266 1415 5323 nonnullos
1451 5264 1750 5321 nominatim
1780 5262 2031 5332 designat,
2064 5260 2186 5328 bap-

601 5367 770 5432 tisari,
796 5372 947 5436 atque
978 5375 1035 5419 ut
1071 5362 1154 5435 (1)
1189 5362 1393 5419 ϐτιεεοε
1431 5360 1630 5416 admitti
1651 5358 1816 5431 jubet.
1853 5356 1954 5427 Qui
1988 5358 2190 5428 quidem

602 5460 757 5517 etiam
798 5474 964 5515 canon
1002 5473 1094 5512 suo
1125 5457 1238 5513 loco
1274 5454 1560 5524 explicatus
1583 5462 1655 5509 est
1684 5468 1702 5506 :
1735 5452 2045 5521 proindequc
2082 5448 2193 5523 ejus

603 5553 816 5611 canonis
838 5550 1252 5608 constitutionem
1278 5564 1310 5603 a
1339 5548 1529 5603 sanctis
1555 5554 1729 5616 postea
1760 5540 2001 5601 Patribus
2023 5557 2197 5611 recep-

607 5653 710 5699 tam
738 5641 879 5701 haud
907 5642 1063 5711 fuisse
1087 5641 1239 5714 facile
1256 5649 1491 5710 apparet.
1515 5637 1643 5694 Cum
1662 5636 1822 5711 igitur
1850 5636 1912 5693 de
1936 5633 2112 5693 eadem
2143 5646 2197 5691 re

606 5734 709 5790 duo
733 5732 919 5802 synodi
941 5732 1201 5789 contraria
1237 5732 1369 5787 inter
1393 5747 1448 5790 ss
1474 5731 1673 5787 decreta
1710 5728 2013 5799 pratulerint
2039 5766 2057 5795 ,
2102 5741 2193 5803 po-

674 5878 750 5942 ιι)
782 5876 1077 5939 Elhtnicos.

2288 5050 2464 5103 πᾶσαν
2490 5049 2559 5118 μή
2593 5048 2876 5119 φρονοῦσαν
2893 5083 2908 5109 ,
2943 5042 3011 5101 ὡς
3036 5042 3067 5098 ἡ
3108 5038 3229 5112 άγία
3274 5042 3366 5092 τοῦ
3392 5041 3522 5091 Θεοῦ
3549 5034 3780 5092 καθολική
3805 5026 3893 5087 καί

2291 5139 2569 5196 άποσολικὴ
2594 5134 2852 5190 Ἑκκλεσία
2874 5140 3059 5210 φρονεῖ.
3085 5130 3510 5206 σφρανιζομένους
3534 5126 3645 5186 ἦτοι
3673 5125 3894 5202 χριομέ-

2292 5254 2409 5293 νους
2435 5237 2507 5304 τῷ
2533 5231 2660 5301 ἁγίῳ
2697 5229 2844 5299 μύρῳ
2861 5241 2874 5257 ’
2911 5228 3031 5286 τοὺς
3057 5222 3110 5278 δέ
3138 5223 3346 5285 λοιπούς
3385 5222 3582 5282 πάντας
3605 5260 3619 5283 ,
3650 5214 3717 5273 ὧν
3754 5239 3899 5280 τινας

2292 5329 2378 5381 καί
2400 5325 2644 5397 ὀνομαστί
2665 5318 3291 5395 καταλέγει,βαπτίζεσθαι
3311 5315 3556 5394 ὁρίζεται,
3580 5311 3899 5387 δεχομένους

2298 5423 2366 5482 ὡς
2391 5416 2650 5480 Ἕλληνας.
2681 5412 2772 5477 ⁸ος
2798 5411 2927 5473 δῆτα
2954 5414 3115 5467 κανὼν
3145 5415 3231 5466 καί
3255 5412 3305 5465 έν
3324 5417 3397 5484 τῷ
3424 5407 3534 5483 ἰδίῳ
3559 5409 3702 5464 τόπω
3723 5406 3899 5481 ἐξήγη-

2297 5531 2402 5570 ται·
2429 5510 2572 5567 Ὀθεν
2601 5510 2847 5585 φαίνεται,
2872 5502 2951 5561 ὅτι
2981 5507 3071 5559 οὐκ
3098 5501 3283 5577 ἐδέχθη
3307 5503 3452 5579 παρὰ
3490 5509 3591 5557 τῶν
3626 5502 3901 5574 μετέπειτα

2300 5607 2533 5681 πατέρων
2560 5602 2713 5676 ἁγίων
2741 5602 2772 5659 ἦ
2793 5597 3008 5673 διαταγὴ
3039 5592 3190 5655 αῦτη.
3213 5596 3441 5651 Ἐναντία
3462 5594 3629 5649 τοίνυν
3660 5594 3708 5647 ἐν
3733 5593 3901 5665 τούτῷ

2301 5706 2375 5771 τῷ
2391 5696 2642 5771 κεφαλαίῳ
2658 5702 2756 5755 τῶν
2773 5691 2864 5748 δύο
2885 5689 3107 5748 συνόδων
3127 5694 3445 5763 είσαγονσῶν
3461 5690 3528 5745 τά
3542 5695 3633 5750 τῆς
3652 5684 3900 5760 δευτέρας

2301 5796 2483 5866 κρατεῖ
2507 5784 2828 5853 συνόδου,ὄτι
2856 5807 2911 5842 τε
2939 5786 3344 5861 μεταγενεστέρα
3362 5785 3493 5849 ἐστί,
3518 5784 3604 5837 καί
3627 5777 3707 5836 ὅτι
3733 5782 3903 5834 οἰκον-

2306 5884 2499 5953 (cavari,
2530 5882 2580 5932 έν
2605 5878 2860 5954 ᾖπάντως
2877 5882 2932 5934 ἐκ
2956 5879 3158 5934 πάντων
3181 5882 3281 5933 τῶν
3300 5880 3696 5947 πατριαρχικῶν
3718 5871 3907 5945 θρόνων
3996 5944 4001 5948 _
