4262 6236
379 328 520 385 1085

1511 322 1827 382 CONCILIA
1862 320 2492 382 CARTHAGINENSIA.

3524 328 3547 381 1
3558 327 3664 384 086

376 449 478 502 tior
526 446 757 503 habenda
806 455 880 501 est
918 446 1156 502 secundis
1191 446 1374 517 synodi
1410 445 1738 511 constitutio,
1771 444 1960 517 quippe

2068 454 2311 512 συνῆσαν,
2337 442 2368 504 ἦ
2398 447 2444 500 οἱ
2471 446 2801 523 πατριάρχαι
2826 446 2994 514 αὐτοὶ,
3020 444 3050 507 ἦ
3075 443 3468 524 τοπηρήται,ὅτι
3488 446 3544 504 δέ
3570 451 3663 506 οὐκ

375 548 491 612 qua:
518 550 566 596 et
595 539 842 612 posterior
875 540 973 613 fuit
1007 550 1057 595 et
1074 539 1422 613 lacumenica,
1455 543 1510 596 in
1532 555 1632 611 qua
1659 555 1832 595 omnes
1857 538 1959 593 sci-

376 634 495 688 licet
508 635 808 706 quicumque
820 634 1170 705 patriarcham
1187 633 1355 689 sedem
1382 632 1623 701 obtinent,
1644 644 1733 687 aut
1759 631 1962 703 ipsimet

375 726 701 797 patriarcha,
736 730 826 781 aut
862 728 1091 797 ipsorum
1131 726 1283 796 legati
1308 725 1587 791 affuerunt.
1626 723 1792 779 Porro
1829 723 1963 778 hunc

376 836 623 875 canonem
665 837 983 890 nequaquam
1026 838 1057 873 a
1093 822 1280 875 sanctis
1318 819 1558 874 Patribus
1597 817 1843 873 universis
1876 834 1961 871 re-

376 925 578 983 ceptum
605 915 786 986 fuisse,
816 916 891 968 vel
914 930 975 968 eo:
1001 913 1219 968 secundo
1259 929 1450 967 canone
1490 912 1674 983 synodi
1703 913 1755 964 in
1784 909 1963 963 Trulla

377 1009 593 1073 habitat,
624 1025 739 1078 qua
765 1020 909 1063 sexta
944 1009 1161 1074 dicitur,
1194 1008 1410 1079 intelligi
1453 1008 1589 1061 licet.
1627 1006 1706 1059 Ibi
1748 1020 1964 1074 namque

376 1103 541 1157 sancti
570 1101 754 1156 Patres
784 1080 854 1155 eis
880 1101 1159 1157 canonibus‘
1178 1117 1392 1173 quorum
1416 1110 1527 1155 rata
1558 1097 1833 1153 auctoritas
1859 1112 1967 1150 esse

378 1195 521 1250 debet
544 1195 811 1267 sigillatim
837 1195 1160 1262 enumeratis,
1188 1195 1249 1247 de
1278 1195 1373 1249 hoc
1401 1208 1595 1246 canone
1625 1188 1832 1246 totidem
1860 1206 1966 1243 om-

378 1290 502 1345 nino
532 1287 692 1346 verbis
715 1289 785 1346 ita
807 1287 1159 1359 pronuntiant.
1196 1286 1453 1343 Prwterea
1478 1302 1612 1353 vero,
1644 1285 1897 1366 inquiunt,
1921 1292 1968 1338 et

378 1399 411 1437 a
442 1380 721 1457 Cypriane,
762 1382 847 1453 qui
867 1381 1114 1453 Afrorum
1144 1381 1364 1452 regionis
1395 1381 1489 1451 {uit
1521 1378 1966 1447 archiepiscopus,

380 1485 429 1531 et
466 1486 683 1551 martyr,
712 1487 759 1531 et
787 1493 818 1530 a
841 1476 1036 1547 synodo
1063 1492 1176 1547 quae
1214 1476 1305 1532 sub
1348 1490 1405 1529 eo
1449 1476 1547 1547 fuit
1587 1474 1777 1528 editum
1815 1488 1969 1526 cano—

378 1587 514 1635 nem,
545 1570 631 1638 qui
658 1570 713 1625 in
736 1568 942 1624 illorum
986 1568 1265 1641 prwsulum
1295 1569 1418 1624 locis
1447 1568 1793 1623 tantummodo
1814 1567 1970 1639 juxta

318 1702 323 1705 -
380 1664 625 1719 traditam
655 1666 718 1718 ab
749 1664 821 1721 eis
849 1664 1262 1720 consuetudinem
1288 1674 1512 1719 servatus
1534 1673 1626 1719 est.
1644 1661 1727 1716 Ea:
1740 1662 1835 1716 hoc
1857 1662 1969 1716 loco

375 1758 555 1829 igitur,
579 1754 757 1828 primis
778 1774 975 1827 quoque
996 1758 1307 1828 temporibus
1335 1772 1579 1811 canonem
1621 1759 1753 1808 hunc
1781 1771 1969 1825 nequa-

377 1867 530 1919 quam
569 1848 712 1920 apud
755 1867 927 1905 omnes
974 1852 1192 1905 valuisse
1232 1849 1385 1921 facile
1413 1857 1649 1921 apparet.
1680 1845 1783 1902 Hic
1811 1848 1968 1920 igitur
1997 1846 2044 1906 B

378 1952 453 1998 est
479 1952 641 1997 textus
666 1943 895 2013 epistola:
918 1943 1079 2011 :Quw
1098 1954 1213 1998 vero
1241 1943 1297 1998 in
1321 1942 1579 2003 communi
1601 1941 1967 2011 disceptatione

376 2037 529 2097 dicite
554 2046 672 2095 sum
696 2055 731 2092 a
757 2037 975 2109 singulis
996 2078 1010 2102 .
1042 2037 1132 2108 qui
1160 2038 1217 2099 in
1255 2037 1454 2115 synodo
1493 2044 1829 2093 convenerant
1846 2073 1862 2099 ,
1892 2033 1967 2087 ita

375 2148 427 2186 se
450 2131 673 2186 habent:

445 2224 747 2295 Cyprianus
796 2224 929 2281 dixit
955 2228 984 2297 ξε

451 2316 688 2372 Audistis
719 2360 733 2383 ,
765 2318 988 2391 collegas
1039 2320 1367 2391 dilectis_simi
1412 2364 1428 2389 ,
1480 2319 1606 2391 quid
1684 2318 1813 2373 mihi
1871 2315 1963 2373 ευ-

380 2411 623 2479 baianus,
678 2387 1031 2483 coepiscopus
1086 2387 1271 2470 nostei
1300 2455 1316 2481 ,
1365 2387 1643 2484 scripserit
1677 2411 1968 2467 consulens

382 2498 805 2561 mediocritatem
859 2516 1094 2562 nostram
1151 2508 1219 2564 de
1257 2508 1443 2563 illicito
1507 2512 1560 2562 et
1596 2506 1819 2577 profano
1858 2505 1969 2559 ha!-

383 2598 678 2654 reticorum
738 2590 1055 2671 Baptismo,
1139 2608 1195 2657 et
1261 2602 1387 2671 quid
1430 2613 1530 2672 ego
1585 2599 1634 2654 ci
1671 2594 1970 2667 rescripse-

381 2692 520 2758 rim,
574 2704 804 2749 cetisens
846 2694 1007 2761 licet,
1062 2694 1202 2766 quod
1255 2694 1421 2750 semel
1482 2703 1642 2762 atque
1684 2692 1876 2746 iterum
1915 2696 1972 2745 et

377 2801 523 2855 saepe
565 2789 874 2844 censuimus
914 2791 1197 2845 haereticos
1238 2790 1304 2844 ad
1352 2789 1645 2844 Ecclesiam
1693 2787 1970 2841 venientes

380 2880 659 2951 Baptismo
680 2880 1254 2955 (Ecclesiw)?baplizarl
1279 2894 1333 2939 et
1360 2882 1966 2951 sanctiﬁcariOportere.

376 2974 509 3029 Item
540 2975 692 3031 lcetee
722 2978 1013 3033 suntvobis
1041 2985 1095 3033 et
1120 2978 1241 3033 aliae
1270 2976 1739 3048 litteras-Jubaiani,
1771 2974 1968 3044 quibus

374 3082 473 3137 pro
502 3082 597 3121 sua
627 3068 835 3123 sincera
879 3078 931 3124 et
961 3071 1206 3142 religiosa
1245 3070 1537 3125 devotione
1579 3068 1644 3123 ad
1685 3066 1965 3138 epistolam

2063 535 2250 609 ἐδέχθη
2268 541 2294 593 ὸ
2312 542 2489 613 παρών
2516 544 2677 594 κανὼν
2705 542 2850 615 παρὰ
2870 542 3074 596 πάντων
3100 547 3200 596 τῶν
3223 541 3379 616 ἁγίων
3406 546 3668 621 πατέρων,

2065 629 2305 690 δηλοῦται
2333 638 2416 687 καὶ
2450 634 2504 687 ἐκ
2531 638 2621 688 τοῦ
2647 631 2887 707 δευτέρου
2917 634 3122 695 κανόνος
3142 642 3233 695 τῆς
3262 636 3311 688 ἐν
3331 642 3405 707 τῷ
3432 636 3667 709 Τρούλλῳ

2064 725 2329 796 γινομένης
2361 722 2577 779 συνόδου
2606 724 2873 798 λεγομένης
2899 726 3070 787 ἕκτης-⁸
3114 728 3453 800 ἁπορίθμησιν
3491 730 3591 802 γὰρ
3619 730 3671 783 ἐν

2067 817 2207 890 αὐτῷ
2237 816 2283 869 ai
2319 812 2535 871 συνόδου
2574 816 2709 890 ἅγιοι
2740 819 2961 890 πατέρες
3007 819 3195 879 ἐκείνης
3238 820 3531 891 ποιούμενοι
3568 828 3671 875 τῶν
3762 850 3775 861 -

2067 912 2355 986 ὀφειλόντων
2401 920 2605 988 κρατεῖν
2653 911 2903 976 κανόνων,
2953 918 3123 968 ταῦτα
3165 915 3283 985 περὶ
3325 918 3417 968 τοῦ
3463 914 3672 976 κανόνος

2066 1007 2253 1061 τούτου
2288 1006 2509 1080 ῥήμασιν
2539 1007 2711 1067 αὐτοῖς
2739 1002 3001 1071 διεξιᾶσιν.
3040 1002 3153 1061 "Ere
3180 1011 3276 1077 μὴν
3317 1007 3403 1060 καί
3441 1006 3527 1061 τόν
3568 1007 3674 1062 ὑπὸ

2067 1105 2356 1174 Κυπριανοῦ
2390 1106 2481 1154 τοῦ
2493 1101 2758 1171 γενομένου
2782 1100 3203 1171 ἁρχιεπισκόπου
3231 1109 3322 1161 τῆς
3344 1098 3530 1174 Ἀφρῶν
3554 1102 3670 1171 χώ-

2069 1213 2186 1265 ρας.
2222 1195 2304 1246 καὶ
2324 1194 2607 1266 μάρτυρος,
2636 1193 2721 1247 καὶ
2741 1202 2832 1253 τῆς
2862 1191 2975 1246 κατ’
2995 1194 3148 1247 αὐτὸν
3171 1190 3387 1247 συνόδου
3411 1195 3673 1249 ἐκτεθέντα

2069 1288 2275 1353 κανόνα,
2310 1280 2362 1349 ὃς
2390 1289 2438 1341 ἐν
2459 1295 2565 1349 τοῖς
2595 1294 2694 1342 τῶν
2732 1283 2993 1362 προέδρων
3026 1285 3203 1346 τόποις
3231 1288 3316 1340 καὶ
3342 1286 3512 1355 μόνοις
3536 1288 3671 1341 κατὰ

2069 1382 2127 1437 τό
2152 1377 2433 1457 πταραδοθέν
2455 1378 2630 1441 αὐτοῖς
2652 1377 2761 1441 ἔθος
2781 1380 3076 1455 ἐκράτησεν.
3101 1378 3346 1433 Ἐντεῦθεν
3370 1372 3457 1432 οὖν
3486 1377 3674 1434 δέικνυ-

2069 1498 2173 1536 ται,
2209 1471 2287 1531 ὅτι
2307 1476 2393 1529 καὶ
2420 1476 2665 1547 ἀρχῆθεν,
2691 1475 2748 1527 οὐ
2771 1474 2915 1543 παρὰ
2946 1478 3103 1527 πᾶσιν
3124 1470 3180 1532 ἧν
3204 1476 3416 1546 ἐνεργῶν
3437 1470 3463 1527 ό
3484 1474 3669 1526 κανών.

2070 1571 2246 1621 Ταῦτα
2274 1566 2364 1637 μὲν
2400 1560 2484 1620 οὖν
2511 1565 2577 1621 τὰ
2598 1574 2690 1626 τῆς
2729 1564 3019 1625 ἐπιστολῆς’
3057 1564 3113 1621 Δί
3139 1560 3191 1619 δέ
3223 1565 3273 1617 ἐν
3301 1573 3363 1635 τῇ
3390 1572 3527 1633 κοινῇ
3559 1560 3671 1617 δια-

2072 1655 2250 1729 σκέψει
2289 1654 2509 1713 δοθεῖσαι
2537 1664 2735 1730 γνῶμαι
2760 1659 2885 1730 παρ’
2918 1658 3138 1713 ἑκάστου
3166 1663 3265 1712 τῶν
3309 1656 3359 1710 ἐν
3387 1664 3449 1727 τῇ
3472 1652 3670 1728 συνόδῳ

2072 1750 2483 1826 συνειλεγμένων,
2512 1744 2727 1822 ἔχουσιν
2752 1748 2915 1815 οὕτως
2942 1752 3054 1808 κατ’
3082 1750 3345 1821 ἐπιτομήν.

2142 2217 2429 2292 Κυπριανὸς
2458 2211 2617 2272 εἶπεν

2142 2313 2437 2378 Ἠκούσατε,
2488 2310 2744 2385 ἀγαπητοί
2770 2313 3160 2374 συνεπίσκοποι,
3196 2311 3248 2365 τί
3306 2326 3392 2379 μοι
3450 2296 3673 2382 ἔγραψεν

2068 2405 2324 2469 Ἰοϐιανὸς,
2354 2404 2380 2459 ὅ
2404 2406 2781 2466 συνεπίσκοπος
2808 2406 2967 2476 ἡμῶν,
2984 2403 3275 2475 συμϐουλὴν
3297 2403 3445 2471 παρὰ
3462 2409 3556 2461 τῆς
3577 2421 3670 2471 με-

2071 2499 2338 2572 τριότητός
2366 2516 2464 2569 μου
2510 2497 2808 2569 ϐουλόμενος
2848 2496 3018 2551 λαϐεῖν
3052 2498 3171 2570 περὶ
3208 2496 3302 2551 τοῦ
3346 2497 3554 2551 ἀνοσίου
3583 2495 3670 2549 καὶ

2072 2590 2262 2662 ἀνόμου
2304 2591 2667 2661 βαπτίσματος
2709 2595 2809 2645 τῶν
2853 2589 3142 2665 αἱρετικῶν,
3185 2591 3271 2643 καί
3299 2591 3350 2644 τί
3393 2590 3491 2659 ἐγώ
3528 2589 3671 2659 αὐτῷ

2073 2683 2373 2757 ἀντέγραψα
2398 2681 2739 2756 δογματίζων,
2770 2674 2796 2736 ὃ
2821 2679 2959 2747 ἅπαξ
2991 2685 3077 2737 καὶ
3101 2680 3337 2757 δεύτερον
3366 2683 3452 2735 καὶ
3483 2678 3669 2735 πολλά-

2074 2799 2152 2840 κις
2173 2780 2456 2851 ἐκρίναμεν,
2481 2780 2604 2840 τοὺς·
2624 2779 2910 2854 αἱρετικοὺς
2930 2776 3386 2851 προσερχομένους
3407 2773 3672 2847 τῇἘκκλη-
3752 2773 3769 2790 ⁸

2075 2874 2164 2946 σία
2179 2871 2505 2945 βαπτίσματι
2525 2871 2858 2946 βαπτίζεσθαι
2879 2868 2999 2931 δεῖν,
3019 2873 3105 2924 καὶ
3121 2870 3434 2942 ἁγιάζεσθαι.
3456 2865 3672 2923 Ἔπειτα

2073 2963 2127 3020 δέ
2153 2966 2436 3036 ἀνεγνώσθη
2464 2965 2582 3036 ὑμῖν
2620 2965 2705 3018 καί
2747 2960 2872 3017 ἄλλα
2908 2964 3191 3037 γράμματα
3217 2959 3477 3024 Ἰοϐιανοῦ,
3507 2956 3570 3013 δι’
3600 2954 3668 3011 ὧν

2072 3061 2205 3114 κατά
2230 3060 2288 3113 τὸ
2310 3060 2469 3113 αὐτοῦ
2495 3058 2702 3117 εὐσεϐὲς
2730 3059 3056 3129 ἀντίγραμμα
3079 3056 3136 3108 οὐ
3159 3054 3306 3125 μόνον
3342 3055 3458 3124 ἡμίν
3485 3071 3666 3105 συνευ-

376 3169 615 3215 nostram
646 3162 969 3231 rescribens,
1004 3178 1108 3217 non
1134 3170 1336 3218 tantum
1367 3162 1655 3229 consensit,
1682 3161 1775 3215 sed
1804 3159 1965 3214 etiam

2073 3151 2303 3216 δόκησιν,
2328 3153 2452 3207 ἀλλά
2481 3155 2565 3206 καὶ
2686 3152 2953 3223 ἐπιγνώσει
2973 3157 3065 3210 τῆς
3090 3150 3321 3208 ἀλήθειας
3351 3148 3508 3218 χάριν
3535 3145 3666 3215 ὠμο-

372 3252 695 3309 instructum
718 3270 776 3310 se
797 3269 920 3310 esse
943 3261 1144 3326 gratias
1169 3257 1448 3313 confessus
1471 3259 1598 3329 egit.
1635 3258 1891 3329 Superest
1910 3271 1965 3319 ut

370 3346 440 3402 de
460 3346 895 3419 hacipsarequid
925 3350 1118 3419 singuli
1141 3352 1454 3418 sentiamus,
1483 3349 1837 3422 proferamus,
1867 3372 1964 3412 ne-

370 3439 914 3508 minemjudicantes,
939 3452 995 3495 ut
1016 3460 1042 3495 a
1061 3444 1181 3512 jure
1207 3446 1605 3501 communionis
1635 3448 1890 3519 aliquem,
1917 3453 1963 3505 si

369 3531 648 3588 diversum
676 3535 926 3599 senserit,
946 3548 1281 3593 amoventes.
1302 3537 1484 3609 Neque
1510 3540 1654 3594 enim
1679 3543 1961 3610 quisquam

368 3636 617 3681 nostrum
642 3628 951 3699 episcopum
992 3645 1050 3684 se
1088 3630 1217 3704 (esse
1242 3633 1614 3707 episcoporum)
1660 3638 1958 3702 constituit,

365 3731 462 3775 aut
485 3722 781 3791 tyriunnico
799 3729 1007 3779 terrore
1029 3725 1093 3779 ad
1115 3724 1445 3797 obsequendi
1466 3728 1835 3784 necessitatem
1855 3730 1968 3784 col-

366 3813 517 3884 legas
569 3828 695 3869 suos
732 3814 915 3885 adigit,
964 3816 1177 3887 quando
1225 3818 1418 3872 habeat
1459 3819 1636 3875 omnis
1684 3821 1966 3890 episcenos

366 3923 468 3978 pro
501 3907 714 3963 licentia
755 3909 1032 3965 libertates
1079 3921 1135 3967 et
1184 3911 1481 3981 potestatis,
1529 3926 1638 3966 sum
1686 3913 1966 3969 arbitrium

363 4002 671 4073 proprium,
706 4011 974 4075 tamquam
1004 4005 1231 4075 judicari
1259 4006 1327 4060 ab
1366 4006 1473 4061 alio
1510 4021 1616 4061 non
1648 4008 1815 4076 possit
1844 4023 1965 4063 cum

361 4108 471 4151 nec
516 4095 633 4165 ipse
678 4098 846 4166 possit
881 4098 1108 4153 alterum
1130 4097 1375 4171 judicare
1408 4116 1421 4156 :
1456 4099 1551 4155 sed
1584 4108 1961 4169 exspectemus

360 4188 610 4244 universi
636 4188 897 4260 judicium
916 4192 1126 4248 Domini
1148 4192 1326 4248 Nostri
1353 4192 1807 4267 JesujChristi,qui
1828 4210 1966 4252 unus

359 4289 423 4338 et
456 4282 601 4337 solus
633 4282 795 4339 habet
822 4294 1139 4355 potestatem
1169 4296 1223 4342 et
1252 4288 1599 4358 praeponendi
1646 4303 1745 4344 nos
1771 4290 1824 4345 in
1856 4290 1964 4345 Ec-

359 4378 549 4433 clesiae
575 4393 686 4433 sua:
711 4379 1123 4451 gubernatione,
1154 4381 1290 4439 etde
1313 4392 1433 4439 actu
1462 4394 1645 4441 nostro
1663 4382 1963 4457 judicandi.

438 4474 495 4527 1.
523 4472 775 4528 Otacilius
812 4490 840 4527 a
888 4472 1026 4531 Bilta
1068 4474 1239 4532 dixit:

437 4567 556 4637 Ego
585 4583 749 4622 unum
774 4569 1046 4641 Baptismo
1077 4572 1130 4626 in
1153 4574 1391 4630 Ecclesia
1422 4577 1537 4631 sola
1566 4576 1699 4642 scio,
1724 4584 1779 4631 et
1811 4587 1964 4632 extra

356 4659 672 4716 Ecelesiam
705 4662 929 4717 nullum.
949 4663 1061 4719 Hoc
1089 4664 1191 4720 erit
1220 4682 1404 4736 unum,
1435 4668 1526 4722 ubi
1554 4684 1675 4738 spes
1704 4683 1828 4723 vera
1858 4678 1962 4734 est,

354 4762 420 4808 et
457 4752 595 4807 ﬁdes
614 4760 780 4807 certa.
815 4753 905 4809 Sic
931 4756 1075 4810 enim
1099 4758 1355 4826 scripturn
1384 4768 1467 4814 est
1494 4778 1506 4812 :
1541 4756 1657 4814 Una
1683 4760 1809 4827 ﬁdes
1838 4761 1965 4833 (una

355 4844 451 4916 (1)
469 4847 606 4913 spes)
626 4861 781 4899 unum
792 4845 1060 4916 Baptisma
1077 4847 1454 4923 (Ephes.tv,5).
1487 4850 1601 4907 Non
1626 4854 1767 4923 apud
1788 4853 1963 4908 inere-

352 4938 528 5001 ticos.
557 4938 647 4992 ubi
695 4953 819 5009 spes
874 4942 1019 4996 nulla
1041 4955 1146 5010 est,
1174 4955 1227 4999 et
1256 4945 1388 5001 ﬁdes
1405 4944 1651 5010 lalsi,ubi
1670 4949 1845 5001 omnia
1871 4963 1965 5016 per

348 5030 706 5088 mendacium
726 5036 1075 5103 aguntur,nbi
1094 5037 1365 5092 exorcizat
1379 5038 1738 5095 daamoniacus
1758 5057 1771 5093 :
1788 5054 1967 5095 sacra-

345 5135 608 5181 mentum
637 5127 950 5198 interrogat,
971 5131 1125 5199 cujns
1143 5146 1202 5185 os
1215 5144 1267 5186 et
1288 5134 1449 5188 verba
1468 5149 1662 5189 cancer
1674 5120 1925 5190 emittunt
1947 5154 1960 5188 :

350 5217 528 5272 ﬁdem
554 5218 646 5273 dat
685 5219 938 5287 inﬁdelis,
972 5225 1180 5278 veniam
1212 5225 1533 5281 delictorum
1566 5228 1752 5283 tribuit
1788 5226 1963 5284 scele-

342 5321 539 5378 ratus,
560 5322 617 5368 et
643 5315 695 5367 in
720 5317 936 5370 nomine
963 5315 1159 5371 Christi
1194 5317 1346 5390 lingit
1366 5320 1726 5376 Antichristus
1755 5336 1767 5371 :
1800 5320 1962 5374 Bene-

345 5404 540 5459 dicita
591 5404 701 5461 Deo
741 5407 1040 5464 maledictus
1082 5428 1094 5463 :
1138 5411 1300 5465 vitam
1368 5412 1645 5482 pellicetus
1695 5421 1958 5477 mortuus,

342 5510 553 5570 pacem
585 5497 675 5551 dat
723 5498 1075 5568 impaciﬁcus,
1110 5500 1277 5556 Deum
1322 5502 1535 5556 invocat
1580 5502 1955 5572 blasphemus,

341 5590 727 5647 sacerdotium
758 5593 1096 5649 administrat
1123 5595 1400 5666 profanus,
1433 5597 1766 5667 ponitaltaro
1788 5597 1957 5651 sacri-

440 5704 521 5774 (l)
553 5706 765 5761 Absunt
800 5707 914 5784 bzec
941 5719 996 5784 et
1022 5710 1276 5767 nonnulla
1308 5712 1411 5769 alia
1439 5727 1468 5769 a
1496 5726 1673 5784 grwco
1702 5720 1957 5771 contextu

340 5782 426 5837 ad
474 5793 628 5844 quem
660 5790 847 5835 exacta
888 5781 987 5837 fuit
1018 5784 1203 5840 Latina
1242 5784 1420 5845 versit)
1464 5781 1791 5845 {Continuo
1823 5785 1959 5847 Herc

337 5860 510 5910 voto.
546 5848 743 5904 Luae.

1990 4490 2044 4551 D

2069 3246 2297 3318 λόγησεν.
2326 3243 2623 3301 ’Υπόλοιπον
2670 3236 2756 3296 οὖν
2784 3243 3086 3313 περιαυτοῦ
3110 3241 3327 3301 ἕκαστος
3374 3240 3515 3310 ὑμῶν
3542 3256 3665 3307 φροά

2067 3346 2159 3398 νεῖ,
2189 3343 2343 3393 εἰπεῖν
2366 3337 2575 3411 μηδενὸς
2602 3336 2681 3408 ἀφ’
2707 3337 2849 3407 ὑμῶν
2892 3336 2943 3388 ἐν
2967 3335 3135 3405 τούτῳ
3175 3332 3489 3405 κρινομένου,
3531 3326 3660 3399 μηδὲ

2069 3434 2112 3485 εί
2143 3433 2343 3487 ἐναντία
2363 3434 2582 3503 φρονοίη.
2617 3432 2701 3483 καί
2733 3430 3066 3484 ἀκοινωνήτου
3092 3425 3372 3499 γινομένου.
3396 3419 3527 3476 Οὔτε
3556 3420 3661 3492 γάρ

2068 3548 2146 3588 τις
2167 3528 2441 3579 ἐπίσκοπον
2464 3526 2643 3579 ἑαυτὸν
2668 3524 2984 3585 καθίστησιν,
3001 3518 3116 3573 οὐδέ
3136 3525 3407 3594 τυραννικῇ
3423 3511 3664 3589 αὐθαδείᾳ

2070 3621 2143 3680 είς
2166 3620 2384 3690 ἀνάγκην
2406 3624 2501 3673 τοῦ
2522 3618 2733 3671 ἕπεσθαι
2754 3617 2897 3688 αὐτῷ
2919 3617 3041 3675 τοὺς
3064 3612 3473 3672 συνεπισκόπους
3497 3610 3664 3683 βιάζε-

2070 3732 2177 3773 ται,
2205 3710 2358 3764 ὁπότε
2386 3706 2455 3770 εἷς
2473 3709 2692 3769 ἕκαστος
2714 3710 2996 3766 ἐπίσκοπος
3022 3708 3253 3769 ἐξουσίαν
3274 3702 3391 3774 ἔχει
3418 3704 3663 3777 πράττειν

2071 3802 2377 3874 ἐλευθερίως,
2402 3800 2435 3854 ἃ
2458 3808 2641 3875 φρονεῖ
2670 3802 2737 3860 ὡς
2761 3802 2862 3873 γὰρ
2892 3799 3049 3857 αὐτὸς
3073 3793 3215 3850 ἄλλον
3242 3802 3407 3866 κρῖναι
3431 3796 3488 3847 οὐ
3518 3792 3666 3848 δύναιο

2071 3917 2188 3955 ται,
2227 3893 2388 3953 οὕτως
2418 3890 2531 3946 οὐδέ
2562 3892 2663 3945 ὑπὸ
2706 3888 2857 3945 ἄλλου
2899 3891 3142 3963 κριθῆναι.
3196 3888 3522 3963 Περιμίνομεν
3563 3888 3665 3961 γὰρ

2070 3990 2259 4047 πάντες
2284 3992 2376 4045 τήν
2398 3992 2492 4041 τοῦ
2514 3988 2697 4059 Κυρίου
2742 3986 2883 4055 ἡμῶν
2921 3983 3082 4040 Ἰησοῦ
3126 3988 3353 4056 Χριστοῦ
3392 3985 3581 4055 κρίσιν,
3609 3978 3664 4042 ὃς

2068 4080 2221 4151 μόνος
2259 4081 2491 4144 ἐξουσίαν
2508 4076 2627 4149 ἔχει
2654 4079 2932 4132 ἐπίσκοπον
2953 4078 3169 4147 καθις-ᾄν
3194 4078 3244 4129 ἐν
3275 4084 3338 4146 τῇ
3364 4077 3524 4129 αὐτοῦ
3551 4075 3658 4127 Ἐκ-

2070 4174 2273 4247 κλησία,
2297 4174 2384 4228 καί
2405 4171 2515 4234 ἐνὸς
2535 4171 2756 4228 insist-ou
2783 4175 2874 4231 τήν
2910 4170 3096 4240 πρᾶξιν
3138 4170 3384 4235 ἐξετάζειν
3413 4171 3497 4223 καί
3530 4167 3665 4226 δοκεί-

2071 4266 2265 4338 μάζειν.

2142 4464 2416 4526 nomine;
2445 4464 2748 4539 Λιϐεράριος
2770 4459 2928 4519 εἶπεν*

2140 4556 2223 4612 Ἓν
2254 4560 2529 4632 βάπτισμα
2555 4562 2605 4613 ἐν
2626 4559 2751 4631 μόνῃ
2781 4567 2842 4633 τῇ
2882 4557 3145 4634 Ἐκκλησία
3171 4552 3395 4622 οἷδα,καί
3411 4560 3557 4619 ἐκτὸς
3576 4565 3668 4619 τῆς

2067 4652 2387 4717 Ἐκκλησίας,
2416 4650 2665 4724 οὐδαμοῦ.
2708 4649 2855 4707 ’Ἔνθα
2884 4654 2985 4727 γὰρ
3028 4652 3138 4705 ἐστὶ
3184 4654 3243 4706 τό
3283 4649 3333 4704 ἓν
3372 4650 3667 4724 βάπτισμα,

2069 4741 2230 4806 ὅντως
2271 4749 2357 4799 καί
2398 4744 2537 4807 ἐλπὶς
2577 4746 2806 4806 ἀληθείας
2843 4747 2979 4808 ἐστὶ,
3026 4747 3111 4798 καὶ
3152 4747 3348 4813 πίστις.
3377 4746 3525 4802 Οὕτω
3570 4748 3669 4821 γὰρ

2068 4841 2376 4916 γέγραπται,
2411 4845 2503 4913 μία
2543 4844 2737 4903 πίστις,
2767 4837 2817 4893 ἓν
2843 4839 3138 4910 βάπτισμα.
3176 4841 3246 4893 Οὐ
3274 4843 3373 4914 γὰρ
3402 4849 3506 4903 τοῖς
3533 4842 3670 4915 αἱρε-

2067 4939 2248 4997 τικοῖς,
2280 4933 2404 5005 παρ’
2425 4929 2498 4994 οἷς
2523 4930 2735 5003 οὐδεμία
2779 4932 2955 4992 πίστις
2997 4934 3082 4985 καί
3128 4931 3289 4995 ἐλπίς,
3325 4928 3451 4986 ὅπου
3499 4933 3670 4988 πάντα

2068 5021 2232 5093 ψευδῆ
2250 5065 2265 5089 ,
2296 5020 2424 5077 ὅπου
2452 5026 2691 5098 ἐξορκίζει
2713 5022 3144 5094 δαιμονιζόμενος,
3172 5028 3452 5095 μυστήριον
3475 5024 3662 5096 ἐρωτᾷ,

2069 5113 2128 5168 οὖ
2152 5120 2210 5171 τό
2231 5118 2401 5188 στόμα
2413 5116 2632 5189 λοιμώδη
2649 5120 2733 5171 καὶ
2748 5115 2869 5174 ἰώδη
2889 5121 3177 5192 φτέγγεται’
3196 5120 3369 5173 πίστιν
3386 5116 3439 5172 δέ
3460 5116 3665 5172 δίδωσιν

2067 5205 2310 5275 ἄπιστος,
2336 5204 2513 5281 ἄφεσιν
2539 5210 2802 5281 ἁμαρτιῶν
2839 5212 3069 5283 παρέχει
3095 5209 3427 5284 ἁμαρτωλός,
3470 5212 3553 5263 καὶ
3598 5210 3668 5272 εἰς

2066 5294 2225 5369 ὄνομα
2244 5307 2467 5375 Χριστοῦ
2491 5301 2729 5374 βαπτίζει
2749 5305 3111 5372 Λντίχριστος,
3139 5303 3475 5373 ὑπισχνεῖται
3534 5305 3665 5366 ζωήν

2065 5395 2272 5467 νεκρός,
2307 5397 2500 5467 εἰρήνην
2525 5393 2731 5450 δίδωσιν
2774 5398 2971 5470 εἰρήνης
3012 5396 3293 5469 ἀλλότριος,
3326 5406 3448 5452 Θεον
3489 5400 3669 5453 ἐπικαα

2062 5486 2219 5541 λεῖται
2244 5484 2560 5559 βλάσφημος,
2593 5488 2816 5563 ίερατείᾳ
2841 5489 3095 5563 κέχρηται
3136 5489 3349 5553 ἀσεϐής,
3379 5492 3661 5548 θυσιαστή-

2064 5597 2170 5649 ριον
2194 5580 2502 5652 πρωτίθησιν
2528 5580 2809 5655 ἱερόσυλος,
2840 5588 2951 5653 Θοῷ
2979 5583 3158 5635 θυσίαν
3184 5584 3460 5657 προσφέρει
3491 5582 3516 5635 ό
3542 5581 3658 5637 δια-

2067 5671 2197 5743 ϐόλῳ
2240 5672 2529 5744 ὑπηρετῶν.
2577 5673 2638 5726 Oi
2681 5672 2856 5733 αὐτοῖς
2900 5678 3301 5746 συνηγοροῦντες
3342 5676 3638 5729 εἰπάτωσαν

2069 5770 2240 5823 ταῦτα
2268 5767 2435 5822 πάντα
2466 5764 2633 5837 ψεῦδῆ
2658 5760 2781 5821 εἶναι
2807 5769 2925 5841 περί
2950 5774 3048 5822 τῶν
3079 5769 3361 5839 αἱρετικῶν.
3387 5767 3512 5823 Ἰδοὺ
3545 5790 3681 5824 τισιν

2079 5860 2418 5930 ἀναγκάζεται
2446 5860 2478 5918 ἡ
2516 5856 2779 5917 Ἑκκλισία
2804 5856 3239 5925 συνευδοκεῦθῄνα
3285 5862 3449 5931 χωρίς
3487 5858 3691 5927 βαπτίσ
