4216 6262
541 340 678 398 1087

1851 330 2200 404 amoma;
2238 329 2506 389 saccis.

3689 338 3833 394 1088

539 460 724 532 legus,
758 457 869 515 Deo
895 455 1216 515 sacriﬁcium
1246 454 1403 511 offert
1430 455 1520 528 qui
1556 453 1772 509 diabolo
1801 451 1988 509 servit.
2025 449 2120 504 Di-
2150 487 2159 511 λ

2263 471 2424 522 ματος
2463 453 2549 506 καί
2594 452 2821 526 ἀφέσεως
2851 451 3116 526 ἁμαρτιῶν
3142 453 3394 515 τοιούτοις
3423 459 3829 527 συγκοινωνήση.

539 562 683 620 cant,
717 552 806 624 qui
837 549 944 606 illis
993 549 1269 613 assistunt,
1321 547 1435 603 haec
1481 547 1660 603 omnia
1719 544 1850 599 falsa
1905 557 2027 599 esse
2064 540 2131 596 de

541 644 834 702 luereticis.
862 642 998 697 Ecce
1018 641 1083 697 ad
1111 641 1287 714 qualia
1307 640 1549 697 Ecclesia
1565 638 1874 692 consentire
1899 635 2130 706 cogitur,

542 750 600 796 ut
644 739 760 793 sine
790 737 1064 806 Baptismo
1095 751 1157 791 ac
1186 736 1338 792 venia
1367 733 1700 790 delictorum
1731 729 2134 786 communicare

543 831 916 901 compellatur,
950 845 1106 901 quam
1151 844 1263 884 rem
1307 827 1499 885 fratres
1530 825 1715 896 fugere
1741 840 1804 880 ac
1837 825 2004 880 vitare
2035 821 2132 876 de-

545 924 752 986 bemus.
785 933 840 980 et
867 937 896 980 a
923 931 1071 978 tanto
1095 923 1298 980 scelere
1321 935 1419 975 nos
1444 934 1716 991 separare,
1753 927 1804 974 et
1835 930 1997 970 unum
2043 914 2136 967 ba-

547 1019 740 1092 ptisma
772 1026 989 1084 tenere,
1018 1015 1163 1089 quod
1189 1014 1292 1070 soli
1320 1014 1575 1070 Ecclesia:
1617 1026 1650 1069 a
1685 1011 1796 1068 Deo
1820 1022 2136 1065 concessum

551 1121 655 1168 est.

619 1205 674 1262 2.
709 1204 918 1261 Primus
946 1204 1096 1262 Felix
1127 1218 1154 1259 a
1186 1202 1404 1274 Migirpa
1440 1199 1602 1256 dixit:

620 1299 829 1358 Censeo
856 1315 1074 1356 omnem
1105 1299 1374 1354 hominem
1402 1297 1469 1351 ab
1499 1294 1690 1350 ltaaresi
1724 1293 2023 1350 venientem
2043 1291 2140 1345 Ba-

553 1393 880 1465 ptizandum.
923 1391 1139 1448 Frnsu-a
1180 1392 1321 1446 enim
1356 1390 1462 1445 illie
1490 1397 1638 1459 putat
1667 1402 1725 1442 se
1754 1402 1872 1442 esse
1903 1387 2143 1455 baptiza-

553 1498 685 1550 tutn.
719 1503 840 1544 cum
874 1503 978 1542 tton
1021 1487 1092 1540 sit
1130 1484 1430 1555 Baptistna,
1471 1483 1571 1536 nisi
1611 1481 1662 1535 in
1705 1480 1938 1535 Ecclesia
1981 1494 2142 1531 unum

553 1595 607 1641 et
635 1599 817 1638 verum
836 1624 853 1646 ,
882 1583 1007 1652 quia
1037 1590 1090 1636 et
1112 1582 1252 1635 Deus
1281 1595 1419 1634 unus
1446 1589 1495 1633 et
1529 1576 1769 1632 Ecclesia
1802 1590 1936 1636 una.
1962 1575 2013 1628 in
2043 1589 2146 1644 qua

554 1685 662 1733 stat
699 1691 864 1732 unum
896 1675 1165 1745 Baptisma
1203 1683 1256 1729 et
1289 1671 1671 1735 sanctificatio,
1709 1679 1763 1724 et
1801 1683 2148 1739 quaecumque

555 1770 655 1824 alia
696 1769 762 1824 ad
812 1768 1039 1825 salutem
1086 1775 1141 1822 ct
1189 1771 1349 1821 vitam
1399 1776 1654 1819 aeternam
1686 1770 1960 1830 Spectant,
1994 1761 2149 1830 perli-

556 1864 786 1918 ciuntttr.
833 1861 965 1916 Num
992 1876 1112 1931 qua:
1141 1869 1292 1914 extra
1327 1857 1621 1912 Ecclesiam
1653 1863 1998 1920 exercentur,
2033 1854 2151 1908 nul-

557 1956 666 2012 lum
700 1957 899 2011 habent
925 1954 1114 2010 salutis
1141 1952 1415 2009 effectum.

628 2053 682 2108 5.
716 2052 1044 2123 Polycarpus
1072 2049 1140 2104 ab
1171 2049 1468 2103 Adrumeto
1497 2043 1668 2100 dixit:

631 2145 728 2216 Qui
757 2145 1133 2201 [hereticorum
1153 2143 1424 2214 Baptisma
1455 2141 1680 2213 probant
1701 2145 1942 2194 nostrum
1968 2149 2152 2208 repro-

560 2239 686 2296 bum
724 2240 981 2297 efliciunt.

630 2339 687 2393 4.
727 2335 962 2394 Novatus
990 2350 1019 2389 a
1049 2332 1357 2405 Tamugade
1385 2333 1550 2389 dixit:

632 2430 785 2487 Livet
805 2430 1038 2487 sciamus
1058 2445 1271 2485 omnem
1289 2429 1620 2500 Scripturam
1645 2427 2007 2484 testimonium
2029 2424 2152 2480 red—

562 2521 692 2579 dere
720 2522 788 2580 de
816 2523 1032 2578 Salutari
1053 2522 1344 2593 Baptismo,
1373 2521 1632 2577 debemus
1661 2531 1836 2576 tamen
1864 2520 2020 2574 tidem
2055 2533 2150 2573 no-

563 2625 728 2672 stram
753 2617 1075 2688 exprimere,
1105 2626 1160 2670 ut
1184 2615 1468 2671 ltzeretiCos
1487 2627 1537 2670 et
1562 2613 1936 2670 schismaticos
1959 2614 2023 2668 ad
2045 2613 2151 2670 Ec-

563 2710 783 2766 clesiam
807 2711 1100 2776 venientes,
1119 2709 1208 2779 qui
1237 2708 1692 2779 pseudobaptizati
1737 2709 2002 2773 videntur,
2027 2721 2154 2761 vero

565 2804 837 2876 thptisnto
868 2804 1218 2874 baptizetnus.
1255 2804 1322 2858 Et
1360 2802 1481 2857 ideo
1510 2818 1698 2857 omnes
1737 2802 1825 2872 qni
1864 2801 1931 2855 ad
1967 2799 2153 2855 Eccle-

566 2897 699 2954 siam
729 2899 977 2955 conversi
1009 2908 1153 2963 sunt,
1187 2911 1375 2951 omnes
1409 2895 1669 2966 baptizavi
1693 2937 1708 2960 ,
1741 2903 1795 2949 et
1831 2895 2155 2964 quicumque

566 3006 635 3048 ex
663 2992 809 3048 clero
837 2991 1067 3046 ordinati
1101 2989 1417 3045 videbantur
1447 2991 1587 3044 inter
1616 2987 1779 3043 laicus
1806 2987 2004 3057 recepi.

639 3085 694 3140 5.
725 3083 1081 3141 Netnesianus
1110 3099 1139 3137 a
1173 3082 1458 3138 'l‘ltnbunis
1487 3081 1656 3136 dixit:

642 3177 907 3246 Baptistna
940 3177 1082 3248 quod
1112 3177 1204 3244 dat
1234 3177 1517 3230 hatrelicus
1546 3184 1602 3231 et
1638 3173 2015 3231 scltismaticus
2053 3188 2158 3228 non

570 3283 691 3325 esse
721 3285 904 3325 verum
925 3311 940 3335 ,
974 3271 1168 3341 ubique
1200 3269 1250 3324 in
1280 3270 1569 3338 Scripturis
1597 3269 1797 3323 sanctis
1825 3267 2157 3322 declaratum

571 3375 688 3420 est:
716 3365 964 3435 quoniam
1007 3364 1108 3434 ipsi
1138 3363 1409 3434 praepositi
1438 3377 1624 3418 eorum
1655 3361 1774 3416 falsi
1805 3359 2003 3416 Christi
2034 3369 2162 3416 sunt

573 3470 627 3515 et
653 3458 769 3514 falsi
799 3458 1094 3528 prOpltetzc.

644 3553 698 3607 6.
729 3551 1019 3608 .lanuarins
1045 3567 1074 3606 a
1105 3550 1369 3607 Lambese
1395 3551 1527 3606 dixit
1555 3569 1568 3605 :

644 3645 948 3702 Secundum
999 3637 1397 3716 Scripturarutn
1439 3654 1745 3701 sanctarum
1792 3644 2162 3700 auctoritatem

577 3738 810 3796 decerno
842 3740 1126 3798 haereticos
1154 3755 1346 3797 omnes
1377 3739 1751 3810 baptizandos,
1786 3749 1841 3796 et
1869 3740 1946 3795 sic
1975 3740 2027 3794 in
2059 3738 2164 3795 Ec-

576 3832 795 3888 clesiatn
823 3846 1061 3888 sanetam
1093 3831 1472 3888 admittendos.

653 3926 704 3981 7.
739 3924 936 3981 Luctus
965 3942 992 3980 a
1021 3923 1364 3996 Castragalba
1391 3925 1560 3982 dixit:

2183 2251 2232 2312 B

2231 538 2396 603 Ὅθεν,
2426 541 2648 616 ἀδελφοὶ,
2675 549 2894 620 φεύγειν,
2943 551 3031 601 καὶ
3085 547 3319 602 εκκλίνειν
3389 547 3645 620 ὀφείλομεν
3677 588 3694 611 ,
3747 553 3832 602 καὶ

2235 639 2478 710 χωρίζειν
2529 637 2743 700 ἑαυτοὺς
2769 640 2871 694 άπὸ
2899 640 3141 695 τοιούτων
3170 639 3632 712 πλημμελημάτων,
3666 643 3752 693 καί
3781 639 3831 694 ἓν

2236 730 2510 804 βάπτισμα
2557 734 2796 806 κατέχειν
2847 734 2907 790 τὸ
2932 734 3082 806 μόνον
3126 735 3176 790 έν
3204 743 3266 805 τῇ
3293 733 3558 810 Ἐκκλησία
3586 740 3680 791 τοῦ
3699 741 3834 791 Θεοῦ

2237 822 2602 899 δεδωρημένον.

2313 1173 2536 1248 Πρίαμος
2564 1168 2663 1226 άπὸ
2693 1173 2996 1245 Μαστρὶπης
3025 1164 3152 1224 εἷπε’

2316 1265 2609 1338 Δογματίζω
2639 1265 2806 1319 πάντα
2833 1259 3090 1332 ἄνθρωπον
3119 1263 3223 1317 ἀπὸ
3253 1261 3500 1338 αἱρέσεως
3529 1262 3832 1339 ἐρχόμενον,

2245 1359 2344 1416 δεῖν
2383 1360 2738 1432 βαπτίζεσθαι.
2787 1359 2956 1415 Μάτην
2983 1359 3083 1431 γάρ
3135 1358 3288 1412 αὐτὸν
3345 1359 3450 1411 ἐκεῖ
3473 1357 3835 1429 βεϐαπτίσθαι,

2246 1459 2316 1526 μή
2342 1450 2501 1517 ὄντος,
2521 1455 2564 1505 εἰ
2593 1456 2661 1523 μή
2685 1451 2792 1512 ἑνὸς
2821 1450 3203 1522 βαπτίσματος.
3232 1451 3282 1504 έν
3398 1448 3661 1526 Ἐκκλησία
3687 1453 3836 1526 μόνη.

2247 1549 2357 1602 ἐπεὶ
2377 1549 2463 1600 καί
2495 1545 2518 1600 ὁ
2548 1547 2672 1606 Θεὸς
2697 1541 2787 1607 εἷς,
2828 1547 2912 1598 καί
2948 1544 3222 1616 βάπτισμα
3248 1540 3320 1604 ἓν,
3345 1547 3432 1597 καί
3456 1543 3696 1601 ἐκκλησία
3722 1549 3838 1615 μία,

2249 1645 2298 1698 ἐν
2393 1645 2450 1698 τὸ
2482 1642 2756 1715 βάπτισμα
2793 1644 2878 1694 καί
2910 1638 2935 1693 ὁ
2963 1639 3218 1712 ἁγιασμὸς
3245 1641 3331 1692 καί
3357 1635 3454 1691 ὅσα
3486 1634 3609 1691 ἄλλα
3639 1641 3708 1699 εἰς
3735 1660 3842 1692 σω-

2251 1739 2430 1812 τηρίαν
2459 1739 2544 1790 καί
2566 1738 2635 1795 εἰς
2663 1739 2792 1800 ζωήν
2832 1736 3028 1788 αἰώνιον
3061 1732 3360 1788 ἐπιτελεῖται
3408 1734 3485 1785 Τά
3510 1734 3610 1804 γάρ
3632 1729 3726 1797 ἔξω
3750 1743 3842 1796 τῆς

2252 1828 2543 1892 Ἐκκλησίας
2573 1829 2827 1903 γινόμενα.
2854 1830 2925 1889 είς
2953 1825 3097 1882 οὐδὲ»
3119 1828 3313 1882 τούτων
3339 1828 3658 1898 ἀφεικνεῖται.

2326 1989 2650 2063 Πολύκαρπος
2680 1985 3001 2060 Λδραμέντου
3031 1980 3194 2041 εἷπεν⁸

2326 2083 2385 2135 Οἱ
2411 2083 2470 2136 τὸ
2499 2089 2597 2137 τῶν
2623 2081 2884 2155 αἱρετικῶν
2923 2079 3198 2154 βάπτισμα
3234 2077 3608 2152 δοκιμάζοντες,
3636 2081 3696 2136 τὸ
3722 2081 3846 2154 ἦμέ-

2255 2194 2399 2250 τερον
2427 2173 2667 2246 ἀδόκιμον
2695 2179 2924 2230 ποιοῦσι.

2324 2335 2586 2396 Νουσάτος
2619 2332 2696 2403 (1)
2727 2333 2830 2387 ἀπὸ
2858 2334 3052 2388 Θαννού
3083 2333 3332 2407 βασιλέως
3358 2328 3488 2389 εἶπ’

2325 2432 2492 2482 Πᾶσαι
2521 2425 2600 2499 (ἓ)
2627 2429 2681 2482 αί
2705 2431 2894 2504 γραφαί
2919 2417 3248 2504 μερτυροῦσι
3275 2429 3396 2498 περί
3431 2427 3540 2490 ἑνὸς
3561 2430 3648 2484 καί
3690 2430 3843 2502 μόνον

2253 2527 2346 2577 τοῦ
2373 2523 2422 2574 ἐν
2449 2529 2510 2591 τῇ
2533 2517 2786 2596 Ἐκκλεσία
2800 2519 3163 2592 βαπτίσματος
3187 2523 3462 2590 σωτηρίου.
3487 2519 3738 2592 ὀφείλομεν
3757 2526 3846 2579 τήν

2255 2614 2505 2688 ἡμετέραν
2549 2615 2720 2668 πίστιν
2763 2610 3071 2685 ὁμολογῆσαι
3140 2613 3225 2666 ἶνα
3267 2613 3386 2673 τοὺς
3428 2612 3714 2686 αἱρετικούς
3762 2618 3847 2667 καί

2256 2708 2636 2779 σχισματικούς
2659 2708 3113 2780 προσερχομένους
3134 2715 3195 2780 τῇ
3212 2704 3475 2781 Ἐκκλησία
3494 2708 3624 2776 μετά
3643 2708 3700 2761 τὸ
3729 2707 3849 2778 ψευ-

2257 2798 2338 2862 δὲς
2381 2803 2576 2855 ἐκείνων
2625 2800 2898 2872 βάπτισμα
2925 2808 2998 2872 τῷ
3046 2799 3214 2858 ἀληθεῖ
3263 2799 3614 2872 βαπτίσωμεν.
3646 2803 3737 2853 Καί
3764 2799 3850 2855 διά

2255 2898 2410 2948 τοῦτο
2437 2894 2535 2965 ἐγὼ
2563 2894 2683 2954 τοὺς
2727 2893 2906 2946 ἐκεῖθεν
2948 2891 3177 2954 ἐλθόντας
3221 2893 3418 2953 πάντας
3458 2891 3732 2958 ἐϐάπτισα,
3766 2897 3851 2947 καί

2255 2989 2376 3048 τοὺς
2405 2988 2507 3042 ἀπὸ
2537 2986 2722 3061 κλήρου
2755 2987 2923 3042 αὐτῶν
2960 2986 3164 3048 λαῑκοὺς
3194 2983 3411 3045 ἒστησα.

2325 3083 2631 3154 Νεμεσιανὸς
2662 3081 2764 3136 άπὸ
2791 3081 3088 3136 Θουϐούνων
3115 3076 3247 3136 εἶπε·

2322 3174 2607 3244 ’Βάπτισμα
2651 3168 2676 3226 ὃ
2721 3169 2924 3227 δίδωσιν
2968 3172 3220 3247 αίρετικὸς
3265 3175 3350 3228 καί
3390 3176 3741 3246 σχισματικὸς
3783 3181 3854 3247 μὴ

2266 3260 2390 3320 εἶναι
2431 3265 2602 3324 ἀληθὲς
2631 3270 2801 3320 πᾶσαι
2830 3266 2881 3320 αί
2909 3269 3098 3339 γραφαί
3129 3272 3512 3343 μαρτυροῦσιν,
3555 3268 3665 3322 ἐπεὶ
3712 3268 3856 3323 αὐτοὶ

2266 3365 2588 3429 προεστῶτες
2612 3359 2779 3411 αὐτῶν
2799 3355 3179 3432 ψευδόχριστοί
3198 3360 3297 3415 εἰσι
3317 3361 3402 3413 καί
3418 3356 3854 3433 ψευδοπροφῆται.

2336 3536 2636 3614 Ἰανουάριος
2673 3540 2775 3594 ἀπὸ
2803 3539 2977 3602 Λαϐἧς
3006 3534 3134 3596 εἷπε·

2338 3635 2474 3688 Κατ-ά
2513 3635 2578 3688 τά
2619 3635 2999 3709 προστάγματα
3028 3641 3126 3690 τῶν
3153 3634 3306 3710 άγίων
3331 3643 3539 3707 Γραφῶν
3583 3639 3729 3708 κρίνω
3757 3631 3862 3689 δεῖν

2268 3729 2464 3790 πάντας
2503 3730 2624 3790 τοὺς
2665 3729 2950 3805 αἰρετικούς
2991 3729 3347 3802 βαπτίζεσθαι,
3382 3732 3468 3784 καί
3494 3729 3658 3792 οὕτως
3681 3733 3748 3792 εἰς
3773 3736 3866 3789 τήν

2269 3819 2420 3892 ἁγίαν
2449 3819 2739 3880 Ἐκκλησίαν
2769 3820 3177 3895 προσδέχεσθαι.

2348 3917 2558 3976 Λούκιος
2595 3916 2697 3969 άπὸ
2719 3915 3112 3990 Γαστρογαλϐἤς
3141 3910 3299 3970 εἶπεν·

653 4017 785 4074 Cum
829 4019 1083 4074 Dominus
1123 4021 1174 4074 in
1205 3983 1496 4089 Evangelio
1531 4019 1754 4076 dixerit:
1798 4017 1899 4072 Vos
1936 4019 2056 4075 estis
2091 4036 2159 4074 sat

2344 4011 2401 4065 Ὀ
2429 4013 2608 4085 Κύριος
2636 4013 2685 4064 ἐν
2716 4018 2788 4082 τῷ
2815 4011 3098 4083 Εὐαγγελίῳ
3125 4013 3294 4081 φησίν,
3326 4008 3491 4081 ’Υμεῖς
3515 4012 3629 4065 ἐστε
3656 4013 3713 4066 τὸ
3744 4009 3875 4073 ἅλας

584 4121 767 4176 terrm;
797 4113 840 4166 si
867 4121 1034 4168 autem
1053 4113 1132 4168 sal
1161 4113 1470 4183 iit/amatum
1499 4117 1653 4185 fuerit
1695 4115 1750 4167 in
1787 4130 1884 4184 quo
1923 4114 2173 4168 satietur?

583 4215 640 4260 et
681 4205 1020 4261 manifestum
1062 4206 1129 4261 sit
1175 4208 1476 4271 haereticos,
1507 4208 1555 4261 id
1585 4217 1669 4263 est
1702 4206 1885 4262 hostes
1919 4207 2032 4273 Dei,
2065 4222 2169 4262 non

587 4315 748 4372 posse
767 4316 1088 4372 quemquam
1112 4301 1339 4372 spiritali
1358 4302 1697 4358 confessione
1716 4302 2008 4364 vivificare,
2029 4303 2173 4371 quod

589 4393 831 4449 infatt’tati
877 4395 1013 4459 sint,
1047 4405 1098 4450 et
1145 4406 1295 4450 extra
1339 4395 1666 4461 Ecclesiam,
1712 4395 2039 4450 accedentes
2081 4410 2174 4452 eos

591 4501 781 4544 sancto
811 4489 1142 4556 Baptismate
1165 4489 1439 4558 baptizare
1467 4489 1744 4546 debemus.

666 4669 719 4724 8.
750 4667 1014 4725 Crescens
1040 4684 1068 4722 a
1097 4667 1240 4724 Cirta
1270 4667 1435 4722 dixit:

668 4762 879 4819 Cen~eo
918 4775 972 4819 et
1013 4766 1126 4832 ipse
1168 4762 1454 4819 haereticos
1495 4771 1549 4818 et
1586 4763 1960 4819 scltismaticos
1991 4762 2080 4834 qui
2112 4763 2181 4818 ad

597 4856 914 4914 catholicam
946 4856 1243 4912 Ecclesiam
1295 4857 1565 4912 voluerint
1628 4859 1847 4921 venire,
1907 4875 2011 4912 non
2057 4867 2182 4914 ante

600 4949 937 5021 recipiendos
992 4965 1152 5018 quam
1202 4951 1488 5005 exorcizati
1549 4960 1603 5006 et
1656 4951 1904 5020 baptizati
1955 4950 2182 5018 fuerint,

602 5045 841 5114 exceptis
889 5046 955 5101 iis
1007 5046 1095 5116 qui
1137 5045 1188 5100 in
1233 5045 1472 5101 Ecclesia
1509 5045 1770 5101 catholica
1812 5046 2009 5100 fuerint
2062 5057 2190 5102 ante

604 5139 858 5208 baptizati
903 5151 957 5196 et
997 5141 1065 5195 ab
1094 5155 1156 5195 ea
1184 5139 1522 5196 defecerint:
1557 5141 1627 5196 ita
1662 5153 1840 5197 tamen
1862 5153 1919 5196 ut
1953 5157 2049 5212 per
2079 5158 2191 5198 ma-

605 5248 706 5288 nus
754 5233 1152 5318 impositionem
1192 5233 1247 5288 in
1287 5233 1655 5305 ptenitentiam
1699 5235 1958 5293 Ecclesia:
1997 5251 2190 5294 recon-

603 5328 870 5384 cilientur.

678 5422 731 5477 9.
760 5420 1080 5477 Nicomedes
1105 5437 1135 5476 a
1166 5422 1436 5494 Segermis
1456 5422 1621 5478 dixit:

679 5515 790 5570 Mea
822 5517 1088 5573 sententia
1125 5516 1239 5574 haec
1267 5527 1384 5584 est,
1414 5528 1474 5574 ut
1511 5520 1749 5576 haeretici
1788 5519 1854 5574 ad
1896 5519 2194 5577 Ecclesiam

611 5610 890 5667 venientes
917 5611 1276 5682 baptizentur,
1316 5627 1382 5666 eo
1421 5615 1562 5682 quod
1602 5615 1800 5670 nullam
1839 5615 1967 5670 foris
2009 5631 2195 5686 pecca-

614 5715 789 5759 torum
832 5707 1208 5763 remissionem
1247 5711 1526 5765 consecuti
1562 5710 1670 5765 sint
1709 5710 1775 5765 ad
1805 5709 2073 5766 hwreticis
2102 5711 2199 5766 ba-

617 5795 817 5859 ptizati.

1665 5915 1686 5938 \

2217 5304 2272 5368 D

2275 4115 2366 4167 τῆς
2405 4113 2518 4178 γῆς.
2551 4106 2636 4158 ἐάν
2675 4101 2728 4158 δέ
2758 4105 2815 4160 τὸ
2845 4101 2970 4166 ἅλας
2998 4106 3251 4178 μωρανθῇ,
3296 4105 3345 4157 ἐν
3389 4106 3486 4159 τίνι
3511 4103 3871 4166 ἁλισθήσεταιζ

2275 4199 2428 4256 ὁπότε
2461 4195 2550 4254 οὖν
2586 4200 2742 4270 σαφές
2769 4201 2879 4254 ἐστι
2908 4201 3028 4260 τοὺς
3055 4199 3341 4272 αἱρετικοὺς
3363 4198 3629 4252 τουτέστιν
3651 4199 3878 4271 ἐχθροὺς

2277 4300 2369 4351 τοῦ
2396 4299 2546 4360 Θεοῦ,
2576 4298 2644 4366 μὴ
2675 4291 2774 4348 δεῖν
2817 4291 3065 4348 δύνασθαι
3108 4295 3378 4356 ζοποιῆσαί
3404 4313 3515 4346 τινα
3554 4300 3875 4363 πνευματικῇ

2279 4387 2518 4462 ὁμολογία
2557 4387 2877 4459 μωραθέντας
2907 4387 3096 4446 αὐτοὺς
3138 4387 3224 4438 καὶ
3255 4382 3352 4448 ἔξω
3381 4379 3531 4444 ὄντας
3559 4391 3650 4444 τῆς
3674 4382 3874 4440 Ἐκκληο

2281 4483 2432 4542 σίας,
2477 4479 2605 4552 ἁγίῳ
2651 4480 2974 4551 βαπτίσματι
3013 4477 3277 4550 βαπτίζειν
3325 4477 3512 4537 αὐτοὺς
3560 4477 3878 4551 ἐρχομένους

2283 4572 2556 4648 ὀφείλομεν.

2360 4673 2545 4739 Κρίσης
2572 4670 2674 4724 άπὸ
2700 4666 2779 4741 (5)
2814 4673 3007 4743 Κρήτης
3035 4662 3163 4721 εἶπε·

2357 4763 2447 4814 Καὶ
2476 4763 2630 4822 αὐτὸς
2657 4765 2774 4822 τοὺς
2806 4761 3096 4831 αἱρετεκοὺς
3121 4761 3207 4812 καί
3237 4763 3654 4830 σχισματικοῦς,
3687 4760 3883 4818 ὁπόταν

2291 4859 2360 4917 εἰς
2388 4860 2477 4913 τὴν
2521 4853 2809 4915 Ἐκκλησίαν
2852 4860 2940 4913 τήν
2988 4854 3244 4912 καθολικήν
3287 4850 3495 4919 ἔλθωσι,
3526 4860 3594 4927 μὴ
3634 4857 3884 4932 πρότερον

2293 4950 2535 5023 δεχθῆναι
2579 4955 2696 5024 πρίν
2724 4953 3049 5022 ἐξορκισθῶσι
3073 4953 3157 5002 καὶ
3183 4949 3522 5020 βαπτισθῶσι.
3559 4954 3726 5023 χωρὶς
3753 4953 3885 5005 ἐκείο

2293 5068 2387 5099 νων
2407 5053 2506 5101 τῶν
2535 5042 2689 5116 (4)τῇ
2715 5042 2977 5117 Ἐκκλησία
3004 5041 3380 5116 βαπτισθέντων
3413 5045 3500 5096 καί
3525 5043 3881 5098 ἀποστάντων.

2296 5132 2446 5192 Οὗτοι
2493 5138 2593 5212 γάρ
2635 5135 2886 5208 ὀφείλουσι
2925 5138 3328 5206 μετανοήσαντες
3368 5137 3690 5208 χειροθεσίας
3730 5136 3885 5206 μόνης

2296 5239 2500 5304 τυχεῖν.
2540 5288 2566 5312 ⁴

2367 5392 2651 5474 Νικομήδης
2677 5393 2778 5447 ἀπὸ
2809 5388 2888 5463 (5)
2917 5390 3201 5463 Σεργομέων
3232 5383 3388 5442 εἶπεν

2369 5497 2424 5552 Ἦ
2449 5497 2542 5566 ἐμὴ
2569 5489 2824 5561 ἀπόφασις
2845 5485 2974 5543 αὕτη
2998 5486 3133 5540 ἐστίν
3156 5501 3167 5512 ·
3194 5485 3277 5537 ἵνα
3298 5484 3343 5536 oi
3364 5483 3678 5557 αἱρετικοίτῆ
3701 5481 3892 5545 Ἐκκλη-

2392 5650 2438 5709 Ι)
2477 5645 2628 5709 Εοειο
2651 5654 2856 5698 Νουεάτος.

2387 5708 2440 5770 2)
2469 5708 2610 5770 Lege
2634 5711 2722 5757 ιζπιὶ
2740 5720 2869 5754 πᾶσαι.

2392 5719 2418 5759 2
2473 5719 2610 5770 Lege
2634 5719 2722 5757 Επεὶ
2740 5720 2869 5754 πᾶσαι.

2392 5719 2442 5835 ὃς
2465 5769 2605 5835 L038
2632 5771 2708 5819 Ᾰπὸ
2725 5781 2878 5828 Κίρτης.

2396 5832 2435 5882 δ’
2469 5832 2611 5893 Lege
2633 5837 2715 5880 Τῶν
2733 5842 2770 5877 ιν
2791 5847 2849 5889 τῇ.

2396 5837 2446 5952 5i
2469 5891 2626 5939 Forte
2643 5903 2732 5952 pro
2754 5899 2849 5952 117.,

2469 5891 2626 5939 Ἐοιῖισ
2643 5903 2732 5952 pro
2754 5899 2961 5953 ῗιτιρςιιων,
