4262 6236
410 178 545 237 ’1089

478 557 566 614 10.
598 557 970 616 Secundianus
997 577 1028 616 a
1058 561 1307 619 Carindia
1338 565 1506 620 dixit:

473 655 608 709 Cum
661 654 919 712 Dominus
966 667 1151 714 noster
1194 658 1350 714 Jesus
1394 659 1638 715 Christus
1680 659 1851 716 dicat:
1889 661 1991 728 Qui

400 763 501 802 non
527 756 598 802 est
646 764 838 803 mecum
887 761 1066 805 contra
1114 769 1191 805 me
1218 763 1322 818 est,
1355 763 1408 808 et
1444 752 1678 810 Joannes
1717 754 1990 825 apostolus

396 856 492 899 eos;
529 841 621 912 qui
651 843 718 898 ab
752 844 991 900 Ecclesia
1025 856 1254 910 exeunt,
1287 847 1634 902 antichristos
1674 848 1834 902 dicat.
1883 849 1984 902 lm-

399 938 656 1008 possibile
694 939 836 993 enim
875 949 958 995 est
988 952 1044 994 ut
1073 940 1173 1011 ipsi
1204 941 1391 1012 gratia:
1423 941 1516 996 Dei
1549 951 1602 996 et
1629 943 1848 997 salutari
1889 943 1985 997 ba-

400 1030 596 1100 ptismo
629 1030 957 1098 inserviant;
989 1042 1042 1088 et
1074 1033 1195 1088 ideo
1233 1049 1429 1090 censeo
1460 1050 1555 1090 eos
1584 1036 1672 1106 qui
1704 1036 1770 1090 ad
1801 1035 1983 1092 Eccle-

394 1123 532 1178 siam
561 1122 875 1195 confugiunt
903 1134 961 1180 et
983 1141 1014 1180 a
1046 1128 1197 1181 nobis
1227 1141 1347 1184 esse
1377 1127 1737 1199 baptizandus.

470 1216 556 1271 11.
589 1215 734 1272 Felix
763 1233 795 1273 a
821 1217 978 1289 Bagai
1009 1219 1174 1275 dixit:

468 1309 618 1366 sicut
653 1325 830 1367 caecus
859 1327 1062 1368 caecum
1102 1313 1307 1370 ducens
1345 1314 1501 1370 simul
1544 1315 1596 1371 in
1637 1317 1846 1372 foveam
1887 1329 1978 1370 ca-

395 1403 562 1470 dttnt,
593 1405 663 1460 ita
699 1406 980 1462 haereticus
1009 1407 1317 1464 haereticum
1350 1410 1624 1481 baptizans
1661 1411 1818 1466 simul
1859 1427 1980 1466 cum

394 1515 460 1556 eo
499 1501 550 1555 in
589 1509 817 1557 mortem
873 1501 1049 1559 cadit:
1091 1514 1146 1559 et
1184 1504 1306 1560 ideo
1345 1504 1693 1575 baptizandus
1732 1515 1814 1561 est
1843 1505 1982 1574 apud

397 1609 496 1650 nos
525 1593 812 1651 haereticus
831 1638 847 1664 ,
877 1611 946 1653 ne
975 1610 1075 1652 nos
1104 1596 1209 1652 vivi
1237 1601 1464 1654 mortuis
1503 1598 1982 1654 communicantis.

468 1804 556 1860 12.
587 1803 884 1862 Successus
913 1806 982 1861 ab
1014 1804 1180 1860 Abbir
1208 1804 1631 1862 Germaniceana
1663 1806 1796 1863 dixit
1824 1826 1836 1861 :

467 1899 743 1957 Hreretieis
771 1910 864 1955 aut
895 1898 1024 1955 nihil
1056 1900 1209 1964 licet.
1255 1911 1346 1954 aut
1373 1908 1541 1955 totum
1569 1900 1722 1956 licet:
1769 1901 1815 1956 si
1855 1915 1985 1972 pos-

393 2003 516 2048 sunt
547 1993 850 2063 baptizare,
886 2002 1110 2063 possunt
1147 2001 1201 2048 et
1241 1993 1370 2047 dare
1409 1993 1667 2064 Spiritum
1698 2006 1977 2061 sanctum;

391 2086 436 2142 si
467 2097 642 2142 autem
674 2101 778 2142 non
810 2086 1006 2143 habent
1026 2128 1041 2152 ,
1073 2101 1170 2143 nec
1201 2086 1473 2158 baptizare
1506 2087 1818 2158 spiritaliter
1858 2103 1981 2159 pos-

387 2189 548 2237 sunt:
581 2189 864 2252 propterea
902 2194 1100 2236 censeo
1140 2179 1426 2236 haereticos
1455 2181 1804 2252 baptizandos
1835 2198 1976 2238 esse.

471 2298 556 2353 15.
591 2297 916 2354 Fortunatus
955 2280 984 2352 a
1019 2297 1323 2354 Thueabori
1345 2298 1520 2354 dixit:

468 2392 568 2460 Qui
614 2404 763 2448 extra
824 2391 1120 2448 Ecclesium
1175 2401 1320 2460 sunt,
1364 2401 1420 2448 et
1468 2403 1655 2449 contra
1703 2393 1976 2451 Christum

394 2495 620 2550 Stantes,
642 2497 696 2541 nt
717 2486 805 2557 qui
834 2501 962 2542 oves
1008 2487 1124 2558 ejus
1163 2494 1217 2543 et
1245 2502 1461 2559 gregem
1491 2496 1771 2559 spargunt,
1801 2489 2005 2560 δίψει-ι

391 2593 518 2635 zare
569 2579 700 2636 foris
741 2597 845 2635 non
879 2590 1122 2651 possunt.

465 2696 551 2752 M.
582 2697 812 2753 Sedatus
835 2714 862 2752 a
896 2697 1150 2752 Tnburbo
1179 2697 1358 2754 dixit:

464 2790 724 2845 Omnibus
766 2790 969 2845 viribus
1015 2791 1290 2846 nitendum
1336 2802 1437 2861 est,
1464 2807 1531 2848 ne
1578 2793 1694 2864 quis
1726 2793 1980 2848 haeretica

393 2899 578 2942 errore
592 2885 821 2942 infectus
846 2895 900 2940 et
926 2887 1122 2941 tinctus
1141 2886 1413 2957 singulare
1438 2897 1494 2944 et
1517 2905 1703 2943 verum
1723 2887 1980 2944 Ecclesiae

358 3035 365 3046 ,
391 2976 653 3048 baptisma
683 2979 946 3036 detrectet
973 2981 1239 3051 accipere,
1284 2996 1392 3052 quo
1417 2980 1660 3052 quisquis
1685 2995 1792 3036 non
1819 2979 1978 3036 fuerit
2005 2967 2048 3031 C

400 3067 718 3142 baptizatus,
749 3087 778 3126 a
806 3087 973 3143 regno
996 3071 1253 3128 caelorum
1286 3073 1344 3127 tit
1369 3071 1593 3129 alienus.

464 3186 556 3241 15.
588 3185 932 3240 Priv:ttianus
977 3201 1008 3240 a
1049 3185 1290 3241 Sufetula
1335 3187 1468 3242 dixit
1520 3206 1534 3241 :

463 3278 520 3334 Si
570 3277 794 3334 haeresis
827 3294 857 3331 a
892 3278 1002 3334 Deo
1021 3286 1126 3341 est.
1161 3277 1370 3334 habebit
1403 3279 1691 3337 haereticus
1719 3289 1773 3336 et
1803 3280 1976 3336 indul-

391 3375 626 3446 gentiam
649 3372 910 3428 divinam.
960 3373 1018 3428 Si
1070 3389 1200 3430 vero
1233 3389 1262 3427 a
1299 3373 1411 3429 Deo
1443 3390 1546 3430 non
1578 3386 1682 3442 est,
1705 3375 1975 3445 quomodo

392 3469 616 3540 gratiam
644 3469 846 3524 Deiaut
874 3467 1096 3537 habere,
1129 3479 1222 3524 aut
1249 3466 1683 3526 cnttferre‘alieui
1715 3471 1940 3542 potest?

465 3583 554 3638 16.
599 3582 884 3639 Munnnlus
928 3598 956 3636 a
1011 3582 1174 3640 Girha
1227 3583 1411 3640 dixit:

465 3677 696 3732 Domino
716 3676 930 3732 dicente
954 3695 966 3730 :
1001 3676 1269 3746 Baptisate
1295 3694 1469 3734 omnes
1491 3689 1667 3750 gentes
1696 3681 1748 3734 in
1779 3681 1981 3736 nomine

393 3766 592 3828 Patris.
618 3779 667 3823 et
696 3767 845 3836 Filii,
893 3779 939 3824 et
977 3769 1208 3839 Spiritus
1233 3773 1415 3835 sancti,
1453 3771 1737 3829 manifeste
1782 3774 1980 3830 scimus

392 3861 676 3917 ha-reticos
705 3879 810 3917 non
872 3861 1072 3918 habere
1107 3877 1207 3919 nec
1257 3863 1492 3930 Patrem,
1516 3881 1615 3920 nec
1639 3864 1853 3934 Filimn,
1882 3882 1979 3921 nec

389 3955 646 4025 Spiritum
676 3965 941 4012 sanctum.
965 3955 1174 4012 Debent
1203 3956 1362 4028 igitur
1382 3958 1663 4014 venientes
1693 3958 1757 4014 ad
1791 3959 1979 4016 Eccle-
2029 3993 2033 3996 -

389 4048 528 4103 siam
579 4048 860 4120 baptizari,
911 4057 971 4104 ut
999 4060 1372 4105 renascantur.

466 4167 556 4223 17.
578 4167 876 4224 Politianus
899 4183 926 4219 a
956 4166 1118 4223 Mileo
1149 4167 1283 4222 dixit
1314 4187 1326 4220 :

464 4261 676 4319 Justum
703 4271 787 4319 est
806 4262 860 4318 in
879 4261 1120 4320 Ecclesia
1139 4262 1560 4334 baptizarieutn,
1587 4265 1762 4336 quiab
1784 4263 1978 4320 liazresi
2007 4297 2060 4357 Ι)

391 4356 561 4412 venit.

465 4471 553 4528 18.
583 4469 854 4543 Theognis
881 4469 947 4527 ab
981 4471 1224 4542 Hippone
1257 4471 1426 4542 Regio
1455 4471 1586 4526 dicit
1614 4487 1627 4525 :

465 4565 769 4621 Secundum
797 4573 1194 4620 sacramentum
1222 4565 1313 4620 Dei
1333 4565 1519 4636 gratia:
1535 4565 1795 4632 ccelestis,
1819 4580 1980 4636 quam

389 4657 718 4728 accepimus,
743 4657 1007 4727 baptisma
1037 4657 1188 4727 quod.
1210 4667 1293 4712 est
1318 4657 1368 4712 in
1394 4655 1636 4713 Ecclesia
1669 4668 1855 4713 sancta
1883 4674 1980 4714 no-

391 4764 591 4806 Vtmus.

467 4866 553 4924 19.
585 4866 804 4923 Dativus
827 4883 856 4922 a
899 4865 1060 4922 Badis
1105 4866 1242 4921 dixit
1273 4883 1286 4920 :

460 4965 570 5020 Nos
597 4975 852 5036 quantum
884 4964 935 5018 in
967 4963 1121 5018 nobis
1149 4971 1252 5025 est,
1279 4962 1548 5018 haereticis
1592 4977 1700 5016 non
1733 4974 1977 5016 commu-

385 5057 654 5124 nicamus,
688 5057 789 5112 nisi
834 5055 1088 5127 baptizari
1137 5053 1189 5108 in
1245 5053 1487 5109 Ecclesia
1536 5054 1754 5120 fuerint,
1803 5063 1858 5108 et
1887 5067 1974 5107 re-

387 5152 705 5208 missionem
737 5161 1074 5218 peccatorum
1104 5149 1432 5217 acceperint.

461 5244 551 5300 20.
583 5244 830 5299 Privatus
880 5258 911 5296 a
963 5241 1192 5297 Susihus
1252 5240 1427 5297 dixit:
1476 5248 1478 5250 '

463 5337 567 5407 Qui
600 5336 976 5392 haereticorum
1045 5335 1363 5405 baptismum
1418 5333 1609 5405 probat
1631 5374 1646 5400 ,
1678 5333 1804 5405 quid
1833 5331 1976 5387 aliud

386 5448 549 5503 quam
585 5432 848 5487 haereticis
873 5430 1233 5486 communicat
1259 5429 1282 5481 ’ἶ

462 5527 554 5582 21.
584 5525 972 5582 Hortensianus
997 5539 1027 5578 a
1050 5524 1277 5579 Laribus
1303 5522 1438 5578 dixit
1465 5538 1478 5574 :

463 5618 574 5674 Nos
614 5635 779 5674 unum
832 5615 1138 5686 baptisma,
1189 5614 1334 5686 quod
1387 5612 1601 5672 nonnisi
1631 5614 1687 5671 in
1731 5611 1976 5672 Ecclesia

391 5716 665 5787 novimus,
699 5715 958 5774 Ecclesiae
986 5712 1340 5772 vindicamus.

1577 191 1889 252 CONGILIA
1913 194 2534 257 CARTHAGINENSIA.

2011 315 2058 375 Α
2089 319 2180 389 σία
2222 319 2635 392 προσερχόμενοι
2687 320 3038 392 βαπτισθῶσιν
3069 363 3084 389 ,
3143 327 3255 382 ἐπεὶ
3296 327 3546 405 μηδεμίαν
3593 332 3689 401 ἔξω

3549 215 3688 275 1090

2094 402 2266 478 ἄφεσιν
2313 409 2573 483 ἁμαρτιῶν
2613 411 2864 484 εἰληρασιν
2903 416 3006 470 ὑπὸ
3046 424 3146 472 τῶν
3174 419 3454 493 ἰαίρετικῶν
3497 425 3689 498 βαπτι-

2095 504 2311 564 σθέντες.

2164 594 2512 662 Σεκουνδιανός
2539 601 2641 655 ἀπό
2665 598 2932 678 Καρινδίας
2953 599 3109 661 εἶπεν

2163 684 2276 744 ’Ὁτι
2307 688 2333 743 6
2376 692 2557 766 Κύριος
2586 695 2725 765 ἡμῶν
2745 691 2948 760 Ἰησοῦς
2978 701 3197 774 Χριστός
3225 701 3357 778 λέγει
3377 719 3390 734 ⁹
3423 703 3481 760 Ὀ
3508 711 3578 778 μη
3621 709 3688 762 ὧν

2091 779 2201 851 μετ’
2226 781 2370 853 ἐμοῦ,
2401 784 2513 840 κατ’
2538 787 2664 857 ἐμοῦ
2689 790 2816 845 ἐστι.
2844 794 2935 845 Καί
2961 790 3186 857 Ἰωάννης
3206 795 3231 850 6
3253 799 3539 863 ἀπόστολος
3564 805 3686 864 τοὺς·

2089 876 2458 950 ἐξερχομένους
2520 890 2611 942 τῆς
2640 881 2934 948 Ἐκκλησίας
2990 894 3365 965 Λντιχρίστους
3431 894 3685 967 ὀνομάζει.

2089 967 2340 1025 Λδύνατον
2385 975 2484 1048 γὰρ
2514 975 2652 1031 ἐστιν
2695 979 2883 1040 αὐτοὺς
2938 981 3260 1057 ὑπηρετῆσαι
3299 988 3484 1058 χάριτι
3534 997 3686 1053 Θεοῦ,

2087 1065 2172 1116 καί
2209 1069 2445 1140 σωτηρίῳ
2477 1065 2804 1143 βαπτίσματι
2823 1087 2837 1103 ⁶
2868 1075 2953 1126 καὶ
2992 1072 3076 1129 διά
3106 1082 3259 1133 τοῦτο
3289 1083 3444 1154 κρίνω
3473 1084 3596 1145 τοὺς
3625 1092 3686 1156 τῇ

2083 1143 2348 1232 Ἐκκλησία
2372 1161 2744 1230 προσελθόντας
2773 1165 3116 1236 βαπτισθῆναι
3149 1173 3275 1244 παρ’
3300 1175 3460 1246 ἡμῶν.

2155 1251 2297 1316 Φίληξ
2325 1255 2428 1308 ἀπὸ
2449 1265 2690 1329 Γαμετῶν
2721 1253 2874 1314 εἷπεν³

2155 1339 2242 1404 ⁸Ως
2265 1345 2448 1417 τυφλός
2471 1347 2652 1419 τυφλόν
2673 1348 2864 1424 ὁδηγῶν
2883 1352 2992 1426 ἅμα
3013 1359 3082 1418 εἰς
3099 1355 3276 1433 βόθρον
3299 1360 3642 1432 ἐμπίπτουσιν
3661 1405 3678 1432 ,

2087 1435 2222 1492 οὕτω
2260 1441 2344 1493 καί
2385 1440 2637 1514 αίρετικὸς
2677 1446 2929 1521 αἱρετικὸν
2959 1449 3223 1524 βαπτίζων
3251 1462 3326 1528 τῷ
3353 1456 3687 1534 βαπτισμένῳ

2087 1536 2508 1593 συναποθνῆσκει.
2545 1540 2638 1591 Καὶ
2679 1536 2764 1595 διὰ
2802 1549 2954 1598 τοῦτο
2982 1545 3106 1620 παρ’
3149 1549 3266 1619 ημῖν
3309 1550 3395 1604 τὸν
3435 1552 3689 1627 αἱρετικὸν

2013 1641 2062 1704 Β
2089 1625 2430 1700 βαπτισθῆναι
2454 1629 2547 1694 δεῖ,
2572 1633 2656 1688 ἵνα
2683 1638 2755 1706 μή
2780 1637 2923 1707 ἡμεῖς
2950 1639 2996 1693 οἱ
3025 1643 3210 1705 ζῶντες
3233 1652 3428 1718 νεκροῖς
3449 1651 3687 1707 κοινωνή-

2089 1746 2164 1779 σω
2167 1748 2256 1798 μεν
2265 1767 2277 1780 .

2157 1843 2445 1904 Σουκέντιος
2473 1844 2577 1899 ἀπὸ
2604 1846 3087 1920 Δϐιργεμανικιανῆς
3116 1847 3273 1908 εἶπενο

2156 1934 2434 2004 Αίρετικοῖς
2461 1934 2492 1995 ἣ
2518 1935 2663 1993 οὐδὲν
2692 1937 2920 2004 ἔξεστιν.
2963 1943 2994 2002 ἧ
3018 1945 3205 2000 πάντα·
3237 1948 3280 2000 εί
3317 1944 3559 2004 δύνανται
3586 1949 3688 2025 βα-

2085 2031 2298 2092 πτίσαι,
2343 2027 2584 2087 δύνανται
2627 2035 2712 2087 καὶ
2741 2041 2942 2107 Πνεῦμα
2968 2036 3109 2110 ἅγιον
3149 2037 3343 2096 δοῦναι·
3397 2043 3508 2097 ἐπεὶ
3534 2041 3588 2098 δέ
3618 2049 3688 2115 μή

2084 2119 2325 2193 ἔχουσιν,
2358 2121 2474 2180 οὐδὲ
2502 2135 2861 2198 πνευματικῶς
2899 2129 3238 2204 βαπτίζουσι·
3280 2136 3366 2188 καί
3411 2133 3497 2191 διὰ
3531 2142 3687 2194 τοῦτο

2083 2218 2236 2289 κρίνω
2263 2213 2364 2271 δεῖν
2391 2219 2517 2279 τοὺς
2546 2219 2832 2294 αίρετικοὺς
2860 2221 3224 2296 βαπτίζεσθαι.

2154 2333 2505 2406 Φουρτουάτος
2530 2334 2631 2389 ἀπὸ
2653 2338 2982 2413 Θουκχαϐὠρ
3014 2334 3169 2395 εἶπεν

2153 2422 2212 2475 Οἱ
2242 2419 2340 2486 ἔξω
2363 2432 2454 2485 τῆς
2476 2422 2769 2489 Ἐκκλησίας
2795 2424 2934 2493 ὅντες
2951 2471 2966 2498 ,
2992 2434 3075 2485 καί
3115 2435 3329 2490 ἐναντίοι
3362 2443 3436 2510 τῷ
3454 2445 3684 2513 Χριστῷ,

2083 2515 2152 2575 ὡς
2173 2517 2239 2570 τὰ
2259 2516 2518 2590 πρόϐατα.
2548 2521 2636 2573 καί
2663 2525 2752 2578 την
2781 2522 2958 2594 ἀγέλην
2980 2525 3140 2580 αὐτοῦ
3161 2530 3544 2603 σκορπίζοντες,
3577 2529 3676 2604 βα-

2083 2610 2276 2672 πτίζειν
2297 2605 2396 2673 ἔξω
2420 2611 2480 2662 οὐ
2507 2607 2766 2667 δύνανται.

2157 2723 2386 2788 Θηδατος
2416 2729 2518 2782 ἀπό
2549 2729 2792 2805 Θουρϐὧν
2822 2725 2952 2786 εἷπε·

2156 2816 2298 2890 Πάσῃ
2324 2812 2534 2888 δυνάμει
2559 2818 2883 2889 ἀγωνιστέον,
2910 2821 2993 2875 ἵνα
3017 2826 3086 2893 μή
3112 2821 3138 2877 6
3165 2825 3253 2882 την
3286 2831 3386 2879 τῶν
3418 2824 3683 2899 αἱρετικῶν

2085 2906 2272 2965 πλάνην
2296 2905 2456 2980 ἀφείς,
2485 2911 2543 2965 τὸ
2568 2910 2717 2981 μόνον
2746 2912 3140 2976 τῆςἘκκλησίας
3166 2915 3442 2988 βάπτισμα
3461 2914 3684 2992 διστάση

2081 2997 2270 3059 λαϐεῖν,
2297 2997 2336 3073 ᾦ
2355 3021 2434 3062 τις
2457 3006 2526 3073 μὴ
2552 3003 2870 3076 βαπτισθεὶς,
2902 3005 3255 3081 ἀλλοτριοῦται
3288 3017 3379 3072 τῆς
3401 3017 3500 3066 τῶν
3523 3010 3676 3084 οὐρα-

2084 3101 2178 3147 νῶν
2208 3094 2492 3167 βασιλέιας.

2154 3207 2498 3282 Προϐατιανός
2517 3211 2619 3267 ἀπὸ
2631 3218 2862 3286 Σοφετίης
2883 3209 3040 3274 εἶπεν
3132 3250 3135 3252 -

2149 3301 2206 3355 Εἰ
2230 3302 2332 3357 ἀπό
2358 3309 2487 3358 Θεοῦ
2516 3306 2546 3362 ἡ
2572 3307 2768 3383 αἵρεσίς
2788 3311 2947 3372 ἐστιν,
2972 3305 3075 3375 ἕξει
3096 3309 3354 3385 αίρετικός
3377 3313 3464 3366 καί
3486 3308 3680 3387 δωρεὰν

2080 3401 2230 3450 Θεοῦ.
2251 3400 2307 3450 Εἰ
2333 3396 2385 3453 δὲ
2405 3404 2474 3470 μη
2501 3401 2638 3456 ἐστιν
2671 3403 2771 3457 ἀπὸ
2793 3408 2945 3462 Θεοῦ.
2977 3412 3087 3466 πῶς
3109 3401 3322 3462 δύναται
3352 3406 3508 3469 αὐτὸς
3530 3402 3676 3477 ἔχειν

2083 3494 2170 3548 τήν
2192 3493 2351 3566 χάριν
2371 3499 2460 3547 τοῦ
2490 3500 2618 3550 Θεοῦ
2639 3499 2728 3550 καί
2765 3493 2895 3568 ἄλλῳ
2918 3494 3140 3565 διδόναι;

2154 3607 2446 3669 Μανοῦαλος
2474 3610 2577 3664 ἀπὸ
2602 3610 2794 3686 Γέρϐης
2822 3604 2953 3666 εἴπεο

2155 3703 2257 3750 Τοῦ
2282 3703 2466 3774 Κυρίου
2491 3700 2744 3774 λέγοντος.
2776 3706 3066 3759 Βαπτίσατε
3099 3705 3269 3760 πάντα
3289 3708 3356 3762 τά
3384 3703 3496 3764 ἔθνη
3525 3707 3594 3768 εἰς
3614 3708 3674 3762 τό

2085 3784 2244 3861 ὄνομα
2267 3796 2360 3845 τοῦ
2388 3793 2588 3867 Ιιαπρὸς
2603 3796 2689 3847 καί
2711 3799 2803 3848 τοῦ
2831 3798 2948 3848 Υίοῦ
2969 3799 3055 3850 καί
3083 3802 3175 3852 τοῦ
3192 3797 3338 3871 ἁγίου
3365 3800 3675 3871 Πνεῦματος,

2083 3879 2286 3955 οἴδαμεν
2323 3893 2497 3954 σαφῶς
2555 3888 2676 3948 τοὺς
2713 3888 2998 3965 αίρετικοὺς
3030 3930 3043 3949 .
3087 3895 3214 3960 μήτε
3258 3895 3458 3971 Πατέρα
3509 3889 3675 3964 ἒχειν,

2080 3981 2208 4049 μήτε
2232 3979 2365 4038 Υίόν.
2394 3983 2520 4050 μήτε
2552 3978 2694 4054 ἂγίον
2729 3989 2948 4056 Πνεῦμα·
3001 3981 3079 4038 δεῖ
3114 3980 3200 4040 οὖν
3247 3988 3565 4063 ἐρχομένους
3606 3990 3678 4049 εἰς

2081 4075 2170 4128 τήν
2219 4069 2509 4130 Ἐκκλησίαν
2539 4073 2825 4144 βαπτίζειν,
2853 4078 2938 4130 ἵνα
2957 4078 3368 4152 ἁναγεννηθὼσιν.

2152 4185 2439 4248 Πολιτιανός
2474 4189 2576 4244 ἀπὸ
2603 4189 2792 4252 Μίλεως
2824 4186 2982 4247 εἶπεν·

2157 4279 2310 4350 Οροόν
2336 4280 2448 4335 ἐστι
2462 4282 2545 4336 τὸν
2567 4283 2669 4337 ἀπὸ
2693 4283 2936 4360 αἱρέσεως
2965 4285 3244 4360 ἐρχόμενον
3267 4289 3322 4342 ἐν
3343 4286 3679 4365 τῇἘκκλησίᾳ

2086 4373 2446 4444 βαπτίζεσθαι.

2153 4493 2355 4566 Θέογνις
2384 4494 2487 4548 ἀπὸ
2513 4503 2742 4558 Ῑππῶνος
2767 4496 2945 4572 ῥηγίου
2973 4491 3130 4554 εἶπενο

2153 4585 2438 4648 Ακολούθως
2466 4595 2539 4662 τῷ
2577 4593 2846 4668 μυστηρίῳ
2868 4596 2959 4646 τοῦ
2986 4597 3137 4650 Θεοῦ.
3172 4595 3257 4647 καὶ
3295 4598 3389 4654 τῆς
3433 4593 3674 4670 οὐρανίου

2087 4679 2328 4753 χάριτος.
2349 4682 2418 4740 ’ἢν
2447 4681 2746 4758 εἰληφαμην,
2775 4685 3071 4757 βάπτισμα,
3105 4682 3134 4739 ὃ
3160 4707 3297 4742 εστιν
3345 4688 3395 4741 ἐν
3438 4696 3498 4765 τῇ
3555 4687 3677 4764 ἁγίᾳ

2083 4769 2370 4846 Ἐκκλησία,
2400 4771 2627 4848 οἶδαμεν.

2156 4895 2388 4952 Διατίονς
2418 4888 2442 4944 6
2469 4889 2652 4954 Σεάδης
2679 4888 2834 4948 εἶπεν·

2152 4980 2318 5053 Ἠμεῖς
2345 4979 2462 5056 ὁὲφ’
2494 4986 2609 5055 ἡμῖν
2635 4986 2792 5041 ἐστιν.
2824 4986 3097 5058 αἱρετικοῖς
3118 4991 3178 5041 οῦ
3205 4994 3556 5060 κοινωνοῦμεν,
3588 4988 3674 5042 ἐάν

2081 5081 2148 5147 μή
2174 5079 2225 5132 ἐν
2252 5087 2313 5149 τῇ
2346 5075 2607 5154 Ἐκκλησία
2620 5080 2902 5157 βαπτισθῇ,
2931 5085 3016 5136 καὶ
3037 5079 3212 5156 ἄφεσιν
3238 5086 3500 5162 ἁμαρτιῶν
3521 5083 3671 5141 λάϐη.

2155 5241 2414 5316 Προϐάτος
2440 5241 2541 5295 ἀπὸ
2567 5245 2816 5314 Ζοφιστοῦ
2844 5237 2998 5296 εἶπεν·

2152 5333 2209 5388 ⁸0
2235 5332 2521 5405 δοκιμάζων
2576 5336 2720 5412 παρά
2763 5342 2869 5396 τοῖς
2909 5334 3178 5413 αἱρετικοῖς
3207 5335 3482 5409 βάπτισμα
3522 5329 3668 5402 εἶναι,

2079 5428 2130 5480 τί
2157 5423 2293 5484 ἄλλο.
2319 5425 2347 5485 ἦ
2376 5434 2480 5487 τοῖς
2510 5427 2782 5500 αἱρετικοῖς
2803 5435 3028 5482 κοινωνεῖ
3045 5445 3060 5490 ς

2152 5523 2463 5598 Ορτησιανός
2496 5521 2598 5575 ἀπὸ
2622 5521 2917 5600 Λαϐούρνης
2946 5517 3076 5578 εἷπε.

2151 5617 2245 5669 Καὶ
2270 5617 2413 5687 ἡμεῖς
2440 5612 2492 5668 ἓν
2524 5615 2815 5687 βάπτισμα,
2843 5613 2969 5695 ὅπερ
2995 5617 3045 5672 ἐν
3069 5625 3131 5691 τῇ
3158 5613 3423 5695 Ἐκκλησία
3448 5613 3679 5691 οἴδαμεν,

2084 5715 2234 5766 τοῦτο
2257 5706 2594 5785 τῇἘκκληο-ίᾳ
2608 5707 2924 5782 εκδικοῦμεν.
