4216 6262
611 256 745 315 ’1095

678 376 767 430 t7.
792 372 1119 441 Pomponius
1163 385 1192 425 a
1222 370 1547 445 Dionysiana
1568 369 1731 426 dixit:

679 466 927 522 Hmretici
973 464 1242 534 baptizare
1268 479 1373 518 non
1430 474 1677 535 possunt,
1710 477 1884 533 neque
1928 462 2203 518 remissio-

608 574 733 615 nem
764 569 1105 628 peccatorum
1128 556 1278 623 dare,
1311 556 1402 626 qui
1451 565 1765 622 potestatem
1817 572 1921 608 non
1982 554 2204 623 habent,

607 660 668 706 ut
708 660 799 705 aut
854 650 1065 703 solvere
1096 660 1186 702 aut
1232 648 1397 717 ligare
1419 648 1617 718 aliquid
1643 648 1694 703 in
1716 647 1874 703 terris
1906 647 2129 718 pOSsint.

677 744 767 797 48.
800 742 1086 797 Venantius
1111 758 1141 797 a
1164 742 1419 797 Thumisa
1434 742 1598 800 dixit:

672 836 774 904 Qui
815 835 1077 905 baptisma
1134 835 1387 891 Ecclesiae
1441 851 1728 891 commune
1770 852 1891 892 cum
1947 834 2203 892 baeriticis

607 929 755 996 facit,
808 944 1062 999 sponsam
1091 928 1291 985 ChriSti
1318 929 1579 987 adulteris
1603 929 1793 1000 prodit.

676 1024 764 1079 49.
796 1022 1057 1095 Aymuius
1078 1024 1144 1077 ab
1171 1022 1415 1093 Ausvuga
1464 1023 1625 1079 dixit:

678 1118 788 1174 Nos
817 1134 980 1173 unum
1014 1118 1274 1187 baptisma
1302 1119 1631 1187 accepimus,
1656 1132 1710 1174 et
1738 1118 1911 1185 ipsum
1934 1126 2199 1183 tenemus,

606 1221 659 1268 et
685 1225 1023 1267 exercemus.
1054 1210 1155 1277 Qui
1174 1220 1351 1265 autem
1382 1209 1513 1264 dicit
1542 1211 1664 1279 quia
1686 1223 1739 1266 et
1762 1209 2030 1265 h.creticis
2080 1209 2204 1264 licet

605 1308 899 1377 baptizare.
934 1307 1049 1374 ipse
1099 1305 1207 1361 duo
1236 1306 1554 1377 baptismata
1586 1306 1728 1361 facit.

677 1402 768 1457 50.
802 1401 1170 1458 Saturninusa
1203 1399 1508 1455 Victoriana
1536 1399 1670 1454 dixit
1702 1418 1714 1454 :

675 1496 731 1551 Si
782 1494 902 1549 licet
929 1494 1194 1549 haereticis
1226 1493 1523 1564 baptizare,
1554 1486 1793 1548 excusati
1824 1502 1970 1555 sunt,
2021 1499 2075 1545 et
2112 1490 2207 1546 de-

603 1585 739 1643 feusi
808 1587 990 1642 illicita
1044 1586 1334 1652 facientes;
1407 1601 1507 1640 nec
1554 1585 1841 1650 invenies,
1898 1600 2064 1655 quare
2114 1598 2209 1639 eos

1917 250 2263 325 RELIQUIE
2302 252 2570 310 SACRE.

2248 370 2299 431 Α
2397 375 2687 443 Πομπώνιος
2714 369 2815 426 ἀπὸ
2845 378 3167 433 Διονυσιανῆς
3189 364 3344 425 εἶπεν⁹

3778 246 3910 303 1096

2385 468 2446 521 Οί
2474 470 2718 545 αὶρετικοὶ
2741 469 2799 521 οὐ
2825 465 3066 522 δύνανται
3088 466 3375 537 βαπτίζειν,
3400 459 3514 518 οὐδὲ
3542 459 3720 535 ἄφεσιν
3748 460 3915 538 ἀμαρ-

2312 584 2430 617 τιων
2460 560 2656 627 δοῦναι,
2689 562 2734 615 οἱ
2751 566 2820 633 μὴ
2837 558 3050 632 ἔχοντες
3077 560 3307 624 ἐξουσίαν
3335 557 3488 612 λῦσαί
3516 579 3567 613 τι
3592 557 3679 612 ἐπὶ
3705 564 3799 617 τῆς
3816 564 3915 626 71');

2311 655 2340 713 ἧ
2370 653 2547 714 δῆσαι.

2381 748 2625 808 Οὐινάτος
2648 748 2748 801 άπὸ
2773 746 2850 816 (1)
2873 748 3111 808 Θηίνίσης
3138 739 3293 800 εἶπεν

2378 841 2434 895 ⁸0
2461 843 2518 895 τὸ
2546 841 2819 913 βάπτισμα
2846 850 2938 901 τῆς
2962 839 3255 902 Ἐκκλησίας
3286 837 3680 916 τοῖς“αίρετικοῖς
3703 845 3905 904 κοινῶν,

2306 940 2394 993 την
2419 937 2610 1007 νύμφην
2639 940 2732 990 τοῦ
2752 940 2967 1012 Χριςτοῦ
2997 942 3207 1007 μοιχοῖς
3235 930 3612 1007 παραδίδωσιν.

2386 1040 2595 1101 Λνμμος
2619 1026 2699 1100 (2).)
2724 1029 2828 1083 ἀπὸ
2850 1028 3087 1099 Λσυάγης
3112 1021 3267 1081 εἶπεν

2378 1120 2543 1193 Ἡμεῖς
2572 1118 2622 1173 ἓν
2647 1119 2921 1191 βάπτισμα
2948 1119 3231 1192 εἰλήφαμεν,
3263 1120 3349 1171 καί
3387 1120 3540 1174 τούτο
3559 1116 3912 1183 ἐξακολουθοῦ-

2308 1233 2417 1288 μεν·
2450 1214 2475 1269 6
2504 1213 2557 1269 δὲ
2599 1214 2753 1285 λέγων
2814 1216 2897 1268 καί
2940 1221 3047 1273 τοῖς
3093 1212 3367 1288 αἱρετικοῖς
3406 1210 3579 1276 ἔξεστι
3618 1210 3907 1282 βαπτίζειν,
3940 1258 3945 1264 ,

2308 1307 2400 1364 δύο
2426 1307 2767 1379 βαπτίσματα
2794 1306 3003 1378 εἰσάγει.

2380 1400 2670 1480 Σατορνίλος
2696 1402 2796 1456 ἀπὸ
2826 1406 3203 1477 1ουκτορνιανῆς
3243 1393 3401 1453 εἶπεν·

2380 1500 2436 1551 Εἰ
2464 1495 2633 1562 ἔξεστι
2670 1504 2778 1557 τοῖς
2812 1496 3083 1573 αἱρετικοῖς
3126 1494 3392 1566 βαπτίζειν
3436 1493 3729 1568 ἀνέγκλητοι
3778 1495 3909 1547 εἰσιν

2311 1589 2477 1664 ἄνομα
2502 1596 2764 1650 ποιοῦντες
2820 1586 2935 1643 οὐδὲ
2964 1589 3196 1665 εὑρήσεις
3217 1585 3303 1643 διά
3331 1610 3381 1644 τι
3408 1589 3599 1649 αὐτοὺς
3625 1586 3650 1641 6
3682 1586 3908 1664 Χριστὸς

603 1680 847 1735 Christus
872 1679 1213 1735 adversarios
1242 1694 1392 1747 suos,
1438 1688 1530 1734 aut
1553 1677 1844 1749 Apostolus
1864 1676 2198 1733 autichristos

2310 1689 2590 1751 ἐναντίους,
2632 1683 2661 1743 ἦ
2689 1684 2715 1739 ὁ
2741 1682 3045 1746 ’Δπόστολος
3074 1686 3449 1763 Αντιχρίστους
3470 1684 3724 1755 ὀνομάζει.

604 1772 980 1844 appellaverit.

673 1868 760 1922 51.
781 1867 933 1923 Alius
964 1866 1281 1923 Saturninus
1322 1882 1350 1920 a
1370 1865 1582 1921 Thueca
1606 1865 1768 1920 dixit:

674 1961 913 2017 Gentiles
960 1961 1202 2030 quamvis
1240 1960 1380 2015 idola
1431 1962 1632 2026 colant,
1667 1971 1843 2015 tamen
1902 1960 2067 2014 Deum
2109 1973 2207 2030 pa-

604 2069 739 2127 lrcm
770 2063 826 2109 et
870 2064 1168 2108 creatorem
1209 2064 1539 2125 eugiioscunt
1565 2063 1619 2108 et
1670 2057 1989 2108 conﬁtentur
2029 2052 2209 2106 Domi-

606 2166 732 2223 num
757 2166 769 2202 :
796 2149 847 2202 in
872 2148 1017 2203 hunc
1045 2148 1277 2203 Marcion
1313 2146 1672 2219 blasplu-mat,
1704 2156 1760 2201 et
1783 2145 2055 2218 quomodo
2100 2162 2206 2202 non

602 2244 948 2308 erubescunt,
1004 2240 1094 2311 qui
1133 2242 1418 2297 Marcionis
1448 2242 1765 2311 baptismum
1791 2240 2048 2311 probant?

673 2334 763 2389 52.
800 2334 1078 2389 Marcellus
1103 2349 1132 2388 a
1160 2333 1318 2389 Zama
1346 2334 1510 2389 dixit:

675 2428 807 2483 Cum
843 2439 1057 2497 peccata
1102 2428 1340 2483 nonnisi
1397 2429 1448 2482 in
1503 2427 1762 2483 Ecclesiae
1812 2428 2080 2497 baptismo
2119 2444 2205 2484 re-

601 2520 902 2587 mittantur,
958 2520 1049 2592 qui
1098 2520 1410 2576 haereticum
1465 2536 1573 2575 non
1626 2521 1879 2592 baptizat,
1934 2530 2204 2594 peccaturi

600 2615 984 2669 communicat.

673 2706 763 2762 55.
793 2706 1027 2762 Iremeus
1050 2707 1119 2763 ab
1146 2707 1325 2764 Usulis
1340 2706 1504 2763 dixit:

670 2800 726 2856 Si
774 2799 896 2856 ideo
944 2800 1181 2855 Ecclesia
1201 2801 1232 2855 h
1252 2802 1511 2856 creticum
1543 2814 1647 2854 non
1670 2798 1920 2870 baptizat,
1942 2799 2083 2870 quod
2110 2797 2196 2854 di-

598 2904 752 2950 catur
765 2894 879 2964 jam
908 2896 1206 2965 baptizatus
1228 2910 1370 2963 esse,
1402 2894 1697 2950 antefertur
1724 2894 1968 2962 haeresis,
2000 2904 2053 2949 ct
2082 2910 2198 2949 ma-

594 2988 681 3059 jor
706 2989 782 3044 tit.

668 3081 761 3138 54.
795 3083 1029 3137 Donatus
1050 3097 1079 3135 a
1107 3080 1367 3153 Cybalina
1394 3080 1530 3137 dixit
1557 3098 1572 3135 :

670 3178 723 3233 SI
753 3186 838 3231 est
865 3176 954 3246 qui
977 3175 1121 3231 dicat
1151 3191 1273 3230 esse
1296 3174 1434 3245 apud
1469 3174 1752 3231 haereticos
1780 3173 2030 3245 baptismi
2065 3188 2188 3246 gra-

598 3270 747 3333 tiam,
762 3277 887 3324 ante
897 3277 981 3324 est
998 3278 1054 3322 ut
1067 3270 1316 3323 ostendat
1338 3278 1392 3322 et
1408 3268 1595 3339 probet
1607 3284 1728 3324 esse
1741 3268 1851 3323 illic
1866 3268 2182 3324 Ecclesiam.

668 3362 756 3416 55.
789 3360 1035 3415 Zusitnus
1066 3377 1094 3414 a
1126 3360 1388 3415 Tharassa
1416 3360 1553 3415 dixit
1584 3377 1598 3413 :

665 3454 1016 3513 Revelatiune
1046 3459 1184 3513 facta
1211 3457 1452 3514 veritatis
1472 3499 1486 3522 ,
1510 3460 1669 3515 cedat
1692 3475 1846 3517 error
1870 3460 2105 3516 veritati.

664 3639 752 3695 £56.
786 3638 1031 3694 Julianus
1067 3652 1097 3691 a
1127 3636 1348 3707 Telepte
1374 3634 1516 3691 dixit
1542 3652 1556 3691 :

661 3733 929 3802 Scriptum
960 3738 1045 3787 est
1075 3746 1088 3783 :
1120 3729 1286 3785 Nemo
1313 3740 1473 3802 potest
1519 3729 1715 3801 aliquid
1766 3730 1998 3800 accipere
2019 3770 2033 3794 ,
2082 3728 2181 3783 nisi

591 3826 767 3880 datum
797 3826 948 3896 fuerit
976 3825 1056 3879 illi
1092 3824 1156 3878 de
1202 3822 1328 3878 cwlo
1374 3823 1553 3889 (Joan.
1586 3834 1702 3892 In).
1755 3822 1811 3879 Si
1851 3821 2073 3879 Interesis
2112 3821 2181 3878 de

589 3921 727 3976 coelo
747 3930 828 3974 est
849 3960 866 3983 ,
900 3927 1076 3989 potest
1114 3926 1170 3972 et
1188 3924 1410 3974 cateste
1443 3916 1704 3986 baptisma
1729 3916 1877 3972 dare.

662 4011 748 4067 57.
779 4009 1005 4065 Faustus
1033 4025 1063 4063 a
1089 4009 1291 4064 Timida
1320 4009 1453 4064 dixit
1484 4025 1498 4063 :

659 4104 760 4171 Qui
786 4118 881 4175 pro
913 4101 1178 4157 han-elicis
1206 4101 1569 4156 ecclesiastico
1595 4100 1918 4172 baptismate
1945 4102 2174 4159 interce-

586 4199 747 4266 dunt,
785 4197 906 4253 illos
946 4196 1271 4253 chrisuanos
1294 4234 1311 4262 ,
1346 4205 1402 4251 et
1440 4212 1538 4252 nos
1572 4195 1858 4252 haereticos
1880 4194 2102 4251 faciunt.

656 4375 744 4430 58.
773 4374 1029 4432 Geminus
1055 4390 1087 4429 a
1110 4374 1303 4429 Furnis
1329 4373 1465 4429 dixit
1491 4392 1503 4430 :

654 4468 808 4537 Quod
838 4469 1002 4524 semel
1041 4469 1412 4535 decrevimus,
1445 4468 1545 4525 hoc
1584 4478 1639 4526 et
1678 4479 1954 4536 tenemus,
2007 4478 2066 4525 ut
2104 4469 2173 4525 ab

584 4565 850 4621 haereticis
881 4564 1161 4621 venientes
1192 4564 1545 4635 baptizemns.

653 4659 743 4715 59.
773 4658 1099 4728 Βιηιειίνηυε
1126 4676 1153 4712 a
1182 4656 1327 4713 Nova
1356 4658 1489 4712 dixit
1513 4674 1527 4710 :

658 4751 957 4807 Ecclesium
1000 4750 1248 4807 Christus
1276 4750 1513 4806 instituit
1535 4792 1549 4813 ,
1582 4750 1831 4806 hieresim
1865 4750 2114 4807 diabolus
2149 4768 2165 4807 :

580 4843 852 4918 quomodo
891 4860 1022 4917 ergo
1051 4854 1227 4917 potest
1264 4844 1466 4900 habere
1494 4843 1820 4916 baptismum
1847 4843 2045 4901 Christi
2077 4861 2166 4918 sy-

580 4952 782 5010 nagotia
809 4938 1044 4993 diaboli?

653 5032 742 5087 60.
773 5031 1076 5101 Therapius
1104 5048 1131 5083 a
1160 5031 1312 5087 Bulla
1351 5031 1487 5087 dixit
1514 5048 1529 5085 :

649 5125 749 5195 Qui
802 5125 1069 5181 lia-reticis
1106 5125 1361 5182 Ecclesia:
1401 5125 1662 5195 baptisma
1707 5124 1989 5193 concedit,
2038 5125 2163 5197 quid

577 5219 721 5277 aliud
746 5236 906 5292 quam
930 5236 1146 5291 sponsa:
1174 5219 1375 5276 Christi
1406 5218 1649 5291 proditor
1691 5219 1916 5275 existit?

647 5430 738 5485 61.
770 5426 970 5484 Lucius
996 5441 1028 5481 a
1055 5424 1353 5481 Membresa
1378 5423 1515 5480 dixit
1544 5441 1559 5478 :

644 5522 913 5590 Scriptum
954 5528 1040 5577 est
1084 5537 1098 5573 :
1156 5518 1298 5573 Deus
1345 5529 1633 5589 peccatores
1678 5534 1777 5573 non
1824 5519 2013 5585 audit;
2049 5516 2159 5573 hic-

573 5619 812 5685 reticus,
841 5618 932 5690 qui
964 5626 1215 5687 peccator
1263 5623 1385 5684 est,
1435 5614 1707 5688 quomodo
1745 5614 1920 5672 audiri
1967 5614 2022 5671 in
2061 5613 2157 5669 ιω-
2208 5596 2225 5610 ’

575 5708 771 5773 ptismo
808 5708 1020 5777 potest?

2382 1864 2702 1945 Σατορνῖλλος
2725 1861 2872 1927 ἄλλος
2901 1865 3003 1920 ἀπὸ
3045 1873 3202 1926 Συκῆς
3243 1859 3403 1919 εἶπεν

2383 1959 2638 2012 Οἱέθνικοὶ
2670 1960 2713 2012 εί
2751 1961 2838 2012 καί
2866 1953 3029 2012 ἒδωλα
3067 1956 3325 2021 σέϐονται,
3356 1953 3493 2029 ὅμως
3531 1957 3617 2012 τὸν
3649 1956 3773 2013 Θεὸν
3802 1976 3904 2011 πα·

2310 2054 2435 2130 τέρα
2471 2054 2555 2105 καὶ
2575 2054 2783 2109 κτίστην
2805 2052 3198 2123 ἑπιγινὼσκουσι
3250 2052 3335 2103 καὶ
3375 2047 3679 2121 ὁμολογοῦσι
3710 2047 3906 2104 δεσπό-

2312 2163 2420 2204 την’
2452 2147 2521 2205 εἰς
2548 2150 2744 2200 τοῦτων
2756 2147 2994 2223 Μαρκίων
3020 2143 3326 2215 βλασφημεῖ,
3343 2144 3561 2203 καὶπῶς
3582 2143 3675 2196 οὐκ
3700 2142 3910 2212 ἀιστῶ-

2310 2262 2479 2297 νονται
2504 2241 2550 2295 οἱ
2586 2242 2642 2295 τὸ
2672 2243 2963 2319 Μαρκίωνος
2994 2239 3269 2311 βάπτισμα
3285 2234 3675 2307 δοκιμάζοντες;

2382 2333 2665 2412 Μάρκελλος
2689 2335 2791 2388 ἀπὸ
2824 2333 2996 2407 Ζάμης
3053 2327 3211 2387 εἶπεν·

2380 2428 2561 2483 Ὀπὸτε
2609 2422 2784 2499 ἄφεσις
2830 2426 3093 2505 ἁμαρτιῶν
3134 2424 3385 2500 οὐδαμοῦ.
3423 2427 3466 2479 εἰ
3505 2430 3575 2496 μη
3620 2428 3669 2480 ἐν
3709 2434 3769 2499 τῇ
3794 2424 3905 2479 Ἐκ-

2306 2523 2489 2599 κλησίᾳ
2527 2520 2742 2589 διδοται,
2783 2522 2808 2577 6
2849 2524 3135 2601 αἰρετικοὺς
3179 2527 3248 2595 μή
3286 2522 3573 2593 βαπτίζων,
3617 2520 3906 2599 ἁμαρτωλῷ

2310 2626 2548 2675 κοινωνεῖ.

2374 2713 2634 2789 Εἰρηναῖος
2666 2713 2767 2766 ἀπὸ
2796 2709 2970 2765 Ουλών
2996 2704 3155 2764 εἶπεν·

2374 2807 2430 2859 Εἰ
2458 2802 2541 2859 διὰ
2569 2810 2721 2860 τοῦτο
2773 2805 2802 2861 ἡ
2825 2800 3093 2861 Ἐκκλησία
3130 2803 3218 2857 τὸν
3248 2801 3499 2880 αἱρετικὸν
3538 2802 3596 2855 οὐ
3634 2798 3897 2871 βαπτίζει,

2302 2896 2383 2955 ὅτι
2434 2895 2527 2957 ἤδη
2582 2898 2779 2969 λέγεται
2830 2895 3190 2968 βεϐαπτίσθαι,
3240 2896 3559 2974 προκρίνειή
3587 2896 3782 2973 ατρεσις
3810 2898 3898 2949 καὶ

2224 3011 2269 3075 C
2301 2999 2486 3069 μείζων
2512 2998 2724 3067 γίνεται.

2367 3088 2585 3149 Δονάτος
2613 3087 2715 3142 ἀπὸ
2748 3085 3014 3148 Κιϐαλινῆς
3046 3079 3204 3141 εἶπεν·

2365 3196 2404 3239 0
2453 3183 2607 3254 λέγων
2650 3182 2797 3252 παρά
2844 3187 2951 3241 τοῖς
2999 3178 3270 3249 αἱρετικοῖς
3318 3177 3477 3255 χάριν
3526 3174 3894 3247 βαπτίσματος

2291 3271 2441 3341 εἶναι,
2468 3273 2715 3351 πρότερον
2747 3269 3050 3336 ἀποδειξάτο
3078 3268 3209 3325 Ἐκεῖ
3230 3269 3517 3327 ἐκκλησίαν.

2365 3374 2594 3441 Ζὼσιμος
2626 3368 2726 3421 ἀπὸ
2748 3370 2987 3443 Θαραζοῦ
3014 3360 3169 3421 εἶπεν

2363 3462 2818 3533 Ἀποκαλυφθείσης
2843 3470 2935 3522 τῆς
2963 3460 3212 3527 ἀληθείας,
3240 3462 3629 3539 παραχωρείτω
3665 3459 3695 3515 η
3726 3457 3889 3515 πλάνη

2286 3581 2349 3635 τῃ
2374 3558 2598 3632 ἀληθείᾳ.

2357 3649 2610 3710 ἰουλιανὸς
2638 3650 2739 3703 ἀπὸ
2765 3647 3010 3703 Φιλίππου
3034 3641 3162 3701 εἷπε⁰

2353 3745 2668 3817 Γέγραπται.
2689 3743 2759 3797 Οὐ
2791 3738 3005 3797 δύναται
3029 3737 3291 3818 ἅνθρωπος
3316 3738 3588 3812 λαμϐάνειν
3608 3733 3768 3790 οὐδὲν.
3794 3736 3885 3789 ἐάν

2283 3834 2405 3913 μηῇ
2436 3834 2698 3910 δεδομένον
2748 3837 2891 3910 ἀυτῷ
2928 3835 2983 3890 ἐκ
3032 3838 3125 3888 τοῦ
3176 3834 3433 3905 οὐρανοῡ’
3461 3834 3503 3885 εἰ
3540 3838 3570 3889 ἠ
3608 3830 3803 3907 ἀιρεσις
3831 3828 3885 3891 ἐξ

2279 3932 2500 4005 οὐρανοῦ
2531 3930 2661 3984 ἐστι.
2697 3925 2911 3983 δύναται
2939 3929 3025 3981 καί
3051 3926 3280 4003 οὐράνιον
3305 3926 3577 3997 βάπτισμα
3604 3920 3800 3977 δοῦναι.

2350 4028 2580 4084 Φαῦστος
2611 4023 2712 4077 ἀπὸ
2738 4018 2963 4094 Θημίδης
2991 4014 3146 4075 εἶπεν·

2347 4118 2407 4171 Οί
2431 4120 2490 4173 τὸ
2515 4124 2614 4173 τῶν
2642 4115 2905 4193 αἱρετικῶν
2931 4115 3062 4186 πρὸς
3091 4115 3149 4169 τὸ
3183 4120 3275 4174 τῆς
3298 4111 3567 4173 ἐκκλησίας
3598 4109 3880 4183 βάπτισμα

2278 4212 2613 4282 ἐνιστάμενοι,
2656 4210 2876 4270 ἐκείνους
2917 4208 3006 4279 μὲν
3071 4209 3432 4278 χριστιανοὺς,
3461 4206 3595 4276 ἡμᾶς
3623 4206 3709 4259 ταί
3736 4203 3879 4280 αἱρε-

2199 4335 2252 4397 D
2278 4308 2451 4366 τικοὺς
2477 4309 2733 4360 ποιοῦσιν.

2348 4406 2555 4472 Γεμῖνος
2587 4399 2691 4453 ἀπὸ
2718 4396 2919 4473 Φόρμης
2946 4390 3102 4451 εἶπεν

2346 4502 2385 4544 Ο
2406 4492 2542 4556 ἅπαξ
2570 4492 2851 4567 ἐκρίναμεν,
2883 4495 3037 4545 τοῦτο
3055 4489 3143 4543 καί
3172 4488 3480 4561 κατέχομεν·
3508 4486 3593 4540 ἶνα
3624 4488 3746 4547 τοὺς
3767 4485 3873 4540 ἀπὸ

2274 4582 2516 4657 αἱρέσεων
2542 4584 2860 4656 ἐρχομένους
2893 4582 3242 4653 βαπτίζωμεν.

2341 4676 2641 4748 Ρογατιανὸς
2666 4677 2770 4730 ἀπὸ
2797 4674 2969 4737 Οὔσης
2990 4670 3145 4729 εἶπεν

2343 4773 2440 4827 Τήν
2468 4768 2758 4827 Ἐκκλησιαν
2811 4767 3084 4841 ὁΧριστὸς
3135 4766 3452 4841 ὠκοδομησε,
3489 4776 3579 4830 τᾳν
3606 4764 3803 4844 αἵρεσιν
3843 4764 3869 4820 ὁ

2271 4860 2503 4924 διάϐολος
2534 4879 2543 4889 '
2574 4870 2684 4925 πῶς
2714 4857 2803 4917 οὖν
2844 4861 3058 4919 δύναται
3098 4860 3239 4934 ἔχειν
3270 4862 3543 4935 βάπτισμα
3570 4866 3800 4933 Χριστοῦ
3838 4861 3867 4917 ἡ

2270 4961 2541 5030 συναγωγὴ
2571 4953 2808 5011 διάϐολοῦ
2831 4972 2851 5023 ;

2340 5054 2599 5129 Θηράπιος
2624 5056 2724 5108 ἀπὸ
2752 5053 3050 5125 Βουλισμίου
3078 5048 3235 5108 εἶπεν⁹

2340 5159 2380 5201 0
2418 5155 2525 5209 τοῖς
2551 5147 2826 5225 αἱρετεκοῖς
2855 5150 2913 5203 τὸ
2944 5148 3217 5221 βάπτισμα
3244 5157 3335 5211 τῆς
3357 5148 3653 5207 Ἐκκλησίας
3680 5142 3863 5223 προδιυ

2267 5238 2409 5304 δοὺς*
2440 5243 2491 5295 τί
2520 5234 2635 5294 ἄλλο
2664 5238 2695 5299 ἦ
2719 5249 2810 5301 τῆς
2838 5242 3035 5313 νύμφης
3076 5247 3170 5297 τοῦ
3214 5248 3439 5319 Χριστοῦ
3478 5238 3735 5319 προδότης
3779 5242 3858 5313 7i-

2268 5353 2407 5389 νεται
2430 5349 2449 5398 ;

2339 5427 2558 5489 Λούκιος
2588 5426 2690 5484 ἀπὸ
2715 5427 3006 5502 Μεμερέσης
3032 5423 3161 5484 εἶπε.

2332 5524 2641 5599 Γέγραπται.
2670 5517 2747 5576 ὅτι
2796 5519 2822 5576 6
2865 5524 2988 5582 Θεὸς
3029 5520 3342 5595 ἁμαρτωλῶν
3371 5522 3461 5577 οὐκ
3509 5524 3701 5576 ἀκουειθ
3729 5519 3755 5573 6
3802 5517 3853 5573 δέ

2260 5614 2513 5695 αἱρετικὸς
2544 5612 2609 5669 ὧν
2629 5614 2954 5692 ἁμαρτωλὸς,
2986 5622 3096 5678 πῶς
3118 5618 3356 5675 ἀκούεται
3388 5637 3438 5671 εν
3454 5623 3528 5690 τῷ
3548 5616 3816 5686 βαπτίζειν
3839 5629 3853 5680 ;

2325 5772 2401 5833 (1)
2435 5771 2513 5822 Al.
2549 5785 2746 5830 θοννίσνκ.

2321 5827 2396 5893 (ΞῘ
2424 5833 2567 5894 Lege
2589 5827 2756 5895 is“...
