4262 6236
331 214 463 269 1607

397 328 491 382 62.
528 327 673 382 Alius
706 325 854 382 Felix
884 324 952 380 ab
982 324 1292 383 Uslaceenis
1318 325 1459 380 dixit
1487 344 1499 380 :

397 425 455 478 In
512 423 779 477 h:creticis
836 422 954 476 sine
1012 420 1267 476 Ecclesia:
1327 422 1590 491 baptismo
1647 419 1912 491 recipien-

322 516 430 575 dis.
460 532 621 570 ncmo
670 512 1111 571 consuetudinem
1162 513 1353 567 rationi
1402 522 1455 567 ct
1509 512 1718 568 veritati
1775 527 1917 581 prm-

324 619 512 679 pnnaL

399 704 487 759 65.
515 704 664 759 Alius
689 703 1010 759 Saturninus
1036 703 1104 757 ab
1133 701 1360 757 Avitinis
1388 702 1524 757 dixit
1559 721 1571 755 :

400 798 453 851 Si
484 809 660 864 potest
700 797 1059 852 Antichristus
1079 794 1209 851 dare
1237 795 1393 849 alicui
1423 796 1653 865 gratiam
1682 791 1916 856 Christi,

328 900 551 963 possunt
613 902 667 946 et
715 890 949 946 haeretici
1012 889 1283 959 baptizare
1341 890 1429 958 qui
1481 887 1733 957 appellati
1781 885 1919 940 anti—

329 985 537 1042 Christi.

401 1079 488 1134 64.
517 1077 746 1146 Quintus
776 1076 843 1131 ab
871 1075 1070 1147 Aggiva
1116 1075 1258 1130 dixit
1286 1092 1299 1127 :

402 1173 545 1226 Deus
572 1185 710 1224 unus
727 1178 840 1235 est,
865 1179 917 1224 et
943 1168 1183 1224 Ecclesia
1214 1184 1339 1234 una,
1370 1176 1421 1220 et
1450 1167 1711 1237 baptisma
1736 1181 1924 1220 unum.

330 1283 414 1337 ιιιιι
440 1264 600 1319 modo
624 1280 753 1334 ergo
777 1264 887 1318 illic
913 1264 1169 1334 baptizari
1197 1262 1391 1332 aliquis
1416 1271 1629 1331 potest,
1656 1260 1745 1314 ubi
1782 1260 1927 1313 Deus

329 1373 383 1416 ct
409 1359 655 1412 Christus
685 1370 740 1413 et
773 1358 1010 1413 Ecclesia
1044 1373 1151 1411 non
1182 1365 1290 1411 est.

404 1456 491 1511 65.
524 1454 765 1509 Jttliautts
790 1469 817 1507 a
851 1452 1156 1507 Marciliana
1187 1452 1325 1506 dixit
1362 1470 1374 1506 :
1480 1486 1502 1508 .

404 1553 458 1606 Si
488 1560 659 1620 potest
707 1549 870 1603 homo
912 1549 1120 1603 duobus
1150 1548 1381 1603 dmuinis
1420 1546 1629 1601 servire
1654 1591 1666 1614 ,
1722 1546 1831 1599 Deo
1869 1554 1923 1599 et

334 1659 659 1701 mammona!
682 1684 697 1711 ,
727 1652 904 1713 potest
928 1653 981 1697 et
1009 1642 1272 1712 baptisma
1305 1641 1513 1695 duobus
1544 1641 1827 1694 inservire.

409 1738 495 1791 66.
545 1736 721 1791 Teuax
749 1735 817 1789 ab
840 1734 1048 1789 horreis
1080 1734 1265 1790 leirc
1306 1734 1477 1789 dixit:

410 1831 672 1895 Baptisma
698 1845 860 1883 unum
906 1838 1022 1895 est,
1057 1829 1150 1884 sed
1194 1830 1468 1897 Ecclesiae,
1516 1830 1671 1900 cujus
1719 1839 1803 1886 est
1844 1846 1932 1885 ve-

336 1944 458 1984 rum
484 1927 770 1997 baptisma.

411 2020 499 2075 67.
536 2019 686 2073 Alius
711 2018 891 2073 Victor
919 2016 985 2072 ab
1015 2017 1235 2072 Assuris
1260 2016 1397 2072 dixit
1426 2018 1676 2073 similiter
1708 2034 1719 2069 :

412 2111 503 2168 68.
540 2112 836 2166 Dtmatulus
867 2128 894 2165 a
922 2110 1097 2179 Cuspe
1129 2111 1261 2164 dixit
1292 2130 1306 2164 ε

415 2208 481 2261 Ει
511 2222 610 2278 ego
646 2222 859 2275 semper
901 2205 1003 2259 hoc
1031 2206 1175 2260 sensi
1200 2249 1212 2267 ,
1257 2214 1315 2259 ut
1346 2206 1582 2259 haeretici
1608 2247 1621 2271 ,
1671 2205 1759 2276 qui
1805 2205 1936 2259 nihil

343 2302 473 2357 foris
522 2302 776 2372 consequi
809 2312 1065 2368 possunt,
1118 2301 1332 2370 quando
1376 2300 1440 2353 ad
1492 2298 1790 2353 Ecclesiam
1841 2315 1932 2353 ve-

347 2396 499 2450 niunt
518 2437 531 2460 ,
563 2396 919 2464 baptizentur.

420 2488 508 2545 69.
546 2488 770 2543 Vcrulus
800 2506 827 2542 a
861 2487 1157 2543 Rusiccade
1190 2488 1325 2543 dixit
1356 2507 1367 2542 :

419 2583 588 2638 llomo
620 2583 903 2637 lieereticns
928 2582 1060 2637 dare
1084 2582 1161 2653 (Ι)
1196 2593 1376 2652 potest
1418 2581 1559 2652 quod
1590 2598 1693 2636 nou
1725 2581 1923 2647 habet;

347 2676 514 2732 multo
536 2676 704 2746 magis
734 2676 1105 2731 schismaticus
1127 2717 1142 2741 ,
1187 2678 1275 2745 qui
1303 2676 1443 2745 quod
1470 2677 1702 2732 habebat
1726 2678 1921 2731 amisit.

422 2770 510 2824 70.
548 2769 915 2823 l‘udeutianus
943 2784 973 2821 a
1001 2768 1211 2823 Cuivuli
1242 2768 1377 2822 dixit
1408 2788 1421 2823 :

424 2863 480 2919 Si
509 2864 628 2933 quis
662 2878 727 2917 ex
756 2863 945 2916 luere-si
982 2862 1218 2926 venerit,
1256 2861 1514 2931 baptizari
1557 2877 1679 2916 eum
1710 2870 1855 2917 recte
1880 2876 1944 2917 ac

344 2960 491 3031 juste
518 2964 777 3009 statutum
809 2963 911 3009 est.

423 3053 511 3105 71.
566 3050 758 3105 Petrus
787 3050 852 3103 ab
882 3048 1123 3120 llippone
1168 3049 1443 3121 tliarrytho
1473 3049 1607 3104 dixit
1634 3068 1647 3104 :
1676 3050 1809 3105 Cum
1853 3051 1945 3105 ba-

350 3147 541 3217 ptisma
572 3160 733 3196 unum
752 3144 819 3196 sit
848 3143 901 3197 in
925 3144 1033 3195 sola
1058 3142 1319 3197 catholica
1338 3143 1595 3209 Ecclesia,
1630 3142 1829 3197 idcirco
1853 3158 1947 3197 eos

351 3240 439 3310 qui
470 3240 535 3291 ab
582 3237 849 3290 haereticis
888 3245 939 3290 et
987 3236 1344 3289 scltismaticis
1386 3237 1632 3304 veniunt,
1666 3246 1721 3291 ut
1748 3238 1837 3307 qui
1868 3238 1948 3291 ηἰ-

354 3333 427 3387 hil
473 3333 597 3386 inde
649 3330 978 3401 acceperint,
1036 3332 1088 3385 in
1143 3330 1384 3386 Ecclesia
1430 3346 1625 3386 censeo
1692 3331 1949 3403 baptizari

353 3439 623 3497 oportere.

426 3522 513 3575 72.
549 3521 700 3576 Alius
730 3520 926 3576 Lucius
958 3521 1024 3576 ab
1057 3521 1248 3575 Ausal'a
1279 3521 1421 3575 dixit
1456 3542 1468 3577 :

425 3614 554 3668 Cum
595 3613 665 3668 sit
693 3630 827 3668 unus
855 3616 992 3669 Deus
1038 3628 1091 3668 et
1136 3614 1314 3677 Pater,
1345 3626 1397 3669 et
1426 3614 1611 3680 Filius,
1642 3624 1695 3668 et
1720 3614 1949 3683 Spiritus

354 3720 592 3773 sanctus,
622 3717 677 3762 et
707 3724 807 3761 uua
837 3724 981 3776 spes,
1010 3718 1063 3762 et
1095 3724 1195 3761 una
1234 3708 1491 3773 Ecclesia,
1522 3726 1642 3777 quae
1672 3709 1812 3780 apud
1841 3710 1951 3764 ha:-

354 3802 552 3855 reticos
605 3798 738 3853 faeta
768 3810 910 3863 sunt,
948 3800 1176 3854 rescindi
1222 3800 1419 3855 debere
1469 3801 1609 3868 dico,
1641 3814 1694 3856 et
1722 3817 1816 3856 eos
1863 3804 1951 3872 qui

355 3895 482 3951 inde
509 3897 746 3958 Veniunt,
776 3899 829 3948 in
862 3894 1103 3950 Ecclesia
1140 3894 1487 3964 baptizandus
1525 3910 1663 3951 esse.

431 3991 516 4045 75.
546 3989 699 4045 Alius
728 3989 875 4043 Felix
903 4005 932 4043 a
963 3989 1278 4058 Gurgitibus
1308 3989 1437 4044 dixit
1469 4007 1480 4041 :

432 4085 543 4155 Ego
573 4100 791 4149 censeo,
826 4095 881 4138 ut
904 4084 1197 4138 secundum
1230 4097 1533 4141 sanctarum
1557 4086 1951 4156 Scripturarum

359 4192 632 4249 prmcepia
662 4178 979 4248 iuiquiapud
1004 4178 1289 4234 htcreticos
1316 4180 1589 4251 baptiznli,
1613 4182 1655 4234 si
1680 4183 1745 4234 ad
1773 4183 1957 4237 Eccle-

358 4271 493 4325 siam
524 4269 881 4338 confugerint,
939 4270 1196 4326 Ecclesia!
1232 4270 1569 4341 baptismate,
1605 4274 1691 4329 tibi
1724 4284 1959 4344 potestas

360 4365 540 4419 omnis
568 4379 597 4416 a
630 4363 741 4418 Deo
766 4364 887 4418 data
916 4374 1023 4427 est,
1075 4366 1427 4434 haptizcutur.

434 4458 525 4513 74.
561 4456 795 4512 Pusillus
824 4474 854 4511 a
886 4457 1147 4512 Latnasba
1171 4460 1307 4513 dixit
1337 4477 1349 4512 :

438 4551 548 4621 Ego
568 4550 731 4606 credo
754 4551 1011 4620 baptisma
1024 4552 1266 4607 salutare
1288 4568 1392 4607 non
1418 4568 1559 4621 esse,
1587 4554 1686 4609 nisi
1710 4554 1761 4608 in
1784 4554 1964 4609 Eccle-

358 4647 445 4701 sia
471 4646 755 4713 CilNIOItca,
783 4653 840 4701 et
867 4646 1078 4717 quando
1106 4661 1255 4701 ex'tra
1286 4648 1580 4703 Ecclesiain
1614 4648 1691 4715 (it,
1738 4649 1963 4705 simula-

360 4740 567 4793 tionem
590 4753 732 4794 esse.

440 4834 526 4887 75.
553 4834 835 4889 Salvianus
862 4852 889 4889 ιι
919 4836 1206 4891 Ganzal'ala
1234 4838 1366 4892 dixit
1396 4856 1409 4893 :

440 4926 732 4982 llzereticos
781 4928 910 4982 nihil
959 4929 1155 4985 habere
1200 4940 1431 4995 constat,
1488 4940 1542 4986 et
1596 4932 1717 4987 ideo
1756 4932 1824 4988 ad
1868 4948 1968 4988 nos

360 5022 608 5076 veniunt.
641 5030 698 5074 ut
722 5022 925 5090 possint
957 5026 1203 5093 accipere
1234 5025 1376 5095 quod
1408 5040 1512 5079 non
1547 5025 1761 5082 habent.

439 5113 527 5167 76.
558 5113 860 5167 Honoratus
891 5134 915 5165 a
938 5115 1110 5169 Tucca
1148 5117 1282 5171 dixit
1309 5135 1323 5170 :

440 5208 574 5263 Cum
608 5208 854 5263 t.ltristus
912 5212 1107 5265 veritas
1158 5214 1245 5275 sit,
1282 5215 1449 5286 magis
1490 5214 1769 5269 veritatem
1814 5229 1970 5284 quam

363 5302 811 5357 consuetudinem
865 5306 1016 5372 sequi
1066 5304 1323 5362 debemus
1371 5326 1385 5363 :
1438 5318 1495 5362 ut
1542 5308 1845 5371 hmreticiis,
1879 5306 1970 5375 qui

365 5397 491 5451 ideo
520 5397 584 5451 ad
615 5415 711 5451 nos
741 5401 982 5467 veniunt,
1031 5402 1153 5471 quia
1184 5401 1313 5457 faris
1340 5403 1472 5459 nihil
1502 5404 1748 5474 accipere
1779 5412 1972 5473 pulue-

367 5500 513 5553 runt.
549 5492 801 5548 Ecclesia:
830 5494 1095 5565 baptismo
1123 5498 1544 5555 sanctilicemtts.
1570 5486 1573 5489 λ

445 5583 531 5637 77.
570 5584 747 5641 Victor
767 5588 833 5642 ab
859 5588 1056 5643 Octava
1089 5590 1221 5646 dixit
1251 5608 1262 5642 :

450 5720 529 5795 (ι)
562 5721 698 5778 Νοη.

822 5824 1095 5886 ΡΑτιιοι..
1146 5825 1253 5886 Ill.

1530 206 1845 264 CONCILIA
1884 204 2503 262 CARTHAGINENSIA.

1946 332 1994 387 Α
2094 326 2243 386 Δλλὸς
2268 326 2410 389 Φιληξ
2437 326 2536 380 ἀπὸ
2560 326 2907 397 Οῦαγλακηνῆς
2933 320 3091 378 εἶπεν·

1988 4407 2038 4468 D

3492 200 3623 259 16⁸38

2097 417 2169 471 Ἐν
2196 426 2268 490 τῷ
2299 416 2647 493 προδὲχεσοαι
2678 419 2796 478 τοὺς
2828 417 3113 491 αἱρετικούς
3145 411 3262 469 ἄνευ
3290 423 3381 471 τοῦ
3404 427 3497 480 τῆς
3515 417 3621 474 Ἐκ-

2025 511 2233 571 κλησίας
2258 510 2641 583 βαπτίσματος.
2675 508 2853 582 μηδείς
2905 514 2994 567 τήν
3038 511 3299 567 συνήθειαν
3340 510 3490 582 λόγου
3536 516 3622 565 καὶ

2026 614 2117 666 τῆς
2142 606 2372 666 ἀληθείας
2394 606 2727 683 προκρινέτω.

2102 696 2276 759 ’Ἄλλος
2305 698 2597 775 Σατορνῖλος
2625 700 2726 752 ἀπὸ
2756 697 3063 769 Πλουτίμνης
3083 690 3239 750 εἶπεν·

2100 796 2153 847 Εἰ
2183 792 2396 847 δύναται
2424 793 2779 869 ’Λντίχριστος
2818 790 2994 846 δοῦναι
3042 797 3130 850 την
3180 793 3337 869 χάριν
3366 798 3457 845 τοῦ
3505 802 3621 865 Χρι-

2032 893 2178 942 στοῦ.
2201 885 2445 941 δύνανται
2470 889 2555 940 καὶ
2582 887 2628 940 οἱ
2644 887 2888 963 αἱρετικοί
2905 886 3191 956 βαπτίζειν,
3207 886 3253 938 οί
3267 886 3627 955 ὀνομασθέντας

2031 983 2378 1057 ἀντίχριστοι.

2106 1078 2305 1136 Κοίντος
2336 1077 2439 1131 ἀπὸ
2466 1076 2672 1147 Dor/€52;
2698 1070 2855 1129 εἶπεν·

2105 1168 2161 1222 Ὀ
2187 1172 2309 1231 Θεὸς
2337 1166 2409 1231 εἷς
2436 1171 2565 1229 ἐστι,
2598 1172 2684 1223 καί
2712 1168 2974 1226 Ἐκκλησία
3010 1174 3104 1242 μία
3134 1171 3219 1223 καί
3264 1167 3313 1223 ἓν
3358 1168 3631 1241 βάπτισμα

2037 1267 2122 1318 καί
2195 1273 2303 1325 πῶς
2368 1263 2583 1319 δύναταί
2628 1286 2705 1325 τις
2760 1265 3101 1336 βαπτισθῆναι
3144 1268 3283 1329 ἐκεῖ,
3332 1261 3461 1318 ὅπου
3516 1262 3631 1321 οὔτε

2035 1360 2179 1419 Θεὸς,
2212 1354 2327 1411 οὔτε
2352 1359 2591 1435 Χριστὸς,
2619 1355 2735 1411 οὔτε
2764 1356 3028 1416 Ἐκκλησία
3052 1360 3165 1412 ἐστί
3194 1374 3209 1421 ;

2104 1450 2368 1512 Ἰουλιανὸς
2393 1453 2496 1506 ἀπὸ
2510 1451 2882 1528 Μαρκελλιανῆς
2903 1446 3061 1505 εἶπεν*

2105 1547 2160 1597 Εἰ
2185 1543 2399 1600 δύναται
2426 1540 2687 1621 ἄνθρωπος
2729 1542 2849 1598 δυσὶ
2892 1549 3083 1622 κυρίοις
3114 1544 3384 1610 δουλεύειν,
3417 1554 3527 1619 θεῷ
3551 1548 3636 1601 καί

1959 1663 2006 1722 Β
2034 1643 2275 1709 μαμωνᾷ,
2306 1635 2520 1692 δύναται
2545 1640 2631 1692 καὶ
2660 1637 2936 1711 βάπτισμα
2962 1636 3109 1692 δυσίν
3138 1640 3425 1717 ὑπηρετεῖν.

2109 1733 2263 1795 Τέναξ
2291 1734 2392 1786 ὰπὸ
2422 1731 2597 1808 Ὀρίων
2621 1733 2826 1786 Κελλίων
2852 1728 3007 1788 εἶπεν

2113 1829 2388 1898 Βάπτισμα
2414 1828 2465 1881 ἓν
2492 1828 2651 1891 ἐστιν,
2680 1828 2803 1882 ἀλλὰ
2829 1837 2919 1889 τῆς
2948 1829 3259 1895 Ἐκκλησίας,
3291 1830 3348 1893 ἧς
3367 1834 3427 1887 τὸ
3450 1836 3636 1903 βαπτι-

2043 1943 2152 1993 σμα
2181 1922 2374 1983 ἀληθές.

2114 2012 2289 2076 ’Ἄλλος
2315 2018 2547 2071 Οὐίκτωο
2571 2018 2672 2071 ἀπὸ
2701 2016 2951 2094 Ἀσούρας
2981 2014 3116 2074 εἶπεν
3146 2020 3352 2082 ὁμοίως*

2114 2110 2457 2171 Δουνατοῦλος
2486 2111 2587 2163 ἀπὸ
2618 2110 2824 2181 Κὰμφης
2854 2106 3009 2165 εἷπεν’

2114 2204 2210 2259 ’Λεί
2236 2212 2392 2261 τοῦτο
2430 2207 2529 2277 ἐγὼ
2573 2206 2847 2282 ἐφρόνησα,
2878 2206 2962 2259 ἵνα
2992 2207 3038 2260 οί
3078 2208 3340 2284 αἱρετικοί,
3366 2205 3521 2279 μηδὲν
3544 2206 3644 2273 ἔξω

2039 2299 2208 2355 λαϐεῖν
2262 2298 2529 2371 δυνάμενοι
2554 2341 2567 2364 ,
2619 2296 2738 2355 ὅταν
2791 2302 2920 2375 πρὸς
2978 2307 3067 2360 τήν
3096 2301 3386 2360 Ἐκκλησίαν
3434 2300 3640 2367 ἔλθωσι,

2044 2391 2393 2460 βαπτισθῶσιν
2404 2432 2414 2441 .

2115 2486 2404 2563 Οὐήρουλος
2430 2488 2533 2541 ἀπὸ
2560 2485 2920 2549 Ῥουσιοκὰδας
2948 2484 3103 2542 εἶπεν·
3298 2550 3301 2555 η

2122 2576 2411 2655 ’Ἄνθρωπος
2445 2579 2697 2654 αἱρετικὸς
2726 2577 2805 2650 (Ι)
2850 2578 3063 2635 δύναται
3111 2580 3287 2636 δοῦναι
3332 2580 3457 2652 ὁμὴ
3506 2581 3642 2654 ἔχει,

2050 2674 2177 2728 πολὺ
2208 2674 2394 2745 μᾶλλον
2420 2678 2793 2746 σχισματικός.
2824 2672 2949 2751 ὅπερ
2979 2672 3119 2748 εἶχεν
3149 2678 3429 2740 ἀπολέσας.

2122 2767 2482 2829 Πουδεντιανός
2504 2771 2605 2823 ἀπὸ
2637 2770 2932 2830 Κουινκόλης
2960 2765 3118 2825 εἶπεν

2122 2860 2230 2915 Ἐάν
2256 2884 2333 2923 τις
2362 2864 2464 2916 ἀπὸ
2493 2863 2736 2939 αἱρέσεως
2775 2861 2913 2937 ἔλθῃ,
2944 2866 3285 2935 βαπτισθῆναι
3306 2866 3460 2920 αὐτὸν
3488 2867 3649 2943 ὀρθῶς

1972 2984 2016 3047 C
2052 2956 2137 3008 καί
2165 2953 2373 3017 δικαίως
2403 2957 2649 3033 κέκριται-

2122 3052 2306 3128 Πέτρος
2336 3052 2438 3105 ἀπὸ
2462 3049 2709 3113 Ἰππῶνος
2748 3051 3033 3124 Διαῤῥῦτου
3055 3048 3213 3107 εἶπεν

2106 3144 2238 3200 Ἐπεί
2256 3143 2306 3198 ἓν
2323 3145 2598 3218 βάπτισμα
2621 3147 2759 3201 ἐστιν
2781 3149 2830 3199 ἐν
2847 3146 2974 3221 μόνῃ
3004 3155 3064 3217 τῇ
3088 3145 3374 3221 Ἐκκλησία,
3394 3145 3477 3202 διὰ
3495 3156 3648 3205 τοῦτο

2050 3241 2168 3300 τοὺς
2202 3241 2304 3294 ἀπὸ
2334 3248 2433 3295 τῶν
2479 3241 2743 3316 αἱρετικῶν
2773 3244 2857 3294 καὶ
2900 3249 3265 3314 σχισματικῶν
3295 3242 3545 3303 ἐλθόντας.
3582 3245 3649 3303 ὠς

2054 3333 2207 3413 μηδὲν
2247 3338 2425 3392 ἐκεῖθεν
2476 3336 2737 3409 εἰληφότας
2762 3376 2775 3400 ,
2814 3337 2864 3388 ἐν
2915 3344 2977 3405 τῇ
3004 3334 3272 3410 Ἐκκλησία
3315 3336 3652 3405 βαπτίζεσθαι

2056 3432 2229 3489 κρινω.

2125 3503 2301 3565 ’Ἄλλος
2318 3504 2531 3563 Λούκιος
2558 3502 2660 3556 ἀπὸ
2682 3502 2917 3573 Αὐσάφης
2940 3496 3097 3555 εἶπεν·

2123 3600 2262 3661 Ἐνὸς
2289 3594 2432 3659 ὄντος
2460 3602 2590 3651 Θεοῦ
2619 3598 2705 3648 καί
2726 3597 2924 3671 πατρὸς
2949 3598 3035 3648 καί
3056 3594 3171 3648 υἱοῦ
3197 3598 3282 3648 καὶ
3310 3595 3458 3668 ἁγίου
3500 3597 3652 3650 πνεύ-

2053 3713 2234 3764 ματος,
2260 3693 2346 3745 καί
2375 3694 2496 3759 μιᾶς
2521 3685 2723 3747 ἐλπίδος
2774 3690 2860 3740 καί
2902 3693 3023 3757 μίας
3051 3684 3362 3747 Ἐκκλησίας.
3402 3690 3467 3741 τὰ
3512 3690 3659 3764 παρὰ

2054 3796 2161 3849 τοῖς
2192 3787 2461 3862 αἱρετικοῐς
2488 3783 2817 3859 πραττόμενα
2845 3782 3050 3834 λύεσθαι
3096 3778 3196 3834 δεῖν
3224 3803 3367 3853 φημι.
3408 3786 3494 3836 καί
3538 3785 3658 3843 τοὺς

2053 3880 2142 3935 ἀπ’
2163 3879 2328 3933 αὐτῶν
2352 3876 2670 3951 ἐρχομένους
2694 3875 2745 3927 ἐν
2772 3882 2833 3947 τῇ
2861 3871 3128 3945 Ἐκκλησία
3156 3873 3441 3942 βαπτίζειν.

2128 3970 2301 4030 ’Ἄλλος
2330 3969 2473 4032 Φίληξ
2502 3969 2602 4021 ἀπὸ
2627 3973 2888 4042 Τουριτῶν
2917 3960 3073 4019 εἶπενο

2127 4064 2250 4137 Ἐγὼ
2273 4064 2425 4139 κρίνω
2444 4062 2548 4124 ἶνα,
2578 4058 2861 4117 ἀκολούθως
2893 4065 3009 4117 ταῖς
3036 4058 3191 4117 θείαις
3218 4066 3462 4134 γραφαῖς,
3480 4055 3661 4131 ἄνομοι

2059 4160 2203 4237 παρὰ
2228 4164 2333 4217 τοῖς
2357 4155 2627 4232 αἱρετικοῖς
2656 4152 3020 4224 βαπτισθέντες
3049 4193 3058 4209 ,
3093 4146 3152 4204 ἂν
3179 4154 3309 4229 πρὸς
3348 4158 3439 4211 τὴν
3461 4151 3662 4211 Ἐκκλη-

2059 4256 2175 4305 σίαν
2204 4250 2557 4321 καταφύγωσι,
2604 4253 2679 4318 τῷ
2712 4252 2803 4305 τῆς
2830 4242 3122 4305 Ἐκκλησίας
3168 4245 3517 4317 βαπτίσματι,
3550 4242 3662 4299 ἔνθα

2062 4350 2210 4400 πᾶσα
2242 4343 2450 4407 ἐξουσία
2476 4340 2623 4417 παρά
2649 4344 2742 4393 τοῦ
2768 4343 2897 4391 Θεοῦ
2928 4334 3147 4399 δέδοται,
3180 4337 3551 4408 βαπτισθῶσιν.

2144 4436 2445 4494 Πλουτιανός
2473 4434 2576 4487 ἀπὸ
2606 4432 2843 4502 Δαβάνης
2873 4425 3031 4484 εἶπεν

2140 4530 2264 4602 Ἐγώ
2282 4526 2511 4583 πιστεύω
2537 4524 2867 4596 βαπτίσματι
2897 4525 3154 4598 σωτηρίαν
3176 4527 3244 4593 μή
3274 4517 3419 4581 εἶναι,
3452 4526 3495 4576 εἰ
3520 4528 3589 4597 μή
3614 4525 3664 4579 ἐν

2070 4626 2197 4699 μόνῃ
2316 4620 2545 4691 καθολικῇ
2576 4618 2862 4691 Ἐκκλησία,
2895 4618 2983 4669 καὶ
3003 4612 3123 4669 ὅταν
3146 4610 3239 4679 ἔξω
3260 4623 3351 4676 τῆς
3377 4614 3668 4678 Ἐκκλησίας

2068 4720 2292 4792 γένηται,
2326 4713 2631 4785 πιθηκισμόν
2661 4706 2806 4765 εἶναι.

2144 4809 2445 4868 Σαλουιανὸς
2471 4807 2576 4860 ἀπὸ
2607 4802 2834 4874 Ζυφάλης
2855 4796 3011 4855 εἶπεν·

2143 4905 2275 4963 Τοὺς
2297 4900 2582 4978 αἱρετικοὺς
2605 4893 2757 4966 μηδὲν
2784 4888 2927 4964 ἒχειν
2949 4894 3248 4953 συνέστηκε,
3281 4896 3367 4946 καὶ
3392 4892 3476 4947 διὰ
3516 4900 3670 4949 τοῦτο

2074 5000 2205 5074 πρὸς
2235 4999 2370 5069 ἡμᾶς
2403 4990 2674 5071 ἔρχονται,
2701 4990 2784 5042 ἶνα
2809 4987 3034 5041 λάϐωσιν
3064 4982 3089 5040 ὃ
3116 4992 3184 5058 μὴ
3211 4983 3449 5058 ἔχουσιν.

2148 5089 2434 5165 Ὁνωράτος
2466 5087 2569 5140 ἀπὸ
2596 5084 2825 5155 Λούογκης
2853 5076 3011 5134 εἶπεν·

2146 5182 2332 5236 Ὀπότε
2379 5178 2407 5232 ὁ
2445 5178 2668 5257 Χριστὸς
2712 5174 2889 5233 ἀληθής
2920 5174 3051 5235 ἐστι,
3084 5173 3268 5245 μᾶλλον
3394 5174 3608 5250 ἀληθείᾳ,
3646 5174 3676 5235 ἦ

2078 5283 2138 5333 τῆ
2168 5274 2401 5345 συνηθείᾳ
2426 5270 2637 5324 ἔπεσθαι
2664 5266 2936 5337 ὀφείλομεν.
2976 5266 3061 5319 ἶνα
3090 5268 3209 5325 τοὺς
3256 5267 3561 5341 αίρετικοῦς.
3591 5266 3677 5322 διὰ

2076 5372 2229 5420 τοῦτο
2260 5364 2387 5441 πρὸς
2414 5364 2549 5433 ἡμᾶς
2580 5359 2916 5437 ἐρχομένους,
2947 5352 3025 5410 ὅτι
3048 5355 3146 5421 ἔξω
3172 5355 3324 5429 μηδὲν
3350 5358 3520 5413 λαϐεῖν
3552 5358 3671 5418 ἡδυ-

2075 5462 2313 5519 νηθησαν.
2331 5464 2404 5530 τῷ
2430 5464 2520 5515 τῆς
2538 5453 2831 5513 Ἐκκλησίας
2866 5452 3192 5525 βαπτίσματι
3219 5451 3534 5524 ἁνίασωμεν.

2152 5555 2383 5629 Οὐίκτωρ
2424 5551 2527 5605 ἀπὸ
2556 5547 2809 5603 Ὀκτυϐου
2832 5541 2989 5601 εἶπεν

2144 5671 2217 5737 (ι)
2251 5670 2333 5737 Sic
2358 5670 2507 5719 etiam
2528 5678 2663 5737 ipss.
2708 5672 2761 5737 et
2792 5664 3045 5737 Bevereg.
3073 5662 3164 5713 sed
3208 5664 3548 5725 interrogandi
3577 5674 3695 5718 nuta

2087 5728 2311 5786 addenda
2337 5743 2431 5795 est,
2460 5736 2543 5780 aut
2562 5728 2835 5792 legendum
2864 5742 2903 5777 τ’»
2930 5735 3094 5777 Sina-.11.
