4262 6236
395 335 524 393 lltll
748 336 1105 395 EPISTOLAE
1145 334 1443 397 DIONYSII
1472 337 1678 395 ALEX.
1722 330 1937 394 EPISC.
1974 337 2069 393 AD
2113 337 2535 396 STEPHANUM
2576 334 2809 395 PAPAM
2840 337 3337 397 FBAGMENTUM.
3546 337 3685 394 1102

388 477 552 547 primu
577 475 805 529 ltwresim
834 477 1062 550 singulos
1099 480 1606 543 mtatltcmatizttutes,
1639 486 1683 531 et
1714 494 1885 532 omnes
1912 478 1980 530 si-
2007 535 2008 539 η

2107 474 2177 534 {an
2219 475 2434 554 εἴρηται,
2486 480 2709 543 ὑπεξεῦιέ
2749 503 2889 541 τινας
2931 487 3029 533 τῶν
3093 479 3378 556 αἱρετικὼν,
3424 478 3507 530 καὶ
3564 472 3684 529 ἄνευ

390 568 519 621 mul.
551 567 713 637 Atque
734 562 829 622 hac
852 571 913 623 de
933 582 1089 624 causa
1112 589 1269 641 neque
1289 573 1531 642 exposita:
1552 579 1669 625 sunt
1684 570 1761 626 Ita:
1785 581 1983 626 senten-

390 664 491 727 tiae,
520 668 690 734 utpote
720 664 886 718 minus
913 668 1210 720 necessaria:
1229 709 1241 728 ,
1276 675 1321 723 et
1346 683 1457 735 qua?
1480 684 1578 721 non
1608 672 1977 738 promoverent,

388 748 478 809 sed
504 765 549 809 et
574 744 931 827 compendiose
954 760 1264 830 perscriptae.

2080 569 2447 643 βαπτίσματος
2486 570 2729 642 δέχεσθαι
2764 574 2981 634 τούτους
3020 574 3333 634 θεσπίσασα,
3374 569 3686 646 χρωμένους

2082 663 2231 733 μόνον
2272 671 2347 739 τῷ
2395 669 2507 737 Οεὶῳ
2552 668 2722 739 μύρῳ,
2768 670 2853 720 καὶ
2892 667 3352 737 ἁναθεματίζοντας
3383 668 3470 720 τὴν
3502 664 3690 715 οἰκείαν

2082 759 2277 835 αἵρεσιν
2307 760 2544 825 ἕκαστον,
2588 764 2673 816 καὶ
2703 762 2878 823 πάσας·
2910 762 3083 823 ἁπλῶς
3104 778 3116 790 ·
3143 763 3229 814 καὶ
3274 758 3357 813 διὰ
3384 764 3537 813 τοῦτο
3570 754 3685 810 οὐδέ

2084 854 2395 925 ἐξηγήθησαν
2426 856 2477 909 αἱ
2508 853 2715 930 ῗγνῶμαι
2756 854 2934 920 αὗται,
2966 859 3033 917 ὡς
3067 860 3135 927 μή
3168 856 3461 927 ἀναγκαῖαι,
3494 847 3573 906 οἷα
3606 874 3696 923 (Mr

2084 944 2136 999 δὲ
2168 948 2488 1024 ἐνεργοῦσαι,
2524 949 2648 1004 ἀλλὰ
2672 954 2759 1005 καὶ
2783 953 2917 1007 κατὰ
2937 948 3150 1019 σύνοψιν
3172 948 3483 1025 ἐγράφησαν.

1606 1090 2209 1171 CONCILIUM
2271 1102 2464 1175 VIII

1477 1224 1785 1288 UABITUM
1824 1231 2031 1289 CIRCA
2084 1234 2321 1292 ANNUM
2360 1236 2605 1292 CCLV".

460 1394 712 1465 Quamvis
758 1398 1076 1466 persuasum
1113 1392 1334 1446 omnino
1377 1388 1601 1471 habeam
1635 1391 1691 1447 S.
1726 1380 1996 1465 Hierony-

392 1492 539 1545 mum
569 1488 775 1558 lapsum
818 1484 982 1540 fuisse
1012 1500 1175 1555 quum
1222 1485 1438 1554 seripsit
1464 1482 1682 1538 eosdem
1716 1486 1999 1553 episcopos

391 1582 680 1638 Africanos
706 1580 795 1652 qui
829 1578 1306 1649 rebaptizationem
1335 1594 1455 1634 cum
1482 1580 1539 1635 S.
1572 1572 1843 1652 Cypriane
1874 1594 2002 1633 san-

390 1679 651 1742 civerant,
696 1690 910 1731 rursum
940 1675 1347 1737 convenientes,
1382 1689 1579 1728 novum
1606 1674 1853 1729 emisisse
1900 1672 1998 1729 de-

2102 1396 2267 1465 tione,
2288 1400 2486 1454 evincit
2517 1410 2694 1455 tamen
2723 1414 2842 1455 eam
2865 1399 3166 1455 doctrinam
3190 1398 3429 1455 nondum
3450 1399 3707 1455 abolitam

2102 1488 2266 1545 fuisse
2293 1491 2431 1563 apud
2464 1493 2642 1557 Afros,
2681 1493 2895 1548 tametsi
2926 1493 3170 1566 plerique
3201 1501 3387 1548 contra
3419 1494 3707 1548 sentirent.

2102 1582 2392 1648 Prmterea,
2426 1586 2714 1640 concilium
2747 1585 3002 1655 Cypriani
3047 1584 3224 1640 adhuc
3273 1601 3390 1641 arvo
3444 1584 3713 1640 Viueentii

2104 1674 2401 1733 Lirinensis
2429 1680 2480 1732 in
2514 1679 2834 1733 auctoritate
2864 1677 3028 1733 fuisse
3053 1688 3283 1742 conSIat,
3308 1678 3495 1748 prohat
3525 1694 3715 1733 exem-

392 1782 621 1838 cretum,
656 1786 720 1826 ac
751 1770 1071 1825 sententiam
1120 1770 1188 1823 de
1219 1768 1494 1838 Baptismo
1540 1783 1693 1822 suam
1740 1778 1996 1835 mutasse,
2028 1809 2076 1869 B
2104 1772 2250 1842 plum
2296 1773 2716 1842 Donatistarum,
2747 1773 2859 1843 qui,
2905 1783 2960 1828 ut
2997 1776 3073 1829 ait
3123 1773 3261 1828 idem
3292 1773 3627 1841 Vincentius,
3659 1781 3717 1829 et

392 1870 571 1938 putavi
605 1878 783 1921 tamen
812 1865 1045 1919 dandum
1077 1880 1196 1919 esse
1227 1865 1281 1919 in
1328 1864 1427 1917 bac
1460 1873 1634 1917 vestra
1683 1863 2001 1918 Collectione

395 1962 574 2015 locum
618 1960 741 2014 huic
788 1959 1165 2028 episcoporum
1198 1957 1507 2020 conventui,
1544 1942 2000 2026 quemadmodum

398 2055 653 2111 nonnulla
702 2053 928 2109 concilia
979 2052 1289 2107 referuntur
1333 2051 1386 2104 in
1416 2050 1647 2119 vulgatis
1675 2051 2005 2106 editionibus

394 2148 783 2214 conciliorum,
815 2163 935 2217 quae
971 2156 1150 2201 tamen
1195 2155 1406 2201 constat
1443 2145 1622 2199 habita
1670 2161 1776 2199 non
1815 2145 2001 2211 fuisse,

400 2255 605 2298 tantum
640 2260 706 2297 ne
734 2242 858 2313 quid
888 2241 1041 2296 istius
1066 2238 1368 2312 argumenti
1398 2239 1857 2310 praetermittatur,
1892 2239 2006 2293 sive

401 2351 587 2393 verum
612 2334 762 2401 illud,
796 2336 911 2390 sive
935 2334 1129 2389 falsum
1158 2336 1247 2388 sit.
1283 2334 1371 2389 Ait
1400 2348 1533 2401 ergo
1562 2333 1923 2404 Hieronymus
1952 2334 2004 2386 in

408 2430 626 2498 Dialogo
672 2430 872 2482 advers.
922 2427 1173 2499 Lucifer.,
1226 2426 1347 2481 illos
1397 2426 1542 2495 ipsos
1588 2426 1873 2496 episcopos
1915 2425 2008 2495 qui

402 2537 524 2577 cum
554 2522 706 2576 beato
736 2520 1006 2591 Cypriano
1036 2524 1341 2575 statuerant
1371 2518 1655 2574 haereticos
1684 2534 1805 2574 esse
1855 2519 2009 2573 reba-

404 2617 707 2688 ptizandos,
758 2616 825 2670 ad
874 2618 1150 2686 autiquam
1214 2615 1660 2671 consuetudinem
1712 2614 2009 2679 revolutos,

404 2722 602 2765 novum
626 2708 872 2764 emisisse
903 2708 1206 2773 deeretum,
1236 2708 1343 2779 quo
1370 2707 1623 2764 videlicet
1654 2708 2013 2763 damnabatur

405 2802 702 2873 superioris
742 2799 955 2856 concilii
1014 2801 1260 2858 doctrina
1301 2800 1369 2856 de
1416 2798 1685 2873 baptismo
1729 2801 2016 2857 ltreretico-

407 2911 550 2952 rum.

483 2990 613 3046 lluic
635 2989 948 3061 Hieronymi
972 2988 1213 3057 opinioni
1234 2987 1400 3044 multa
1424 2996 1724 3060 repugnare
1740 2989 2010 3045 videntur.

406 3083 647 3142 Primum
679 3085 842 3151 enim,
878 3086 1090 3139 constat
1136 3086 1463 3141 auctoritate
1489 3084 1704 3141 concilii
1738 3085 2018 3141 Arelaten-

2105 1873 2320 1919 constat
2366 1881 2431 1920 ex
2475 1866 2640 1935 gestis
2699 1864 3004 1920 collationis
3050 1864 3488 1936 Carthaginiensis
3534 1874 3588 1921 et
3640 1882 3712 1919 ex

2108 1958 2351 2027 pluribus
2379 1959 2663 2029 Augustini
2696 1958 2852 2025 locis,
2881 1958 3025 2013 illius
3051 1960 3372 2014 auctoritate
3397 1958 3608 2014 concilii
3632 1974 3719 2013 re-

2110 2050 2383 2120 baptizare
2409 2065 2468 2106 se
2493 2051 2836 2121 jactitabant.
2870 2052 3131 2122 Denique,
3176 2052 3379 2107 nullum
3413 2054 3533 2107 novi
3566 2053 3723 2106 istius

2109 2142 2311 2198 decreti
2360 2144 2731 2200 testimonium
2770 2145 2894 2200 alibi
2924 2155 3098 2201 exstat
3144 2146 3195 2199 in
3230 2153 3337 2199 tota
3378 2145 3724 2216 antiquitate.

2110 2236 2265 2304 Quod
2300 2249 2476 2292 tamen
2509 2237 2553 2292 si
2586 2237 2794 2301 fuisset,
2831 2237 2970 2293 haud
3018 2238 3181 2293 dubie
3206 2254 3271 2293 eo
3298 2237 3379 2293 usi
3411 2237 3723 2308 frequenter

2112 2340 2293 2386 essent
2323 2331 2618 2387 adversarii
2653 2333 3074 2388 Donatistarum.
3122 2332 3342 2399 Contra,
3385 2333 3722 2404 Augustinus

2114 2424 2166 2480 in
2215 2425 2451 2496 Epistola
2499 2442 2661 2481 XLVIII
2710 2437 2930 2482 annotat
2974 2445 3078 2483 non
3124 2429 3353 2483 inveniri
3396 2428 3727 2501 Cyprianum

2115 2521 2442 2576 sententiam
2474 2520 2541 2576 de
2584 2521 2979 2591 rebaptizandis
3029 2523 3301 2579 haereticis
3346 2539 3496 2578 suam
3545 2539 3731 2580 corre-

2116 2614 2291 2678 xisse;
2318 2614 2460 2684 quod
2490 2614 2653 2668 etiam
2686 2614 2864 2685 colligi
2893 2614 3106 2669 abunde
3136 2625 3311 2683 potest
3340 2631 3404 2670 ex
3434 2631 3554 2686 cap.
3598 2631 3688 2669 vni
3709 2655 3730 2682 ,

2118 2708 2212 2763 lib.
2247 2725 2308 2776 ιι,
2342 2718 2520 2764 contra
2550 2707 2911 2765 Gaudentium.
2944 2707 3129 2780 ltaqhe
3172 2710 3287 2765 ﬁeri
3316 2720 3491 2781 potest
3517 2720 3573 2764 ut
3601 2709 3731 2765 Ilie-

2118 2820 2401 2875 rnnymns,
2452 2820 2573 2860 cum
2606 2804 2812 2860 videret
2842 2806 3321 2875 rebaptizationem
3368 2822 3395 2858 a
3435 2803 3731 2861 Catholieis

2121 2897 2265 2952 Afris
2292 2898 2465 2966 rejici,
2498 2898 2741 2953 fortassis
2761 2898 2886 2953 odio
2912 2898 3170 2953 adversus
3203 2898 3529 2963 Donatistas,
3574 2908 3733 2967 puta.

2122 2992 2257 3045 verit
2302 2990 2463 3046 Afros
2511 2991 2577 3045 ad
2627 2992 2907 3063 antiquam
2957 2992 3401 3048 consuetudinem
3453 2993 3732 3048 revolutos

2122 3103 2241 3143 esse
2292 3088 2473 3142 statim
2525 3097 2644 3157 post
2695 3088 2979 3143 concilium
3033 3080 3271 3143 habitum
3304 3089 3404 3143 sub
3432 3089 3738 3160 Cypriane,

408 3178 504 3244 sis,
536 3177 771 3250 viguisse
819 3194 913 3247 per
947 3177 1111 3232 multa
1141 3186 1385 3252 tempora
1419 3188 1539 3248 post
1562 3179 1890 3249 Cyprianum
1920 3179 2019 3235 do-
2044 3208 2090 3270 ρ
2122 3182 2574 3251 quemadmodum
2606 3182 2937 3253 Augustinus
2991 3184 3043 3238 in
3088 3184 3179 3238 lib.
3240 3198 3294 3238 ιιι
3338 3184 3401 3236 de
3441 3180 3730 3251 Baptisma,

410 3272 637 3325 ctrimm
668 3272 736 3325 de
766 3273 1187 3341 rebaptizatione
1231 3272 1371 3342 apud
1407 3273 1583 3328 Afros.
1620 3273 1845 3339 Deinde,
1876 3273 2017 3329 istud

410 3368 588 3435 ipsum
618 3365 875 3437 probatur
900 3367 1064 3421 etiam
1109 3383 1172 3422 ex
1219 3366 1447 3421 concilio
1478 3366 1803 3437 Carthagine
1832 3366 2019 3423 habito

409 3456 552 3526 apud
597 3455 817 3513 Gratum
864 3458 1211 3529 episcopum;
1259 3459 1401 3531 quod
1431 3458 1557 3514 licet
1601 3460 1907 3516 constiterit
1952 3477 2019 3516 ex

410 3550 675 3620 episc0pis
700 3565 926 3620 quorum
955 3552 1167 3605 animus
1187 3550 1485 3607 abhorrens
1512 3562 1627 3607 erat
1655 3570 1681 3605 a
1716 3552 2019 3624 rebaptiza-

2124 3291 2243 3347 cap.
2291 3276 2347 3340 2,
2398 3281 2472 3332 ait
2524 3278 2645 3331 illos
2698 3278 2762 3331 ad
2810 3279 3091 3349 pristinam
3142 3276 3592 3332 consuetudinem
3649 3292 3734 3332 re-

2123 3371 2287 3427 diisse
2312 3384 2435 3443 post
2461 3373 2830 3445 Agrippinum.
2861 3375 3063 3431 Srern.
3098 3372 3382 3430 BALUZIUS.
3413 3370 3593 3443 (Nova
3614 3369 3737 3427 Col-

2125 3463 2330 3537 lectio.)
3628 3484 3633 3487 '

430 3694 3721 3742 Μ

533 3937 541 3944 .
592 3853 945 3912 ΕΡΙΞΤΟΙᾹ]
988 3854 1278 3913 DIONYSII
1306 3855 1773 3913 ALEXANDRINI
1820 3858 2124 3916 EPISCOI’I
2161 3860 2253 3915 AD
2284 3858 2705 3920 STEPHANUM
2732 3858 2965 3916 PAPAM
3004 3857 3505 3916 FRAGMENTUM.

1917 4037 2314 4091 PROOEMIUM.

486 4213 726 4269 Subnexo
792 4216 1079 4285 fragmento
1133 4208 1381 4266 Eusebius
1429 4211 1693 4284 prtemittit
1743 4230 1758 4269 :
1801 4210 1881 4267 Ad
1920 4211 2253 4283 Stephanum
2296 4212 2585 4284 Dionysius
2633 4213 2862 4284 primam
2916 4228 3124 4278 earum,
3169 4230 3288 4285 qua:
3332 4214 3401 4269 de
3440 4213 3726 4285 Baptisruo

415 4310 735 4377 conscriptae
778 4319 925 4376 sunt,
959 4309 1242 4377 epistolam
1283 4309 1522 4362 exaravit
1567 4326 1580 4360 :
1622 4323 1741 4363 cum
1785 4324 1891 4363 non
1936 4308 2226 4363 mediocris
2257 4308 2622 4363 controversia
2665 4318 2851 4362 exorta
2893 4318 3070 4374 esset,
3120 4318 3298 4362 utrum
3351 4322 3477 4374 eos,
3522 4310 3613 4378 qui
3653 4324 3721 4363 ex

414 4401 653 4473 qualibet
706 4399 897 4456 haeresi
948 4410 1361 4468 convertuntur,
1423 4400 1695 4472 Baptismo
1752 4404 1965 4474 purgari
2007 4414 2305 4473 oporteret.
2380 4403 2589 4474 Quippe
2628 4406 2844 4474 antiqua
2895 4404 3230 4459 consuetudo
3285 4405 3618 4471 invaluerat,
3665 4411 3725 4458 ut

412 4496 466 4551 iu
522 4496 787 4567 ejusmodi
832 4497 1190 4568 suscipiendis
1237 4498 1349 4551 sola
1405 4512 1659 4551 manuum
1739 4498 2011 4565 impositio
2072 4515 2194 4553 cum
2266 4498 2665 4568 precationibus
2733 4497 3101 4552 adhiberetur.
3159 4497 3371 4553 Primus
3414 4496 3720 4570 Cyprianus

414 4592 501 4663 qui
534 4592 1010 4663 Carthaginiensem
1042 4602 1167 4645 tunc
1208 4592 1427 4661 regebat
1465 4592 1770 4657 ecclesiam,
1809 4593 2021 4646 nonnisi
2064 4608 2160 4662 per
2194 4593 2517 4661 baptismum
2553 4593 2701 4662 prius
2732 4593 2798 4647 ab
2833 4606 3024 4646 errore
3056 4593 3341 4646 mundatus
3358 4590 3723 4647 admittendos

415 4704 535 4744 esse
564 4690 796 4743 Censuit.
860 4690 1051 4745 Verum
1093 4689 1399 4762 Stephanus
1428 4689 1557 4743 nihil
1588 4689 1843 4743 adversus
1876 4688 2241 4754 traditionem,
2276 4705 2395 4758 qua:
2416 4690 2526 4759 jam
2561 4688 2685 4743 inde
2708 4691 2777 4743 ab
2806 4688 2958 4743 initio
2988 4688 3314 4752 obtinui-rat,
3360 4686 3723 4743 innovandum

414 4793 583 4850 ratus,
616 4784 928 4853 gravissime
962 4783 1009 4836 id
1054 4782 1193 4837 tulit.
1249 4783 1329 4837 Ad
1364 4784 1502 4836 hunc
1532 4782 1693 4853 igitur
1716 4798 1837 4835 eum
1887 4781 1955 4836 de
1996 4780 2099 4837 hoc
2142 4791 2460 4852 argumento
2511 4780 2673 4833 multa
2711 4780 2994 4851 Dionysius
3026 4795 3121 4848 per
3152 4780 3361 4834 litteras
3388 4780 3722 4851 scripsisset,

415 4875 487 4931 illi
519 4877 619 4931 sub
650 4880 807 4931 tinent
835 4878 1100 4948 signiﬁcat
1129 4893 1318 4933 omnes
1348 4877 1545 4947 ubique
1582 4876 1865 4943 ecclesias,
1901 4875 2108 4930 mollito
2134 4876 2242 4945 jam
2274 4873 2663 4945 persecutionis
2698 4872 2899 4937 furore,
2961 4872 3149 4928 Novati
3184 4873 3542 4929 turbulentam
3576 4873 3729 4928 novi-

416 4978 581 5025 tatem
605 4969 956 5037 deleStantes,
989 4973 1125 5027 inter
1148 4987 1205 5025 se
1229 4987 1411 5041 pacem
1443 4970 1648 5026 iniisse.
1713 4970 1801 5025 Sic
1831 4981 2011 5025 autem
2041 4971 2227 5026 scribit
2258 4970 2496 5043 (Euscb.,
2540 4971 2630 5024 lib.
2661 4985 2771 5037 vni,
2797 4985 2844 5023 ο.
2876 4967 2933 5035 2,
2964 4970 2998 5025 5
3019 4983 3067 5023 et
3098 4969 3186 5041 4).

488 5111 637 5167 Scias
666 5119 865 5176 autem,
898 5110 1078 5174 frater,
1108 5122 1327 5165 cunetas
1358 5126 1450 5180 per
1486 5108 1758 5165 Orientem
1788 5117 1843 5163 et
1872 5108 2007 5162 ulte—

2189 5108 2312 5164 Ἴσοι
2339 5109 2392 5163 δὲ
2422 5114 2531 5173 νῦν,
2570 5106 2769 5181 ἀδελφέ,
2802 5103 2879 5161 ὅτι
2921 5108 3139 5165 ἧνωνται
3185 5113 3353 5163 πᾶσαι
3405 5107 3458 5161 αἱ
3480 5108 3728 5183 πρότερον

416 5205 529 5260 rius
558 5206 761 5274 positas
780 5204 1069 5267 Ecclesiae,
1086 5220 1205 5275 qua:
1227 5205 1374 5274 prius
1402 5214 1557 5261 erant
1585 5205 1849 5268 discissm,
1872 5218 2008 5257 nunc

2119 5201 2481 5273 διεσχισμέναι
2518 5202 2652 5256 κατὰ
2696 5221 2750 5254 τε
2793 5204 2881 5259 τήν
2928 5202 3175 5260 ἀνατολήν
3205 5201 3488 5267 ἐκκλησίαι,
3514 5203 3601 5256 καὶ
3651 5200 3729 5256 ἔτι

1758 5326 1845 5380 VA
1855 5322 2119 5380 RIORUM
2158 5322 2388 5377 NOTAE.

494 5437 741 5494 Primam.
788 5438 911 5495 Ideo
939 5440 1166 5509 primam
1200 5440 1464 5495 Eusebius
1495 5450 1649 5509 vocat
1670 5483 1686 5506 ,
1720 5441 1843 5509 quia
1874 5439 2013 5493 idem
2043 5438 2097 5497 D
2125 5436 2488 5509 propugnabat
2508 5482 2520 5502 ,
2551 5448 2674 5493 ante
2696 5440 2763 5493 ab
2787 5437 3049 5495 lconiensi
3078 5439 3309 5495 concilio
3338 5439 3605 5493 ﬁrmatam
3633 5436 3737 5492 do-

420 5513 709 5585 Dionysius
737 5506 1188 5585 exintle'quatnor
1218 5513 1350 5565 alias
1383 5521 1491 5565 tuin
1519 5506 1587 5565 ad
1616 5506 1839 5585 Xystuni
1860 5520 2014 5585 ,_tum
2123 5519 2228 5585 cet_.
2274 5508 2383 5561 Non
2425 5509 2583 5585 igitur
2622 5514 2905 5585 sententiae
2936 5511 3002 5585 de
3046 5512 3385 5585 baptizandis
3428 5510 3744 5585 luereticis,

420 5585 485 5638 ad
520 5580 830 5657 ῡῖοιιγειιιιιι
862 5580 1119 5655 Stephani
1152 5598 1516 5657 successores,
1553 5580 1753 5652 pariter
1784 5583 1851 5637 de
1882 5582 2020 5653 Bap—
2125 5580 2217 5657 sed
2255 5583 2638 5657 controversia:
2679 5599 2744 5639 ea
2784 5583 2849 5638 de
2892 5598 2951 5637 re
2982 5582 3122 5657 inter
3155 5582 3318 5657 Afros
3358 5598 3421 5635 ac
3463 5582 3761 5657 Romanos

422 5657 584 5711 tismo
617 5652 992 5710 haereticorum
1025 5655 1366 5725 conscripsit.
1400 5654 1706 5711 Consum.
1963 5652 1969 5653 “
2126 5652 2415 5725 Pontijiees
2455 5664 2594 5707 natze
2634 5658 2838 5723 primus
2868 5662 3056 5709 auctor
3085 5653 3403 5723 Cyprianus
3432 5652 3773 5707 censendus

497 5727 723 5782 Primus
766 5728 883 5797 Ipse
920 5727 1220 5799 Cyprianus
1246 5722 1414 5794 epist.
1448 5726 1509 5780 7i
1537 5768 1550 5790 ,
1594 5726 1660 5779 ad
1690 5725 1938 5799 Quintum
1967 5737 2021 5782 et
2127 5722 2570 5799 CSI._Couanr.

422 5800 546 5853 alibi
574 5787 946 5871 Agrippinum,
968 5787 1315 5854 decessorem
1343 5787 1781 5865 suntm-sequisc
1803 5800 2022 5869 proﬁtc-
2204 5795 2415 5851 Novati.
2446 5800 2596 5855 More
2622 5815 2721 5871 suo
2747 5797 3009 5871 Eusebius
3038 5798 3123 5853 hic
3154 5795 3373 5871 Novati
3395 5838 3412 5859 ι
3435 5793 3567 5871 \069
3582 5787 3654 5871 ΑΝ
3669 5795 3826 5871 (ΝΕ

426 5881 533 5928 tur.
567 5842 910 5928 Pii-milvinum
933 5842 1115 5926 autem
1146 5842 1691 5942 seintetttiam,'qua'm
1722 5842 2023 5942 0γὲτῖἑὶζῶ
2131 5871 2255 5924 (iuni
2274 5913 2287 5939 ,
2323 5842 2521 5930 nomen
2556 5870 2857 5929 substituit.
2888 5868 2944 5924 lo
2978 5885 3077 5939 eo,
3111 5866 3256 5939 quod
3297 5842 3635 5933 animum,
3694 5842 3862 5919 Ἶϊῖδ
