4262 6236
549 358 684 413 1105

1547 353 1877 411 EPISTULA
1910 353 1968 408 S.
2011 352 2338 408 CYPlllANl
2378 352 2470 406 AD
2511 349 2844 420 QUINTUM,

3709 348 3848 402 ιιθι

527 472 740 526 tandem
787 469 851 522 ad
895 469 1151 522 unitatem
1196 483 1441 524 reversas
1487 483 1639 536 esse,
1689 480 1742 524 et
1787 485 1974 524 omnes
2013 469 2121 523 ubi-

2233 471 2566 544 προσωτὲρω.
2601 472 2686 523 καὶ
2737 470 2924 528 πάντες
2977 468 3100 522 εἰσὶν
3151 466 3428 544 ὁμόφρονες
3475 466 3520 521 οἱ
3561 471 3845 539 πανταχοῦ

528 581 758 636 cumque
799 565 1150 619 ecclesiarum
1189 565 1458 620 antistites
1497 580 1658 618 unum
1690 565 1933 633 idemque
1961 564 2130 618 senii-

527 674 610 720 re,
643 669 698 712 et
724 658 793 711 oh
828 656 1088 711 redditam
1143 657 1413 726 insperato
1447 672 1627 725 pacem
1665 655 1966 710 incredibili
1998 671 2128 724 gau-

521 751 612 804 dio
642 750 934 811 exsultare,
996 750 1398 804 Deinetriauum
1426 750 1632 804 scilicet
1659 748 1970 818 episcopum
2014 748 2128 804 Au-

521 843 760 907 liOChl:l‘.,
820 844 1189 899 Tlieoctistum
1233 842 1520 907 Crsnrear,
1567 844 1910 898 Mazabeuem
1969 842 2128 898 Ailia:

527 949 650 1007 post
695 948 920 990 mortem
975 936 1300 999 Alexandri,
1348 936 1604 990 Marinum
1657 938 1805 1008 Tyri,
1848 936 2128 993 Laodicea:

522 1029 869 1084 Heliodorum
887 1039 1006 1096 post
1029 1031 1235 1084 obitum
1253 1029 1638 1099 'l‘lielymidris,
1657 1029 1918 1085 Helenum
1939 1029 2129 1083 'l‘barsi

434 1139 438 1144 ‘
522 1133 788 1178 etomnes
833 1123 1034 1177 Cilicia:
1084 1123 1364 1182 ecclesias.
1416 1123 1786 1177 Firinilianum
1819 1140 1939 1176 cum
1979 1123 2126 1177 omni

517 1215 880 1286 Cappadocia.
933 1215 1089 1270 Solos
1116 1214 1257 1270 enim
1285 1215 1603 1268 illustriores
1632 1218 1915 1285 episcopos
1949 1215 2127 1268 nomi-

514 1313 659 1374 navi,
691 1325 757 1364 ne
787 1311 922 1362 forte
949 1309 1173 1379 epistola
1205 1319 1383 1362 nostra
1411 1309 1690 1378 prolixior,
1719 1319 1772 1364 et
1799 1310 1975 1364 oratio
2006 1325 2123 1362 mo-

513 1403 700 1459 lestior
750 1402 1086 1457 redderetur.
1151 1402 1320 1473 Syriis
1373 1402 1586 1471 quidem
1636 1412 1759 1456 tota:
1804 1413 1855 1456 et
1906 1403 2118 1468 Aiabia,

517 1496 709 1566 quibus
741 1495 1045 1549 identidem
1091 1495 1393 1550 necessaria
1436 1495 1819 1565 suppeilitatis,
1849 1507 1899 1548 et
1929 1495 2122 1564 quibus

519 1589 727 1644 litteras
755 1605 895 1642 nunc
923 1589 1238 1657 scripsistis,
1267 1587 1646 1658 Mesopotamia
1670 1605 1880 1659 quoque
1903 1601 1955 1643 et
1979 1589 2118 1641 Pon-

522 1692 607 1738 tus
648 1701 711 1738 ac
751 1683 998 1754 Bithynia
1020 1726 1033 1748 ,
1069 1691 1126 1738 et.
1156 1693 1210 1736 ut
1244 1698 1350 1736 uno
1381 1682 1549 1738 verbo
1577 1684 1884 1749 absolvam,
1934 1700 2124 1739 omnes

514 1778 714 1849 ubique
755 1788 1019 1832 terrarum
1064 1777 1242 1830 lietitia
1279 1771 1520 1847 "gestiunt
1579 1777 1648 1830 oh
1700 1778 1835 1831 lianc
1893 1792 2119 1831 concor-

515 1873 658 1929 diam
710 1874 1111 1942 lraternamque
1137 1869 1454 1926 charitatcm
1487 1871 1765 1927 laudantes
1797 1874 1986 1927 Deum.

2236 569 2597 638 προεστῶτες,
2650 564 2923 637 χαίροντες
2967 561 3073 614 καθ’
3120 560 3407 636 ὑπερϐολὴν
3454 562 3538 613 ἐπὶ
3590 567 3653 633 τῇ
3701 559 3848 630 παρὰ

2235 654 2562 732 προσδοχὶαν
2597 657 2764 732 εἰρήνῃ
2789 657 3047 729 γενομένῃ·
3074 654 3424 729 Δημητριανός
3456 653 3506 706 ἐν
3535 650 3845 724 Ἀντιοχείᾳ,

2235 748 2548 806 Θεόκτιστος
2589 747 2640 800 ἐν
2681 749 2980 822 Καισαρείᾳ.
3015 745 3321 810 Μαζαϐἁνης
3351 746 3402 798 ἐν
3429 744 3569 818 Allia;
3598 743 3848 812 κοιμηθέν·

2234 860 2322 898 τος
2343 837 2687 914 Ἀλεξάνδρου.
2721 847 2940 914 Μαρῐνος
2979 841 3028 892 ἕν
3053 841 3201 914 Τύρῳ
3254 835 3550 912 Ἡλιόδωρος·
3584 839 3633 889 ἐν
3663 833 3846 889 Λαοδι-

2233 934 2344 1006 κείᾳ
2371 931 2806 1002 ἀναπαυσαμένου
2834 928 3178 1007 Θηλυμίδρου,
3207 925 3404 990 Ἕλενος
3445 930 3494 982 ἐν
3539 935 3726 1002 Ταρσῷ
3752 930 3840 980 καὶ

2233 1029 2404 1078 πᾶσαι
2433 1024 2486 1077 αἱ
2517 1032 2608 1083 τῆς
2639 1021 2859 1082 Κιλικίας
2900 1022 3161 1078 ἐκκλησίαι
3183 1062 3198 1084 ,
3228 1021 3548 1093 Φιρμιλιανός
3575 1021 3659 1072 καὶ
3687 1025 3840 1073 πᾶσα

2233 1115 2592 1192 Καππαδοκίᾳ.
2648 1119 2778 1177 Τοὺς
2827 1118 2926 1192 γὰρ
2987 1117 3449 1188 περιφανεστὲρους
3497 1114 3681 1186 μόνους
3735 1122 3838 1168 τῶν

2232 1211 2527 1266 ἐπισκόπων
2546 1210 2810 1280 ὠνόμασα.
2838 1211 2920 1263 ἶνα
2959 1215 3084 1280 μήτε
3129 1219 3290 1282 μῆκος
3317 1219 3379 1284 τῇ
3410 1209 3651 1277 ἐπιστοὶῇ
3673 1251 3684 1270 ,
3714 1213 3840 1278 μήτε

2229 1304 2392 1376 βάρος
2413 1303 2674 1377 προσάψω
2704 1310 2778 1375 τῷ
2816 1303 2966 1377 λόγῳ.
2999 1305 3051 1357 αἱ
3080 1306 3170 1376 μέν
3201 1325 3280 1358 τοι
3306 1307 3480 1381 Συρίαι
3524 1300 3636 1356 ὅλαι
3682 1305 3768 1355 καί
3813 1303 3842 1357 ἡ

2231 1396 2446 1471 Ἀραϐία
2491 1395 2563 1459 οἷς
2584 1401 2849 1472 ἐπαρκεῖτε
2881 1398 3148 1458 ἑκάστοτε.
3171 1401 3257 1452 καὶ
3285 1394 3358 1459 οἷς
3383 1403 3471 1450 νῦν
3489 1397 3840 1462 ἐπεστείλατε,

2231 1490 2263 1545 ἦ
2287 1510 2340 1544 τε
2367 1495 2761 1563 Μεσοποταμία.
2795 1491 2977 1551 Πόντος
3003 1510 3056 1544 τε
3089 1492 3176 1543 καί
3208 1492 3403 1544 Βιθυνία
3428 1532 3440 1550 ,
3471 1491 3558 1543 καὶ
3584 1488 3843 1543 συνελόντι

2231 1587 2406 1640 εἰπεῖν.
2432 1587 2770 1657 ἀγαλλιῶνται
2797 1589 2984 1647 πάντες
3009 1591 3289 1656 πανταχοῦ
3319 1593 3379 1656 τῇ
3420 1583 3631 1659 ὁμονοίᾳ
3653 1587 3738 1638 καὶ
3763 1607 3841 1656 φι-

2231 1675 2472 1752 λαδελφίᾳ
2501 1676 2796 1742 δοξάζοντες
2821 1681 2908 1734 τὸν
2933 1679 3081 1733 Θεὸν.

2160 1863 2210 1923 Β

1861 1985 2229 2042 VARIORUM
2269 1986 2502 2044 NOTIE.

504 2105 716 2163 erudito
753 2118 856 2156 non
898 2100 1109 2156 videtur
1137 2099 1403 2153 Eusebius
1437 2098 1677 2167 Dionysii
1710 2106 1944 2152 mentem
1978 2100 2108 2151 satis

505 2178 735 2234 feliciter
760 2184 1071 2229 assecutus:
1105 2187 1224 2226 cum
1262 2186 1356 2237 pro
1384 2171 1578 2223 mollito
1598 2171 1712 2240 jam
1745 2171 2108 2233 persecutionis

508 2256 715 2320 fui-ore,
748 2247 940 2299 melius
978 2244 1154 2297 sedata
1193 2245 1302 2314 jum
1345 2243 1633 2320 scitisniatis
1673 2241 1898 2320 procella
1941 2242 2105 2294 dixis-

505 2312 609 2376 set.
643 2322 717 2374 lix
750 2317 851 2371 hoc
881 2326 1058 2369 autem
1091 2312 1208 2368 loco
1241 2314 1542 2383 intelligere
1569 2324 1645 2366 εει
1666 2354 1680 2376 ,
1720 2315 1770 2364 in
1805 2312 2106 2378 fragmento

504 2394 753 2448 subnem
800 2405 907 2442 non
943 2403 1035 2440 eas
1087 2385 1295 2440 narriri
1343 2388 1526 2439 turbas
1572 2384 1819 2446 sedatas,
1873 2400 2006 2453 quas
2053 2386 2104 2437 in

504 2466 727 2520 Oriente
779 2459 1070 2515 novissime
1118 2458 1377 2510 excitarat
1429 2457 1674 2517 baptismi
1724 2455 2102 2508 haereticorum

505 2552 664 2591 causa
685 2579 697 2596 ,
727 2533 822 2587 sed
851 2547 975 2595 eas,
1009 2546 1142 2598 quas
1171 2528 1446 2596 aliquanto
1476 2541 1599 2581 ante
1630 2526 1907 2580 Novatiani
1945 2527 2105 2580 factio

504 2607 799 2662 invi-ximat.
829 2603 942 2657 Non
971 2604 1108 2654 male
1133 2611 1308 2654 tamen
1338 2600 1600 2653 l'JuSi-bius
1623 2598 1901 2652 epistolam
1935 2598 2101 2663 ipsam

509 2680 573 2734 de
599 2677 863 2746 Buptismo
890 2675 1242 2727 haereticorum
1270 2671 1522 2746 scriptam
1568 2671 1816 2746 notavit:_
1848 2670 1972 2746 quia
2019 2675 2104 2722 ni-

505 2740 702 2810 mirum
749 2749 798 2802 in
848 2747 1014 2814 prima
1061 2755 1116 2799 et
1162 2745 1424 2812 pra-cipua
1458 2742 1574 2814 ejus
1607 2753 1755 2814 parte
1785 2740 1853 2814 de
1877 2744 1988 2814 lioc
2015 2758 2104 2794 ar-

505 2830 795 2893 gumento,
829 2811 884 2870 iit
910 2819 1027 2893 ipse
1048 2811 1350 2893 _l)ii_ii.ysius
1394 2816 1445 2867 iii
1489 2812 1714 2880 epistola
1747 2813 1824 2893 .ad
1877 2811 2104 2893 Xystiim

507 2879 792 2956 meminit,
813 2879 972 2942 multa
995 2879 1387 2950 eilisﬂzruerat,
1420 2879 1685 2956 rogariset
1706 2879 1958 2937 obtestans
1990 2883 2106 2956 Ste-

509 2955 775 3032 phanum,
821 2960 957 3014 haud
1000 2959 1162 3014 dubie
1200 2974 1266 3010 ne
1299 2966 1405 3010 tant
1437 2955 1643 3010 dil'licili
1679 2955 1731 3008 in
1761 2970 1920 3010 causa
1952 2955 2111 3022 quid-

509 3051 670 3105 quam
699 3047 1039 3105 prmpt‘Opere
1067 3040 1276 3100 ageret,
1309 3039 1396 3081 aut
1418 3043 1613 3105 pacem
1636 3042 1758 3080 Ctltn
1789 3038 1865 3080 tet
1896 3039 2111 3096 tamque

509 3102 781 3179 prajclaris
803 3102 1070 3179 episcopis
1093 3109 1386 3179 ru-iLiieret.
1411 3102 1715 3179 (ἐυιιείνιιητἶ

585 3169 911 3229 Mazubencm
957 3169 1137 3227 .Eliw.
1183 3171 1355 3228 Cra-ci
1399 3181 1575 3224 textus
1611 3171 1782 3224 series
1820 3169 2122 3239 postularet

513 3248 849 3305 Maznbcnem
889 3243 1088 3311 zElim,
1142 3243 1407 3298 Marinum
1457 3240 1619 3312 Tyri:
1668 3241 1810 3312 quod
1865 3242 2119 3296 mendum

1697 3378 1878 3387 ._._

529 3378 1696 3403 Μ

669 3465 1002 3524 lil’lSTOLA
1029 3464 1086 3521 S.
1117 3460 1444 3518 CYPRIANI
1483 3460 1573 3514 AD
1605 3459 1937 3527 QUINTUM.

936 3635 1000 3673 DE
1042 3631 1338 3674 H£RETICIS
1368 3631 1726 3670 BAPTIZANDIS.

543 3779 752 3843 (Erasm.
779 3791 828 3840 p.
855 3775 964 3824 597.
994 3770 1179 3822 Pamel.
1206 3769 1382 3835 Rigalt.
1409 3769 1574 3822 Baluz.
1595 3770 1753 3820 Oxon.
1776 3768 1906 3830 Lips.
1929 3769 2090 3833 Lm.)

596 3931 638 3984 1.
682 3928 970 3999 Cyprianus
1015 3935 1040 3961 ιι
1071 3924 1259 3992 Quinto
1294 3924 1445 3995 fratri
1463 3924 1698 3978 salutem.
1734 3953 1803 3962 -—
1833 3921 2032 3977 Retulit
2059 3921 2126 3976 ad

525 4045 636 4088 me.
689 4025 852 4078 l‘rater
897 4018 1234 4081 cliarissiine,
1286 4017 1550 4072 Luciauus
1575 4018 1982 4088 compresbyter
2027 4033 2126 4071 no-

524 4131 659 4185 ster,
688 4127 740 4172 te
760 4115 1098 4170 desiderasse
1129 4121 1188 4166 ut
1216 4111 1642 4181 signiticaremus
1679 4108 1770 4163 tibi
1799 4108 1824 4146 ι)
1855 4109 1980 4180 quid
2007 4124 2129 4163 sen—

527 4213 726 4265 tiamus
766 4207 832 4263 de
860 4206 942 4261 liis
981 4206 1071 4276 qui
1121 4203 1264 4268 apud
1325 4203 1607 4258 th-reiicos
1653 4213 1709 4258 et
1757 4201 2132 4256 schisinaticos

527 4302 780 4372 baptizati
808 4299 1072 4354 videntur.
1113 4297 1186 4350 De
1214 4313 1316 4366 qua
1357 4312 1413 4351 re
1443 4295 1565 4367 quid
1599 4311 1766 4364 nuper
1795 4295 1846 4348 in
1901 4295 2131 4349 concilio

532 4397 747 4468 plurimi
792 4389 1097 4462 coepiscopi
1142 4406 1262 4444 cum
1292 4389 1746 4460 co-npre‘hytei'is
1774 4373 1872 4455 qui
1915 4387 2137 4442 aderant

535 4490 932 4551 censuerimus,
973 4496 1029 4539 ut
1058 4485 1247 4548 scires,
1287 4483 1528 4550 ejusdem
1558 4481 1803 4552 epi~tolie
1831 4481 2132 4551 t'Xt'mplllm

537 4586 633 4642 tibi
663 4585 805 4638 misi.
843 4582 1035 4636 Nescio
1062 4579 1258 4633 etenim
1290 4593 1391 4648 qua
1423 4575 1845 4646 prirsumptione
1872 4575 2139 4629 ducuntur

536 4678 754 4748 quidam
800 4674 867 4728 tle
899 4673 1118 4741 collegis
1166 4671 1384 4732 nostris,
1424 4677 1481 4722 ut
1521 4676 1706 4736 putent
1736 4682 1830 4721 eos
1857 4667 1946 4736 qui
1996 4667 2136 4736 apud

539 4768 824 4824 ltzereticiis
847 4776 868 4803 ε
899 4765 1044 4818 tincti
1075 4773 1218 4828 sttui,
1247 4760 1460 4829 quando
1483 4759 1546 4811 ad
1574 4773 1672 4812 nos
1701 4756 1964 4816 venerint.
2001 4759 2132 4829 bap-

537 4861 692 4916 tizari
732 4876 834 4912 non
859 4867 1130 4928 Oportere,
1165 4872 1231 4909 eo
1260 4853 1402 4924 quod
1457 4852 1634 4905 dicunt
1677 4869 1837 4904 unum
1873 4852 2134 4921 baptisma

2213 2113 2376 2161 esse,
2429 2099 2556 2152 olim
2603 2114 2632 2152 ιι
2680 2098 2875 2152 Ruﬁno
2918 2106 3258 2161 correctum,
3307 2096 3554 2153 Valesius
3603 2099 3833 2153 monuit.

2211 2170 2582 2242 Alexandrum
2617 2173 2796 2235 enim,
2827 2172 2982 2237 cujus
3021 2170 3246 2242 beatum
3294 2171 3498 2224 exitum
3546 2170 3831 2242 Dionysius

2207 2241 2348 2296 apud
2382 2241 2672 2295 Eusebium
2709 2243 2801 2294 lib.
2832 2258 2910 2304 vt,
2933 2257 2981 2296 c.
3005 2241 3098 2305 46,
3119 2242 3374 2296 Cornelio
3403 2258 3553 2311 papze
3581 2241 3784 2296 nuntiat
3807 2286 3823 2306 ,

2212 2311 2402 2373 Elim.
2435 2329 2562 2376 seu,
2595 2324 2649 2365 ut
2693 2314 2857 2366 citato
2888 2313 3006 2367 loco
3038 2315 3275 2383 loqmttir
3297 2313 3580 2372 Eusebius.
3608 2313 3829 2368 Jero~o-

2212 2384 2503 2455 lymorum,
2531 2400 2634 2438 non
2658 2383 2786 2455 Tyri
2809 2385 3144 2452 episcopum.
3180 2384 3345 2439 fuisse
3376 2396 3609 2440 constat.
3631 2384 3831 2442 CoUST.

2285 2456 2657 2526 Sitppi’ditutis.
2680 2458 2911 2510 Servato
2936 2455 3135 2510 scilicet
3166 2457 3526 2510 llomanoriitn
3555 2457 3642 2526 pio
3661 2474 3834 2522 more,

2211 2543 2367 2597 quem
2391 2527 2656 2581 Eusebius
2681 2528 2773 2580 lib.
2795 2543 2867 2591 tv,
2887 2542 2936 2581 c.
2963 2529 3057 2588 25.
3080 2528 3154 2581 uti
3173 2529 3282 2593 jam
3305 2529 3739 2590 observavimus.
3767 2530 3835 2584 ab

2165 2620 2168 2622 ν
2213 2601 2330 2666 ipso
2363 2600 2636 2667 religionis
2662 2600 2887 2652 exordio
2918 2599 2982 2652 ad
3016 2615 3166 2652 suain
3200 2615 3370 2668 usque
3405 2610 3620 2655 :etatem
3653 2611 3837 2654 νιιδιοο

2211 2671 2382 2724 dituin
2417 2680 2673 2734 testatur,
2706 2680 2764 2724 nt
2789 2671 3036 2726 ecclesiis
3064 2686 3224 2740 quam
3255 2673 3530 2738 plurimis,
3558 2674 3720 2726 etiam
3754 2691 3838 2727 re-

2214 2744 2393 2806 motis,
2428 2743 2730 2796 necessaria
2758 2754 2878 2795 vita:
2903 2741 3141 2796 subsidia
3168 2744 3550 2797 transmittant.
3581 2744 3835 2799 Humili-ni

2211 2813 2282 2865 oh
2305 2828 2522 2866 oausam
2552 2829 2734 2882 supra,
2767 2830 2886 2879 pag.
2907 2813 2997 2878 78,
3021 2817 3180 2867 'Soter
3200 2830 3228 2866 a
3251 2813 3507 2885 Dionysio
3529 2815 3809 2870 Corinthio

2213 2901 2331 2938 rum
2363 2886 2622 2954 episcopo
2648 2885 2918 2938 laudatur.
2945 2885 3260 2939 Cousnivr.

2290 2954 2476 3008 Deum.
2526 2955 2754 3009 Exstant
2802 2964 2857 3011 et
2885 2957 2986 3009 alia
3032 2962 3331 3021 lragmenta
3362 2957 3666 3014 litterarum
3701 2975 3838 3022 quas

2216 3027 2271 3083 S.
2315 3026 2600 3098 Dionysius
2630 3036 2740 3100 tuin
2785 3029 2850 3081 ad
2899 3028 2956 3082 S.
2993 3027 3314 3100 Dionysium
3339 3044 3554 3095 papam,
3589 3031 3629 3095 I,
3655 3030 3838 3085 Phile-

2223 3113 2463 3171 i_nonem,
2501 3099 2868 3171 presbyteros,
2907 3109 3016 3153 tum
3064 3098 3144 3152 ad
3186 3102 3246 3154 ὃ.
3277 3098 3508 3170 Xystum
3542 3118 3737 3171 papam
3764 3102 3834 3157 de

2221 3169 2508 3244 Baptisniu
2532 3169 2910 3244 hau-eiicortiiii
2935 3181 2991 3244 et
3018 3174 3086 3225 de
3109 3173 3303 3244 liirresi
3329 3169 3636 3244 §zibelliaiia
3668 3175 3837 3244 scrip-

2221 3243 2311 3296 sit.
2345 3241 2464 3295 Vid.
2498 3241 2647 3307 inl'r.,
2679 3254 2808 3296 tom.
2835 3257 2866 3295 v
2895 3241 3118 3312 hujusce
3148 3242 3393 3298 hihiiOthi
3415 3259 3514 3299 cie.
3627 3245 3763 3300 Enn.

2152 3457 2196 3519 C
2230 3459 2366 3513 siam
2393 3475 2496 3513 non
2531 3470 2708 3530 potest
2737 3479 2749 3513 :
2779 3476 2924 3527 nam,
2955 3476 3076 3516 cum
3092 3460 3198 3515 duo
3226 3461 3542 3530 baptismate
3565 3477 3688 3517 esse
3723 3478 3834 3518 non

2238 3553 2472 3620 possint,
2506 3555 2549 3607 si
2589 3555 2825 3609 Inrretici
2867 3569 2994 3610 vere
3037 3553 3307 3624 baptizant
3334 3597 3349 3619 ,
3385 3556 3480 3626 ipsi
3511 3555 3703 3612 habent
3735 3558 3800 3613 ba

2237 3649 2471 3716 ptisma;
2505 3660 2552 3705 et
2603 3651 2691 3720 qui
2725 3651 2824 3707 hoc
2852 3651 2960 3705 illis
3006 3652 3362 3722 patrocinium
3409 3654 3476 3707 de
3520 3653 3841 3709 auctoritate

2233 3757 2329 3796 sua
2377 3753 2624 3812 pra's1at,
2655 3744 2798 3799 cedit
2843 3744 2948 3798 illis
2987 3753 3043 3800 et
3081 3745 3373 3809 consentit,
3414 3753 3473 3799 ut
3503 3755 3525 3782 ο
3555 3746 3738 3801 hostes
3787 3758 3844 3802 et

2233 3833 2532 3890 adversarii
2563 3837 2760 3891 Christi
2789 3836 2987 3892 habere
3013 3837 3295 3892 videantur
3324 3838 3575 3893 abluendi
3601 3850 3653 3894 et
3692 3840 3844 3910 puri-

2231 3929 2423 3984 ﬁcandi
2477 3940 2530 3984 et
2583 3932 2954 3988 sanctilicandi
3012 3932 3246 3988 hominis
3315 3943 3660 4004 potestatem.
3733 3935 3843 3990 Nos

2233 4035 2412 4081 autem
2440 4027 2666 4082 dicimus
2695 4044 2790 4084 eos
2817 4029 2906 4100 qui
2941 4027 3064 4082 inde
3096 4029 3337 4092 veniunt,
3373 4045 3478 4081 non
3511 4029 3837 4096 rebaptizari

2233 4117 2372 4189 apud
2407 4135 2524 4184 nos,
2559 4121 2652 4174 sed
2695 4120 2972 4190 baptizari.
3024 4119 3207 4189 Neque
3237 4121 3379 4173 enim
3414 4121 3683 4190 accipiunt
3726 4121 3833 4176 illic

2235 4213 2433 4282 aliquid
2469 4215 2554 4268 tibi
2585 4216 2714 4271 nihil
2745 4224 2865 4277 est;
2897 4214 2992 4270 sed
3023 4213 3242 4268 veniunt
3271 4212 3336 4266 ad
3367 4227 3465 4267 nos
3489 4227 3543 4267 ut
3578 4213 3663 4268 hic
3691 4215 3838 4269 aeri-

2239 4291 2387 4359 piaiit
2412 4292 2499 4346 ubi
2526 4303 2581 4347 et
2609 4298 2775 4366 gratia
2799 4307 2854 4353 et
2883 4303 3079 4359 veritas
3107 4308 3282 4360 omnis
3310 4317 3414 4368 est.
3448 4309 3570 4377 qttia
3594 4318 3646 4361 et
3669 4309 3843 4378 gratia

2239 4395 2292 4438 et
2323 4386 2525 4442 vi-ritas
2565 4405 2666 4442 una
2711 4403 2811 4446 est.
2863 4394 3029 4450 Porro
3059 4409 3236 4454 autem
3268 4401 3479 4468 quidam
3511 4400 3578 4455 de
3617 4401 3846 4472 collegis

2241 4478 2439 4531 nostris
2481 4480 2684 4536 malunt
2729 4482 2995 4541 hmreticis
3035 4488 3295 4547 boum-em
3327 4492 3456 4548 dare
3485 4509 3646 4562 quam
3685 4493 3845 4548 nobis

2239 4571 2577 4636 consentire;
2633 4584 2716 4639 et,
2767 4577 2892 4632 dum
2940 4584 3096 4636 unius
3154 4582 3402 4651 baptismi
3441 4586 3849 4640 asseveratione

2241 4661 2512 4731 baptizare
2538 4667 2815 4724 venientes
2863 4672 3070 4737 uolunt,
3114 4675 3212 4740 sic,
3247 4686 3338 4730 aut
3382 4677 3488 4730 duo
3523 4677 3845 4748 baptismata

2241 4755 2339 4824 ipsi
2372 4757 2570 4814 faciunt
2599 4804 2613 4826 ,
2673 4764 2798 4818 dttm
2831 4775 2886 4821 et
2917 4768 3055 4838 apud
3107 4769 3390 4826 haereticos
3437 4773 3692 4841 baptisma
3722 4787 3852 4828 t-Sse

2240 4852 2444 4919 dicunt,
2471 4867 2563 4911 aut
2593 4868 2757 4921 certe,
2783 4861 2923 4931 quod
2948 4873 3028 4917 est
3055 4866 3290 4932 gravius,
3324 4866 3698 4920 hicn-licorum
3726 4883 3853 4920 sor-

539 4971 693 5013 csse.
741 4953 881 5024 quod
923 4969 1083 5006 unum
1129 4948 1336 5004 scilicet
1368 4949 1419 5001 in
1462 4946 1697 5000 licclesia
1729 4946 1990 5000 catholica
2030 4957 2132 5002 est.
2164 4926 2216 4984 Ι)
2241 4945 2332 5001 did
2353 4965 2420 5001 im
2455 4961 2507 5003 et
2539 4952 2814 5021 profanam
2839 4956 3175 5021 tiuctionem,
3205 4974 3336 5014 vero
3364 4971 3412 5013 et
3441 4960 3598 5015 unico
3627 4971 3680 5014 et
3713 4958 3857 5028 legi.

538 5053 670 5121 Quae
695 5046 998 5115 Ecclesia“,
1017 5047 1060 5102 si
1093 5061 1192 5098 una
1215 5053 1318 5106 eSt,
1351 5057 1474 5097 eSse
1490 5041 1751 5109 baptisma
1776 5048 1924 5093 extra
1949 5038 2137 5094 Eccle-

2242 5042 2374 5096 timo
2407 5045 2664 5100 Ecclesiae
2690 5047 2971 5104 catholicae
2991 5051 3259 5121 baptismo
3278 5068 3593 5124 pra-ponere
3623 5063 3676 5108 et
3704 5068 3855 5124 prino

1773 5131 2156 5189 LECTIONES
2195 5133 2605 5194 VARIANTES.

607 5269 631 5296 “
669 5265 902 5325 Quintino
925 5261 1064 5325 fratri
1091 5260 1280 5325 Britain.

605 5327 634 5365 ι)
670 5315 797 5388 Quid
822 5340 909 5374 nos
932 5323 1202 5388 sentiamus
1230 5321 1359 5388 La_n_i.
1393 5315 1590 5388 Rothi.

604 5397 628 5426 ο
668 5376 729 5442 Et
753 5376 1084 5441 scliiunatieos
1111 5385 1178 5432 La
1197 5398 1224 5431 ii
1276 5383 1400 5432 Ebor
1445 5380 1554 5448 Νρ.
1575 5380 1628 5448 ,1.
1648 5376 1780 5448 ΔΒοᾼά.

601 5455 628 5494 ιι
665 5439 785 5514 Quae
825 5449 1041 5501 Ecclesia
1081 5448 1196 5510 quia
1232 5459 1326 5516 uita
1351 5452 1454 5516 est"
1480 5441 1604 5516 Bod.
1644 5441 1686 5496 l.
1715 5439 1759 5489 2.
1931 5441 2137 5516 hiant.

533 5504 700 5570 Ebor,‘
713 5518 766 5566 Si
793 5523 868 5564 est
893 5526 1007 5573 una,
1035 5504 1225 5560 et'esse
1251 5506 1390 5560 Corb.
1419 5507 1555 5565 Quod
1581 5517 1728 5554 unum
1753 5504 1947 5552 SCiliCCl
1971 5505 2021 5552 in
2047 5504 2138 5553 Ec-

2247 5253 2640 5326 clesiannahest,
2668 5264 2856 5326 etesse
2881 5261 3121 5326 baptisma
3139 5267 3322 5326 ιιι-αξιοι·
3341 5261 3611 5326 Ecclesiam
3637 5275 3734 5311 non
3759 5277 3858 5326 po-

2248 5323 2350 5427 ξιξδὲ
2373 5320 2488 5368 ΜΗ.
2516 5317 2704 5370 Praeter
2729 5317 2998 5372 Ecclesiaiii
3022 5317 3156 5374 Lam:
3183 5323 3326 5374 Ebur.
3370 5323 3473 5376 Liu.
3500 5327 3548 5376 Ν
3555 5327 3609 5376 C.
3645 5327 3688 5374 l.
3716 5317 3857 5379 B'od.

2281 5417 2350 5472 “c-
2357 5417 2542 5494 .Hosﬁs
2563 5452 2615 5494 et
2639 5447 2948 5498 adversarius
2985 5448 3166 5500 Christi
3211 5450 3396 5501 habere
3441 5451 3665 5501 videatur
3709 5452 3854 5502 Lam.

2242 5503 2390 5556 Ebur.
2419 5508 2525 5557 ΝΟ.
2555 5509 2602 5558 1.
2622 5508 2746 5560 Bod.
2776 5511 2822 5570 1,
2846 5511 2894 5560 2.
2933 5509 3039 5562 Litt.

1850 5611 2215 5669 VARIORUM
2262 5612 2352 5669 N0
2371 5615 2489 5670 [ΑΞ.

608 5746 786 5798 Episr.
839 5758 903 5795 ao
943 5738 1212 5807 Qum'rtm.
1245 5734 1281 5786 Ι.
1313 5762 1384 5807 κέ
1416 5730 1604 5807 Quinto
1654 5727 1852 5807 Fratri.
1906 5727 2060 5807 Hune
2085 5735 2141 5781 et

530 5816 792 5883 collegam
845 5801 1001 5864 suum
1052 5818 1230 5883 vocat,
1273 5813 1327 5857 et
1359 5806 1410 5856 in
1438 5801 2136 5883 Mauritaniaconstitutum

528 5873 704 5939 fuisse
735 5889 962 5936 testatur
1013 5877 1237 5946 cpistola
1267 5873 1549 5942 sequenti,
1581 5873 1670 5924 tibi
1699 5873 1859 5924 etiam
1891 5873 2136 5924 meminit

2320 5734 2404 5796 jus
2433 5734 2699 5802 epistolae.
2777 5734 3014 5792 RIGALT.

2320 5800 2472 5881 οιιηιΔ
2524 5815 2567 5858 et
2633 5808 2774 5876 apud
2831 5811 3096 5866 Iiwrelicos
3165 5812 3418 5881 baptisma
3482 5830 3589 5868 esse
3648 5817 3853 5874 diciml.

2240 5873 2414 5946 Atque
2459 5875 2598 5932 inter
2627 5873 2863 5936 canones
2905 5881 2995 5952 qui
3027 5873 3279 5941 dicuntur
3305 5887 3689 5956 Apostolorum
3715 5930 3730 5955 ,
3759 5873 3850 5946 di?

2245 5727 2404 5802 hujus
2433 5731 2699 5802 epistolae.
