  <div class='ocr_page' id='page_1' title='image "/cluster/home/n/w/nwhite01/storage/ocr_20150623/3/hvd.32044054086798/602.png"; bbox 0 0 4262 6236; ppageno 0'>
   <div class='ocr_carea' id='block_1_1' title="bbox 423 206 3721 297">
    <p class='ocr_par' dir='ltr' id='par_1_1' title="bbox 423 206 3721 297">
     <span class='ocr_line' id='line_1_1' title="bbox 423 206 3721 297; baseline 0.011 -36"><span class='ocrx_word' id='word_1_1' title='bbox 423 206 562 262; x_wconf 69' lang='grc'><strong>1105</strong></span> <span class='ocrx_word' id='word_1_2' title='bbox 1569 213 1657 269; x_wconf 83' lang='lat' dir='ltr'><strong>DE</strong></span> <span class='ocrx_word' id='word_1_3' title='bbox 1698 215 2091 277; x_wconf 69' lang='lat' dir='ltr'><strong>HASRETICIS</strong></span> <span class='ocrx_word' id='word_1_4' title='bbox 2124 223 2596 284; x_wconf 78' lang='lat' dir='ltr'><strong>BAPTIZANDIS.</strong></span> <span class='ocrx_word' id='word_1_5' title='bbox 3573 240 3721 297; x_wconf 72' lang='lat' dir='ltr'><strong>H00</strong></span> 
     </span>
    </p>
   </div>
   <div class='ocr_carea' id='block_1_2' title="bbox 417 322 3708 423">
    <p class='ocr_par' dir='ltr' id='par_1_2' title="bbox 417 322 3708 423">
     <span class='ocr_line' id='line_1_2' title="bbox 417 322 3708 423; baseline 0.008 -44"><span class='ocrx_word' id='word_1_6' title='bbox 417 323 562 379; x_wconf 80' lang='lat' dir='ltr'><strong>ferre</strong></span> <span class='ocrx_word' id='word_1_7' title='bbox 588 324 918 379; x_wconf 87' lang='lat' dir='ltr'><strong>contendunt</strong></span> <span class='ocrx_word' id='word_1_8' title='bbox 948 343 960 378; x_wconf 91' lang='lat'>:</span> <span class='ocrx_word' id='word_1_9' title='bbox 995 341 1097 382; x_wconf 90' lang='lat' dir='ltr'><strong>non</strong></span> <span class='ocrx_word' id='word_1_10' title='bbox 1125 322 1530 387; x_wconf 83' lang='lat' dir='ltr'><strong>considerantes</strong></span> <span class='ocrx_word' id='word_1_11' title='bbox 1556 333 1812 404; x_wconf 88' lang='lat' dir='ltr'><strong>scriptum</strong></span> <span class='ocrx_word' id='word_1_12' title='bbox 1857 351 2008 398; x_wconf 64' lang='lat' dir='ltr'><strong>esse:</strong></span> <span class='ocrx_word' id='word_1_13' title='bbox 2039 343 2086 401; x_wconf 82' lang='grc' dir='ltr'><strong>Α</strong></span> <span class='ocrx_word' id='word_1_14' title='bbox 2118 341 2410 412; x_wconf 65' lang='lat' dir='ltr'><strong>baptizatos</strong></span> <span class='ocrx_word' id='word_1_15' title='bbox 2439 363 2579 414; x_wconf 91' lang='lat' dir='ltr'><strong>esse,</strong></span> <span class='ocrx_word' id='word_1_16' title='bbox 2614 361 2665 403; x_wconf 87' lang='lat' dir='ltr'><strong>et</strong></span> <span class='ocrx_word' id='word_1_17' title='bbox 2696 365 2724 404; x_wconf 90' lang='lat' dir='ltr'><strong>a</strong></span> <span class='ocrx_word' id='word_1_18' title='bbox 2758 349 2911 406; x_wconf 87' lang='lat' dir='ltr'><strong>nobis</strong></span> <span class='ocrx_word' id='word_1_19' title='bbox 2950 352 3014 406; x_wconf 88' lang='lat' dir='ltr'><strong>ad</strong></span> <span class='ocrx_word' id='word_1_20' title='bbox 3041 353 3326 410; x_wconf 68' lang='lat' dir='ltr'><strong>btet-cliens</strong></span> <span class='ocrx_word' id='word_1_21' title='bbox 3351 357 3630 423; x_wconf 72' lang='lat' dir='ltr'><strong>transisse,</strong></span> <span class='ocrx_word' id='word_1_22' title='bbox 3661 361 3708 414; x_wconf 76' lang='lat' dir='ltr'><strong>si</strong></span> 
     </span>
    </p>
   </div>
   <div class='ocr_carea' id='block_1_3' title="bbox 422 415 3707 519">
    <p class='ocr_par' dir='ltr' id='par_1_3' title="bbox 422 415 3707 519">
     <span class='ocr_line' id='line_1_3' title="bbox 422 415 3707 519; baseline 0.01 -51"><span class='ocrx_word' id='word_1_23' title='bbox 422 415 528 519; x_wconf 55' lang='lat' dir='ltr'><strong>Qui</strong></span> <span class='ocrx_word' id='word_1_24' title='bbox 578 416 866 485; x_wconf 76' lang='lat' dir='ltr'><strong>baptizatur</strong></span> <span class='ocrx_word' id='word_1_25' title='bbox 895 437 926 472; x_wconf 91' lang='lat' dir='ltr'><strong>a</strong></span> <span class='ocrx_word' id='word_1_26' title='bbox 975 430 1196 487; x_wconf 90' lang='lat' dir='ltr'><strong>mortuo,</strong></span> <span class='ocrx_word' id='word_1_27' title='bbox 1230 425 1352 494; x_wconf 85' lang='lat' dir='ltr'><strong>quid</strong></span> <span class='ocrx_word' id='word_1_28' title='bbox 1397 426 1599 494; x_wconf 82' lang='lat' dir='ltr'><strong>proﬁcit</strong></span> <span class='ocrx_word' id='word_1_29' title='bbox 1632 435 1655 462; x_wconf 79' lang='grc' dir='ltr'><strong>ιι</strong></span> <span class='ocrx_word' id='word_1_30' title='bbox 1689 429 1876 483; x_wconf 80' lang='lat' dir='ltr'><strong>lavatio</strong></span> <span class='ocrx_word' id='word_1_31' title='bbox 1907 433 2016 502; x_wconf 80' lang='lat' dir='ltr'><strong>ejus</strong></span> <span class='ocrx_word' id='word_1_32' title='bbox 2117 439 2457 503; x_wconf 84' lang='lat' dir='ltr'><strong>poStmodum</strong></span> <span class='ocrx_word' id='word_1_33' title='bbox 2489 453 2706 509; x_wconf 79' lang='lat' dir='ltr'><strong>peacato</strong></span> <span class='ocrx_word' id='word_1_34' title='bbox 2737 458 2834 496; x_wconf 86' lang='lat' dir='ltr'><strong>suo</strong></span> <span class='ocrx_word' id='word_1_35' title='bbox 2873 445 3088 512; x_wconf 78' lang='lat' dir='ltr'><strong>cognito</strong></span> <span class='ocrx_word' id='word_1_36' title='bbox 3109 486 3124 510; x_wconf 94' lang='lat'><strong>,</strong></span> <span class='ocrx_word' id='word_1_37' title='bbox 3167 457 3218 500; x_wconf 93' lang='lat' dir='ltr'><strong>ct</strong></span> <span class='ocrx_word' id='word_1_38' title='bbox 3259 463 3442 502; x_wconf 86' lang='lat' dir='ltr'><strong>errore</strong></span> <span class='ocrx_word' id='word_1_39' title='bbox 3477 450 3707 519; x_wconf 79' lang='lat' dir='ltr'><strong>digesto,</strong></span> 
     </span>
    </p>
   </div>
   <div class='ocr_carea' id='block_1_4' title="bbox 415 507 3712 612">
    <p class='ocr_par' dir='ltr' id='par_1_4' title="bbox 415 507 3712 612">
     <span class='ocr_line' id='line_1_4' title="bbox 415 507 3712 612; baseline 0.012 -51"><span class='ocrx_word' id='word_1_40' title='bbox 415 507 640 581; x_wconf 78' lang='lat' dir='ltr'><strong>(Eccles.</strong></span> <span class='ocrx_word' id='word_1_41' title='bbox 674 527 858 573; x_wconf 77' lang='lat' dir='ltr'><strong>xxxw.</strong></span> <span class='ocrx_word' id='word_1_42' title='bbox 899 513 1033 582; x_wconf 79' lang='lat'><strong>50)?</strong></span> <span class='ocrx_word' id='word_1_43' title='bbox 1079 515 1416 572; x_wconf 83' lang='lat' dir='ltr'><strong>Manifestum</strong></span> <span class='ocrx_word' id='word_1_44' title='bbox 1447 529 1530 574; x_wconf 85' lang='lat' dir='ltr'><strong>est</strong></span> <span class='ocrx_word' id='word_1_45' title='bbox 1569 526 1747 576; x_wconf 84' lang='lat' dir='ltr'><strong>autem</strong></span> <span class='ocrx_word' id='word_1_46' title='bbox 1802 537 1896 578; x_wconf 89' lang='lat' dir='ltr'><strong>eos</strong></span> <span class='ocrx_word' id='word_1_47' title='bbox 1923 525 2011 591; x_wconf 93' lang='lat' dir='ltr'><strong>qui</strong></span> <span class='ocrx_word' id='word_1_48' title='bbox 2116 527 2181 580; x_wconf 88' lang='lat' dir='ltr'><strong>ad</strong></span> <span class='ocrx_word' id='word_1_49' title='bbox 2211 536 2486 587; x_wconf 74' lang='lat' dir='ltr'><strong>veritatem</strong></span> <span class='ocrx_word' id='word_1_50' title='bbox 2510 544 2562 588; x_wconf 88' lang='lat' dir='ltr'><strong>et</strong></span> <span class='ocrx_word' id='word_1_51' title='bbox 2583 537 2856 591; x_wconf 74' lang='lat' dir='ltr'><strong>matricem</strong></span> <span class='ocrx_word' id='word_1_52' title='bbox 2887 539 3072 592; x_wconf 89' lang='lat' dir='ltr'><strong>redeat</strong></span> <span class='ocrx_word' id='word_1_53' title='bbox 3114 541 3244 595; x_wconf 89' lang='lat' dir='ltr'><strong>satis</strong></span> <span class='ocrx_word' id='word_1_54' title='bbox 3270 542 3339 596; x_wconf 90' lang='lat' dir='ltr'><strong>sit</strong></span> <span class='ocrx_word' id='word_1_55' title='bbox 3369 545 3418 597; x_wconf 93' lang='lat' dir='ltr'><strong>in</strong></span> <span class='ocrx_word' id='word_1_56' title='bbox 3446 507 3712 612; x_wconf 71' lang='lat' dir='ltr'><strong>pmiiiten-</strong></span> 
     </span>
    </p>
   </div>
   <div class='ocr_carea' id='block_1_5' title="bbox 417 603 3709 703">
    <p class='ocr_par' dir='ltr' id='par_1_5' title="bbox 417 603 3709 703">
     <span class='ocr_line' id='line_1_5' title="bbox 417 603 3709 703; baseline 0.012 -50"><span class='ocrx_word' id='word_1_57' title='bbox 417 618 521 694; x_wconf 79' lang='lat' dir='ltr'><strong>non</strong></span> <span class='ocrx_word' id='word_1_58' title='bbox 553 616 668 656; x_wconf 90' lang='lat' dir='ltr'><strong>sunt</strong></span> <span class='ocrx_word' id='word_1_59' title='bbox 698 604 748 657; x_wconf 91' lang='lat' dir='ltr'><strong>in</strong></span> <span class='ocrx_word' id='word_1_60' title='bbox 783 603 1024 661; x_wconf 82' lang='lat' dir='ltr'><strong>Ecclesia</strong></span> <span class='ocrx_word' id='word_1_61' title='bbox 1051 607 1272 675; x_wconf 77' lang='lat' dir='ltr'><strong>Christi,</strong></span> <span class='ocrx_word' id='word_1_62' title='bbox 1298 611 1437 666; x_wconf 88' lang='lat' dir='ltr'><strong>inter</strong></span> <span class='ocrx_word' id='word_1_63' title='bbox 1466 625 1706 669; x_wconf 84' lang='lat' dir='ltr'><strong>mortuos</strong></span> <span class='ocrx_word' id='word_1_64' title='bbox 1733 626 2012 687; x_wconf 89' lang='lat' dir='ltr'><strong>computa-</strong></span> <span class='ocrx_word' id='word_1_65' title='bbox 2116 619 2240 674; x_wconf 88' lang='lat' dir='ltr'><strong>tiatn</strong></span> <span class='ocrx_word' id='word_1_66' title='bbox 2268 638 2483 678; x_wconf 86' lang='lat' dir='ltr'><strong>manum</strong></span> <span class='ocrx_word' id='word_1_67' title='bbox 2513 625 2829 698; x_wconf 86' lang='lat' dir='ltr'><strong>impooere;</strong></span> <span class='ocrx_word' id='word_1_68' title='bbox 2865 639 2920 682; x_wconf 92' lang='lat' dir='ltr'><strong>ut</strong></span> <span class='ocrx_word' id='word_1_69' title='bbox 2941 674 2954 696; x_wconf 94' lang='lat'><strong>,</strong></span> <span class='ocrx_word' id='word_1_70' title='bbox 2987 632 3107 701; x_wconf 89' lang='lat' dir='ltr'><strong>qttia</strong></span> <span class='ocrx_word' id='word_1_71' title='bbox 3137 629 3163 668; x_wconf 72' lang='grc' dir='ltr'>ἀ</span> <span class='ocrx_word' id='word_1_72' title='bbox 3191 634 3306 688; x_wconf 90' lang='lat' dir='ltr'><strong>ovis</strong></span> <span class='ocrx_word' id='word_1_73' title='bbox 3335 603 3533 703; x_wconf 74' lang='lat' dir='ltr'><strong>fuerat,</strong></span> <span class='ocrx_word' id='word_1_74' title='bbox 3569 638 3709 694; x_wconf 85' lang='lat' dir='ltr'><strong>hanc</strong></span> 
     </span>
    </p>
   </div>
   <div class='ocr_carea' id='block_1_6' title="bbox 413 693 3705 786">
    <p class='ocr_par' dir='ltr' id='par_1_6' title="bbox 413 693 3705 786">
     <span class='ocr_line' id='line_1_6' title="bbox 413 693 3705 786; baseline 0.011 -38"><span class='ocrx_word' id='word_1_75' title='bbox 413 693 609 755; x_wconf 42' lang='lat' dir='ltr'><strong>ri,&quot;nec</strong></span> <span class='ocrx_word' id='word_1_76' title='bbox 637 709 795 765; x_wconf 81' lang='lat' dir='ltr'><strong>posse</strong></span> <span class='ocrx_word' id='word_1_77' title='bbox 824 698 893 751; x_wconf 89' lang='lat' dir='ltr'><strong>ab</strong></span> <span class='ocrx_word' id='word_1_78' title='bbox 929 714 995 752; x_wconf 87' lang='lat' dir='ltr'><strong>eo</strong></span> <span class='ocrx_word' id='word_1_79' title='bbox 1030 701 1285 756; x_wconf 72' lang='lat' dir='ltr'><strong>vivdieari</strong></span> <span class='ocrx_word' id='word_1_80' title='bbox 1333 705 1559 761; x_wconf 87' lang='lat' dir='ltr'><strong>alterum</strong></span> <span class='ocrx_word' id='word_1_81' title='bbox 1607 710 1694 777; x_wconf 93' lang='lat' dir='ltr'><strong>qui</strong></span> <span class='ocrx_word' id='word_1_82' title='bbox 1744 712 1854 782; x_wconf 75' lang='lat' dir='ltr'><strong>ipse</strong></span> <span class='ocrx_word' id='word_1_83' title='bbox 1904 728 2007 768; x_wconf 91' lang='lat' dir='ltr'><strong>non</strong></span> <span class='ocrx_word' id='word_1_84' title='bbox 2113 731 2268 772; x_wconf 89' lang='lat' dir='ltr'><strong>ovem</strong></span> <span class='ocrx_word' id='word_1_85' title='bbox 2313 726 2336 751; x_wconf 74' lang='grc' dir='ltr'>ο</span> <span class='ocrx_word' id='word_1_86' title='bbox 2367 717 2724 773; x_wconf 86' lang='lat' dir='ltr'><strong>abalienatam</strong></span> <span class='ocrx_word' id='word_1_87' title='bbox 2768 733 2817 774; x_wconf 89' lang='lat' dir='ltr'><strong>et</strong></span> <span class='ocrx_word' id='word_1_88' title='bbox 2869 724 3224 779; x_wconf 72' lang='lat' dir='ltr'><strong>errabundum</strong></span> <span class='ocrx_word' id='word_1_89' title='bbox 3273 727 3323 780; x_wconf 94' lang='lat' dir='ltr'><strong>in</strong></span> <span class='ocrx_word' id='word_1_90' title='bbox 3369 729 3508 782; x_wconf 88' lang='lat' dir='ltr'><strong>ovile</strong></span> <span class='ocrx_word' id='word_1_91' title='bbox 3549 745 3705 786; x_wconf 86' lang='lat' dir='ltr'><strong>somn</strong></span> 
     </span>
    </p>
   </div>
   <div class='ocr_carea' id='block_1_7' title="bbox 410 787 3712 884">
    <p class='ocr_par' dir='ltr' id='par_1_7' title="bbox 410 787 3712 884">
     <span class='ocr_line' id='line_1_7' title="bbox 410 787 3712 884; baseline 0.011 -44"><span class='ocrx_word' id='word_1_92' title='bbox 410 787 586 851; x_wconf 83' lang='lat' dir='ltr'><strong>vivat;</strong></span> <span class='ocrx_word' id='word_1_93' title='bbox 639 788 854 858; x_wconf 93' lang='lat' dir='ltr'><strong>quando</strong></span> <span class='ocrx_word' id='word_1_94' title='bbox 898 807 998 844; x_wconf 90' lang='lat' dir='ltr'><strong>una</strong></span> <span class='ocrx_word' id='word_1_95' title='bbox 1041 793 1107 846; x_wconf 89' lang='lat' dir='ltr'><strong>sit</strong></span> <span class='ocrx_word' id='word_1_96' title='bbox 1155 793 1420 861; x_wconf 78' lang='lat' dir='ltr'><strong>Ecclesia,</strong></span> <span class='ocrx_word' id='word_1_97' title='bbox 1467 815 1606 869; x_wconf 68' lang='lat' dir='ltr'><strong>qum.</strong></span> <span class='ocrx_word' id='word_1_98' title='bbox 1639 801 1762 855; x_wconf 70' lang='lat' dir='ltr'><strong>vita:</strong></span> <span class='ocrx_word' id='word_1_99' title='bbox 1791 814 2006 860; x_wconf 70' lang='lat' dir='ltr'><strong>:eternae</strong></span> <span class='ocrx_word' id='word_1_100' title='bbox 2113 819 2294 879; x_wconf 86' lang='lat' dir='ltr'><strong>pastor</strong></span> <span class='ocrx_word' id='word_1_101' title='bbox 2320 811 2559 880; x_wconf 80' lang='lat' dir='ltr'><strong>recipiat.</strong></span> <span class='ocrx_word' id='word_1_102' title='bbox 2592 810 2646 867; x_wconf 91' lang='lat' dir='ltr'><strong>Si</strong></span> <span class='ocrx_word' id='word_1_103' title='bbox 2675 822 2851 868; x_wconf 91' lang='lat' dir='ltr'><strong>autem</strong></span> <span class='ocrx_word' id='word_1_104' title='bbox 2882 817 2970 884; x_wconf 89' lang='lat' dir='ltr'><strong>qui</strong></span> <span class='ocrx_word' id='word_1_105' title='bbox 3017 817 3084 869; x_wconf 88' lang='lat' dir='ltr'><strong>ab</strong></span> <span class='ocrx_word' id='word_1_106' title='bbox 3116 817 3384 874; x_wconf 65' lang='lat' dir='ltr'><strong>hiereticis</strong></span> <span class='ocrx_word' id='word_1_107' title='bbox 3407 821 3586 884; x_wconf 88' lang='lat' dir='ltr'><strong>venit,</strong></span> <span class='ocrx_word' id='word_1_108' title='bbox 3624 823 3712 876; x_wconf 88' lang='lat' dir='ltr'><strong>ba-</strong></span> 
     </span>
    </p>
   </div>
   <div class='ocr_carea' id='block_1_8' title="bbox 407 883 3703 976">
    <p class='ocr_par' dir='ltr' id='par_1_8' title="bbox 407 883 3703 976">
     <span class='ocr_line' id='line_1_8' title="bbox 407 883 3703 976; baseline 0.012 -47"><span class='ocrx_word' id='word_1_109' title='bbox 407 883 632 976; x_wconf 80' lang='lat' dir='ltr'><strong>gratiam</strong></span> <span class='ocrx_word' id='word_1_110' title='bbox 655 893 966 950; x_wconf 84' lang='lat' dir='ltr'><strong>eonsccuta,</strong></span> <span class='ocrx_word' id='word_1_111' title='bbox 999 894 1055 939; x_wconf 88' lang='lat' dir='ltr'><strong>et</strong></span> <span class='ocrx_word' id='word_1_112' title='bbox 1080 887 1209 941; x_wconf 89' lang='lat' dir='ltr'><strong>vivit</strong></span> <span class='ocrx_word' id='word_1_113' title='bbox 1234 889 1285 942; x_wconf 91' lang='lat' dir='ltr'><strong>in</strong></span> <span class='ocrx_word' id='word_1_114' title='bbox 1310 899 1638 948; x_wconf 67' lang='lat' dir='ltr'><strong>aeternumet</strong></span> <span class='ocrx_word' id='word_1_115' title='bbox 1658 895 1888 951; x_wconf 89' lang='lat' dir='ltr'><strong>vivilicat</strong></span> <span class='ocrx_word' id='word_1_116' title='bbox 1911 897 2003 954; x_wconf 89' lang='lat' dir='ltr'><strong>Dei</strong></span> <span class='ocrx_word' id='word_1_117' title='bbox 2110 901 2335 969; x_wconf 75' lang='lat' dir='ltr'><strong>ptizotus</strong></span> <span class='ocrx_word' id='word_1_118' title='bbox 2386 902 2437 955; x_wconf 90' lang='lat' dir='ltr'><strong>in</strong></span> <span class='ocrx_word' id='word_1_119' title='bbox 2472 902 2712 959; x_wconf 78' lang='lat' dir='ltr'><strong>Ecclesia</strong></span> <span class='ocrx_word' id='word_1_120' title='bbox 2756 883 2909 974; x_wconf 87' lang='lat' dir='ltr'><strong>prius</strong></span> <span class='ocrx_word' id='word_1_121' title='bbox 2949 923 3053 961; x_wconf 90' lang='lat' dir='ltr'><strong>non</strong></span> <span class='ocrx_word' id='word_1_122' title='bbox 3096 908 3211 976; x_wconf 81' lang='lat' dir='ltr'><strong>fuit,</strong></span> <span class='ocrx_word' id='word_1_123' title='bbox 3257 911 3351 966; x_wconf 90' lang='lat' dir='ltr'><strong>sed</strong></span> <span class='ocrx_word' id='word_1_124' title='bbox 3398 883 3603 967; x_wconf 90' lang='lat' dir='ltr'><strong>alienus</strong></span> <span class='ocrx_word' id='word_1_125' title='bbox 3653 916 3703 969; x_wconf 91' lang='lat' dir='ltr'><strong>in</strong></span> 
     </span>
    </p>
   </div>
   <div class='ocr_carea' id='block_1_9' title="bbox 385 971 3701 1072">
    <p class='ocr_par' dir='ltr' id='par_1_9' title="bbox 385 971 3701 1072">
     <span class='ocr_line' id='line_1_9' title="bbox 385 971 3701 1072; baseline 0.007 -35"><span class='ocrx_word' id='word_1_126' title='bbox 385 971 716 1072; x_wconf 46' lang='lat' dir='ltr'><strong>~P0_P_&quot;l|1m-n</strong></span> <span class='ocrx_word' id='word_1_127' title='bbox 2109 1001 2275 1046; x_wconf 84' lang='lat' dir='ltr'><strong>tomm</strong></span> <span class='ocrx_word' id='word_1_128' title='bbox 2308 1003 2361 1047; x_wconf 89' lang='lat' dir='ltr'><strong>et</strong></span> <span class='ocrx_word' id='word_1_129' title='bbox 2388 994 2644 1064; x_wconf 83' lang='lat' dir='ltr'><strong>profanus</strong></span> <span class='ocrx_word' id='word_1_130' title='bbox 2673 1000 2835 1058; x_wconf 90' lang='lat' dir='ltr'><strong>venit,</strong></span> <span class='ocrx_word' id='word_1_131' title='bbox 2865 1000 3210 1069; x_wconf 77' lang='lat' dir='ltr'><strong>baptizandus</strong></span> <span class='ocrx_word' id='word_1_132' title='bbox 3238 1018 3340 1068; x_wconf 81' lang='lat' dir='ltr'><strong>est,</strong></span> <span class='ocrx_word' id='word_1_133' title='bbox 3367 1015 3420 1058; x_wconf 86' lang='lat' dir='ltr'><strong>tit</strong></span> <span class='ocrx_word' id='word_1_134' title='bbox 3446 1008 3561 1060; x_wconf 87' lang='lat' dir='ltr'><strong>ovis</strong></span> <span class='ocrx_word' id='word_1_135' title='bbox 3590 1008 3701 1072; x_wconf 83' lang='lat' dir='ltr'><strong>ﬁat,</strong></span> 
     </span>
    </p>
   </div>
   <div class='ocr_carea' id='block_1_10' title="bbox 476 1063 3694 1165">
    <p class='ocr_par' dir='ltr' id='par_1_10' title="bbox 476 1063 3694 1165">
     <span class='ocr_line' id='line_1_10' title="bbox 476 1063 3694 1165; baseline 0.011 -49"><span class='ocrx_word' id='word_1_136' title='bbox 476 1063 540 1165; x_wconf 79' lang='lat' dir='ltr'><strong>ll.</strong></span> <span class='ocrx_word' id='word_1_137' title='bbox 579 1065 641 1118; x_wconf 84' lang='lat' dir='ltr'><strong>Et</strong></span> <span class='ocrx_word' id='word_1_138' title='bbox 666 1065 848 1122; x_wconf 81' lang='lat' dir='ltr'><strong>dietmt</strong></span> <span class='ocrx_word' id='word_1_139' title='bbox 875 1082 932 1123; x_wconf 88' lang='lat' dir='ltr'><strong>se</strong></span> <span class='ocrx_word' id='word_1_140' title='bbox 959 1069 1010 1124; x_wconf 93' lang='lat' dir='ltr'><strong>in</strong></span> <span class='ocrx_word' id='word_1_141' title='bbox 1041 1069 1141 1126; x_wconf 92' lang='lat' dir='ltr'><strong>hoc</strong></span> <span class='ocrx_word' id='word_1_142' title='bbox 1174 1081 1408 1129; x_wconf 89' lang='lat' dir='ltr'><strong>veterem</strong></span> <span class='ocrx_word' id='word_1_143' title='bbox 1439 1079 1884 1136; x_wconf 87' lang='lat' dir='ltr'><strong>consuetudinem</strong></span> <span class='ocrx_word' id='word_1_144' title='bbox 1913 1099 2000 1139; x_wconf 84' lang='lat' dir='ltr'><strong>se-</strong></span> <span class='ocrx_word' id='word_1_145' title='bbox 2104 1087 2225 1156; x_wconf 89' lang='lat' dir='ltr'><strong>quia</strong></span> <span class='ocrx_word' id='word_1_146' title='bbox 2254 1104 2354 1141; x_wconf 88' lang='lat' dir='ltr'><strong>una</strong></span> <span class='ocrx_word' id='word_1_147' title='bbox 2388 1097 2471 1142; x_wconf 81' lang='lat' dir='ltr'><strong>est</strong></span> <span class='ocrx_word' id='word_1_148' title='bbox 2499 1106 2630 1158; x_wconf 91' lang='lat' dir='ltr'><strong>aqua</strong></span> <span class='ocrx_word' id='word_1_149' title='bbox 2663 1091 2714 1144; x_wconf 93' lang='lat' dir='ltr'><strong>in</strong></span> <span class='ocrx_word' id='word_1_150' title='bbox 2747 1092 2981 1147; x_wconf 77' lang='lat' dir='ltr'><strong>Ecclesia</strong></span> <span class='ocrx_word' id='word_1_151' title='bbox 3010 1106 3193 1150; x_wconf 85' lang='lat' dir='ltr'><strong>sancta</strong></span> <span class='ocrx_word' id='word_1_152' title='bbox 3221 1113 3339 1165; x_wconf 85' lang='lat' dir='ltr'><strong>qtue</strong></span> <span class='ocrx_word' id='word_1_153' title='bbox 3366 1113 3494 1152; x_wconf 82' lang='lat' dir='ltr'><strong>oves</strong></span> <span class='ocrx_word' id='word_1_154' title='bbox 3519 1101 3694 1154; x_wconf 80' lang='lat' dir='ltr'><strong>faciat.</strong></span> 
     </span>
    </p>
   </div>
   <div class='ocr_carea' id='block_1_11' title="bbox 405 1157 3694 1252">
    <p class='ocr_par' dir='ltr' id='par_1_11' title="bbox 405 1157 3694 1252">
     <span class='ocr_line' id='line_1_11' title="bbox 405 1157 3694 1252; baseline 0.011 -44"><span class='ocrx_word' id='word_1_155' title='bbox 405 1157 516 1252; x_wconf 84' lang='lat' dir='ltr'><strong>qui,</strong></span> <span class='ocrx_word' id='word_1_156' title='bbox 550 1159 765 1252; x_wconf 79' lang='lat' dir='ltr'><strong>quando</strong></span> <span class='ocrx_word' id='word_1_157' title='bbox 805 1161 942 1230; x_wconf 89' lang='lat' dir='ltr'><strong>apud</strong></span> <span class='ocrx_word' id='word_1_158' title='bbox 975 1173 1187 1218; x_wconf 86' lang='lat' dir='ltr'><strong>veteres</strong></span> <span class='ocrx_word' id='word_1_159' title='bbox 1225 1166 1494 1224; x_wconf 79' lang='lat' dir='ltr'><strong>luereseos</strong></span> <span class='ocrx_word' id='word_1_160' title='bbox 1541 1177 1619 1238; x_wconf 50' lang='lat' dir='ltr'><strong>et.</strong></span> <span class='ocrx_word' id='word_1_161' title='bbox 1649 1173 1997 1229; x_wconf 64' lang='lat' dir='ltr'><strong>schismatum</strong></span> <span class='ocrx_word' id='word_1_162' title='bbox 2105 1179 2170 1234; x_wconf 83' lang='lat' dir='ltr'><strong>Et</strong></span> <span class='ocrx_word' id='word_1_163' title='bbox 2206 1180 2422 1246; x_wconf 84' lang='lat' dir='ltr'><strong>ideirco,</strong></span> <span class='ocrx_word' id='word_1_164' title='bbox 2449 1184 2568 1251; x_wconf 87' lang='lat' dir='ltr'><strong>quia</strong></span> <span class='ocrx_word' id='word_1_165' title='bbox 2595 1183 2728 1237; x_wconf 84' lang='lat' dir='ltr'><strong>nihil</strong></span> <span class='ocrx_word' id='word_1_166' title='bbox 2759 1193 2931 1252; x_wconf 79' lang='lat' dir='ltr'><strong>potest</strong></span> <span class='ocrx_word' id='word_1_167' title='bbox 2953 1200 3073 1240; x_wconf 88' lang='lat' dir='ltr'><strong>esse</strong></span> <span class='ocrx_word' id='word_1_168' title='bbox 3101 1202 3385 1243; x_wconf 85' lang='lat' dir='ltr'><strong>commune</strong></span> <span class='ocrx_word' id='word_1_169' title='bbox 3413 1191 3694 1245; x_wconf 87' lang='lat' dir='ltr'><strong>mendacio</strong></span> 
     </span>
    </p>
   </div>
   <div class='ocr_carea' id='block_1_12' title="bbox 413 1250 3696 1349">
    <p class='ocr_par' dir='ltr' id='par_1_12' title="bbox 413 1250 3696 1349">
     <span class='ocr_line' id='line_1_12' title="bbox 413 1250 3696 1349; baseline 0.011 -47"><span class='ocrx_word' id='word_1_170' title='bbox 413 1250 581 1349; x_wconf 81' lang='lat' dir='ltr'><strong>prima</strong></span> <span class='ocrx_word' id='word_1_171' title='bbox 599 1250 786 1349; x_wconf 76' lang='lat' dir='ltr'><strong>adhuc</strong></span> <span class='ocrx_word' id='word_1_172' title='bbox 827 1252 1024 1308; x_wconf 80' lang='lat' dir='ltr'><strong>fuerint</strong></span> <span class='ocrx_word' id='word_1_173' title='bbox 1055 1256 1222 1322; x_wconf 90' lang='lat' dir='ltr'><strong>initia,</strong></span> <span class='ocrx_word' id='word_1_174' title='bbox 1254 1255 1282 1295; x_wconf 71' lang='grc' dir='ltr'><strong>ι)</strong></span> <span class='ocrx_word' id='word_1_175' title='bbox 1307 1269 1361 1313; x_wconf 90' lang='lat' dir='ltr'><strong>ut</strong></span> <span class='ocrx_word' id='word_1_176' title='bbox 1390 1259 1440 1314; x_wconf 91' lang='lat' dir='ltr'><strong>hi</strong></span> <span class='ocrx_word' id='word_1_177' title='bbox 1468 1261 1575 1316; x_wconf 90' lang='lat' dir='ltr'><strong>illic</strong></span> <span class='ocrx_word' id='word_1_178' title='bbox 1601 1276 1780 1320; x_wconf 84' lang='lat' dir='ltr'><strong>essent</strong></span> <span class='ocrx_word' id='word_1_179' title='bbox 1812 1268 1899 1336; x_wconf 92' lang='lat' dir='ltr'><strong>qui</strong></span> <span class='ocrx_word' id='word_1_180' title='bbox 1931 1268 1998 1324; x_wconf 92' lang='lat' dir='ltr'><strong>dc</strong></span> <span class='ocrx_word' id='word_1_181' title='bbox 2101 1282 2155 1327; x_wconf 89' lang='lat' dir='ltr'><strong>et</strong></span> <span class='ocrx_word' id='word_1_182' title='bbox 2177 1274 2408 1331; x_wconf 75' lang='lat' dir='ltr'><strong>veritati.</strong></span> <span class='ocrx_word' id='word_1_183' title='bbox 2443 1250 2676 1330; x_wconf 76' lang='lat' dir='ltr'><strong>tenebris</strong></span> <span class='ocrx_word' id='word_1_184' title='bbox 2719 1287 2771 1330; x_wconf 93' lang='lat' dir='ltr'><strong>et</strong></span> <span class='ocrx_word' id='word_1_185' title='bbox 2807 1277 2930 1340; x_wconf 89' lang='lat' dir='ltr'><strong>luci,</strong></span> <span class='ocrx_word' id='word_1_186' title='bbox 2968 1279 3124 1333; x_wconf 82' lang='lat' dir='ltr'><strong>morti</strong></span> <span class='ocrx_word' id='word_1_187' title='bbox 3172 1292 3224 1333; x_wconf 93' lang='lat' dir='ltr'><strong>et</strong></span> <span class='ocrx_word' id='word_1_188' title='bbox 3265 1281 3652 1337; x_wconf 78' lang='lat' dir='ltr'><strong>immortalitati</strong></span> <span class='ocrx_word' id='word_1_189' title='bbox 3681 1326 3696 1349; x_wconf 91' lang='lat'><strong>,</strong></span> 
     </span>
    </p>
   </div>
   <div class='ocr_carea' id='block_1_13' title="bbox 402 1342 3688 1438">
    <p class='ocr_par' dir='ltr' id='par_1_13' title="bbox 402 1342 3688 1438">
     <span class='ocr_line' id='line_1_13' title="bbox 402 1342 3688 1438; baseline 0.01 -39"><span class='ocrx_word' id='word_1_190' title='bbox 402 1342 643 1398; x_wconf 81' lang='lat' dir='ltr'><strong>Ecclesia</strong></span> <span class='ocrx_word' id='word_1_191' title='bbox 674 1344 1016 1407; x_wconf 77' lang='lat' dir='ltr'><strong>recedebant.</strong></span> <span class='ocrx_word' id='word_1_192' title='bbox 1047 1359 1098 1400; x_wconf 86' lang='lat' dir='ltr'><strong>et</strong></span> <span class='ocrx_word' id='word_1_193' title='bbox 1135 1349 1218 1404; x_wconf 90' lang='lat' dir='ltr'><strong>hic</strong></span> <span class='ocrx_word' id='word_1_194' title='bbox 1250 1363 1271 1389; x_wconf 80' lang='grc' dir='ltr'><strong>ο</strong></span> <span class='ocrx_word' id='word_1_195' title='bbox 1300 1352 1548 1421; x_wconf 87' lang='lat' dir='ltr'><strong>baptizati</strong></span> <span class='ocrx_word' id='word_1_196' title='bbox 1582 1357 1726 1425; x_wconf 79' lang='lat' dir='ltr'><strong>prius</strong></span> <span class='ocrx_word' id='word_1_197' title='bbox 1751 1356 1995 1426; x_wconf 81' lang='lat' dir='ltr'><strong>fuerant;</strong></span> <span class='ocrx_word' id='word_1_198' title='bbox 2100 1365 2417 1420; x_wconf 82' lang='lat' dir='ltr'><strong>antirhristo</strong></span> <span class='ocrx_word' id='word_1_199' title='bbox 2441 1378 2494 1422; x_wconf 87' lang='lat' dir='ltr'><strong>et</strong></span> <span class='ocrx_word' id='word_1_200' title='bbox 2534 1369 2778 1434; x_wconf 75' lang='lat' dir='ltr'><strong>Christo,</strong></span> <span class='ocrx_word' id='word_1_201' title='bbox 2812 1386 2906 1438; x_wconf 88' lang='lat' dir='ltr'><strong>per</strong></span> <span class='ocrx_word' id='word_1_202' title='bbox 2933 1374 3108 1426; x_wconf 88' lang='lat' dir='ltr'><strong>omnia</strong></span> <span class='ocrx_word' id='word_1_203' title='bbox 3138 1373 3399 1430; x_wconf 84' lang='lat' dir='ltr'><strong>debemus</strong></span> <span class='ocrx_word' id='word_1_204' title='bbox 3435 1376 3688 1432; x_wconf 76' lang='lat' dir='ltr'><strong>Ecclesiae</strong></span> 
     </span>
    </p>
   </div>
   <div class='ocr_carea' id='block_1_14' title="bbox 400 1439 3697 1538">
    <p class='ocr_par' dir='ltr' id='par_1_14' title="bbox 400 1439 3697 1538">
     <span class='ocr_line' id='line_1_14' title="bbox 400 1439 3697 1538; baseline 0.01 -47"><span class='ocrx_word' id='word_1_205' title='bbox 400 1451 536 1506; x_wconf 86' lang='lat' dir='ltr'><strong>quos</strong></span> <span class='ocrx_word' id='word_1_206' title='bbox 559 1447 682 1490; x_wconf 88' lang='lat' dir='ltr'><strong>tunc</strong></span> <span class='ocrx_word' id='word_1_207' title='bbox 715 1450 889 1492; x_wconf 85' lang='lat' dir='ltr'><strong>tamen</strong></span> <span class='ocrx_word' id='word_1_208' title='bbox 918 1440 983 1494; x_wconf 89' lang='lat' dir='ltr'><strong>ad</strong></span> <span class='ocrx_word' id='word_1_209' title='bbox 1010 1439 1304 1499; x_wconf 61' lang='lat' dir='ltr'><strong>Ecclesium</strong></span> <span class='ocrx_word' id='word_1_210' title='bbox 1339 1460 1692 1512; x_wconf 84' lang='lat' dir='ltr'><strong>revertentes.</strong></span> <span class='ocrx_word' id='word_1_211' title='bbox 1721 1463 1772 1506; x_wconf 90' lang='lat' dir='ltr'><strong>et</strong></span> <span class='ocrx_word' id='word_1_212' title='bbox 1819 1456 1994 1522; x_wconf 70' lang='lat' dir='ltr'><strong>pmui-</strong></span> <span class='ocrx_word' id='word_1_213' title='bbox 2098 1461 2378 1516; x_wconf 60' lang='lat' dir='ltr'><strong>catholica:</strong></span> <span class='ocrx_word' id='word_1_214' title='bbox 2411 1463 2666 1518; x_wconf 87' lang='lat' dir='ltr'><strong>unitatem</strong></span> <span class='ocrx_word' id='word_1_215' title='bbox 2697 1473 2900 1529; x_wconf 84' lang='lat' dir='ltr'><strong>tenere,</strong></span> <span class='ocrx_word' id='word_1_216' title='bbox 2935 1481 3032 1520; x_wconf 89' lang='lat' dir='ltr'><strong>nec</strong></span> <span class='ocrx_word' id='word_1_217' title='bbox 3063 1467 3114 1520; x_wconf 91' lang='lat' dir='ltr'><strong>in</strong></span> <span class='ocrx_word' id='word_1_218' title='bbox 3162 1468 3342 1538; x_wconf 89' lang='lat' dir='ltr'><strong>aliquo</strong></span> <span class='ocrx_word' id='word_1_219' title='bbox 3373 1469 3578 1534; x_wconf 61' lang='lat' dir='ltr'><strong>tideict</strong></span> <span class='ocrx_word' id='word_1_220' title='bbox 3603 1487 3697 1524; x_wconf 82' lang='lat' dir='ltr'><strong>ve-</strong></span> 
     </span>
    </p>
   </div>
   <div class='ocr_carea' id='block_1_15' title="bbox 400 1532 3695 1619">
    <p class='ocr_par' dir='ltr' id='par_1_15' title="bbox 400 1532 3695 1619">
     <span class='ocr_line' id='line_1_15' title="bbox 400 1532 3695 1619; baseline 0.009 -30"><span class='ocrx_word' id='word_1_221' title='bbox 400 1532 620 1587; x_wconf 82' lang='lat' dir='ltr'><strong>tentiatn</strong></span> <span class='ocrx_word' id='word_1_222' title='bbox 670 1547 906 1604; x_wconf 78' lang='lat' dir='ltr'><strong>agentes,</strong></span> <span class='ocrx_word' id='word_1_223' title='bbox 949 1553 1174 1594; x_wconf 86' lang='lat' dir='ltr'><strong>necesse</strong></span> <span class='ocrx_word' id='word_1_224' title='bbox 1214 1557 1318 1595; x_wconf 90' lang='lat' dir='ltr'><strong>non</strong></span> <span class='ocrx_word' id='word_1_225' title='bbox 1359 1553 1474 1598; x_wconf 88' lang='lat' dir='ltr'><strong>erat</strong></span> <span class='ocrx_word' id='word_1_226' title='bbox 1503 1547 1791 1616; x_wconf 77' lang='lat' dir='ltr'><strong>baptizare.</strong></span> <span class='ocrx_word' id='word_1_227' title='bbox 1836 1551 1988 1617; x_wconf 81' lang='lat' dir='ltr'><strong>Qu-d</strong></span> <span class='ocrx_word' id='word_1_228' title='bbox 2098 1555 2272 1610; x_wconf 87' lang='lat' dir='ltr'><strong>ritatis</strong></span> <span class='ocrx_word' id='word_1_229' title='bbox 2318 1556 2564 1613; x_wconf 87' lang='lat' dir='ltr'><strong>hostibus</strong></span> <span class='ocrx_word' id='word_1_230' title='bbox 2614 1559 2827 1615; x_wconf 88' lang='lat' dir='ltr'><strong>cedere.</strong></span> <span class='ocrx_word' id='word_1_231' title='bbox 2875 1559 2992 1614; x_wconf 87' lang='lat' dir='ltr'><strong>Non</strong></span> <span class='ocrx_word' id='word_1_232' title='bbox 3023 1571 3104 1615; x_wconf 87' lang='lat' dir='ltr'><strong>est</strong></span> <span class='ocrx_word' id='word_1_233' title='bbox 3145 1576 3322 1616; x_wconf 85' lang='lat' dir='ltr'><strong>autem</strong></span> <span class='ocrx_word' id='word_1_234' title='bbox 3363 1563 3431 1618; x_wconf 91' lang='lat' dir='ltr'><strong>de</strong></span> <span class='ocrx_word' id='word_1_235' title='bbox 3466 1579 3695 1619; x_wconf 87' lang='lat' dir='ltr'><strong>consue-</strong></span> 
     </span>
    </p>
   </div>
   <div class='ocr_carea' id='block_1_16' title="bbox 398 1629 3684 1720">
    <p class='ocr_par' dir='ltr' id='par_1_16' title="bbox 398 1629 3684 1720">
     <span class='ocr_line' id='line_1_16' title="bbox 398 1629 3684 1720; baseline 0.01 -41"><span class='ocrx_word' id='word_1_236' title='bbox 398 1639 496 1679; x_wconf 91' lang='lat' dir='ltr'><strong>nos</strong></span> <span class='ocrx_word' id='word_1_237' title='bbox 523 1641 739 1698; x_wconf 89' lang='lat' dir='ltr'><strong>quoque</strong></span> <span class='ocrx_word' id='word_1_238' title='bbox 779 1629 936 1684; x_wconf 86' lang='lat' dir='ltr'><strong>hodie</strong></span> <span class='ocrx_word' id='word_1_239' title='bbox 980 1631 1328 1690; x_wconf 86' lang='lat' dir='ltr'><strong>observamus</strong></span> <span class='ocrx_word' id='word_1_240' title='bbox 1350 1678 1363 1700; x_wconf 90' lang='lat'><strong>,</strong></span> <span class='ocrx_word' id='word_1_241' title='bbox 1411 1646 1466 1690; x_wconf 88' lang='lat' dir='ltr'><strong>ut</strong></span> <span class='ocrx_word' id='word_1_242' title='bbox 1493 1653 1631 1708; x_wconf 90' lang='lat' dir='ltr'><strong>quos</strong></span> <span class='ocrx_word' id='word_1_243' title='bbox 1659 1651 1869 1696; x_wconf 79' lang='lat' dir='ltr'><strong>Constet</strong></span> <span class='ocrx_word' id='word_1_244' title='bbox 1898 1644 1984 1699; x_wconf 93' lang='lat' dir='ltr'><strong>hic</strong></span> <span class='ocrx_word' id='word_1_245' title='bbox 2016 1636 2060 1696; x_wconf 88' lang='grc' dir='ltr'><strong>Β</strong></span> <span class='ocrx_word' id='word_1_246' title='bbox 2092 1648 2275 1703; x_wconf 89' lang='lat' dir='ltr'><strong>tudine</strong></span> <span class='ocrx_word' id='word_1_247' title='bbox 2305 1651 2779 1720; x_wconf 63' lang='lat' dir='ltr'><strong>prasscribendum,</strong></span> <span class='ocrx_word' id='word_1_248' title='bbox 2808 1653 2902 1707; x_wconf 86' lang='lat' dir='ltr'><strong>sed</strong></span> <span class='ocrx_word' id='word_1_249' title='bbox 2933 1654 3141 1708; x_wconf 87' lang='lat' dir='ltr'><strong>ratione</strong></span> <span class='ocrx_word' id='word_1_250' title='bbox 3173 1655 3517 1712; x_wconf 87' lang='lat' dir='ltr'><strong>vincendum.</strong></span> <span class='ocrx_word' id='word_1_251' title='bbox 3550 1657 3684 1714; x_wconf 87' lang='lat' dir='ltr'><strong>Nam</strong></span> 
     </span>
    </p>
   </div>
   <div class='ocr_carea' id='block_1_17' title="bbox 1622 1776 2454 1844">
    <p class='ocr_par' dir='ltr' id='par_1_17' title="bbox 1622 1776 2454 1844">
     <span class='ocr_line' id='line_1_17' title="bbox 1622 1776 2454 1844; baseline 0.012 -12"><span class='ocrx_word' id='word_1_252' title='bbox 1622 1776 1998 1838; x_wconf 80' lang='lat' dir='ltr'><strong>LECTIONES</strong></span> <span class='ocrx_word' id='word_1_253' title='bbox 2038 1783 2454 1844; x_wconf 74' lang='lat' dir='ltr'><strong>VARMNTES.</strong></span> 
     </span>
    </p>
   </div>
   <div class='ocr_carea' id='block_1_18' title="bbox 460 1882 1136 1939">
    <p class='ocr_par' dir='ltr' id='par_1_18' title="bbox 460 1882 1136 1939">
     <span class='ocr_line' id='line_1_18' title="bbox 460 1882 1136 1939; baseline 0.015 -10"><span class='ocrx_word' id='word_1_254' title='bbox 460 1883 484 1910; x_wconf 75' lang='grc'><strong>³</strong></span> <span class='ocrx_word' id='word_1_255' title='bbox 519 1882 781 1933; x_wconf 84' lang='lat' dir='ltr'><strong>Lavatione</strong></span> <span class='ocrx_word' id='word_1_256' title='bbox 807 1887 931 1936; x_wconf 83' lang='lat' dir='ltr'><strong>Bod.</strong></span> <span class='ocrx_word' id='word_1_257' title='bbox 960 1890 1004 1938; x_wconf 88' lang='grc'><strong>1.</strong></span> <span class='ocrx_word' id='word_1_258' title='bbox 1032 1886 1136 1939; x_wconf 89' lang='lat' dir='ltr'><strong>Lin.</strong></span> 
     </span>
    </p>
   </div>
   <div class='ocr_carea' id='block_1_19' title="bbox 454 1941 1279 2003">
    <p class='ocr_par' dir='ltr' id='par_1_19' title="bbox 454 1941 1279 2003">
     <span class='ocr_line' id='line_1_19' title="bbox 454 1941 1279 2003; baseline 0.011 -10"><span class='ocrx_word' id='word_1_259' title='bbox 454 1941 482 1981; x_wconf 68' lang='lat' dir='ltr'><strong>lt</strong></span> <span class='ocrx_word' id='word_1_260' title='bbox 520 1945 582 1995; x_wconf 86' lang='lat' dir='ltr'><strong>Ut</strong></span> <span class='ocrx_word' id='word_1_261' title='bbox 605 1946 704 1996; x_wconf 83' lang='lat' dir='ltr'><strong>illic</strong></span> <span class='ocrx_word' id='word_1_262' title='bbox 729 1957 895 1998; x_wconf 85' lang='lat' dir='ltr'><strong>essent</strong></span> <span class='ocrx_word' id='word_1_263' title='bbox 924 1951 1050 2001; x_wconf 86' lang='lat' dir='ltr'><strong>Lam.</strong></span> <span class='ocrx_word' id='word_1_264' title='bbox 1081 1953 1206 2003; x_wconf 82' lang='lat' dir='ltr'><strong>Bod.</strong></span> <span class='ocrx_word' id='word_1_265' title='bbox 1233 1955 1279 2002; x_wconf 80' lang='grc'>2.</span> 
     </span>
    </p>
   </div>
   <div class='ocr_carea' id='block_1_20' title="bbox 455 2008 1619 2074">
    <p class='ocr_par' dir='ltr' id='par_1_20' title="bbox 455 2008 1619 2074">
     <span class='ocr_line' id='line_1_20' title="bbox 455 2008 1619 2074; baseline 0.012 -17"><span class='ocrx_word' id='word_1_266' title='bbox 455 2012 477 2040; x_wconf 76' lang='grc' dir='ltr'><em>ε</em></span> <span class='ocrx_word' id='word_1_267' title='bbox 517 2008 609 2062; x_wconf 84' lang='lat' dir='ltr'><strong>Ut-i</strong></span> <span class='ocrx_word' id='word_1_268' title='bbox 634 2010 860 2074; x_wconf 86' lang='lat' dir='ltr'><strong>baptizati</strong></span> <span class='ocrx_word' id='word_1_269' title='bbox 885 2014 1017 2064; x_wconf 83' lang='lat' dir='ltr'><strong>Laut.</strong></span> <span class='ocrx_word' id='word_1_270' title='bbox 1042 2017 1146 2068; x_wconf 73' lang='grc' dir='ltr'><strong>ΝΟ.</strong></span> <span class='ocrx_word' id='word_1_271' title='bbox 1177 2018 1222 2066; x_wconf 84' lang='grc'><strong>1.</strong></span> <span class='ocrx_word' id='word_1_272' title='bbox 1249 2017 1371 2069; x_wconf 89' lang='lat' dir='ltr'><strong>Bod.</strong></span> <span class='ocrx_word' id='word_1_273' title='bbox 1398 2022 1443 2070; x_wconf 76' lang='grc'><strong>2.</strong></span> <span class='ocrx_word' id='word_1_274' title='bbox 1474 2019 1619 2072; x_wconf 85' lang='lat' dir='ltr'><strong>Ebor.</strong></span> 
     </span>
    </p>
   </div>
   <div class='ocr_carea' id='block_1_21' title="bbox 2153 1905 2918 1969">
    <p class='ocr_par' dir='ltr' id='par_1_21' title="bbox 2153 1905 2918 1969">
     <span class='ocr_line' id='line_1_21' title="bbox 2153 1905 2918 1969; baseline 0.005 -16"><span class='ocrx_word' id='word_1_275' title='bbox 2153 1905 2181 1942; x_wconf 76' lang='grc' dir='ltr'><strong>(ί</strong></span> <span class='ocrx_word' id='word_1_276' title='bbox 2218 1905 2334 1969; x_wconf 75' lang='lat' dir='ltr'><strong>Ovis</strong></span> <span class='ocrx_word' id='word_1_277' title='bbox 2348 1906 2448 1968; x_wconf 67' lang='lat' dir='ltr'><strong>jam</strong></span> <span class='ocrx_word' id='word_1_278' title='bbox 2479 1908 2611 1957; x_wconf 83' lang='lat' dir='ltr'><strong>Lam.</strong></span> <span class='ocrx_word' id='word_1_279' title='bbox 2645 1908 2771 1958; x_wconf 87' lang='lat' dir='ltr'><strong>Bod.</strong></span> <span class='ocrx_word' id='word_1_280' title='bbox 2798 1909 2842 1969; x_wconf 80' lang='lat' dir='ltr'><strong>l,</strong></span> <span class='ocrx_word' id='word_1_281' title='bbox 2873 1913 2918 1960; x_wconf 79' lang='grc'><strong>2.</strong></span> 
     </span>
    </p>
   </div>
   <div class='ocr_carea' id='block_1_22' title="bbox 2094 1967 3690 2083">
    <p class='ocr_par' dir='ltr' id='par_1_22' title="bbox 2094 1967 3690 2083">
     <span class='ocr_line' id='line_1_22' title="bbox 2094 1967 3690 2083; baseline 0.004 -66"><span class='ocrx_word' id='word_1_282' title='bbox 2094 1972 2182 2080; x_wconf 56' lang='grc' dir='ltr'><strong>ηε</strong></span> <span class='ocrx_word' id='word_1_283' title='bbox 2400 1969 2640 2033; x_wconf 86' lang='lat' dir='ltr'><strong>abjectam</strong></span> <span class='ocrx_word' id='word_1_284' title='bbox 2675 1972 2808 2022; x_wconf 87' lang='lat' dir='ltr'><strong>Lam.</strong></span> <span class='ocrx_word' id='word_1_285' title='bbox 2831 1967 2956 2023; x_wconf 78' lang='grc' dir='ltr'><strong>ΝΟ.</strong></span> <span class='ocrx_word' id='word_1_286' title='bbox 2996 1974 3039 2022; x_wconf 81' lang='grc'><strong>1.</strong></span> <span class='ocrx_word' id='word_1_287' title='bbox 3071 1972 3195 2022; x_wconf 43' lang='lat' dir='ltr'><strong>Bodl</strong></span> <span class='ocrx_word' id='word_1_288' title='bbox 3240 1975 3282 2031; x_wconf 82' lang='grc' dir='ltr'><strong>ι,</strong></span> <span class='ocrx_word' id='word_1_289' title='bbox 3314 1976 3359 2024; x_wconf 76' lang='grc'><strong>2.</strong></span> <span class='ocrx_word' id='word_1_290' title='bbox 3399 1973 3690 2035; x_wconf 75' lang='lat' dir='ltr'><strong>Abigeatam</strong></span> 
     </span>
     <span class='ocr_line' id='line_1_23' title="bbox 2168 2047 2378 2082; baseline 0.005 -1"><span class='ocrx_word' id='word_1_291' title='bbox 2168 2047 2211 2082; x_wconf 88' lang='lat' dir='ltr'><strong>r.</strong></span> <span class='ocrx_word' id='word_1_292' title='bbox 2369 2074 2378 2082; x_wconf 93' lang='lat'><strong>.</strong></span> 
     </span>
    </p>
   </div>
   <div class='ocr_carea' id='block_1_23' title="bbox 1751 2131 2372 2197">
    <p class='ocr_par' dir='ltr' id='par_1_23' title="bbox 1751 2131 2372 2197">
     <span class='ocr_line' id='line_1_24' title="bbox 1751 2131 2372 2197; baseline 0.018 -13"><span class='ocrx_word' id='word_1_293' title='bbox 1751 2131 2108 2194; x_wconf 75' lang='lat' dir='ltr'><strong>VARIORUM</strong></span> <span class='ocrx_word' id='word_1_294' title='bbox 2139 2137 2372 2197; x_wconf 80' lang='lat' dir='ltr'><strong>NOT/E.</strong></span> 
     </span>
    </p>
   </div>
   <div class='ocr_carea' id='block_1_24' title="bbox 387 2241 1986 2324">
    <p class='ocr_par' dir='ltr' id='par_1_24' title="bbox 387 2241 1986 2324">
     <span class='ocr_line' id='line_1_25' title="bbox 387 2241 1986 2324; baseline 0.009 -30"><span class='ocrx_word' id='word_1_295' title='bbox 387 2241 686 2324; x_wconf 40' lang='lat' dir='ltr'><strong>sertissi‘me</strong></span> <span class='ocrx_word' id='word_1_296' title='bbox 729 2241 978 2324; x_wconf 70' lang='lat' dir='ltr'><strong>habetur,</strong></span> <span class='ocrx_word' id='word_1_297' title='bbox 1006 2249 1126 2307; x_wconf 80' lang='grc' dir='ltr'><strong>τοὺς</strong></span> <span class='ocrx_word' id='word_1_298' title='bbox 1165 2249 1311 2324; x_wconf 33' lang='grc' dir='ltr'><strong>τςιαρὰ</strong></span> <span class='ocrx_word' id='word_1_299' title='bbox 1339 2255 1440 2302; x_wconf 79' lang='grc' dir='ltr'><strong>τῶν</strong></span> <span class='ocrx_word' id='word_1_300' title='bbox 1469 2256 1732 2324; x_wconf 57' lang='lat' dir='ltr'><strong>(tripertitam</strong></span> <span class='ocrx_word' id='word_1_301' title='bbox 1759 2250 1986 2320; x_wconf 78' lang='grc' dir='ltr'><strong>βαπτισ·</strong></span> 
     </span>
    </p>
   </div>
   <div class='ocr_carea' id='block_1_25' title="bbox 384 2314 1983 2397">
    <p class='ocr_par' dir='ltr' id='par_1_25' title="bbox 384 2314 1983 2397">
     <span class='ocr_line' id='line_1_26' title="bbox 384 2314 1983 2397; baseline 0.017 -38"><span class='ocrx_word' id='word_1_302' title='bbox 384 2317 562 2397; x_wconf 60' lang='grc' dir='ltr'>θένταξ</span> <span class='ocrx_word' id='word_1_303' title='bbox 583 2314 614 2373; x_wconf 72' lang='grc' dir='ltr'><strong>ἦ</strong></span> <span class='ocrx_word' id='word_1_304' title='bbox 659 2314 1269 2397; x_wconf 51' lang='grc' dir='ltr'><strong>χριροτονηθᾷιῖας,-ρῦτἐ</strong></span> <span class='ocrx_word' id='word_1_305' title='bbox 1314 2314 1534 2380; x_wconf 69' lang='grc' dir='ltr'><strong>πιστοὺᾷ</strong></span> <span class='ocrx_word' id='word_1_306' title='bbox 1563 2318 1678 2377; x_wconf 57' lang='grc' dir='ltr'><strong>οὔτε</strong></span> <span class='ocrx_word' id='word_1_307' title='bbox 1710 2314 1983 2397; x_wconf 48' lang='grc' dir='ltr'><strong>κῖηιοικοῦς</strong></span> 
     </span>
    </p>
   </div>
   <div class='ocr_carea' id='block_1_26' title="bbox 389 2381 1356 2444">
    <p class='ocr_par' dir='ltr' id='par_1_26' title="bbox 389 2381 1356 2444">
     <span class='ocr_line' id='line_1_27' title="bbox 389 2381 1356 2444; baseline 0.003 -5"><span class='ocrx_word' id='word_1_308' title='bbox 389 2381 765 2442; x_wconf 43' lang='lat' dir='ltr'><strong>sauiandas-i1</strong></span> <span class='ocrx_word' id='word_1_309' title='bbox 796 2387 925 2440; x_wconf 73' lang='lat' dir='ltr'><strong>(Ian.</strong></span> <span class='ocrx_word' id='word_1_310' title='bbox 962 2389 1050 2442; x_wconf 82' lang='lat'><strong>68.</strong></span> <span class='ocrx_word' id='word_1_311' title='bbox 1131 2389 1356 2444; x_wconf 73' lang='lat' dir='ltr'><strong>RIGALT.</strong></span> 
     </span>
    </p>
   </div>
   <div class='ocr_carea' id='block_1_27' title="bbox 462 2456 1982 2538">
    <p class='ocr_par' dir='ltr' id='par_1_27' title="bbox 462 2456 1982 2538">
     <span class='ocr_line' id='line_1_28' title="bbox 462 2456 1982 2538; baseline 0.008 -30"><span class='ocrx_word' id='word_1_312' title='bbox 462 2456 562 2522; x_wconf 86' lang='lat' dir='ltr'><strong>Qui</strong></span> <span class='ocrx_word' id='word_1_313' title='bbox 591 2457 877 2538; x_wconf 75' lang='lat' dir='ltr'><strong>baptizatur</strong></span> <span class='ocrx_word' id='word_1_314' title='bbox 905 2476 934 2538; x_wconf 71' lang='grc' dir='ltr'><em>ᾳ</em></span> <span class='ocrx_word' id='word_1_315' title='bbox 967 2470 1185 2527; x_wconf 79' lang='lat' dir='ltr'><strong>mortuo,</strong></span> <span class='ocrx_word' id='word_1_316' title='bbox 1217 2461 1340 2538; x_wconf 84' lang='lat' dir='ltr'><strong>qu_id</strong></span> <span class='ocrx_word' id='word_1_317' title='bbox 1389 2463 1589 2538; x_wconf 77' lang='lat' dir='ltr'><strong>pro/icit</strong></span> <span class='ocrx_word' id='word_1_318' title='bbox 1617 2463 1802 2538; x_wconf 78' lang='lat' dir='ltr'><strong>lavatio</strong></span> <span class='ocrx_word' id='word_1_319' title='bbox 1832 2467 1982 2538; x_wconf 80' lang='lat' dir='ltr'><strong>ejus?</strong></span> 
     </span>
    </p>
   </div>
   <div class='ocr_carea' id='block_1_28' title="bbox 381 2526 1979 2600">
    <p class='ocr_par' dir='ltr' id='par_1_28' title="bbox 381 2526 1979 2600">
     <span class='ocr_line' id='line_1_29' title="bbox 381 2526 1979 2600; baseline 0.009 -21"><span class='ocrx_word' id='word_1_320' title='bbox 381 2526 769 2592; x_wconf 74' lang='lat' dir='ltr'><strong>Smpentttnero</strong></span> <span class='ocrx_word' id='word_1_321' title='bbox 791 2530 1006 2596; x_wconf 80' lang='lat' dir='ltr'><strong>quidem</strong></span> <span class='ocrx_word' id='word_1_322' title='bbox 1033 2526 1239 2586; x_wconf 31' lang='lat' dir='ltr'><strong>nostcr—</strong></span> <span class='ocrx_word' id='word_1_323' title='bbox 1259 2526 1558 2600; x_wconf 63' lang='lat' dir='ltr'><strong>Cyprianus</strong></span> <span class='ocrx_word' id='word_1_324' title='bbox 1603 2545 1654 2586; x_wconf 79' lang='lat' dir='ltr'><strong>et</strong></span> <span class='ocrx_word' id='word_1_325' title='bbox 1679 2536 1767 2589; x_wconf 84' lang='lat' dir='ltr'><strong>alii</strong></span> <span class='ocrx_word' id='word_1_326' title='bbox 1799 2526 1979 2594; x_wconf 65' lang='lat' dir='ltr'><strong>patres</strong></span> 
     </span>
    </p>
   </div>
   <div class='ocr_carea' id='block_1_29' title="bbox 381 2600 1974 2670">
    <p class='ocr_par' dir='ltr' id='par_1_29' title="bbox 381 2600 1974 2670">
     <span class='ocr_line' id='line_1_30' title="bbox 381 2600 1974 2670; baseline 0.006 -18"><span class='ocrx_word' id='word_1_327' title='bbox 381 2601 650 2667; x_wconf 85' lang='lat' dir='ltr'><strong>arripiunt</strong></span> <span class='ocrx_word' id='word_1_328' title='bbox 683 2600 752 2654; x_wconf 88' lang='lat' dir='ltr'><strong>de</strong></span> <span class='ocrx_word' id='word_1_329' title='bbox 803 2602 1094 2670; x_wconf 79' lang='lat' dir='ltr'><strong>Set-iptnris</strong></span> <span class='ocrx_word' id='word_1_330' title='bbox 1135 2603 1393 2669; x_wconf 88' lang='lat' dir='ltr'><strong>onidquitl</strong></span> <span class='ocrx_word' id='word_1_331' title='bbox 1425 2606 1506 2660; x_wconf 89' lang='lat' dir='ltr'><strong>vel</strong></span> <span class='ocrx_word' id='word_1_332' title='bbox 1547 2607 1664 2661; x_wconf 78' lang='lat' dir='ltr'><strong>solo</strong></span> <span class='ocrx_word' id='word_1_333' title='bbox 1690 2608 1974 2665; x_wconf 81' lang='lat' dir='ltr'><strong>verhmttm</strong></span> 
     </span>
    </p>
   </div>
   <div class='ocr_carea' id='block_1_30' title="bbox 382 2672 1975 2742">
    <p class='ocr_par' dir='ltr' id='par_1_30' title="bbox 382 2672 1975 2742">
     <span class='ocr_line' id='line_1_31' title="bbox 382 2672 1975 2742; baseline 0.006 -17"><span class='ocrx_word' id='word_1_334' title='bbox 382 2686 516 2725; x_wconf 88' lang='lat' dir='ltr'><strong>sono</strong></span> <span class='ocrx_word' id='word_1_335' title='bbox 573 2672 748 2726; x_wconf 78' lang='lat' dir='ltr'><strong>facere</strong></span> <span class='ocrx_word' id='word_1_336' title='bbox 796 2673 861 2726; x_wconf 87' lang='lat' dir='ltr'><strong>ad</strong></span> <span class='ocrx_word' id='word_1_337' title='bbox 916 2677 1250 2742; x_wconf 77' lang='lat' dir='ltr'><strong>propos&#39;tum</strong></span> <span class='ocrx_word' id='word_1_338' title='bbox 1280 2677 1507 2736; x_wconf 85' lang='lat' dir='ltr'><strong>videtur.</strong></span> <span class='ocrx_word' id='word_1_339' title='bbox 1543 2679 1639 2732; x_wconf 89' lang='lat' dir='ltr'><strong>etsi</strong></span> <span class='ocrx_word' id='word_1_340' title='bbox 1683 2679 1840 2733; x_wconf 78' lang='lat' dir='ltr'><strong>lon:e</strong></span> <span class='ocrx_word' id='word_1_341' title='bbox 1869 2681 1975 2736; x_wconf 90' lang='lat' dir='ltr'><strong>alio</strong></span> 
     </span>
    </p>
   </div>
   <div class='ocr_carea' id='block_1_31' title="bbox 383 2743 1974 2814">
    <p class='ocr_par' dir='ltr' id='par_1_31' title="bbox 383 2743 1974 2814">
     <span class='ocr_line' id='line_1_32' title="bbox 383 2743 1974 2814; baseline 0.004 -18"><span class='ocrx_word' id='word_1_342' title='bbox 383 2744 450 2796; x_wconf 81' lang='lat' dir='ltr'><strong>sit</strong></span> <span class='ocrx_word' id='word_1_343' title='bbox 505 2743 830 2798; x_wconf 88' lang='lat' dir='ltr'><strong>audiendum</strong></span> <span class='ocrx_word' id='word_1_344' title='bbox 883 2759 1042 2799; x_wconf 74' lang='lat' dir='ltr'><strong>sensu</strong></span> <span class='ocrx_word' id='word_1_345' title='bbox 1070 2765 1083 2798; x_wconf 91' lang='lat'><strong><em>:</em></strong></span> <span class='ocrx_word' id='word_1_346' title='bbox 1113 2748 1414 2814; x_wconf 71' lang='lat' dir='ltr'><strong>cujusmodi</strong></span> <span class='ocrx_word' id='word_1_347' title='bbox 1445 2750 1622 2808; x_wconf 87' lang='lat' dir='ltr'><strong>aliqua</strong></span> <span class='ocrx_word' id='word_1_348' title='bbox 1673 2752 1974 2808; x_wconf 87' lang='lat' dir='ltr'><strong>notavimus</strong></span> 
     </span>
    </p>
   </div>
   <div class='ocr_carea' id='block_1_32' title="bbox 386 2815 1971 2885">
    <p class='ocr_par' dir='ltr' id='par_1_32' title="bbox 386 2815 1971 2885">
     <span class='ocr_line' id='line_1_33' title="bbox 386 2815 1971 2885; baseline 0.008 -18"><span class='ocrx_word' id='word_1_349' title='bbox 386 2815 437 2868; x_wconf 90' lang='lat' dir='ltr'><strong>in</strong></span> <span class='ocrx_word' id='word_1_350' title='bbox 469 2817 922 2885; x_wconf 68' lang='lat' dir='ltr'><strong>procedentibus.</strong></span> <span class='ocrx_word' id='word_1_351' title='bbox 948 2817 1100 2883; x_wconf 80' lang='lat' dir='ltr'><strong>Quod</strong></span> <span class='ocrx_word' id='word_1_352' title='bbox 1121 2835 1250 2873; x_wconf 88' lang='lat' dir='ltr'><strong>vero</strong></span> <span class='ocrx_word' id='word_1_353' title='bbox 1279 2819 1364 2874; x_wconf 93' lang='lat' dir='ltr'><strong>hic</strong></span> <span class='ocrx_word' id='word_1_354' title='bbox 1390 2822 1460 2875; x_wconf 91' lang='lat' dir='ltr'><strong>de</strong></span> <span class='ocrx_word' id='word_1_355' title='bbox 1492 2821 1762 2875; x_wconf 77' lang='lat' dir='ltr'><strong>tricesimo</strong></span> <span class='ocrx_word' id='word_1_356' title='bbox 1787 2823 1971 2880; x_wconf 84' lang='lat' dir='ltr'><strong>Eccle-</strong></span> 
     </span>
    </p>
   </div>
   <div class='ocr_carea' id='block_1_33' title="bbox 383 2887 1970 2961">
    <p class='ocr_par' dir='ltr' id='par_1_33' title="bbox 383 2887 1970 2961">
     <span class='ocr_line' id='line_1_34' title="bbox 383 2887 1970 2961; baseline 0.006 -20"><span class='ocrx_word' id='word_1_357' title='bbox 383 2887 584 2961; x_wconf 55' lang='lat' dir='ltr'><strong>siastici</strong></span> <span class='ocrx_word' id='word_1_358' title='bbox 625 2889 800 2961; x_wconf 75' lang='lat' dir='ltr'><strong>capite</strong></span> <span class='ocrx_word' id='word_1_359' title='bbox 831 2888 1050 2942; x_wconf 77' lang='lat' dir='ltr'><strong>citatum</strong></span> <span class='ocrx_word' id='word_1_360' title='bbox 1096 2890 1336 2959; x_wconf 85' lang='lat' dir='ltr'><strong>plerique.</strong></span> <span class='ocrx_word' id='word_1_361' title='bbox 1371 2901 1579 2961; x_wconf 82' lang='lat' dir='ltr'><strong>putant,</strong></span> <span class='ocrx_word' id='word_1_362' title='bbox 1616 2894 1838 2948; x_wconf 89' lang='lat' dir='ltr'><strong>omnino</strong></span> <span class='ocrx_word' id='word_1_363' title='bbox 1876 2898 1970 2951; x_wconf 89' lang='lat' dir='ltr'><strong>ab-</strong></span> 
     </span>
    </p>
   </div>
   <div class='ocr_carea' id='block_1_34' title="bbox 2091 2255 3676 2328">
    <p class='ocr_par' dir='ltr' id='par_1_34' title="bbox 2091 2255 3676 2328">
     <span class='ocr_line' id='line_1_35' title="bbox 2091 2255 3676 2328; baseline 0.004 -18"><span class='ocrx_word' id='word_1_364' title='bbox 2091 2255 2345 2311; x_wconf 79' lang='lat' dir='ltr'><strong>breretico</strong></span> <span class='ocrx_word' id='word_1_365' title='bbox 2391 2259 2503 2314; x_wconf 88' lang='lat' dir='ltr'><strong>sive</strong></span> <span class='ocrx_word' id='word_1_366' title='bbox 2548 2259 2909 2324; x_wconf 81' lang='lat' dir='ltr'><strong>scliismatico,</strong></span> <span class='ocrx_word' id='word_1_367' title='bbox 2961 2271 3110 2314; x_wconf 79' lang='lat' dir='ltr'><strong>extra</strong></span> <span class='ocrx_word' id='word_1_368' title='bbox 3145 2261 3436 2317; x_wconf 78' lang='lat' dir='ltr'><strong>Ecclesiam</strong></span> <span class='ocrx_word' id='word_1_369' title='bbox 3469 2264 3676 2328; x_wconf 87' lang='lat' dir='ltr'><strong>datum,</strong></span> 
     </span>
    </p>
   </div>
   <div class='ocr_carea' id='block_1_35' title="bbox 2092 2329 3678 2405">
    <p class='ocr_par' dir='ltr' id='par_1_35' title="bbox 2092 2329 3678 2405">
     <span class='ocr_line' id='line_1_36' title="bbox 2092 2329 3678 2405; baseline 0.007 -25"><span class='ocrx_word' id='word_1_370' title='bbox 2092 2338 2216 2382; x_wconf 53' lang='lat' dir='ltr'><strong>tune</strong></span> <span class='ocrx_word' id='word_1_371' title='bbox 2250 2329 2484 2405; x_wconf 78' lang='lat' dir='ltr'><strong>incipere</strong></span> <span class='ocrx_word' id='word_1_372' title='bbox 2541 2331 2810 2405; x_wconf 82' lang='lat' dir='ltr'><strong>baptizato</strong></span> <span class='ocrx_word' id='word_1_373' title='bbox 2837 2331 3100 2405; x_wconf 60' lang='lat' dir='ltr'><strong>prolicere</strong></span> <span class='ocrx_word' id='word_1_374' title='bbox 3127 2348 3247 2386; x_wconf 91' lang='lat' dir='ltr'><strong>cum</strong></span> <span class='ocrx_word' id='word_1_375' title='bbox 3298 2333 3472 2388; x_wconf 87' lang='lat' dir='ltr'><strong>taliter</strong></span> <span class='ocrx_word' id='word_1_376' title='bbox 3501 2335 3678 2405; x_wconf 89' lang='lat' dir='ltr'><strong>bapti-</strong></span> 
     </span>
    </p>
   </div>
   <div class='ocr_carea' id='block_1_36' title="bbox 2086 2402 3682 2468">
    <p class='ocr_par' dir='ltr' id='par_1_36' title="bbox 2086 2402 3682 2468">
     <span class='ocr_line' id='line_1_37' title="bbox 2086 2402 3682 2468; baseline 0.005 -16"><span class='ocrx_word' id='word_1_377' title='bbox 2086 2411 2237 2452; x_wconf 84' lang='lat' dir='ltr'><strong>zatus</strong></span> <span class='ocrx_word' id='word_1_378' title='bbox 2282 2403 2474 2456; x_wconf 87' lang='lat' dir='ltr'><strong>transit</strong></span> <span class='ocrx_word' id='word_1_379' title='bbox 2518 2402 2581 2454; x_wconf 87' lang='lat' dir='ltr'><strong>ad</strong></span> <span class='ocrx_word' id='word_1_380' title='bbox 2629 2418 2824 2468; x_wconf 81' lang='lat' dir='ltr'><strong>corpus</strong></span> <span class='ocrx_word' id='word_1_381' title='bbox 2872 2402 3094 2461; x_wconf 81' lang='lat' dir='ltr'><strong>Christi.</strong></span> <span class='ocrx_word' id='word_1_382' title='bbox 3139 2405 3278 2468; x_wconf 91' lang='lat' dir='ltr'><strong>quod</strong></span> <span class='ocrx_word' id='word_1_383' title='bbox 3329 2420 3408 2459; x_wconf 75' lang='grc' dir='ltr'><strong>ρει</strong></span> <span class='ocrx_word' id='word_1_384' title='bbox 3443 2402 3682 2462; x_wconf 76' lang='lat' dir='ltr'><strong>Ecclesia</strong></span> 
     </span>
    </p>
   </div>
   <div class='ocr_carea' id='block_1_37' title="bbox 2089 2471 3682 2547">
    <p class='ocr_par' dir='ltr' id='par_1_37' title="bbox 2089 2471 3682 2547">
     <span class='ocr_line' id='line_1_38' title="bbox 2089 2471 3682 2547; baseline 0.007 -26"><span class='ocrx_word' id='word_1_385' title='bbox 2089 2471 2177 2547; x_wconf 71' lang='grc' dir='ltr'><strong>ρμί</strong></span> <span class='ocrx_word' id='word_1_386' title='bbox 2223 2473 2347 2547; x_wconf 83' lang='lat' dir='ltr'><strong>vivi.</strong></span> <span class='ocrx_word' id='word_1_387' title='bbox 2406 2473 2516 2547; x_wconf 80' lang='lat' dir='ltr'><strong>_Hoe.</strong></span> <span class='ocrx_word' id='word_1_388' title='bbox 2547 2475 2617 2527; x_wconf 89' lang='lat' dir='ltr'><strong>ita</strong></span> <span class='ocrx_word' id='word_1_389' title='bbox 2664 2478 2875 2547; x_wconf 47' lang='lat' dir='ltr'><strong>Clll’lltlt:</strong></span> <span class='ocrx_word' id='word_1_390' title='bbox 2908 2475 3066 2547; x_wconf 79' lang='lat' dir='ltr'><strong>etiam</strong></span> <span class='ocrx_word' id='word_1_391' title='bbox 3097 2491 3123 2526; x_wconf 91' lang='lat' dir='ltr'><strong>a</strong></span> <span class='ocrx_word' id='word_1_392' title='bbox 3178 2476 3394 2544; x_wconf 83' lang='lat' dir='ltr'><strong>Quieto.</strong></span> <span class='ocrx_word' id='word_1_393' title='bbox 3425 2479 3682 2547; x_wconf 75' lang='lat' dir='ltr'><strong>episcopo</strong></span> 
     </span>
    </p>
   </div>
   <div class='ocr_carea' id='block_1_38' title="bbox 2086 2541 3677 2619">
    <p class='ocr_par' dir='ltr' id='par_1_38' title="bbox 2086 2541 3677 2619">
     <span class='ocr_line' id='line_1_39' title="bbox 2086 2541 3677 2619; baseline 0.004 -24"><span class='ocrx_word' id='word_1_394' title='bbox 2086 2541 2441 2619; x_wconf 67' lang='lat' dir='ltr'><strong>_l_3_uruchensi,</strong></span> <span class='ocrx_word' id='word_1_395' title='bbox 2484 2547 2542 2619; x_wconf 64' lang='lat' dir='ltr'><strong>in</strong></span> <span class='ocrx_word' id='word_1_396' title='bbox 2590 2547 2784 2619; x_wconf 82' lang='lat' dir='ltr'><strong>cont-il.</strong></span> <span class='ocrx_word' id='word_1_397' title='bbox 2839 2541 3219 2619; x_wconf 21' lang='lat' dir='ltr'><strong>Carthag..4et&#39;</strong></span> <span class='ocrx_word' id='word_1_398' title='bbox 3256 2547 3324 2600; x_wconf 91' lang='lat' dir='ltr'><strong>ab</strong></span> <span class='ocrx_word' id='word_1_399' title='bbox 3355 2541 3677 2619; x_wconf 43' lang='lat' dir='ltr'><strong>Augustin-0,</strong></span> 
     </span>
    </p>
   </div>
   <div class='ocr_carea' id='block_1_39' title="bbox 2082 2612 3676 2686">
    <p class='ocr_par' dir='ltr' id='par_1_39' title="bbox 2082 2612 3676 2686">
     <span class='ocr_line' id='line_1_40' title="bbox 2082 2612 3676 2686; baseline 0.005 -20"><span class='ocrx_word' id='word_1_400' title='bbox 2082 2612 2178 2668; x_wconf 87' lang='lat' dir='ltr'><strong>lib.</strong></span> <span class='ocrx_word' id='word_1_401' title='bbox 2212 2631 2258 2680; x_wconf 93' lang='lat' dir='ltr'><strong>I,</strong></span> <span class='ocrx_word' id='word_1_402' title='bbox 2294 2626 2483 2669; x_wconf 83' lang='lat' dir='ltr'><strong>contra</strong></span> <span class='ocrx_word' id='word_1_403' title='bbox 2520 2617 2860 2681; x_wconf 83' lang='lat' dir='ltr'><strong>Petilianum.</strong></span> <span class='ocrx_word' id='word_1_404' title='bbox 2894 2632 2940 2670; x_wconf 91' lang='lat' dir='ltr'><strong>c.</strong></span> <span class='ocrx_word' id='word_1_405' title='bbox 2975 2619 3008 2672; x_wconf 91' lang='lat'><strong>9</strong></span> <span class='ocrx_word' id='word_1_406' title='bbox 3047 2612 3074 2671; x_wconf 4' lang='lat' dir='ltr'><strong>id:</strong></span> <span class='ocrx_word' id='word_1_407' title='bbox 3113 2617 3241 2670; x_wconf 86' lang='lat' dir='ltr'><strong>Item</strong></span> <span class='ocrx_word' id='word_1_408' title='bbox 3274 2636 3386 2670; x_wconf 86' lang='lat' dir='ltr'><strong>cum</strong></span> <span class='ocrx_word' id='word_1_409' title='bbox 3430 2612 3676 2686; x_wconf 63' lang='lat' dir='ltr'><strong>tittdierit,</strong></span> 
     </span>
    </p>
   </div>
   <div class='ocr_carea' id='block_1_40' title="bbox 2082 2687 3670 2758">
    <p class='ocr_par' dir='ltr' id='par_1_40' title="bbox 2082 2687 3670 2758">
     <span class='ocr_line' id='line_1_41' title="bbox 2082 2687 3670 2758; baseline 0.004 -20"><span class='ocrx_word' id='word_1_410' title='bbox 2082 2687 2169 2753; x_wconf 88' lang='lat' dir='ltr'><strong>qui</strong></span> <span class='ocrx_word' id='word_1_411' title='bbox 2205 2688 2553 2758; x_wconf 75' lang='lat' dir='ltr'><strong>baptizatura</strong></span> <span class='ocrx_word' id='word_1_412' title='bbox 2601 2699 2796 2740; x_wconf 86' lang='lat' dir='ltr'><strong>mortuo</strong></span> <span class='ocrx_word' id='word_1_413' title='bbox 2821 2731 2832 2750; x_wconf 91' lang='lat'><strong>,</strong></span> <span class='ocrx_word' id='word_1_414' title='bbox 2865 2705 2966 2742; x_wconf 87' lang='lat' dir='ltr'><strong>non</strong></span> <span class='ocrx_word' id='word_1_415' title='bbox 3003 2689 3048 2741; x_wconf 83' lang='lat' dir='ltr'><strong>ei</strong></span> <span class='ocrx_word' id='word_1_416' title='bbox 3078 2690 3280 2756; x_wconf 81' lang='lat' dir='ltr'><strong>prodest</strong></span> <span class='ocrx_word' id='word_1_417' title='bbox 3307 2690 3495 2745; x_wconf 77' lang='lat' dir='ltr'><strong>lavatio</strong></span> <span class='ocrx_word' id='word_1_418' title='bbox 3541 2695 3670 2758; x_wconf 78' lang='lat' dir='ltr'><strong>ejus.</strong></span> 
     </span>
    </p>
   </div>
   <div class='ocr_carea' id='block_1_41' title="bbox 2081 2757 3678 2828">
    <p class='ocr_par' dir='ltr' id='par_1_41' title="bbox 2081 2757 3678 2828">
     <span class='ocr_line' id='line_1_42' title="bbox 2081 2757 3678 2828; baseline 0.005 -20"><span class='ocrx_word' id='word_1_419' title='bbox 2081 2760 2445 2825; x_wconf 83' lang='lat' dir='ltr'><strong>respondebit:</strong></span> <span class='ocrx_word' id='word_1_420' title='bbox 2495 2757 2628 2812; x_wconf 80' lang='lat' dir='ltr'><strong>Vivit</strong></span> <span class='ocrx_word' id='word_1_421' title='bbox 2656 2759 2910 2820; x_wconf 77' lang='lat' dir='ltr'><strong>Christus,</strong></span> <span class='ocrx_word' id='word_1_422' title='bbox 2945 2769 3047 2815; x_wconf 88' lang='lat' dir='ltr'><strong>etc.</strong></span> <span class='ocrx_word' id='word_1_423' title='bbox 3085 2757 3678 2828; x_wconf 79' lang='lat' dir='ltr'><strong>Baptizantnrantetna</strong></span> 
     </span>
    </p>
   </div>
   <div class='ocr_carea' id='block_1_42' title="bbox 2083 2830 3673 2898">
    <p class='ocr_par' dir='ltr' id='par_1_42' title="bbox 2083 2830 3673 2898">
     <span class='ocr_line' id='line_1_43' title="bbox 2083 2830 3673 2898; baseline 0.003 -17"><span class='ocrx_word' id='word_1_424' title='bbox 2083 2830 2328 2893; x_wconf 88' lang='lat' dir='ltr'><strong>mortuis,</strong></span> <span class='ocrx_word' id='word_1_425' title='bbox 2369 2831 2456 2895; x_wconf 87' lang='lat' dir='ltr'><strong>qui</strong></span> <span class='ocrx_word' id='word_1_426' title='bbox 2505 2832 2840 2893; x_wconf 80' lang='lat' dir='ltr'><strong>baptizantnr</strong></span> <span class='ocrx_word' id='word_1_427' title='bbox 2875 2833 2925 2885; x_wconf 90' lang='lat' dir='ltr'><strong>in</strong></span> <span class='ocrx_word' id='word_1_428' title='bbox 2976 2831 3242 2886; x_wconf 88' lang='lat' dir='ltr'><strong>idolorum</strong></span> <span class='ocrx_word' id='word_1_429' title='bbox 3278 2834 3522 2898; x_wconf 86' lang='lat' dir='ltr'><strong>templis;</strong></span> <span class='ocrx_word' id='word_1_430' title='bbox 3568 2849 3673 2886; x_wconf 90' lang='lat' dir='ltr'><strong>non</strong></span> 
     </span>
    </p>
   </div>
   <div class='ocr_carea' id='block_1_43' title="bbox 2081 2900 3671 2980">
    <p class='ocr_par' dir='ltr' id='par_1_43' title="bbox 2081 2900 3671 2980">
     <span class='ocr_line' id='line_1_44' title="bbox 2081 2900 3671 2980; baseline 0.002 -27"><span class='ocrx_word' id='word_1_431' title='bbox 2081 2900 2224 2954; x_wconf 86' lang='lat' dir='ltr'><strong>enim</strong></span> <span class='ocrx_word' id='word_1_432' title='bbox 2253 2912 2305 2953; x_wconf 83' lang='lat' dir='ltr'><strong>et</strong></span> <span class='ocrx_word' id='word_1_433' title='bbox 2334 2902 2432 2980; x_wconf 60' lang='lat' dir='ltr'><strong>ipsi</strong></span> <span class='ocrx_word' id='word_1_434' title='bbox 2465 2917 2492 2955; x_wconf 87' lang='lat' dir='ltr'><strong>a</strong></span> <span class='ocrx_word' id='word_1_435' title='bbox 2526 2904 2894 2980; x_wconf 81' lang='lat' dir='ltr'><strong>sacerdotibus</strong></span> <span class='ocrx_word' id='word_1_436' title='bbox 2915 2905 3026 2957; x_wconf 85' lang='lat' dir='ltr'><strong>suis</strong></span> <span class='ocrx_word' id='word_1_437' title='bbox 3055 2919 3110 2955; x_wconf 87' lang='lat' dir='ltr'><strong>sc</strong></span> <span class='ocrx_word' id='word_1_438' title='bbox 3131 2904 3374 2980; x_wconf 77' lang='lat' dir='ltr'><strong>accipere</strong></span> <span class='ocrx_word' id='word_1_439' title='bbox 3402 2905 3671 2980; x_wconf 34' lang='lat' dir='ltr'><strong>:tr-b-itranf</strong></span> 
     </span>
    </p>
   </div>
   <div class='ocr_carea' id='block_1_44' title="bbox 383 2958 3672 3045">
    <p class='ocr_par' dir='ltr' id='par_1_44' title="bbox 383 2958 3672 3045">
     <span class='ocr_line' id='line_1_45' title="bbox 383 2958 3672 3045; baseline 0.005 -34"><span class='ocrx_word' id='word_1_440' title='bbox 383 2958 521 3042; x_wconf 68' lang='lat' dir='ltr'><strong>ludit</strong></span> <span class='ocrx_word' id='word_1_441' title='bbox 548 2962 614 3010; x_wconf 86' lang='lat' dir='ltr'><strong>ab</strong></span> <span class='ocrx_word' id='word_1_442' title='bbox 648 2960 928 3045; x_wconf 66' lang='lat' dir='ltr'><strong>Sapientia</strong></span> <span class='ocrx_word' id='word_1_443' title='bbox 973 2958 1260 3045; x_wconf 45' lang='lat' dir='ltr'><strong>Siracidis.</strong></span> <span class='ocrx_word' id='word_1_444' title='bbox 1287 2958 1607 3045; x_wconf 67' lang='lat' dir='ltr'><strong>Rectissime</strong></span> <span class='ocrx_word' id='word_1_445' title='bbox 1645 2976 1834 3045; x_wconf 43' lang='lat' dir='ltr'><strong>.autetn</strong></span> <span class='ocrx_word' id='word_1_446' title='bbox 1868 2969 1972 3045; x_wconf 77' lang='lat' dir='ltr'><strong>(_Iy-</strong></span> <span class='ocrx_word' id='word_1_447' title='bbox 2002 2982 2045 3043; x_wconf 70' lang='grc' dir='ltr'><strong>ρ</strong></span> <span class='ocrx_word' id='word_1_448' title='bbox 2083 2980 2169 3024; x_wconf 86' lang='lat' dir='ltr'><strong>tnr</strong></span> <span class='ocrx_word' id='word_1_449' title='bbox 2225 2958 2702 3045; x_wconf 47' lang='lat' dir='ltr'><strong>sattc&#39;tiiicatiouetn</strong></span> <span class='ocrx_word' id='word_1_450' title='bbox 2765 2990 2922 3044; x_wconf 90' lang='lat' dir='ltr'><strong>quam</strong></span> <span class='ocrx_word' id='word_1_451' title='bbox 2978 2983 3196 3038; x_wconf 87' lang='lat' dir='ltr'><strong>putant;</strong></span> <span class='ocrx_word' id='word_1_452' title='bbox 3250 2958 3343 3028; x_wconf 71' lang='lat' dir='ltr'><strong>sed</strong></span> <span class='ocrx_word' id='word_1_453' title='bbox 3382 2991 3409 3028; x_wconf 88' lang='lat' dir='ltr'><strong>a</strong></span> <span class='ocrx_word' id='word_1_454' title='bbox 3437 2975 3560 3032; x_wconf 89' lang='lat' dir='ltr'><strong>diis.</strong></span> <span class='ocrx_word' id='word_1_455' title='bbox 3583 2978 3672 3045; x_wconf 88' lang='lat' dir='ltr'><strong>qui</strong></span> 
     </span>
    </p>
   </div>
   <div class='ocr_carea' id='block_1_45' title="bbox 383 3029 1970 3102">
    <p class='ocr_par' dir='ltr' id='par_1_45' title="bbox 383 3029 1970 3102">
     <span class='ocr_line' id='line_1_46' title="bbox 383 3029 1970 3102; baseline 0.008 -20"><span class='ocrx_word' id='word_1_456' title='bbox 383 3029 604 3102; x_wconf 55' lang='lat' dir='ltr'><strong>priuatis</strong></span> <span class='ocrx_word' id='word_1_457' title='bbox 635 3033 708 3084; x_wconf 87' lang='lat' dir='ltr'><strong>ait</strong></span> <span class='ocrx_word' id='word_1_458' title='bbox 729 3029 1028 3086; x_wconf 31' lang='lat' dir='ltr'><strong>’lnereticos</strong></span> <span class='ocrx_word' id='word_1_459' title='bbox 1054 3043 1107 3086; x_wconf 90' lang='lat' dir='ltr'><strong>et</strong></span> <span class='ocrx_word' id='word_1_460' title='bbox 1150 3035 1544 3096; x_wconf 64' lang='lat' dir='ltr'><strong>schismatieos,</strong></span> <span class='ocrx_word' id='word_1_461' title='bbox 1570 3035 1657 3102; x_wconf 89' lang='lat' dir='ltr'><strong>qtti</strong></span> <span class='ocrx_word' id='word_1_462' title='bbox 1687 3047 1836 3091; x_wconf 80' lang='lat' dir='ltr'><strong>extra</strong></span> <span class='ocrx_word' id='word_1_463' title='bbox 1872 3029 1970 3094; x_wconf 77' lang='lat' dir='ltr'><strong>Ec-</strong></span> 
     </span>
    </p>
   </div>
   <div class='ocr_carea' id='block_1_46' title="bbox 381 3101 1974 3178">
    <p class='ocr_par' dir='ltr' id='par_1_46' title="bbox 381 3101 1974 3178">
     <span class='ocr_line' id='line_1_47' title="bbox 381 3101 1974 3178; baseline 0.005 -23"><span class='ocrx_word' id='word_1_464' title='bbox 381 3101 601 3155; x_wconf 71' lang='lat' dir='ltr'><strong>cle~iam</strong></span> <span class='ocrx_word' id='word_1_465' title='bbox 649 3113 793 3178; x_wconf 77' lang='lat' dir='ltr'><strong>sunt,</strong></span> <span class='ocrx_word' id='word_1_466' title='bbox 817 3105 957 3160; x_wconf 81' lang='lat' dir='ltr'><strong>inter</strong></span> <span class='ocrx_word' id='word_1_467' title='bbox 987 3118 1231 3178; x_wconf 76' lang='lat' dir='ltr'><strong>mortuos</strong></span> <span class='ocrx_word' id='word_1_468' title='bbox 1253 3109 1573 3172; x_wconf 83' lang='lat' dir='ltr'><strong>computari,</strong></span> <span class='ocrx_word' id='word_1_469' title='bbox 1592 3101 1803 3178; x_wconf 84' lang='lat' dir='ltr'><strong>nempe</strong></span> <span class='ocrx_word' id='word_1_470' title='bbox 1831 3126 1974 3163; x_wconf 88' lang='lat' dir='ltr'><strong>mor-</strong></span> 
     </span>
    </p>
   </div>
   <div class='ocr_carea' id='block_1_47' title="bbox 381 3175 1971 3249">
    <p class='ocr_par' dir='ltr' id='par_1_47' title="bbox 381 3175 1971 3249">
     <span class='ocr_line' id='line_1_48' title="bbox 381 3175 1971 3249; baseline 0.005 -22"><span class='ocrx_word' id='word_1_471' title='bbox 381 3183 510 3249; x_wconf 62' lang='lat' dir='ltr'><strong>tuos</strong></span> <span class='ocrx_word' id='word_1_472' title='bbox 554 3175 884 3230; x_wconf 71' lang='lat' dir='ltr'><strong>spiritaliter.</strong></span> <span class='ocrx_word' id='word_1_473' title='bbox 925 3180 988 3249; x_wconf 82' lang='lat' dir='ltr'><strong>At</strong></span> <span class='ocrx_word' id='word_1_474' title='bbox 1022 3176 1148 3249; x_wconf 81' lang='lat' dir='ltr'><strong>It_ihil</strong></span> <span class='ocrx_word' id='word_1_475' title='bbox 1183 3180 1285 3230; x_wconf 90' lang='lat' dir='ltr'><strong>ta&#39;e</strong></span> <span class='ocrx_word' id='word_1_476' title='bbox 1340 3178 1436 3231; x_wconf 86' lang='lat' dir='ltr'><strong>sibi</strong></span> <span class='ocrx_word' id='word_1_477' title='bbox 1468 3178 1629 3234; x_wconf 84' lang='lat' dir='ltr'><strong>voluit</strong></span> <span class='ocrx_word' id='word_1_478' title='bbox 1679 3175 1971 3249; x_wconf 72' lang='lat' dir='ltr'><strong>Siracides,</strong></span> 
     </span>
    </p>
   </div>
   <div class='ocr_carea' id='block_1_48' title="bbox 380 3243 1966 3320">
    <p class='ocr_par' dir='ltr' id='par_1_48' title="bbox 380 3243 1966 3320">
     <span class='ocr_line' id='line_1_49' title="bbox 380 3243 1966 3320; baseline 0.007 -23"><span class='ocrx_word' id='word_1_479' title='bbox 380 3245 470 3320; x_wconf 80' lang='lat' dir='ltr'><strong>qui</strong></span> <span class='ocrx_word' id='word_1_480' title='bbox 497 3243 596 3298; x_wconf 88' lang='lat' dir='ltr'><strong>hoc</strong></span> <span class='ocrx_word' id='word_1_481' title='bbox 621 3255 826 3301; x_wconf 89' lang='lat' dir='ltr'><strong>tantum</strong></span> <span class='ocrx_word' id='word_1_482' title='bbox 846 3248 1009 3302; x_wconf 79' lang='lat' dir='ltr'><strong>dixit:</strong></span> <span class='ocrx_word' id='word_1_483' title='bbox 1029 3245 1159 3301; x_wconf 85' lang='lat' dir='ltr'><strong>Eum</strong></span> <span class='ocrx_word' id='word_1_484' title='bbox 1187 3251 1272 3312; x_wconf 82' lang='lat' dir='ltr'><strong>qui</strong></span> <span class='ocrx_word' id='word_1_485' title='bbox 1303 3268 1332 3300; x_wconf 86' lang='grc' dir='ltr'><em>(ι</em></span> <span class='ocrx_word' id='word_1_486' title='bbox 1363 3263 1579 3309; x_wconf 87' lang='lat' dir='ltr'><strong>mortuo.</strong></span> <span class='ocrx_word' id='word_1_487' title='bbox 1606 3254 1708 3308; x_wconf 83' lang='grc' dir='ltr'><strong>ἀπὸ</strong></span> <span class='ocrx_word' id='word_1_488' title='bbox 1729 3243 1966 3320; x_wconf 64' lang='grc' dir='ltr'><strong>νεκροῦσξ</strong></span> 
     </span>
    </p>
   </div>
   <div class='ocr_carea' id='block_1_49' title="bbox 383 3315 1971 3390">
    <p class='ocr_par' dir='ltr' id='par_1_49' title="bbox 383 3315 1971 3390">
     <span class='ocr_line' id='line_1_50' title="bbox 383 3315 1971 3390; baseline 0.004 -20"><span class='ocrx_word' id='word_1_489' title='bbox 383 3315 486 3370; x_wconf 86' lang='lat' dir='ltr'><strong>hoc</strong></span> <span class='ocrx_word' id='word_1_490' title='bbox 514 3326 599 3371; x_wconf 91' lang='lat' dir='ltr'><strong>est</strong></span> <span class='ocrx_word' id='word_1_491' title='bbox 625 3333 652 3371; x_wconf 83' lang='lat' dir='ltr'><strong>a</strong></span> <span class='ocrx_word' id='word_1_492' title='bbox 680 3328 930 3374; x_wconf 84' lang='lat' dir='ltr'><strong>contactu</strong></span> <span class='ocrx_word' id='word_1_493' title='bbox 979 3320 1172 3373; x_wconf 90' lang='lat' dir='ltr'><strong>tnortni</strong></span> <span class='ocrx_word' id='word_1_494' title='bbox 1205 3320 1354 3381; x_wconf 84' lang='lat' dir='ltr'><strong>lavit,</strong></span> <span class='ocrx_word' id='word_1_495' title='bbox 1390 3331 1443 3374; x_wconf 90' lang='lat' dir='ltr'><strong>et</strong></span> <span class='ocrx_word' id='word_1_496' title='bbox 1481 3323 1648 3377; x_wconf 89' lang='lat' dir='ltr'><strong>abluit</strong></span> <span class='ocrx_word' id='word_1_497' title='bbox 1686 3315 1825 3390; x_wconf 83' lang='lat' dir='ltr'><strong>quod</strong></span> <span class='ocrx_word' id='word_1_498' title='bbox 1873 3315 1971 3378; x_wconf 46' lang='lat' dir='ltr'><strong>im;</strong></span> 
     </span>
    </p>
   </div>
   <div class='ocr_carea' id='block_1_50' title="bbox 381 3390 1965 3466">
    <p class='ocr_par' dir='ltr' id='par_1_50' title="bbox 381 3390 1965 3466">
     <span class='ocr_line' id='line_1_51' title="bbox 381 3390 1965 3466; baseline 0.005 -25"><span class='ocrx_word' id='word_1_499' title='bbox 381 3390 566 3442; x_wconf 87' lang='lat' dir='ltr'><strong>mnmli</strong></span> <span class='ocrx_word' id='word_1_500' title='bbox 601 3402 941 3466; x_wconf 74' lang='lat' dir='ltr'><strong>contraxerat</strong></span> <span class='ocrx_word' id='word_1_501' title='bbox 987 3407 1050 3444; x_wconf 79' lang='lat' dir='ltr'><strong>ex</strong></span> <span class='ocrx_word' id='word_1_502' title='bbox 1097 3401 1327 3457; x_wconf 66' lang='lat' dir='ltr'><strong>contage</strong></span> <span class='ocrx_word' id='word_1_503' title='bbox 1370 3394 1667 3466; x_wconf 76' lang='lat' dir='ltr'><strong>cadaveris.</strong></span> <span class='ocrx_word' id='word_1_504' title='bbox 1698 3397 1741 3448; x_wconf 88' lang='lat' dir='ltr'><strong>si</strong></span> <span class='ocrx_word' id='word_1_505' title='bbox 1784 3406 1965 3466; x_wconf 65' lang='lat' dir='ltr'><strong>postea</strong></span> 
     </span>
    </p>
   </div>
   <div class='ocr_carea' id='block_1_51' title="bbox 380 3463 1966 3533">
    <p class='ocr_par' dir='ltr' id='par_1_51' title="bbox 380 3463 1966 3533">
     <span class='ocr_line' id='line_1_52' title="bbox 380 3463 1966 3533; baseline 0.005 -19"><span class='ocrx_word' id='word_1_506' title='bbox 380 3471 683 3533; x_wconf 79' lang='lat' dir='ltr'><strong>revertatur</strong></span> <span class='ocrx_word' id='word_1_507' title='bbox 708 3463 774 3517; x_wconf 90' lang='lat' dir='ltr'><strong>ad</strong></span> <span class='ocrx_word' id='word_1_508' title='bbox 816 3463 1094 3518; x_wconf 73' lang='lat' dir='ltr'><strong>cadaveris</strong></span> <span class='ocrx_word' id='word_1_509' title='bbox 1123 3474 1448 3524; x_wconf 85' lang='lat' dir='ltr'><strong>contactum,</strong></span> <span class='ocrx_word' id='word_1_510' title='bbox 1483 3464 1592 3533; x_wconf 87' lang='lat' dir='ltr'><strong>jam</strong></span> <span class='ocrx_word' id='word_1_511' title='bbox 1643 3463 1966 3522; x_wconf 55' lang='lat' dir='ltr'><strong>illam&#39;snam</strong></span> 
     </span>
    </p>
   </div>
   <div class='ocr_carea' id='block_1_52' title="bbox 379 3531 1964 3602">
    <p class='ocr_par' dir='ltr' id='par_1_52' title="bbox 379 3531 1964 3602">
     <span class='ocr_line' id='line_1_53' title="bbox 379 3531 1964 3602; baseline 0.005 -17"><span class='ocrx_word' id='word_1_512' title='bbox 379 3531 702 3588; x_wconf 78' lang='lat' dir='ltr'><strong>lavationem</strong></span> <span class='ocrx_word' id='word_1_513' title='bbox 756 3535 1072 3602; x_wconf 83' lang='lat' dir='ltr'><strong>perdtdisse,</strong></span> <span class='ocrx_word' id='word_1_514' title='bbox 1118 3536 1238 3592; x_wconf 80' lang='lat' dir='ltr'><strong>ttuia</strong></span> <span class='ocrx_word' id='word_1_515' title='bbox 1289 3550 1428 3588; x_wconf 90' lang='lat' dir='ltr'><strong>novo</strong></span> <span class='ocrx_word' id='word_1_516' title='bbox 1472 3531 1664 3590; x_wconf 81' lang='lat' dir='ltr'><strong>mortui</strong></span> <span class='ocrx_word' id='word_1_517' title='bbox 1719 3549 1964 3593; x_wconf 79' lang='lat' dir='ltr'><strong>contactu</strong></span> 
     </span>
    </p>
   </div>
   <div class='ocr_carea' id='block_1_53' title="bbox 379 3607 1966 3672">
    <p class='ocr_par' dir='ltr' id='par_1_53' title="bbox 379 3607 1966 3672">
     <span class='ocr_line' id='line_1_54' title="bbox 379 3607 1966 3672; baseline 0.004 -15"><span class='ocrx_word' id='word_1_518' title='bbox 379 3619 502 3658; x_wconf 77' lang='lat' dir='ltr'><strong>sese</strong></span> <span class='ocrx_word' id='word_1_519' title='bbox 534 3607 934 3660; x_wconf 84' lang='lat' dir='ltr'><strong>contaminavit.</strong></span> <span class='ocrx_word' id='word_1_520' title='bbox 966 3607 1094 3672; x_wconf 80' lang='lat' dir='ltr'><strong>Quzn</strong></span> <span class='ocrx_word' id='word_1_521' title='bbox 1126 3607 1388 3660; x_wconf 84' lang='lat' dir='ltr'><strong>sententia</strong></span> <span class='ocrx_word' id='word_1_522' title='bbox 1424 3607 1549 3661; x_wconf 88' lang='lat' dir='ltr'><strong>nihil</strong></span> <span class='ocrx_word' id='word_1_523' title='bbox 1581 3612 1801 3663; x_wconf 89' lang='lat' dir='ltr'><strong>omnino</strong></span> <span class='ocrx_word' id='word_1_524' title='bbox 1843 3612 1966 3664; x_wconf 71' lang='lat' dir='ltr'><strong>facit</strong></span> 
     </span>
    </p>
   </div>
   <div class='ocr_carea' id='block_1_54' title="bbox 379 3678 1965 3750">
    <p class='ocr_par' dir='ltr' id='par_1_54' title="bbox 379 3678 1965 3750">
     <span class='ocr_line' id='line_1_55' title="bbox 379 3678 1965 3750; baseline 0.006 -25"><span class='ocrx_word' id='word_1_525' title='bbox 379 3678 444 3750; x_wconf 77' lang='lat' dir='ltr'><strong>ad</strong></span> <span class='ocrx_word' id='word_1_526' title='bbox 472 3690 706 3750; x_wconf 49' lang='lat' dir='ltr'><strong>metuent</strong></span> <span class='ocrx_word' id='word_1_527' title='bbox 733 3679 1006 3750; x_wconf 77' lang='lat' dir='ltr'><strong>Cypriani.</strong></span> <span class='ocrx_word' id='word_1_528' title='bbox 1037 3679 1175 3740; x_wconf 69' lang='lat' dir='ltr'><strong>Ergo</strong></span> <span class='ocrx_word' id='word_1_529' title='bbox 1201 3679 1442 3747; x_wconf 85' lang='lat' dir='ltr'><strong>quisquis</strong></span> <span class='ocrx_word' id='word_1_530' title='bbox 1470 3693 1652 3732; x_wconf 81' lang='lat' dir='ltr'><strong>auctor</strong></span> <span class='ocrx_word' id='word_1_531' title='bbox 1679 3680 1775 3734; x_wconf 76' lang='lat' dir='ltr'><strong>fuit</strong></span> <span class='ocrx_word' id='word_1_532' title='bbox 1813 3682 1965 3734; x_wconf 84' lang='lat' dir='ltr'><strong>istius</strong></span> 
     </span>
    </p>
   </div>
   <div class='ocr_carea' id='block_1_55' title="bbox 377 3746 1965 3820">
    <p class='ocr_par' dir='ltr' id='par_1_55' title="bbox 377 3746 1965 3820">
     <span class='ocr_line' id='line_1_56' title="bbox 377 3746 1965 3820; baseline 0.003 -20"><span class='ocrx_word' id='word_1_533' title='bbox 377 3746 527 3820; x_wconf 82' lang='lat' dir='ltr'><strong>dieti.</strong></span> <span class='ocrx_word' id='word_1_534' title='bbox 566 3748 665 3812; x_wconf 82' lang='lat' dir='ltr'><strong>Qui</strong></span> <span class='ocrx_word' id='word_1_535' title='bbox 696 3767 726 3801; x_wconf 92' lang='lat' dir='ltr'><strong>a</strong></span> <span class='ocrx_word' id='word_1_536' title='bbox 764 3746 962 3803; x_wconf 79' lang='lat' dir='ltr'><strong>mortuo</strong></span> <span class='ocrx_word' id='word_1_537' title='bbox 988 3746 1296 3820; x_wconf 80' lang='lat' dir='ltr'><strong>baptizatur,</strong></span> <span class='ocrx_word' id='word_1_538' title='bbox 1349 3750 1473 3818; x_wconf 84' lang='lat' dir='ltr'><strong>quid</strong></span> <span class='ocrx_word' id='word_1_539' title='bbox 1527 3753 1728 3818; x_wconf 80' lang='lat' dir='ltr'><strong>proﬁcit</strong></span> <span class='ocrx_word' id='word_1_540' title='bbox 1776 3752 1965 3805; x_wconf 83' lang='lat' dir='ltr'><strong>lavatio</strong></span> 
     </span>
    </p>
   </div>
   <div class='ocr_carea' id='block_1_56' title="bbox 378 3819 1964 3891">
    <p class='ocr_par' dir='ltr' id='par_1_56' title="bbox 378 3819 1964 3891">
     <span class='ocr_line' id='line_1_57' title="bbox 378 3819 1964 3891; baseline 0.003 -18"><span class='ocrx_word' id='word_1_541' title='bbox 378 3819 489 3889; x_wconf 82' lang='lat' dir='ltr'><strong>ejus</strong></span> <span class='ocrx_word' id='word_1_542' title='bbox 509 3821 534 3872; x_wconf 74' lang='grc'><em>2</em></span> <span class='ocrx_word' id='word_1_543' title='bbox 550 3820 676 3891; x_wconf 88' lang='lat' dir='ltr'><strong>(hoc</strong></span> <span class='ocrx_word' id='word_1_544' title='bbox 693 3823 834 3874; x_wconf 86' lang='lat' dir='ltr'><strong>enim</strong></span> <span class='ocrx_word' id='word_1_545' title='bbox 858 3819 1100 3884; x_wconf 73' lang='lat' dir='ltr'><strong>primitus</strong></span> <span class='ocrx_word' id='word_1_546' title='bbox 1122 3837 1150 3873; x_wconf 87' lang='lat' dir='ltr'><strong>a</strong></span> <span class='ocrx_word' id='word_1_547' title='bbox 1174 3821 1441 3890; x_wconf 77' lang='lat' dir='ltr'><strong>Cypriane</strong></span> <span class='ocrx_word' id='word_1_548' title='bbox 1463 3834 1774 3889; x_wconf 83' lang='lat' dir='ltr'><strong>usurpatum</strong></span> <span class='ocrx_word' id='word_1_549' title='bbox 1803 3825 1964 3878; x_wconf 80' lang='lat' dir='ltr'><strong>fuisse</strong></span> 
     </span>
    </p>
   </div>
   <div class='ocr_carea' id='block_1_57' title="bbox 379 3893 1961 3963">
    <p class='ocr_par' dir='ltr' id='par_1_57' title="bbox 379 3893 1961 3963">
     <span class='ocr_line' id='line_1_58' title="bbox 379 3893 1961 3963; baseline 0.004 -21"><span class='ocrx_word' id='word_1_550' title='bbox 379 3907 667 3961; x_wconf 79' lang='lat' dir='ltr'><strong>nnmqunn</strong></span> <span class='ocrx_word' id='word_1_551' title='bbox 697 3893 1064 3960; x_wconf 87' lang='lat' dir='ltr'><strong>crediderim),</strong></span> <span class='ocrx_word' id='word_1_552' title='bbox 1099 3894 1454 3962; x_wconf 82' lang='lat' dir='ltr'><strong>appellatione</strong></span> <span class='ocrx_word' id='word_1_553' title='bbox 1497 3898 1690 3946; x_wconf 91' lang='lat' dir='ltr'><strong>mortui</strong></span> <span class='ocrx_word' id='word_1_554' title='bbox 1732 3895 1961 3963; x_wconf 86' lang='lat' dir='ltr'><strong>aliquem</strong></span> 
     </span>
    </p>
   </div>
   <div class='ocr_carea' id='block_1_58' title="bbox 376 3963 1964 4033">
    <p class='ocr_par' dir='ltr' id='par_1_58' title="bbox 376 3963 1964 4033">
     <span class='ocr_line' id='line_1_59' title="bbox 376 3963 1964 4033; baseline 0.003 -17"><span class='ocrx_word' id='word_1_555' title='bbox 376 3963 636 4017; x_wconf 78' lang='lat' dir='ltr'><strong>intellexit</strong></span> <span class='ocrx_word' id='word_1_556' title='bbox 670 3981 733 4018; x_wconf 87' lang='lat' dir='ltr'><strong>ex</strong></span> <span class='ocrx_word' id='word_1_557' title='bbox 763 3966 863 4019; x_wconf 88' lang='lat' dir='ltr'><strong>diis</strong></span> <span class='ocrx_word' id='word_1_558' title='bbox 891 3966 1152 4032; x_wconf 75' lang='lat' dir='ltr'><strong>gentium.</strong></span> <span class='ocrx_word' id='word_1_559' title='bbox 1175 3967 1261 4030; x_wconf 87' lang='lat' dir='ltr'><strong>qtti</strong></span> <span class='ocrx_word' id='word_1_560' title='bbox 1285 3964 1528 4018; x_wconf 82' lang='lat' dir='ltr'><strong>homines</strong></span> <span class='ocrx_word' id='word_1_561' title='bbox 1561 3967 1826 4033; x_wconf 85' lang='lat' dir='ltr'><strong>quondam</strong></span> <span class='ocrx_word' id='word_1_562' title='bbox 1852 3967 1964 4021; x_wconf 76' lang='lat' dir='ltr'><strong>fue-</strong></span> 
     </span>
    </p>
   </div>
   <div class='ocr_carea' id='block_1_59' title="bbox 378 4036 1964 4103">
    <p class='ocr_par' dir='ltr' id='par_1_59' title="bbox 378 4036 1964 4103">
     <span class='ocr_line' id='line_1_60' title="bbox 378 4036 1964 4103; baseline 0.003 -17"><span class='ocrx_word' id='word_1_563' title='bbox 378 4044 517 4092; x_wconf 89' lang='lat' dir='ltr'><strong>rant.</strong></span> <span class='ocrx_word' id='word_1_564' title='bbox 544 4048 591 4088; x_wconf 91' lang='lat' dir='ltr'><strong>ct</strong></span> <span class='ocrx_word' id='word_1_565' title='bbox 617 4036 718 4101; x_wconf 84' lang='lat' dir='ltr'><strong>iam</strong></span> <span class='ocrx_word' id='word_1_566' title='bbox 743 4052 864 4091; x_wconf 90' lang='lat' dir='ltr'><strong>cum</strong></span> <span class='ocrx_word' id='word_1_567' title='bbox 886 4038 1172 4093; x_wconf 80' lang='lat' dir='ltr'><strong>interdeos</strong></span> <span class='ocrx_word' id='word_1_568' title='bbox 1196 4037 1405 4091; x_wconf 81' lang='lat' dir='ltr'><strong>censeri</strong></span> <span class='ocrx_word' id='word_1_569' title='bbox 1435 4037 1781 4103; x_wconf 79' lang='lat' dir='ltr'><strong>incipiebant,</strong></span> <span class='ocrx_word' id='word_1_570' title='bbox 1811 4049 1964 4093; x_wconf 89' lang='lat' dir='ltr'><strong>erant</strong></span> 
     </span>
    </p>
   </div>
   <div class='ocr_carea' id='block_1_60' title="bbox 375 4106 1959 4178">
    <p class='ocr_par' dir='ltr' id='par_1_60' title="bbox 375 4106 1959 4178">
     <span class='ocr_line' id='line_1_61' title="bbox 375 4106 1959 4178; baseline 0.003 -19"><span class='ocrx_word' id='word_1_571' title='bbox 375 4106 605 4178; x_wconf 79' lang='lat' dir='ltr'><strong>mortui;</strong></span> <span class='ocrx_word' id='word_1_572' title='bbox 650 4120 760 4174; x_wconf 88' lang='lat' dir='ltr'><strong>aut,</strong></span> <span class='ocrx_word' id='word_1_573' title='bbox 791 4113 832 4160; x_wconf 86' lang='lat' dir='ltr'><strong>si</strong></span> <span class='ocrx_word' id='word_1_574' title='bbox 865 4126 968 4161; x_wconf 92' lang='lat' dir='ltr'><strong>non</strong></span> <span class='ocrx_word' id='word_1_575' title='bbox 1007 4109 1238 4178; x_wconf 87' lang='lat' dir='ltr'><strong>aliquem</strong></span> <span class='ocrx_word' id='word_1_576' title='bbox 1284 4125 1350 4162; x_wconf 84' lang='lat' dir='ltr'><strong>ex</strong></span> <span class='ocrx_word' id='word_1_577' title='bbox 1399 4109 1591 4163; x_wconf 88' lang='lat' dir='ltr'><strong>talibus</strong></span> <span class='ocrx_word' id='word_1_578' title='bbox 1619 4109 1742 4177; x_wconf 89' lang='lat' dir='ltr'><strong>diis,</strong></span> <span class='ocrx_word' id='word_1_579' title='bbox 1774 4111 1959 4164; x_wconf 80' lang='lat' dir='ltr'><strong>saltem</strong></span> 
     </span>
    </p>
   </div>
   <div class='ocr_carea' id='block_1_61' title="bbox 373 4177 1960 4246">
    <p class='ocr_par' dir='ltr' id='par_1_61' title="bbox 373 4177 1960 4246">
     <span class='ocr_line' id='line_1_62' title="bbox 373 4177 1960 4246; baseline 0.004 -16"><span class='ocrx_word' id='word_1_580' title='bbox 373 4177 608 4244; x_wconf 78' lang='lat' dir='ltr'><strong>aliquem</strong></span> <span class='ocrx_word' id='word_1_581' title='bbox 641 4197 704 4234; x_wconf 88' lang='lat' dir='ltr'><strong>ex</strong></span> <span class='ocrx_word' id='word_1_582' title='bbox 749 4182 1013 4246; x_wconf 87' lang='lat' dir='ltr'><strong>ejusmodi</strong></span> <span class='ocrx_word' id='word_1_583' title='bbox 1044 4180 1268 4233; x_wconf 90' lang='lat' dir='ltr'><strong>deorum</strong></span> <span class='ocrx_word' id='word_1_584' title='bbox 1305 4182 1676 4235; x_wconf 83' lang='lat' dir='ltr'><strong>sacerdotibus</strong></span> <span class='ocrx_word' id='word_1_585' title='bbox 1709 4187 1822 4235; x_wconf 85' lang='lat' dir='ltr'><strong>sive.</strong></span> <span class='ocrx_word' id='word_1_586' title='bbox 1849 4183 1960 4237; x_wconf 90' lang='lat' dir='ltr'><strong>cul-</strong></span> 
     </span>
    </p>
   </div>
   <div class='ocr_carea' id='block_1_62' title="bbox 375 4251 1960 4317">
    <p class='ocr_par' dir='ltr' id='par_1_62' title="bbox 375 4251 1960 4317">
     <span class='ocr_line' id='line_1_63' title="bbox 375 4251 1960 4317; baseline 0.004 -15"><span class='ocrx_word' id='word_1_587' title='bbox 375 4251 606 4315; x_wconf 81' lang='lat' dir='ltr'><strong>toribus,</strong></span> <span class='ocrx_word' id='word_1_588' title='bbox 627 4253 715 4317; x_wconf 85' lang='lat' dir='ltr'><strong>qui</strong></span> <span class='ocrx_word' id='word_1_589' title='bbox 743 4255 903 4306; x_wconf 85' lang='lat' dir='ltr'><strong>etiam</strong></span> <span class='ocrx_word' id='word_1_590' title='bbox 934 4268 961 4305; x_wconf 88' lang='lat' dir='ltr'><strong>a</strong></span> <span class='ocrx_word' id='word_1_591' title='bbox 987 4251 1308 4305; x_wconf 83' lang='lat' dir='ltr'><strong>Christianis</strong></span> <span class='ocrx_word' id='word_1_592' title='bbox 1342 4253 1480 4306; x_wconf 90' lang='lat' dir='ltr'><strong>inter</strong></span> <span class='ocrx_word' id='word_1_593' title='bbox 1509 4265 1750 4306; x_wconf 81' lang='lat' dir='ltr'><strong>mortuos</strong></span> <span class='ocrx_word' id='word_1_594' title='bbox 1779 4254 1960 4308; x_wconf 65' lang='lat' dir='ltr'><strong>smeuli</strong></span> 
     </span>
    </p>
   </div>
   <div class='ocr_carea' id='block_1_63' title="bbox 374 4323 1960 4394">
    <p class='ocr_par' dir='ltr' id='par_1_63' title="bbox 374 4323 1960 4394">
     <span class='ocr_line' id='line_1_64' title="bbox 374 4323 1960 4394; baseline 0.004 -21"><span class='ocrx_word' id='word_1_595' title='bbox 374 4324 842 4391; x_wconf 79' lang='lat' dir='ltr'><strong>compntalututur.</strong></span> <span class='ocrx_word' id='word_1_596' title='bbox 877 4323 1061 4394; x_wconf 85' lang='lat' dir='ltr'><strong>Itaque</strong></span> <span class='ocrx_word' id='word_1_597' title='bbox 1103 4334 1292 4376; x_wconf 79' lang='lat' dir='ltr'><strong>auctor</strong></span> <span class='ocrx_word' id='word_1_598' title='bbox 1335 4324 1488 4379; x_wconf 87' lang='lat' dir='ltr'><strong>istius</strong></span> <span class='ocrx_word' id='word_1_599' title='bbox 1536 4324 1685 4380; x_wconf 91' lang='lat' dir='ltr'><strong>dicti.</strong></span> <span class='ocrx_word' id='word_1_600' title='bbox 1712 4334 1770 4380; x_wconf 88' lang='lat' dir='ltr'><strong>ut</strong></span> <span class='ocrx_word' id='word_1_601' title='bbox 1799 4327 1960 4380; x_wconf 83' lang='lat' dir='ltr'><strong>verba</strong></span> 
     </span>
    </p>
   </div>
   <div class='ocr_carea' id='block_1_64' title="bbox 374 4385 2040 4463">
    <p class='ocr_par' dir='ltr' id='par_1_64' title="bbox 374 4385 2040 4463">
     <span class='ocr_line' id='line_1_65' title="bbox 374 4385 2040 4463; baseline 0.002 -16"><span class='ocrx_word' id='word_1_602' title='bbox 374 4385 632 4447; x_wconf 70' lang='lat' dir='ltr'><strong>Siracidis</strong></span> <span class='ocrx_word' id='word_1_603' title='bbox 664 4397 728 4449; x_wconf 92' lang='lat' dir='ltr'><strong>ad</strong></span> <span class='ocrx_word' id='word_1_604' title='bbox 752 4413 904 4449; x_wconf 89' lang='lat' dir='ltr'><strong>suum</strong></span> <span class='ocrx_word' id='word_1_605' title='bbox 924 4385 990 4450; x_wconf 77' lang='lat' dir='ltr'><strong>de</strong></span> <span class='ocrx_word' id='word_1_606' title='bbox 1017 4405 1166 4450; x_wconf 83' lang='lat' dir='ltr'><strong>extra</strong></span> <span class='ocrx_word' id='word_1_607' title='bbox 1198 4394 1498 4450; x_wconf 72' lang='lat' dir='ltr'><strong>Ecclesium</strong></span> <span class='ocrx_word' id='word_1_608' title='bbox 1527 4396 1806 4463; x_wconf 88' lang='lat' dir='ltr'><strong>baptizatis</strong></span> <span class='ocrx_word' id='word_1_609' title='bbox 1833 4413 1960 4450; x_wconf 80' lang='lat' dir='ltr'><strong>sen-</strong></span> <span class='ocrx_word' id='word_1_610' title='bbox 1989 4385 2040 4444; x_wconf 85' lang='lat' dir='ltr'><strong>D</strong></span> 
     </span>
    </p>
   </div>
   <div class='ocr_carea' id='block_1_65' title="bbox 373 4467 1958 4539">
    <p class='ocr_par' dir='ltr' id='par_1_65' title="bbox 373 4467 1958 4539">
     <span class='ocr_line' id='line_1_66' title="bbox 373 4467 1958 4539; baseline 0.004 -22"><span class='ocrx_word' id='word_1_611' title='bbox 373 4481 492 4518; x_wconf 89' lang='lat' dir='ltr'><strong>sum</strong></span> <span class='ocrx_word' id='word_1_612' title='bbox 525 4467 860 4530; x_wconf 78' lang='lat' dir='ltr'><strong>transferret,</strong></span> <span class='ocrx_word' id='word_1_613' title='bbox 893 4469 1072 4520; x_wconf 91' lang='lat' dir='ltr'><strong>omisit</strong></span> <span class='ocrx_word' id='word_1_614' title='bbox 1103 4467 1244 4534; x_wconf 91' lang='lat' dir='ltr'><strong>quod</strong></span> <span class='ocrx_word' id='word_1_615' title='bbox 1289 4467 1429 4536; x_wconf 90' lang='lat' dir='ltr'><strong>apud</strong></span> <span class='ocrx_word' id='word_1_616' title='bbox 1458 4468 1752 4524; x_wconf 85' lang='lat' dir='ltr'><strong>Siracidem</strong></span> <span class='ocrx_word' id='word_1_617' title='bbox 1780 4470 1958 4539; x_wconf 88' lang='lat' dir='ltr'><strong>sequi-</strong></span> 
     </span>
    </p>
   </div>
   <div class='ocr_carea' id='block_1_66' title="bbox 375 4541 1954 4610">
    <p class='ocr_par' dir='ltr' id='par_1_66' title="bbox 375 4541 1954 4610">
     <span class='ocr_line' id='line_1_67' title="bbox 375 4541 1954 4610; baseline 0.004 -20"><span class='ocrx_word' id='word_1_618' title='bbox 375 4547 502 4590; x_wconf 87' lang='lat' dir='ltr'><strong>tur:</strong></span> <span class='ocrx_word' id='word_1_619' title='bbox 535 4549 579 4590; x_wconf 86' lang='lat' dir='ltr'><strong>et</strong></span> <span class='ocrx_word' id='word_1_620' title='bbox 616 4541 796 4592; x_wconf 86' lang='lat' dir='ltr'><strong>iterum</strong></span> <span class='ocrx_word' id='word_1_621' title='bbox 825 4541 985 4610; x_wconf 87' lang='lat' dir='ltr'><strong>tangit</strong></span> <span class='ocrx_word' id='word_1_622' title='bbox 1016 4555 1165 4602; x_wconf 86' lang='lat' dir='ltr'><strong>eam;</strong></span> <span class='ocrx_word' id='word_1_623' title='bbox 1221 4554 1325 4606; x_wconf 91' lang='lat' dir='ltr'><strong>quo</strong></span> <span class='ocrx_word' id='word_1_624' title='bbox 1363 4549 1512 4593; x_wconf 81' lang='lat' dir='ltr'><strong>certe</strong></span> <span class='ocrx_word' id='word_1_625' title='bbox 1567 4542 1790 4601; x_wconf 88' lang='lat' dir='ltr'><strong>omisso,</strong></span> <span class='ocrx_word' id='word_1_626' title='bbox 1847 4552 1954 4596; x_wconf 88' lang='lat' dir='ltr'><strong>tota</strong></span> 
     </span>
    </p>
   </div>
   <div class='ocr_carea' id='block_1_67' title="bbox 375 4610 1956 4678">
    <p class='ocr_par' dir='ltr' id='par_1_67' title="bbox 375 4610 1956 4678">
     <span class='ocr_line' id='line_1_68' title="bbox 375 4610 1956 4678; baseline 0.003 -16"><span class='ocrx_word' id='word_1_627' title='bbox 375 4625 529 4662; x_wconf 86' lang='lat' dir='ltr'><strong>mens</strong></span> <span class='ocrx_word' id='word_1_628' title='bbox 575 4610 832 4665; x_wconf 84' lang='lat' dir='ltr'><strong>Sit-acidis</strong></span> <span class='ocrx_word' id='word_1_629' title='bbox 885 4611 1102 4666; x_wconf 84' lang='lat' dir='ltr'><strong>eliditur</strong></span> <span class='ocrx_word' id='word_1_630' title='bbox 1129 4629 1140 4662; x_wconf 91' lang='lat'>:</span> <span class='ocrx_word' id='word_1_631' title='bbox 1166 4625 1228 4663; x_wconf 84' lang='lat' dir='ltr'><strong>ex</strong></span> <span class='ocrx_word' id='word_1_632' title='bbox 1262 4625 1438 4672; x_wconf 86' lang='lat' dir='ltr'><strong>eoque</strong></span> <span class='ocrx_word' id='word_1_633' title='bbox 1474 4611 1617 4678; x_wconf 87' lang='lat' dir='ltr'><strong>quod</strong></span> <span class='ocrx_word' id='word_1_634' title='bbox 1651 4627 1679 4664; x_wconf 91' lang='lat' dir='ltr'><strong>a</strong></span> <span class='ocrx_word' id='word_1_635' title='bbox 1711 4611 1956 4667; x_wconf 86' lang='lat' dir='ltr'><strong>Siracide</strong></span> 
     </span>
    </p>
   </div>
   <div class='ocr_carea' id='block_1_68' title="bbox 371 4680 1955 4751">
    <p class='ocr_par' dir='ltr' id='par_1_68' title="bbox 371 4680 1955 4751">
     <span class='ocr_line' id='line_1_69' title="bbox 371 4680 1955 4751; baseline 0.003 -19"><span class='ocrx_word' id='word_1_636' title='bbox 371 4680 575 4734; x_wconf 83' lang='lat' dir='ltr'><strong>dit-tum</strong></span> <span class='ocrx_word' id='word_1_637' title='bbox 634 4681 841 4747; x_wconf 79' lang='lat' dir='ltr'><strong>fuerat,</strong></span> <span class='ocrx_word' id='word_1_638' title='bbox 891 4683 978 4747; x_wconf 89' lang='lat' dir='ltr'><strong>qui</strong></span> <span class='ocrx_word' id='word_1_639' title='bbox 1032 4699 1060 4735; x_wconf 89' lang='lat' dir='ltr'><strong>a</strong></span> <span class='ocrx_word' id='word_1_640' title='bbox 1095 4693 1306 4735; x_wconf 90' lang='lat' dir='ltr'><strong>mortuo</strong></span> <span class='ocrx_word' id='word_1_641' title='bbox 1355 4682 1654 4751; x_wconf 87' lang='lat' dir='ltr'><strong>bap&#39;izatur</strong></span> <span class='ocrx_word' id='word_1_642' title='bbox 1679 4695 1728 4737; x_wconf 88' lang='lat' dir='ltr'><strong>et</strong></span> <span class='ocrx_word' id='word_1_643' title='bbox 1765 4683 1955 4736; x_wconf 90' lang='lat' dir='ltr'><strong>iterum</strong></span> 
     </span>
    </p>
   </div>
   <div class='ocr_carea' id='block_1_69' title="bbox 375 4753 1959 4824">
    <p class='ocr_par' dir='ltr' id='par_1_69' title="bbox 375 4753 1959 4824">
     <span class='ocr_line' id='line_1_70' title="bbox 375 4753 1959 4824; baseline 0.002 -19"><span class='ocrx_word' id='word_1_644' title='bbox 375 4753 545 4824; x_wconf 80' lang='lat' dir='ltr'><strong>tangit</strong></span> <span class='ocrx_word' id='word_1_645' title='bbox 574 4770 716 4821; x_wconf 85' lang='lat' dir='ltr'><strong>etnu,</strong></span> <span class='ocrx_word' id='word_1_646' title='bbox 747 4771 850 4808; x_wconf 90' lang='lat' dir='ltr'><strong>non</strong></span> <span class='ocrx_word' id='word_1_647' title='bbox 879 4754 1092 4824; x_wconf 82' lang='lat' dir='ltr'><strong>proﬁcit</strong></span> <span class='ocrx_word' id='word_1_648' title='bbox 1122 4754 1316 4807; x_wconf 87' lang='lat' dir='ltr'><strong>lavatio</strong></span> <span class='ocrx_word' id='word_1_649' title='bbox 1346 4753 1483 4821; x_wconf 87' lang='lat' dir='ltr'><strong>ejus,</strong></span> <span class='ocrx_word' id='word_1_650' title='bbox 1507 4754 1706 4808; x_wconf 90' lang='lat' dir='ltr'><strong>dictum</strong></span> <span class='ocrx_word' id='word_1_651' title='bbox 1738 4769 1959 4824; x_wconf 76' lang='lat' dir='ltr'><strong>proratts</strong></span> 
     </span>
    </p>
   </div>
   <div class='ocr_carea' id='block_1_70' title="bbox 371 4823 1959 4896">
    <p class='ocr_par' dir='ltr' id='par_1_70' title="bbox 371 4823 1959 4896">
     <span class='ocr_line' id='line_1_71' title="bbox 371 4823 1959 4896; baseline 0.003 -21"><span class='ocrx_word' id='word_1_652' title='bbox 371 4823 518 4876; x_wconf 83' lang='lat' dir='ltr'><strong>aliut</strong></span> <span class='ocrx_word' id='word_1_653' title='bbox 550 4829 814 4894; x_wconf 76' lang='lat' dir='ltr'><strong>expressit</strong></span> <span class='ocrx_word' id='word_1_654' title='bbox 845 4845 855 4876; x_wconf 89' lang='lat'>:</span> <span class='ocrx_word' id='word_1_655' title='bbox 881 4823 993 4894; x_wconf 72' lang='lat' dir='ltr'><strong>Qui</strong></span> <span class='ocrx_word' id='word_1_656' title='bbox 1022 4826 1307 4896; x_wconf 74' lang='lat' dir='ltr'><strong>baptizatur</strong></span> <span class='ocrx_word' id='word_1_657' title='bbox 1335 4842 1366 4877; x_wconf 93' lang='lat' dir='ltr'><strong>a</strong></span> <span class='ocrx_word' id='word_1_658' title='bbox 1396 4835 1595 4879; x_wconf 88' lang='lat' dir='ltr'><strong>mortuo</strong></span> <span class='ocrx_word' id='word_1_659' title='bbox 1618 4866 1634 4890; x_wconf 94' lang='lat'><strong>,</strong></span> <span class='ocrx_word' id='word_1_660' title='bbox 1692 4823 1791 4880; x_wconf 79' lang='lat' dir='ltr'><strong>nan</strong></span> <span class='ocrx_word' id='word_1_661' title='bbox 1837 4843 1959 4896; x_wconf 90' lang='lat' dir='ltr'><strong>pro—</strong></span> 
     </span>
    </p>
   </div>
   <div class='ocr_carea' id='block_1_71' title="bbox 373 4895 1958 4968">
    <p class='ocr_par' dir='ltr' id='par_1_71' title="bbox 373 4895 1958 4968">
     <span class='ocr_line' id='line_1_72' title="bbox 373 4895 1958 4968; baseline 0.003 -21"><span class='ocrx_word' id='word_1_662' title='bbox 373 4896 482 4963; x_wconf 83' lang='lat' dir='ltr'><strong>ﬁcit</strong></span> <span class='ocrx_word' id='word_1_663' title='bbox 513 4897 699 4950; x_wconf 86' lang='lat' dir='ltr'><strong>laratio</strong></span> <span class='ocrx_word' id='word_1_664' title='bbox 724 4899 854 4968; x_wconf 83' lang='lat' dir='ltr'><strong>ejus.</strong></span> <span class='ocrx_word' id='word_1_665' title='bbox 879 4897 1032 4964; x_wconf 82' lang='lat' dir='ltr'><strong>Quod</strong></span> <span class='ocrx_word' id='word_1_666' title='bbox 1065 4895 1242 4950; x_wconf 88' lang='lat' dir='ltr'><strong>idiotis</strong></span> <span class='ocrx_word' id='word_1_667' title='bbox 1269 4895 1721 4964; x_wconf 81' lang='lat' dir='ltr'><strong>Christianorum,</strong></span> <span class='ocrx_word' id='word_1_668' title='bbox 1744 4898 1815 4951; x_wconf 90' lang='lat' dir='ltr'><strong>oh</strong></span> <span class='ocrx_word' id='word_1_669' title='bbox 1839 4895 1958 4952; x_wconf 84' lang='lat' dir='ltr'><strong>eam</strong></span> 
     </span>
    </p>
   </div>
   <div class='ocr_carea' id='block_1_72' title="bbox 373 4967 1955 5039">
    <p class='ocr_par' dir='ltr' id='par_1_72' title="bbox 373 4967 1955 5039">
     <span class='ocr_line' id='line_1_73' title="bbox 373 4967 1955 5039; baseline 0.003 -22"><span class='ocrx_word' id='word_1_670' title='bbox 373 4983 496 5036; x_wconf 69' lang='lat' dir='ltr'><strong>qtae</strong></span> <span class='ocrx_word' id='word_1_671' title='bbox 537 4968 633 5022; x_wconf 83' lang='lat' dir='ltr'><strong>init</strong></span> <span class='ocrx_word' id='word_1_672' title='bbox 671 4967 798 5036; x_wconf 88' lang='lat' dir='ltr'><strong>ipsis</strong></span> <span class='ocrx_word' id='word_1_673' title='bbox 830 4967 1132 5024; x_wconf 88' lang='lat' dir='ltr'><strong>notissima.</strong></span> <span class='ocrx_word' id='word_1_674' title='bbox 1161 4978 1489 5022; x_wconf 89' lang='lat' dir='ltr'><strong>mortuorum</strong></span> <span class='ocrx_word' id='word_1_675' title='bbox 1518 4970 1955 5039; x_wconf 80' lang='lat' dir='ltr'><strong>appellationem,</strong></span> 
     </span>
    </p>
   </div>
   <div class='ocr_carea' id='block_1_73' title="bbox 372 5040 1958 5111">
    <p class='ocr_par' dir='ltr' id='par_1_73' title="bbox 372 5040 1958 5111">
     <span class='ocr_line' id='line_1_74' title="bbox 372 5040 1958 5111; baseline 0.001 -18"><span class='ocrx_word' id='word_1_676' title='bbox 372 5053 497 5093; x_wconf 88' lang='lat' dir='ltr'><strong>cum</strong></span> <span class='ocrx_word' id='word_1_677' title='bbox 525 5043 656 5095; x_wconf 88' lang='lat' dir='ltr'><strong>mire</strong></span> <span class='ocrx_word' id='word_1_678' title='bbox 679 5043 988 5111; x_wconf 80' lang='lat' dir='ltr'><strong>placuisset,</strong></span> <span class='ocrx_word' id='word_1_679' title='bbox 1007 5040 1256 5108; x_wconf 74' lang='lat' dir='ltr'><strong>neglecto</strong></span> <span class='ocrx_word' id='word_1_680' title='bbox 1280 5040 1388 5107; x_wconf 89' lang='lat' dir='ltr'><strong>jam</strong></span> <span class='ocrx_word' id='word_1_681' title='bbox 1416 5041 1672 5096; x_wconf 62' lang='lat' dir='ltr'><strong>Siracid‘s</strong></span> <span class='ocrx_word' id='word_1_682' title='bbox 1693 5057 1875 5102; x_wconf 83' lang='lat' dir='ltr'><strong>sensu,</strong></span> <span class='ocrx_word' id='word_1_683' title='bbox 1908 5043 1958 5095; x_wconf 93' lang='lat' dir='ltr'><strong>in</strong></span> 
     </span>
    </p>
   </div>
   <div class='ocr_carea' id='block_1_74' title="bbox 375 5111 1960 5182">
    <p class='ocr_par' dir='ltr' id='par_1_74' title="bbox 375 5111 1960 5182">
     <span class='ocr_line' id='line_1_75' title="bbox 375 5111 1960 5182; baseline 0.001 -18"><span class='ocrx_word' id='word_1_684' title='bbox 375 5113 720 5179; x_wconf 89' lang='lat' dir='ltr'><strong>proverbium</strong></span> <span class='ocrx_word' id='word_1_685' title='bbox 744 5113 895 5166; x_wconf 90' lang='lat' dir='ltr'><strong>abiit.</strong></span> <span class='ocrx_word' id='word_1_686' title='bbox 925 5111 1038 5166; x_wconf 88' lang='lat' dir='ltr'><strong>Hoc</strong></span> <span class='ocrx_word' id='word_1_687' title='bbox 1071 5112 1232 5179; x_wconf 84' lang='lat' dir='ltr'><strong>igitur</strong></span> <span class='ocrx_word' id='word_1_688' title='bbox 1257 5111 1606 5182; x_wconf 85' lang='lat' dir='ltr'><strong>Cyprianum,</strong></span> <span class='ocrx_word' id='word_1_689' title='bbox 1639 5129 1744 5167; x_wconf 89' lang='lat' dir='ltr'><strong>non</strong></span> <span class='ocrx_word' id='word_1_690' title='bbox 1774 5127 1838 5167; x_wconf 76' lang='lat' dir='ltr'><strong>ex</strong></span> <span class='ocrx_word' id='word_1_691' title='bbox 1876 5113 1960 5167; x_wconf 92' lang='lat' dir='ltr'><strong>Si-</strong></span> 
     </span>
    </p>
   </div>
   <div class='ocr_carea' id='block_1_75' title="bbox 375 5182 1961 5252">
    <p class='ocr_par' dir='ltr' id='par_1_75' title="bbox 375 5182 1961 5252">
     <span class='ocr_line' id='line_1_76' title="bbox 375 5182 1961 5252; baseline 0.001 -17"><span class='ocrx_word' id='word_1_692' title='bbox 375 5184 576 5249; x_wconf 89' lang='lat' dir='ltr'><strong>racide,</strong></span> <span class='ocrx_word' id='word_1_693' title='bbox 598 5183 691 5238; x_wconf 89' lang='lat' dir='ltr'><strong>sed</strong></span> <span class='ocrx_word' id='word_1_694' title='bbox 714 5199 776 5238; x_wconf 68' lang='lat' dir='ltr'><strong>es</strong></span> <span class='ocrx_word' id='word_1_695' title='bbox 801 5184 942 5244; x_wconf 69' lang='lat' dir='ltr'><strong>vulgi</strong></span> <span class='ocrx_word' id='word_1_696' title='bbox 977 5182 1263 5252; x_wconf 85' lang='lat' dir='ltr'><strong>proverbio</strong></span> <span class='ocrx_word' id='word_1_697' title='bbox 1288 5185 1580 5252; x_wconf 86' lang='lat' dir='ltr'><strong>sumpsisse</strong></span> <span class='ocrx_word' id='word_1_698' title='bbox 1602 5185 1782 5237; x_wconf 90' lang='lat' dir='ltr'><strong>malim</strong></span> <span class='ocrx_word' id='word_1_699' title='bbox 1811 5185 1961 5251; x_wconf 88' lang='lat' dir='ltr'><strong>equi-</strong></span> 
     </span>
    </p>
   </div>
   <div class='ocr_carea' id='block_1_76' title="bbox 373 5253 1956 5324">
    <p class='ocr_par' dir='ltr' id='par_1_76' title="bbox 373 5253 1956 5324">
     <span class='ocr_line' id='line_1_77' title="bbox 373 5253 1956 5324; baseline 0.003 -19"><span class='ocrx_word' id='word_1_700' title='bbox 373 5253 499 5308; x_wconf 82' lang='lat' dir='ltr'><strong>dem</strong></span> <span class='ocrx_word' id='word_1_701' title='bbox 519 5257 785 5320; x_wconf 88' lang='lat' dir='ltr'><strong>arlutrari,</strong></span> <span class='ocrx_word' id='word_1_702' title='bbox 803 5253 1165 5324; x_wconf 76' lang='lat' dir='ltr'><strong>quam‘dicere</strong></span> <span class='ocrx_word' id='word_1_703' title='bbox 1189 5255 1357 5308; x_wconf 88' lang='lat' dir='ltr'><strong>virum</strong></span> <span class='ocrx_word' id='word_1_704' title='bbox 1379 5265 1580 5309; x_wconf 88' lang='lat' dir='ltr'><strong>tanttnn</strong></span> <span class='ocrx_word' id='word_1_705' title='bbox 1609 5271 1714 5309; x_wconf 88' lang='lat' dir='ltr'><strong>non</strong></span> <span class='ocrx_word' id='word_1_706' title='bbox 1745 5256 1956 5322; x_wconf 74' lang='lat' dir='ltr'><strong>legisse,</strong></span> 
     </span>
    </p>
   </div>
   <div class='ocr_carea' id='block_1_77' title="bbox 373 5325 1957 5390">
    <p class='ocr_par' dir='ltr' id='par_1_77' title="bbox 373 5325 1957 5390">
     <span class='ocr_line' id='line_1_78' title="bbox 373 5325 1957 5390; baseline 0.002 -14"><span class='ocrx_word' id='word_1_707' title='bbox 373 5339 462 5378; x_wconf 88' lang='lat' dir='ltr'><strong>aut</strong></span> <span class='ocrx_word' id='word_1_708' title='bbox 495 5343 598 5380; x_wconf 83' lang='lat' dir='ltr'><strong>non</strong></span> <span class='ocrx_word' id='word_1_709' title='bbox 633 5328 963 5381; x_wconf 70' lang='lat' dir='ltr'><strong>ilttcllt-XISse.</strong></span> <span class='ocrx_word' id='word_1_710' title='bbox 991 5325 1310 5380; x_wconf 89' lang='lat' dir='ltr'><strong>Siracidem.</strong></span> <span class='ocrx_word' id='word_1_711' title='bbox 1347 5327 1654 5390; x_wconf 79' lang='lat' dir='ltr'><strong>Enimvero,</strong></span> <span class='ocrx_word' id='word_1_712' title='bbox 1686 5329 1763 5380; x_wconf 92' lang='lat' dir='ltr'><strong>sic</strong></span> <span class='ocrx_word' id='word_1_713' title='bbox 1791 5326 1957 5379; x_wconf 84' lang='lat' dir='ltr'><strong>etiam</strong></span> 
     </span>
    </p>
   </div>
   <div class='ocr_carea' id='block_1_78' title="bbox 373 5398 1958 5468">
    <p class='ocr_par' dir='ltr' id='par_1_78' title="bbox 373 5398 1958 5468">
     <span class='ocr_line' id='line_1_79' title="bbox 373 5398 1958 5468; baseline -0.001 -19"><span class='ocrx_word' id='word_1_714' title='bbox 373 5403 652 5466; x_wconf 73' lang='lat' dir='ltr'><strong>opinatum</strong></span> <span class='ocrx_word' id='word_1_715' title='bbox 688 5415 808 5454; x_wconf 88' lang='lat' dir='ltr'><strong>esse</strong></span> <span class='ocrx_word' id='word_1_716' title='bbox 849 5398 1224 5468; x_wconf 71' lang='lat' dir='ltr'><strong>Augustinum,</strong></span> <span class='ocrx_word' id='word_1_717' title='bbox 1257 5413 1321 5451; x_wconf 82' lang='lat' dir='ltr'><strong>ex</strong></span> <span class='ocrx_word' id='word_1_718' title='bbox 1362 5413 1426 5451; x_wconf 89' lang='lat' dir='ltr'><strong>eo</strong></span> <span class='ocrx_word' id='word_1_719' title='bbox 1446 5398 1715 5467; x_wconf 77' lang='lat' dir='ltr'><strong>Colligitur</strong></span> <span class='ocrx_word' id='word_1_720' title='bbox 1735 5398 1958 5468; x_wconf 77' lang='lat' dir='ltr'><strong>quodin</strong></span> 
     </span>
    </p>
   </div>
   <div class='ocr_carea' id='block_1_79' title="bbox 376 5467 1957 5538">
    <p class='ocr_par' dir='ltr' id='par_1_79' title="bbox 376 5467 1957 5538">
     <span class='ocr_line' id='line_1_80' title="bbox 376 5467 1957 5538; baseline 0 -18"><span class='ocrx_word' id='word_1_721' title='bbox 376 5471 582 5536; x_wconf 80' lang='lat' dir='ltr'><strong>prolixa</strong></span> <span class='ocrx_word' id='word_1_722' title='bbox 612 5470 871 5524; x_wconf 86' lang='lat' dir='ltr'><strong>adversus</strong></span> <span class='ocrx_word' id='word_1_723' title='bbox 896 5467 1244 5524; x_wconf 51' lang='lat' dir='ltr'><strong>t’lrosconinm</strong></span> <span class='ocrx_word' id='word_1_724' title='bbox 1294 5468 1671 5535; x_wconf 86' lang='lat' dir='ltr'><strong>disputatione.</strong></span> <span class='ocrx_word' id='word_1_725' title='bbox 1702 5483 1803 5537; x_wconf 88' lang='lat' dir='ltr'><strong>qtta</strong></span> <span class='ocrx_word' id='word_1_726' title='bbox 1851 5467 1957 5538; x_wconf 83' lang='lat' dir='ltr'><strong>Cy-</strong></span> 
     </span>
    </p>
   </div>
   <div class='ocr_carea' id='block_1_80' title="bbox 377 5538 1959 5608">
    <p class='ocr_par' dir='ltr' id='par_1_80' title="bbox 377 5538 1959 5608">
     <span class='ocr_line' id='line_1_81' title="bbox 377 5538 1959 5608; baseline 0 -17"><span class='ocrx_word' id='word_1_727' title='bbox 377 5542 546 5606; x_wconf 80' lang='lat' dir='ltr'><strong>ptiani</strong></span> <span class='ocrx_word' id='word_1_728' title='bbox 577 5543 893 5597; x_wconf 74' lang='lat' dir='ltr'><strong>sententiam</strong></span> <span class='ocrx_word' id='word_1_729' title='bbox 918 5542 1048 5596; x_wconf 77' lang='lat' dir='ltr'><strong>satis</strong></span> <span class='ocrx_word' id='word_1_730' title='bbox 1079 5550 1275 5594; x_wconf 79' lang='lat' dir='ltr'><strong>acriter</strong></span> <span class='ocrx_word' id='word_1_731' title='bbox 1292 5538 1508 5602; x_wconf 82' lang='lat' dir='ltr'><strong>refellit,</strong></span> <span class='ocrx_word' id='word_1_732' title='bbox 1529 5538 1642 5591; x_wconf 76' lang='lat' dir='ltr'><strong>lucc</strong></span> <span class='ocrx_word' id='word_1_733' title='bbox 1666 5539 1776 5608; x_wconf 88' lang='lat' dir='ltr'><strong>ipsa</strong></span> <span class='ocrx_word' id='word_1_734' title='bbox 1799 5543 1959 5593; x_wconf 87' lang='lat' dir='ltr'><strong>verba</strong></span> 
     </span>
    </p>
   </div>
   <div class='ocr_carea' id='block_1_81' title="bbox 372 5609 1958 5678">
    <p class='ocr_par' dir='ltr' id='par_1_81' title="bbox 372 5609 1958 5678">
     <span class='ocr_line' id='line_1_82' title="bbox 372 5609 1958 5678; baseline 0.001 -15"><span class='ocrx_word' id='word_1_735' title='bbox 372 5631 403 5663; x_wconf 87' lang='lat' dir='ltr'><strong>:t</strong></span> <span class='ocrx_word' id='word_1_736' title='bbox 432 5611 700 5678; x_wconf 74' lang='lat' dir='ltr'><strong>Cypriano</strong></span> <span class='ocrx_word' id='word_1_737' title='bbox 728 5615 928 5678; x_wconf 86' lang='lat' dir='ltr'><strong>prolata</strong></span> <span class='ocrx_word' id='word_1_738' title='bbox 957 5628 1062 5665; x_wconf 87' lang='lat' dir='ltr'><strong>non</strong></span> <span class='ocrx_word' id='word_1_739' title='bbox 1091 5613 1154 5664; x_wconf 90' lang='lat' dir='ltr'><strong>ad</strong></span> <span class='ocrx_word' id='word_1_740' title='bbox 1181 5610 1438 5666; x_wconf 82' lang='lat' dir='ltr'><strong>Siracidis</strong></span> <span class='ocrx_word' id='word_1_741' title='bbox 1457 5620 1686 5663; x_wconf 77' lang='lat' dir='ltr'><strong>Ini-metu</strong></span> <span class='ocrx_word' id='word_1_742' title='bbox 1714 5609 1958 5676; x_wconf 70' lang='lat' dir='ltr'><strong>retrahit,</strong></span> 
     </span>
    </p>
   </div>
   <div class='ocr_carea' id='block_1_82' title="bbox 371 5677 1961 5754">
    <p class='ocr_par' dir='ltr' id='par_1_82' title="bbox 371 5677 1961 5754">
     <span class='ocr_line' id='line_1_83' title="bbox 371 5677 1961 5754; baseline 0.001 -18"><span class='ocrx_word' id='word_1_743' title='bbox 371 5677 558 5738; x_wconf 49' lang='lat' dir='ltr'><strong>sed&#39;ex</strong></span> <span class='ocrx_word' id='word_1_744' title='bbox 589 5701 683 5739; x_wconf 87' lang='lat' dir='ltr'><strong>ore</strong></span> <span class='ocrx_word' id='word_1_745' title='bbox 715 5677 857 5754; x_wconf 80' lang='lat' dir='ltr'><strong>vulgi</strong></span> <span class='ocrx_word' id='word_1_746' title='bbox 916 5685 990 5738; x_wconf 91' lang='lat' dir='ltr'><strong>uti</strong></span> <span class='ocrx_word' id='word_1_747' title='bbox 1022 5696 1132 5738; x_wconf 89' lang='lat' dir='ltr'><strong>ltttn</strong></span> <span class='ocrx_word' id='word_1_748' title='bbox 1162 5681 1492 5746; x_wconf 81' lang='lat' dir='ltr'><strong>ferebantur,</strong></span> <span class='ocrx_word' id='word_1_749' title='bbox 1521 5681 1853 5754; x_wconf 71' lang='lat' dir='ltr'><strong>exceptasic</strong></span> <span class='ocrx_word' id='word_1_750' title='bbox 1882 5683 1961 5737; x_wconf 84' lang='lat' dir='ltr'><strong>in-</strong></span> 
     </span>
    </p>
   </div>
   <div class='ocr_carea' id='block_1_83' title="bbox 377 5751 1962 5825">
    <p class='ocr_par' dir='ltr' id='par_1_83' title="bbox 377 5751 1962 5825">
     <span class='ocr_line' id='line_1_84' title="bbox 377 5751 1962 5825; baseline 0.001 -16"><span class='ocrx_word' id='word_1_751' title='bbox 377 5767 720 5825; x_wconf 86' lang='lat' dir='ltr'><strong>terprctatur,</strong></span> <span class='ocrx_word' id='word_1_752' title='bbox 755 5751 1059 5814; x_wconf 48' lang='lat' dir='ltr'><strong>tit—deﬁniat</strong></span> <span class='ocrx_word' id='word_1_753' title='bbox 1090 5755 1411 5825; x_wconf 86' lang='lat' dir='ltr'><strong>baptismum</strong></span> <span class='ocrx_word' id='word_1_754' title='bbox 1435 5770 1462 5808; x_wconf 91' lang='lat' dir='ltr'><strong>a</strong></span> <span class='ocrx_word' id='word_1_755' title='bbox 1490 5751 1725 5816; x_wconf 82' lang='lat' dir='ltr'><strong>mortuo,</strong></span> <span class='ocrx_word' id='word_1_756' title='bbox 1755 5751 1856 5811; x_wconf 89' lang='lat' dir='ltr'><strong>hoc</strong></span> <span class='ocrx_word' id='word_1_757' title='bbox 1880 5764 1962 5811; x_wconf 87' lang='lat' dir='ltr'><strong>est</strong></span> 
     </span>
    </p>
   </div>
   <div class='ocr_carea' id='block_1_84' title="bbox 2079 3043 3676 3109">
    <p class='ocr_par' dir='ltr' id='par_1_84' title="bbox 2079 3043 3676 3109">
     <span class='ocr_line' id='line_1_85' title="bbox 2079 3043 3676 3109; baseline 0.005 -17"><span class='ocrx_word' id='word_1_758' title='bbox 2079 3043 2334 3109; x_wconf 88' lang='lat' dir='ltr'><strong>quoniam</strong></span> <span class='ocrx_word' id='word_1_759' title='bbox 2367 3043 2613 3099; x_wconf 84' lang='lat' dir='ltr'><strong>homines</strong></span> <span class='ocrx_word' id='word_1_760' title='bbox 2651 3045 2867 3099; x_wconf 82' lang='lat' dir='ltr'><strong>fuerunt</strong></span> <span class='ocrx_word' id='word_1_761' title='bbox 2893 3055 2946 3100; x_wconf 88' lang='lat' dir='ltr'><strong>et</strong></span> <span class='ocrx_word' id='word_1_762' title='bbox 2972 3047 3038 3099; x_wconf 90' lang='lat' dir='ltr'><strong>ita</strong></span> <span class='ocrx_word' id='word_1_763' title='bbox 3076 3047 3269 3099; x_wconf 89' lang='lat' dir='ltr'><strong>mortui</strong></span> <span class='ocrx_word' id='word_1_764' title='bbox 3302 3059 3442 3099; x_wconf 87' lang='lat' dir='ltr'><strong>sunt.</strong></span> <span class='ocrx_word' id='word_1_765' title='bbox 3480 3043 3676 3102; x_wconf 53' lang='lat' dir='ltr'><strong>th.¥—~</strong></span> 
     </span>
    </p>
   </div>
   <div class='ocr_carea' id='block_1_85' title="bbox 2079 3113 3671 3184">
    <p class='ocr_par' dir='ltr' id='par_1_85' title="bbox 2079 3113 3671 3184">
     <span class='ocr_line' id='line_1_86' title="bbox 2079 3113 3671 3184; baseline 0.003 -17"><span class='ocrx_word' id='word_1_766' title='bbox 2079 3113 2195 3167; x_wconf 87' lang='lat' dir='ltr'><strong>Non</strong></span> <span class='ocrx_word' id='word_1_767' title='bbox 2222 3117 2490 3184; x_wconf 83' lang='lat' dir='ltr'><strong>vulgatum</strong></span> <span class='ocrx_word' id='word_1_768' title='bbox 2530 3119 2752 3170; x_wconf 89' lang='lat' dir='ltr'><strong>omnino</strong></span> <span class='ocrx_word' id='word_1_769' title='bbox 2777 3117 3142 3184; x_wconf 85' lang='lat' dir='ltr'><strong>proverbium,</strong></span> <span class='ocrx_word' id='word_1_770' title='bbox 3166 3118 3259 3169; x_wconf 83' lang='lat' dir='ltr'><strong>sed</strong></span> <span class='ocrx_word' id='word_1_771' title='bbox 3292 3127 3492 3171; x_wconf 83' lang='lat' dir='ltr'><strong>textum</strong></span> <span class='ocrx_word' id='word_1_772' title='bbox 3522 3119 3671 3173; x_wconf 87' lang='lat' dir='ltr'><strong>Scri-</strong></span> 
     </span>
    </p>
   </div>
   <div class='ocr_carea' id='block_1_86' title="bbox 2080 3187 3675 3260">
    <p class='ocr_par' dir='ltr' id='par_1_86' title="bbox 2080 3187 3675 3260">
     <span class='ocr_line' id='line_1_87' title="bbox 2080 3187 3675 3260; baseline 0.005 -25"><span class='ocrx_word' id='word_1_773' title='bbox 2080 3195 2270 3260; x_wconf 57' lang='lat' dir='ltr'><strong>ptura‘,</strong></span> <span class='ocrx_word' id='word_1_774' title='bbox 2298 3187 2383 3240; x_wconf 84' lang='lat' dir='ltr'><strong>hie.</strong></span> <span class='ocrx_word' id='word_1_775' title='bbox 2417 3188 2690 3242; x_wconf 87' lang='lat' dir='ltr'><strong>laudatum</strong></span> <span class='ocrx_word' id='word_1_776' title='bbox 2746 3199 2954 3260; x_wconf 58' lang='lat' dir='ltr'><strong>constat</strong></span> <span class='ocrx_word' id='word_1_777' title='bbox 3000 3204 3062 3242; x_wconf 77' lang='lat' dir='ltr'><strong>ex</strong></span> <span class='ocrx_word' id='word_1_778' title='bbox 3094 3189 3272 3242; x_wconf 81' lang='lat' dir='ltr'><strong>verbis</strong></span> <span class='ocrx_word' id='word_1_779' title='bbox 3312 3188 3562 3260; x_wconf 77' lang='lat' dir='ltr'><strong>Cypriani</strong></span> <span class='ocrx_word' id='word_1_780' title='bbox 3593 3189 3675 3243; x_wconf 85' lang='lat' dir='ltr'><strong>di-</strong></span> 
     </span>
    </p>
   </div>
   <div class='ocr_carea' id='block_1_87' title="bbox 2077 3259 3666 3324">
    <p class='ocr_par' dir='ltr' id='par_1_87' title="bbox 2077 3259 3666 3324">
     <span class='ocr_line' id='line_1_88' title="bbox 2077 3259 3666 3324; baseline 0.003 -14"><span class='ocrx_word' id='word_1_781' title='bbox 2077 3259 2268 3313; x_wconf 91' lang='lat' dir='ltr'><strong>centis.</strong></span> <span class='ocrx_word' id='word_1_782' title='bbox 2291 3260 2548 3324; x_wconf 88' lang='lat' dir='ltr'><strong>scriptum</strong></span> <span class='ocrx_word' id='word_1_783' title='bbox 2583 3275 2703 3314; x_wconf 84' lang='lat' dir='ltr'><strong>esse</strong></span> <span class='ocrx_word' id='word_1_784' title='bbox 2738 3278 2748 3308; x_wconf 79' lang='grc' dir='ltr'><strong><em>τ</em></strong></span> <span class='ocrx_word' id='word_1_785' title='bbox 2783 3259 2878 3324; x_wconf 87' lang='lat' dir='ltr'><strong>Qui</strong></span> <span class='ocrx_word' id='word_1_786' title='bbox 2910 3260 3233 3323; x_wconf 82' lang='lat' dir='ltr'><strong>baptizantur</strong></span> <span class='ocrx_word' id='word_1_787' title='bbox 3257 3277 3287 3311; x_wconf 89' lang='lat' dir='ltr'><strong>a</strong></span> <span class='ocrx_word' id='word_1_788' title='bbox 3311 3259 3529 3324; x_wconf 83' lang='lat' dir='ltr'><strong>mortuo,</strong></span> <span class='ocrx_word' id='word_1_789' title='bbox 3561 3271 3666 3314; x_wconf 87' lang='lat' dir='ltr'><strong>etc.</strong></span> 
     </span>
    </p>
   </div>
   <div class='ocr_carea' id='block_1_88' title="bbox 2079 3327 3670 3400">
    <p class='ocr_par' dir='ltr' id='par_1_88' title="bbox 2079 3327 3670 3400">
     <span class='ocr_line' id='line_1_89' title="bbox 2079 3327 3670 3400; baseline 0.003 -20"><span class='ocrx_word' id='word_1_790' title='bbox 2079 3327 2213 3400; x_wconf 91' lang='lat' dir='ltr'><strong>lluic</strong></span> <span class='ocrx_word' id='word_1_791' title='bbox 2234 3329 2558 3397; x_wconf 84' lang='lat' dir='ltr'><strong>eonjeetnra-</strong></span> <span class='ocrx_word' id='word_1_792' title='bbox 2584 3331 2860 3385; x_wconf 79' lang='lat' dir='ltr'><strong>ﬁrmandae</strong></span> <span class='ocrx_word' id='word_1_793' title='bbox 2890 3331 3092 3385; x_wconf 77' lang='lat' dir='ltr'><strong>accedit</strong></span> <span class='ocrx_word' id='word_1_794' title='bbox 3121 3331 3427 3385; x_wconf 86' lang='lat' dir='ltr'><strong>observatio</strong></span> <span class='ocrx_word' id='word_1_795' title='bbox 3445 3332 3670 3400; x_wconf 73' lang='lat' dir='ltr'><strong>.losrpbi</strong></span> 
     </span>
    </p>
   </div>
   <div class='ocr_carea' id='block_1_89' title="bbox 2076 3399 3666 3470">
    <p class='ocr_par' dir='ltr' id='par_1_89' title="bbox 2076 3399 3666 3470">
     <span class='ocr_line' id='line_1_90' title="bbox 2076 3399 3666 3470; baseline 0.003 -18"><span class='ocrx_word' id='word_1_796' title='bbox 2076 3399 2332 3470; x_wconf 65' lang='lat' dir='ltr'><strong>Scaliget-i</strong></span> <span class='ocrx_word' id='word_1_797' title='bbox 2386 3400 2612 3462; x_wconf 80' lang='lat' dir='ltr'><strong>Elenct..</strong></span> <span class='ocrx_word' id='word_1_798' title='bbox 2661 3417 2710 3456; x_wconf 90' lang='lat' dir='ltr'><strong>c.</strong></span> <span class='ocrx_word' id='word_1_799' title='bbox 2743 3419 2817 3468; x_wconf 78' lang='lat' dir='ltr'><strong>tu,</strong></span> <span class='ocrx_word' id='word_1_800' title='bbox 2844 3403 2898 3466; x_wconf 89' lang='lat'><strong>8,</strong></span> <span class='ocrx_word' id='word_1_801' title='bbox 2933 3404 3106 3456; x_wconf 64' lang='lat' dir='ltr'><strong>solere</strong></span> <span class='ocrx_word' id='word_1_802' title='bbox 3142 3401 3389 3455; x_wconf 80' lang='lat' dir='ltr'><strong>hemin&#39;es</strong></span> <span class='ocrx_word' id='word_1_803' title='bbox 3444 3399 3666 3457; x_wconf 72' lang='lat' dir='ltr'><strong>nmissi-</strong></span> 
     </span>
    </p>
   </div>
   <div class='ocr_carea' id='block_1_90' title="bbox 2075 3473 3662 3535">
    <p class='ocr_par' dir='ltr' id='par_1_90' title="bbox 2075 3473 3662 3535">
     <span class='ocr_line' id='line_1_91' title="bbox 2075 3473 3662 3535; baseline 0.003 -11"><span class='ocrx_word' id='word_1_804' title='bbox 2075 3487 2188 3524; x_wconf 83' lang='lat' dir='ltr'><strong>mas</strong></span> <span class='ocrx_word' id='word_1_805' title='bbox 2221 3475 2513 3528; x_wconf 67' lang='lat' dir='ltr'><strong>sententias</strong></span> <span class='ocrx_word' id='word_1_806' title='bbox 2543 3473 2845 3528; x_wconf 66' lang='lat' dir='ltr'><strong>dimidiata-</strong></span> <span class='ocrx_word' id='word_1_807' title='bbox 2875 3474 3059 3528; x_wconf 79' lang='lat' dir='ltr'><strong>citare.</strong></span> <span class='ocrx_word' id='word_1_808' title='bbox 3091 3474 3148 3528; x_wconf 87' lang='lat' dir='ltr'><strong>Et</strong></span> <span class='ocrx_word' id='word_1_809' title='bbox 3179 3491 3274 3535; x_wconf 86' lang='lat' dir='ltr'><strong>pro</strong></span> <span class='ocrx_word' id='word_1_810' title='bbox 3307 3475 3555 3527; x_wconf 78' lang='lat' dir='ltr'><strong>insmntia</strong></span> <span class='ocrx_word' id='word_1_811' title='bbox 3581 3476 3662 3528; x_wconf 86' lang='lat' dir='ltr'><strong>al-</strong></span> 
     </span>
    </p>
   </div>
   <div class='ocr_carea' id='block_1_91' title="bbox 2075 3543 3666 3621">
    <p class='ocr_par' dir='ltr' id='par_1_91' title="bbox 2075 3543 3666 3621">
     <span class='ocr_line' id='line_1_92' title="bbox 2075 3543 3666 3621; baseline 0.003 -26"><span class='ocrx_word' id='word_1_812' title='bbox 2075 3543 2332 3621; x_wconf 50' lang='lat' dir='ltr'><strong>[thllllltl</strong></span> <span class='ocrx_word' id='word_1_813' title='bbox 2363 3545 2514 3621; x_wconf 73' lang='lat' dir='ltr'><strong>lilatt.</strong></span> <span class='ocrx_word' id='word_1_814' title='bbox 2544 3547 2742 3621; x_wconf 19' lang='lat' dir='ltr'><strong>X_V,A5_:_</strong></span> <span class='ocrx_word' id='word_1_815' title='bbox 2773 3554 2939 3619; x_wconf 83' lang='grc' dir='ltr'><strong>Δῶρον</strong></span> <span class='ocrx_word' id='word_1_816' title='bbox 2971 3544 2996 3600; x_wconf 82' lang='grc' dir='ltr'>ὃ</span> <span class='ocrx_word' id='word_1_817' title='bbox 3023 3549 3110 3600; x_wconf 78' lang='grc' dir='ltr'><strong>ἐὰν</strong></span> <span class='ocrx_word' id='word_1_818' title='bbox 3242 3549 3365 3618; x_wconf 72' lang='grc' dir='ltr'><strong>ἐμοῦ</strong></span> <span class='ocrx_word' id='word_1_819' title='bbox 3399 3547 3666 3621; x_wconf 67' lang='grc' dir='ltr'><strong>ὠφεληθῇς.</strong></span> 
     </span>
    </p>
   </div>
   <div class='ocr_carea' id='block_1_92' title="bbox 2074 3614 3670 3684">
    <p class='ocr_par' dir='ltr' id='par_1_92' title="bbox 2074 3614 3670 3684">
     <span class='ocr_line' id='line_1_93' title="bbox 2074 3614 3670 3684; baseline 0.002 -16"><span class='ocrx_word' id='word_1_820' title='bbox 2074 3614 2262 3669; x_wconf 58' lang='lat' dir='ltr'><strong>Simile</strong></span> <span class='ocrx_word' id='word_1_821' title='bbox 2285 3618 2408 3681; x_wconf 90' lang='lat' dir='ltr'><strong>quid</strong></span> <span class='ocrx_word' id='word_1_822' title='bbox 2443 3617 2582 3684; x_wconf 84' lang='lat' dir='ltr'><strong>apud</strong></span> <span class='ocrx_word' id='word_1_823' title='bbox 2612 3617 2832 3670; x_wconf 75' lang='lat' dir='ltr'><strong>Suidatn</strong></span> <span class='ocrx_word' id='word_1_824' title='bbox 2853 3614 3111 3670; x_wconf 61' lang='lat' dir='ltr'><strong>&#39;thetnus</strong></span> <span class='ocrx_word' id='word_1_825' title='bbox 3141 3619 3190 3669; x_wconf 88' lang='lat' dir='ltr'><strong>in</strong></span> <span class='ocrx_word' id='word_1_826' title='bbox 3223 3614 3318 3669; x_wconf 60' lang='lat' dir='ltr'><strong>u&#39;n</strong></span> <span class='ocrx_word' id='word_1_827' title='bbox 3348 3614 3670 3684; x_wconf 73' lang='lat' dir='ltr'><strong>pro&#39;wrbii:</strong></span> 
     </span>
    </p>
   </div>
   <div class='ocr_carea' id='block_1_93' title="bbox 2071 3687 3661 3759">
    <p class='ocr_par' dir='ltr' id='par_1_93' title="bbox 2071 3687 3661 3759">
     <span class='ocr_line' id='line_1_94' title="bbox 2071 3687 3661 3759; baseline 0.001 -21"><span class='ocrx_word' id='word_1_828' title='bbox 2071 3688 2175 3742; x_wconf 81' lang='grc' dir='ltr'><strong>ἀπὸ</strong></span> <span class='ocrx_word' id='word_1_829' title='bbox 2204 3687 2608 3759; x_wconf 79' lang='grc' dir='ltr'><strong>καταδυομένης,</strong></span> <span class='ocrx_word' id='word_1_830' title='bbox 2660 3688 2803 3753; x_wconf 88' lang='lat' dir='ltr'><strong>quod</strong></span> <span class='ocrx_word' id='word_1_831' title='bbox 2853 3703 3063 3759; x_wconf 77' lang='lat' dir='ltr'><strong>revera,</strong></span> <span class='ocrx_word' id='word_1_832' title='bbox 3095 3688 3136 3740; x_wconf 85' lang='lat' dir='ltr'><strong>si</strong></span> <span class='ocrx_word' id='word_1_833' title='bbox 3174 3698 3338 3740; x_wconf 83' lang='lat' dir='ltr'><strong>totum</strong></span> <span class='ocrx_word' id='word_1_834' title='bbox 3384 3688 3661 3756; x_wconf 66' lang='lat' dir='ltr'><strong>efferatur,</strong></span> 
     </span>
    </p>
   </div>
   <div class='ocr_carea' id='block_1_94' title="bbox 2070 3756 3666 3835">
    <p class='ocr_par' dir='ltr' id='par_1_94' title="bbox 2070 3756 3666 3835">
     <span class='ocr_line' id='line_1_95' title="bbox 2070 3756 3666 3835; baseline 0.004 -27"><span class='ocrx_word' id='word_1_835' title='bbox 2070 3761 2193 3819; x_wconf 77' lang='lat' dir='ltr'><strong>eri‘,</strong></span> <span class='ocrx_word' id='word_1_836' title='bbox 2350 3756 2471 3820; x_wconf 78' lang='grc' dir='ltr'><strong>νεῶς</strong></span> <span class='ocrx_word' id='word_1_837' title='bbox 2502 3759 2882 3835; x_wconf 74' lang='grc' dir='ltr'><strong>καταδυομένης</strong></span> <span class='ocrx_word' id='word_1_838' title='bbox 2904 3758 2932 3835; x_wconf 73' lang='grc' dir='ltr'><em>ᾇ</em></span> <span class='ocrx_word' id='word_1_839' title='bbox 2952 3756 3082 3835; x_wconf 50' lang='grc' dir='ltr'><strong>τι-ἆν</strong></span> <span class='ocrx_word' id='word_1_840' title='bbox 3110 3760 3300 3835; x_wconf 62' lang='grc' dir='ltr'><strong>λάϐῃς,</strong></span> <span class='ocrx_word' id='word_1_841' title='bbox 3335 3759 3528 3835; x_wconf 37' lang='grc' dir='ltr'><strong>ἤέρδρς.</strong></span> <span class='ocrx_word' id='word_1_842' title='bbox 3557 3761 3666 3835; x_wconf 78' lang='lat' dir='ltr'><strong>Re-</strong></span> 
     </span>
    </p>
   </div>
   <div class='ocr_carea' id='block_1_95' title="bbox 2069 3813 3657 3898">
    <p class='ocr_par' dir='ltr' id='par_1_95' title="bbox 2069 3813 3657 3898">
     <span class='ocr_line' id='line_1_96' title="bbox 2069 3813 3657 3898; baseline 0.003 -18"><span class='ocrx_word' id='word_1_843' title='bbox 2069 3813 2240 3894; x_wconf 66' lang='lat' dir='ltr'><strong>cepta:</strong></span> <span class='ocrx_word' id='word_1_844' title='bbox 2291 3813 2414 3884; x_wconf 87' lang='lat' dir='ltr'><strong>huic</strong></span> <span class='ocrx_word' id='word_1_845' title='bbox 2445 3813 2693 3898; x_wconf 75' lang='lat' dir='ltr'><strong>loquendi</strong></span> <span class='ocrx_word' id='word_1_846' title='bbox 2713 3813 3316 3884; x_wconf 44' lang='lat' dir='ltr'><strong>itiriiutlzelortassé&#39;ll.</strong></span> <span class='ocrx_word' id='word_1_847' title='bbox 3349 3813 3546 3885; x_wconf 61' lang='lat' dir='ltr'><strong>Pindus</strong></span> <span class='ocrx_word' id='word_1_848' title='bbox 3577 3834 3657 3886; x_wconf 91' lang='lat' dir='ltr'><strong>vi-</strong></span> 
     </span>
    </p>
   </div>
   <div class='ocr_carea' id='block_1_96' title="bbox 2069 3898 3664 3962">
    <p class='ocr_par' dir='ltr' id='par_1_96' title="bbox 2069 3898 3664 3962">
     <span class='ocr_line' id='line_1_97' title="bbox 2069 3898 3664 3962; baseline 0.008 -15"><span class='ocrx_word' id='word_1_849' title='bbox 2069 3898 2183 3952; x_wconf 85' lang='lat' dir='ltr'><strong>deri</strong></span> <span class='ocrx_word' id='word_1_850' title='bbox 2217 3912 2390 3960; x_wconf 77' lang='lat' dir='ltr'><strong>potest</strong></span> <span class='ocrx_word' id='word_1_851' title='bbox 2419 3901 2686 3957; x_wconf 85' lang='lat' dir='ltr'><strong>allusisse.</strong></span> <span class='ocrx_word' id='word_1_852' title='bbox 2714 3903 2731 3955; x_wconf 91' lang='lat' dir='ltr'><strong>l</strong></span> <span class='ocrx_word' id='word_1_853' title='bbox 2757 3900 2900 3961; x_wconf 86' lang='lat' dir='ltr'><strong>Cor.,</strong></span> <span class='ocrx_word' id='word_1_854' title='bbox 2936 3918 3024 3958; x_wconf 87' lang='lat' dir='ltr'><strong>xv.</strong></span> <span class='ocrx_word' id='word_1_855' title='bbox 3050 3901 3122 3954; x_wconf 74' lang='lat'><strong>29</strong></span> <span class='ocrx_word' id='word_1_856' title='bbox 3157 3923 3167 3952; x_wconf 76' lang='lat'><strong>.</strong></span> <span class='ocrx_word' id='word_1_857' title='bbox 3197 3907 3256 3957; x_wconf 87' lang='grc' dir='ltr'><strong>Τί</strong></span> <span class='ocrx_word' id='word_1_858' title='bbox 3284 3908 3591 3962; x_wconf 74' lang='grc' dir='ltr'><strong>ποιήσουσιν</strong></span> <span class='ocrx_word' id='word_1_859' title='bbox 3616 3907 3664 3959; x_wconf 85' lang='grc' dir='ltr'><strong>οἱ</strong></span> 
     </span>
    </p>
   </div>
   <div class='ocr_carea' id='block_1_97' title="bbox 2072 3971 3666 4051">
    <p class='ocr_par' dir='ltr' id='par_1_97' title="bbox 2072 3971 3666 4051">
     <span class='ocr_line' id='line_1_98' title="bbox 2072 3971 3666 4051; baseline 0.001 -26"><span class='ocrx_word' id='word_1_860' title='bbox 2072 3971 2435 4051; x_wconf 69' lang='grc' dir='ltr'><strong>ϐατςτιζὸμενρι</strong></span> <span class='ocrx_word' id='word_1_861' title='bbox 2461 3975 2722 4051; x_wconf 42' lang='grc' dir='ltr'><strong>ὑπὲρ·τῶν</strong></span> <span class='ocrx_word' id='word_1_862' title='bbox 2746 3981 2934 4051; x_wconf 61' lang='lat' dir='ltr'><strong>usupth</strong></span> <span class='ocrx_word' id='word_1_863' title='bbox 2961 3988 2980 4036; x_wconf 82' lang='lat'><strong>,‘</strong></span> <span class='ocrx_word' id='word_1_864' title='bbox 3019 3973 3139 4040; x_wconf 81' lang='lat' dir='ltr'><strong>quid</strong></span> <span class='ocrx_word' id='word_1_865' title='bbox 3177 3975 3442 4051; x_wconf 49' lang='lat' dir='ltr'><strong>conﬁcient</strong></span> <span class='ocrx_word' id='word_1_866' title='bbox 3470 3987 3554 4026; x_wconf 86' lang='lat' dir='ltr'><strong>aut</strong></span> <span class='ocrx_word' id='word_1_867' title='bbox 3583 3976 3666 4026; x_wconf 88' lang='lat' dir='ltr'><strong>lu-</strong></span> 
     </span>
    </p>
   </div>
   <div class='ocr_carea' id='block_1_98' title="bbox 2069 4043 3658 4109">
    <p class='ocr_par' dir='ltr' id='par_1_98' title="bbox 2069 4043 3658 4109">
     <span class='ocr_line' id='line_1_99' title="bbox 2069 4043 3658 4109; baseline 0.004 -17"><span class='ocrx_word' id='word_1_868' title='bbox 2069 4043 2342 4096; x_wconf 77' lang='lat' dir='ltr'><strong>crabantur</strong></span> <span class='ocrx_word' id='word_1_869' title='bbox 2380 4043 2621 4109; x_wconf 78' lang='lat' dir='ltr'><strong>baptiztiti</strong></span> <span class='ocrx_word' id='word_1_870' title='bbox 2667 4062 2754 4098; x_wconf 73' lang='lat' dir='ltr'><strong>seu</strong></span> <span class='ocrx_word' id='word_1_871' title='bbox 2791 4043 2882 4096; x_wconf 75' lang='lat' dir='ltr'><strong>loti</strong></span> <span class='ocrx_word' id='word_1_872' title='bbox 2933 4061 3024 4109; x_wconf 83' lang='lat' dir='ltr'><strong>pro</strong></span> <span class='ocrx_word' id='word_1_873' title='bbox 3057 4043 3310 4096; x_wconf 80' lang='lat' dir='ltr'><strong>mortuis?</strong></span> <span class='ocrx_word' id='word_1_874' title='bbox 3340 4050 3455 4107; x_wconf 71' lang='lat' dir='ltr'><strong>Quo</strong></span> <span class='ocrx_word' id='word_1_875' title='bbox 3525 4059 3658 4098; x_wconf 80' lang='lat' dir='ltr'><strong>ensu</strong></span> 
     </span>
    </p>
   </div>
   <div class='ocr_carea' id='block_1_99' title="bbox 2072 4112 3663 4175">
    <p class='ocr_par' dir='ltr' id='par_1_99' title="bbox 2072 4112 3663 4175">
     <span class='ocr_line' id='line_1_100' title="bbox 2072 4112 3663 4175; baseline 0.001 -9"><span class='ocrx_word' id='word_1_876' title='bbox 2072 4113 2129 4167; x_wconf 81' lang='grc' dir='ltr'><strong>Ι).</strong></span> <span class='ocrx_word' id='word_1_877' title='bbox 2164 4113 2334 4168; x_wconf 88' lang='lat' dir='ltr'><strong>Lucas</strong></span> <span class='ocrx_word' id='word_1_878' title='bbox 2372 4116 2403 4169; x_wconf 88' lang='lat' dir='ltr'><strong>d</strong></span> <span class='ocrx_word' id='word_1_879' title='bbox 2430 4118 2499 4169; x_wconf 78' lang='lat' dir='ltr'><strong>xit</strong></span> <span class='ocrx_word' id='word_1_880' title='bbox 2535 4133 2552 4169; x_wconf 85' lang='lat'><strong>.&#39;</strong></span> <span class='ocrx_word' id='word_1_881' title='bbox 2583 4116 2814 4175; x_wconf 83' lang='grc' dir='ltr'><strong>Ἐποίησε</strong></span> <span class='ocrx_word' id='word_1_882' title='bbox 2847 4112 2971 4170; x_wconf 75' lang='grc' dir='ltr'><strong>ἄλλα</strong></span> <span class='ocrx_word' id='word_1_883' title='bbox 3002 4117 3149 4170; x_wconf 78' lang='grc' dir='ltr'><strong>πέντε</strong></span> <span class='ocrx_word' id='word_1_884' title='bbox 3180 4115 3422 4170; x_wconf 69' lang='grc' dir='ltr'><strong>τάλαντα.</strong></span> <span class='ocrx_word' id='word_1_885' title='bbox 3474 4115 3663 4169; x_wconf 81' lang='lat' dir='ltr'><strong>Mnrttti</strong></span> 
     </span>
    </p>
   </div>
   <div class='ocr_carea' id='block_1_100' title="bbox 2068 4186 3659 4256">
    <p class='ocr_par' dir='ltr' id='par_1_100' title="bbox 2068 4186 3659 4256">
     <span class='ocr_line' id='line_1_101' title="bbox 2068 4186 3659 4256; baseline 0.001 -18"><span class='ocrx_word' id='word_1_886' title='bbox 2068 4186 2112 4238; x_wconf 91' lang='lat' dir='ltr'><strong>si</strong></span> <span class='ocrx_word' id='word_1_887' title='bbox 2146 4187 2351 4254; x_wconf 85' lang='lat' dir='ltr'><strong>possint</strong></span> <span class='ocrx_word' id='word_1_888' title='bbox 2391 4187 2651 4256; x_wconf 86' lang='lat' dir='ltr'><strong>polluere,</strong></span> <span class='ocrx_word' id='word_1_889' title='bbox 2703 4189 2889 4240; x_wconf 86' lang='lat' dir='ltr'><strong>saltem</strong></span> <span class='ocrx_word' id='word_1_890' title='bbox 2941 4186 3136 4252; x_wconf 87' lang='lat' dir='ltr'><strong>aliquid</strong></span> <span class='ocrx_word' id='word_1_891' title='bbox 3193 4197 3434 4252; x_wconf 64' lang='lat' dir='ltr'><strong>pnssunt.</strong></span> <span class='ocrx_word' id='word_1_892' title='bbox 3464 4186 3528 4241; x_wconf 88' lang='lat' dir='ltr'><strong>Et</strong></span> <span class='ocrx_word' id='word_1_893' title='bbox 3554 4187 3659 4240; x_wconf 88' lang='lat' dir='ltr'><strong>vivi</strong></span> 
     </span>
    </p>
   </div>
   <div class='ocr_carea' id='block_1_101' title="bbox 2067 4257 3660 4329">
    <p class='ocr_par' dir='ltr' id='par_1_101' title="bbox 2067 4257 3660 4329">
     <span class='ocr_line' id='line_1_102' title="bbox 2067 4257 3660 4329; baseline 0.001 -21"><span class='ocrx_word' id='word_1_894' title='bbox 2067 4263 2156 4324; x_wconf 88' lang='lat' dir='ltr'><strong>qtti</strong></span> <span class='ocrx_word' id='word_1_895' title='bbox 2181 4258 2248 4310; x_wconf 87' lang='lat' dir='ltr'><strong>ab</strong></span> <span class='ocrx_word' id='word_1_896' title='bbox 2279 4258 2494 4329; x_wconf 89' lang='lat' dir='ltr'><strong>impuro</strong></span> <span class='ocrx_word' id='word_1_897' title='bbox 2523 4270 2773 4314; x_wconf 82' lang='lat' dir='ltr'><strong>Contactu</strong></span> <span class='ocrx_word' id='word_1_898' title='bbox 2801 4274 2860 4313; x_wconf 91' lang='lat' dir='ltr'><strong>se</strong></span> <span class='ocrx_word' id='word_1_899' title='bbox 2891 4257 3195 4311; x_wconf 87' lang='lat' dir='ltr'><strong>lustrandos</strong></span> <span class='ocrx_word' id='word_1_900' title='bbox 3221 4269 3531 4329; x_wconf 70' lang='lat' dir='ltr'><strong>procurant.</strong></span> <span class='ocrx_word' id='word_1_901' title='bbox 3562 4275 3660 4328; x_wconf 79' lang='lat' dir='ltr'><strong>ag-</strong></span> 
     </span>
    </p>
   </div>
   <div class='ocr_carea' id='block_1_102' title="bbox 2072 4331 3663 4400">
    <p class='ocr_par' dir='ltr' id='par_1_102' title="bbox 2072 4331 3663 4400">
     <span class='ocr_line' id='line_1_103' title="bbox 2072 4331 3663 4400; baseline 0.003 -19"><span class='ocrx_word' id='word_1_902' title='bbox 2072 4340 2300 4383; x_wconf 89' lang='lat' dir='ltr'><strong>noscunt</strong></span> <span class='ocrx_word' id='word_1_903' title='bbox 2342 4347 2534 4400; x_wconf 68' lang='lat' dir='ltr'><strong>pinnas-</strong></span> <span class='ocrx_word' id='word_1_904' title='bbox 2581 4345 2801 4385; x_wconf 84' lang='lat' dir='ltr'><strong>manere</strong></span> <span class='ocrx_word' id='word_1_905' title='bbox 2853 4331 3175 4399; x_wconf 79' lang='lat' dir='ltr'><strong>inexpiatos,</strong></span> <span class='ocrx_word' id='word_1_906' title='bbox 3203 4345 3250 4384; x_wconf 90' lang='lat' dir='ltr'><strong>ct</strong></span> <span class='ocrx_word' id='word_1_907' title='bbox 3288 4331 3513 4397; x_wconf 78' lang='lat' dir='ltr'><strong>proinde</strong></span> <span class='ocrx_word' id='word_1_908' title='bbox 3545 4332 3663 4384; x_wconf 83' lang='lat' dir='ltr'><strong>atti-</strong></span> 
     </span>
    </p>
   </div>
   <div class='ocr_carea' id='block_1_103' title="bbox 2070 4400 3663 4471">
    <p class='ocr_par' dir='ltr' id='par_1_103' title="bbox 2070 4400 3663 4471">
     <span class='ocr_line' id='line_1_104' title="bbox 2070 4400 3663 4471; baseline 0.003 -19"><span class='ocrx_word' id='word_1_909' title='bbox 2070 4417 2210 4454; x_wconf 89' lang='lat' dir='ltr'><strong>tnatn</strong></span> <span class='ocrx_word' id='word_1_910' title='bbox 2239 4418 2362 4458; x_wconf 83' lang='lat' dir='ltr'><strong>esse</strong></span> <span class='ocrx_word' id='word_1_911' title='bbox 2411 4412 2533 4471; x_wconf 86' lang='lat' dir='ltr'><strong>post</strong></span> <span class='ocrx_word' id='word_1_912' title='bbox 2579 4402 2682 4455; x_wconf 82' lang='lat' dir='ltr'><strong>fata</strong></span> <span class='ocrx_word' id='word_1_913' title='bbox 2728 4403 3098 4470; x_wconf 67' lang='lat' dir='ltr'><strong>superstitem.</strong></span> <span class='ocrx_word' id='word_1_914' title='bbox 3133 4401 3208 4453; x_wconf 78' lang='lat' dir='ltr'><strong>Ad</strong></span> <span class='ocrx_word' id='word_1_915' title='bbox 3260 4400 3663 4456; x_wconf 78' lang='lat' dir='ltr'><strong>diversissimos</strong></span> 
     </span>
    </p>
   </div>
   <div class='ocr_carea' id='block_1_104' title="bbox 2061 4473 3660 4543">
    <p class='ocr_par' dir='ltr' id='par_1_104' title="bbox 2061 4473 3660 4543">
     <span class='ocr_line' id='line_1_105' title="bbox 2061 4473 3660 4543; baseline 0.001 -17"><span class='ocrx_word' id='word_1_916' title='bbox 2061 4487 2259 4527; x_wconf 70' lang='lat' dir='ltr'><strong>Sen~ns</strong></span> <span class='ocrx_word' id='word_1_917' title='bbox 2286 4477 2473 4527; x_wconf 87' lang='lat' dir='ltr'><strong>eadem</strong></span> <span class='ocrx_word' id='word_1_918' title='bbox 2524 4474 2876 4543; x_wconf 78' lang='lat' dir='ltr'><strong>proverbialia</strong></span> <span class='ocrx_word' id='word_1_919' title='bbox 2927 4474 3070 4528; x_wconf 88' lang='lat' dir='ltr'><strong>dicta</strong></span> <span class='ocrx_word' id='word_1_920' title='bbox 3097 4473 3341 4527; x_wconf 87' lang='lat' dir='ltr'><strong>adhiberi</strong></span> <span class='ocrx_word' id='word_1_921' title='bbox 3375 4489 3460 4527; x_wconf 84' lang='lat' dir='ltr'><strong>res</strong></span> <span class='ocrx_word' id='word_1_922' title='bbox 3490 4476 3660 4528; x_wconf 89' lang='lat' dir='ltr'><strong>notis-</strong></span> 
     </span>
    </p>
   </div>
   <div class='ocr_carea' id='block_1_105' title="bbox 2061 4545 2528 4601">
    <p class='ocr_par' dir='ltr' id='par_1_105' title="bbox 2061 4545 2528 4601">
     <span class='ocr_line' id='line_1_106' title="bbox 2061 4545 2528 4601; baseline 0.009 -4"><span class='ocrx_word' id='word_1_923' title='bbox 2061 4545 2195 4598; x_wconf 89' lang='lat' dir='ltr'><strong>sima</strong></span> <span class='ocrx_word' id='word_1_924' title='bbox 2227 4554 2326 4598; x_wconf 88' lang='lat' dir='ltr'><strong>est.</strong></span> <span class='ocrx_word' id='word_1_925' title='bbox 2363 4545 2528 4601; x_wconf 76' lang='lat' dir='ltr'><strong>FELL.</strong></span> 
     </span>
    </p>
   </div>
   <div class='ocr_carea' id='block_1_106' title="bbox 2132 4636 3658 4706">
    <p class='ocr_par' dir='ltr' id='par_1_106' title="bbox 2132 4636 3658 4706">
     <span class='ocr_line' id='line_1_107' title="bbox 2132 4636 3658 4706; baseline 0.001 -15"><span class='ocrx_word' id='word_1_926' title='bbox 2132 4636 2196 4691; x_wconf 88' lang='lat' dir='ltr'><strong>ll.</strong></span> <span class='ocrx_word' id='word_1_927' title='bbox 2226 4669 2297 4677; x_wconf 90' lang='lat'><strong>—</strong></span> <span class='ocrx_word' id='word_1_928' title='bbox 2329 4636 2483 4691; x_wconf 75' lang='lat' dir='ltr'><strong>Ovem</strong></span> <span class='ocrx_word' id='word_1_929' title='bbox 2502 4637 2840 4691; x_wconf 78' lang='lat' dir='ltr'><strong>abalienatum</strong></span> <span class='ocrx_word' id='word_1_930' title='bbox 2861 4645 2908 4690; x_wconf 87' lang='lat' dir='ltr'><strong>et</strong></span> <span class='ocrx_word' id='word_1_931' title='bbox 2929 4636 3288 4691; x_wconf 81' lang='lat' dir='ltr'><strong>errabundum.</strong></span> <span class='ocrx_word' id='word_1_932' title='bbox 3313 4636 3426 4691; x_wconf 88' lang='lat' dir='ltr'><strong>Non</strong></span> <span class='ocrx_word' id='word_1_933' title='bbox 3453 4638 3564 4706; x_wconf 86' lang='lat' dir='ltr'><strong>jam</strong></span> <span class='ocrx_word' id='word_1_934' title='bbox 3587 4637 3658 4692; x_wconf 89' lang='lat' dir='ltr'><strong>de</strong></span> 
     </span>
    </p>
   </div>
   <div class='ocr_carea' id='block_1_107' title="bbox 2061 4707 3656 4779">
    <p class='ocr_par' dir='ltr' id='par_1_107' title="bbox 2061 4707 3656 4779">
     <span class='ocr_line' id='line_1_108' title="bbox 2061 4707 3656 4779; baseline 0.001 -16"><span class='ocrx_word' id='word_1_935' title='bbox 2061 4707 2286 4774; x_wconf 69' lang='lat' dir='ltr'><strong>Christi,</strong></span> <span class='ocrx_word' id='word_1_936' title='bbox 2316 4709 2409 4763; x_wconf 80' lang='lat' dir='ltr'><strong>sed</strong></span> <span class='ocrx_word' id='word_1_937' title='bbox 2438 4709 2623 4764; x_wconf 85' lang='lat' dir='ltr'><strong>Novati</strong></span> <span class='ocrx_word' id='word_1_938' title='bbox 2650 4725 2828 4779; x_wconf 78' lang='lat' dir='ltr'><strong>grege.</strong></span> <span class='ocrx_word' id='word_1_939' title='bbox 2856 4709 3001 4763; x_wconf 70' lang='lat' dir='ltr'><strong>Licot</strong></span> <span class='ocrx_word' id='word_1_940' title='bbox 3026 4709 3202 4762; x_wconf 88' lang='lat' dir='ltr'><strong>verior</strong></span> <span class='ocrx_word' id='word_1_941' title='bbox 3223 4709 3472 4764; x_wconf 83' lang='lat' dir='ltr'><strong>videatur</strong></span> <span class='ocrx_word' id='word_1_942' title='bbox 3497 4711 3656 4765; x_wconf 84' lang='lat' dir='ltr'><strong>lectio</strong></span> 
     </span>
    </p>
   </div>
   <div class='ocr_carea' id='block_1_108' title="bbox 2062 4780 3652 4851">
    <p class='ocr_par' dir='ltr' id='par_1_108' title="bbox 2062 4780 3652 4851">
     <span class='ocr_line' id='line_1_109' title="bbox 2062 4780 3652 4851; baseline 0.002 -20"><span class='ocrx_word' id='word_1_943' title='bbox 2062 4796 2181 4848; x_wconf 72' lang='lat' dir='ltr'><strong>qua!</strong></span> <span class='ocrx_word' id='word_1_944' title='bbox 2210 4781 2372 4835; x_wconf 81' lang='lat' dir='ltr'><strong>habet</strong></span> <span class='ocrx_word' id='word_1_945' title='bbox 2407 4783 2710 4851; x_wconf 85' lang='lat' dir='ltr'><strong>abigeatom.</strong></span> <span class='ocrx_word' id='word_1_946' title='bbox 2740 4780 2944 4834; x_wconf 85' lang='lat' dir='ltr'><strong>Gloss:e</strong></span> <span class='ocrx_word' id='word_1_947' title='bbox 2975 4791 3208 4844; x_wconf 83' lang='lat' dir='ltr'><strong>veteres,</strong></span> <span class='ocrx_word' id='word_1_948' title='bbox 3243 4781 3497 4850; x_wconf 83' lang='lat' dir='ltr'><strong>abigator,</strong></span> <span class='ocrx_word' id='word_1_949' title='bbox 3523 4783 3652 4836; x_wconf 83' lang='lat' dir='ltr'><strong>aba-</strong></span> 
     </span>
    </p>
   </div>
   <div class='ocr_carea' id='block_1_109' title="bbox 2062 4851 3653 4923">
    <p class='ocr_par' dir='ltr' id='par_1_109' title="bbox 2062 4851 3653 4923">
     <span class='ocr_line' id='line_1_110' title="bbox 2062 4851 3653 4923; baseline 0.001 -19"><span class='ocrx_word' id='word_1_950' title='bbox 2062 4861 2192 4919; x_wconf 88' lang='lat' dir='ltr'><strong>ctor,</strong></span> <span class='ocrx_word' id='word_1_951' title='bbox 2215 4855 2423 4923; x_wconf 81' lang='lat' dir='ltr'><strong>abigens</strong></span> <span class='ocrx_word' id='word_1_952' title='bbox 2455 4897 2470 4918; x_wconf 97' lang='lat'><strong>,</strong></span> <span class='ocrx_word' id='word_1_953' title='bbox 2523 4854 2795 4913; x_wconf 82' lang='grc' dir='ltr'><strong>ἀπελάτης.</strong></span> <span class='ocrx_word' id='word_1_954' title='bbox 2848 4851 2916 4906; x_wconf 86' lang='lat' dir='ltr'><strong>Et</strong></span> <span class='ocrx_word' id='word_1_955' title='bbox 2963 4851 3098 4920; x_wconf 84' lang='lat' dir='ltr'><strong>juris</strong></span> <span class='ocrx_word' id='word_1_956' title='bbox 3139 4863 3385 4907; x_wconf 87' lang='lat' dir='ltr'><strong>auctores</strong></span> <span class='ocrx_word' id='word_1_957' title='bbox 3445 4854 3653 4919; x_wconf 82' lang='lat' dir='ltr'><strong>dixere,</strong></span> 
     </span>
    </p>
   </div>
   <div class='ocr_carea' id='block_1_110' title="bbox 2064 4924 2667 4996">
    <p class='ocr_par' dir='ltr' id='par_1_110' title="bbox 2064 4924 2667 4996">
     <span class='ocr_line' id='line_1_111' title="bbox 2064 4924 2667 4996; baseline 0 -20"><span class='ocrx_word' id='word_1_958' title='bbox 2064 4924 2256 4978; x_wconf 85' lang='lat' dir='ltr'><strong>crimen</strong></span> <span class='ocrx_word' id='word_1_959' title='bbox 2283 4927 2563 4996; x_wconf 86' lang='lat' dir='ltr'><strong>abigeatus.</strong></span> <span class='ocrx_word' id='word_1_960' title='bbox 2593 4925 2667 4978; x_wconf 85' lang='lat' dir='ltr'><strong>lo.</strong></span> 
     </span>
    </p>
   </div>
   <div class='ocr_carea' id='block_1_111' title="bbox 2139 5015 3656 5085">
    <p class='ocr_par' dir='ltr' id='par_1_111' title="bbox 2139 5015 3656 5085">
     <span class='ocr_line' id='line_1_112' title="bbox 2139 5015 3656 5085; baseline 0.001 -16"><span class='ocrx_word' id='word_1_961' title='bbox 2139 5015 2259 5070; x_wconf 88' lang='lat' dir='ltr'><strong>Non</strong></span> <span class='ocrx_word' id='word_1_962' title='bbox 2290 5027 2360 5070; x_wconf 88' lang='lat' dir='ltr'><strong>est</strong></span> <span class='ocrx_word' id='word_1_963' title='bbox 2403 5027 2573 5070; x_wconf 87' lang='lat' dir='ltr'><strong>autent</strong></span> <span class='ocrx_word' id='word_1_964' title='bbox 2610 5016 2673 5069; x_wconf 88' lang='lat' dir='ltr'><strong>de</strong></span> <span class='ocrx_word' id='word_1_965' title='bbox 2691 5015 3063 5070; x_wconf 85' lang='lat' dir='ltr'><strong>consuetudine</strong></span> <span class='ocrx_word' id='word_1_966' title='bbox 3103 5015 3555 5085; x_wconf 75' lang='lat' dir='ltr'><strong>prmeribendum.</strong></span> <span class='ocrx_word' id='word_1_967' title='bbox 3589 5017 3656 5071; x_wconf 83' lang='lat' dir='ltr'><strong>Et</strong></span> 
     </span>
    </p>
   </div>
   <div class='ocr_carea' id='block_1_112' title="bbox 2066 5087 3650 5157">
    <p class='ocr_par' dir='ltr' id='par_1_112' title="bbox 2066 5087 3650 5157">
     <span class='ocr_line' id='line_1_113' title="bbox 2066 5087 3650 5157; baseline 0 -16"><span class='ocrx_word' id='word_1_968' title='bbox 2066 5098 2242 5157; x_wconf 83' lang='lat' dir='ltr'><strong>tamen</strong></span> <span class='ocrx_word' id='word_1_969' title='bbox 2280 5096 2398 5155; x_wconf 89' lang='lat' dir='ltr'><strong>post</strong></span> <span class='ocrx_word' id='word_1_970' title='bbox 2425 5090 2620 5141; x_wconf 86' lang='lat' dir='ltr'><strong>multas</strong></span> <span class='ocrx_word' id='word_1_971' title='bbox 2672 5087 3090 5157; x_wconf 75' lang='lat' dir='ltr'><strong>di~ceptationes</strong></span> <span class='ocrx_word' id='word_1_972' title='bbox 3134 5088 3470 5142; x_wconf 89' lang='lat' dir='ltr'><strong>coosuetudo</strong></span> <span class='ocrx_word' id='word_1_973' title='bbox 3503 5090 3650 5143; x_wconf 81' lang='lat' dir='ltr'><strong>vicit.</strong></span> 
     </span>
    </p>
   </div>
   <div class='ocr_carea' id='block_1_113' title="bbox 2069 5153 3653 5228">
    <p class='ocr_par' dir='ltr' id='par_1_113' title="bbox 2069 5153 3653 5228">
     <span class='ocr_line' id='line_1_114' title="bbox 2069 5153 3653 5228; baseline 0.001 -16"><span class='ocrx_word' id='word_1_974' title='bbox 2069 5153 2177 5212; x_wconf 87' lang='lat' dir='ltr'><strong>Il&#39;oc</strong></span> <span class='ocrx_word' id='word_1_975' title='bbox 2210 5153 2435 5212; x_wconf 81' lang='lat' dir='ltr'><strong>testatur</strong></span> <span class='ocrx_word' id='word_1_976' title='bbox 2463 5153 3182 5228; x_wconf 54' lang='lat' dir='ltr'><strong>llieronymns&#39;apet-tissitne</strong></span> <span class='ocrx_word' id='word_1_977' title='bbox 3210 5159 3471 5213; x_wconf 83' lang='lat' dir='ltr'><strong>adversus</strong></span> <span class='ocrx_word' id='word_1_978' title='bbox 3496 5159 3653 5213; x_wconf 82' lang='lat' dir='ltr'><strong>Luci—</strong></span> 
     </span>
    </p>
   </div>
   <div class='ocr_carea' id='block_1_114' title="bbox 2066 5228 3646 5299">
    <p class='ocr_par' dir='ltr' id='par_1_114' title="bbox 2066 5228 3646 5299">
     <span class='ocr_line' id='line_1_115' title="bbox 2066 5228 3646 5299; baseline -0.001 -15"><span class='ocrx_word' id='word_1_979' title='bbox 2066 5229 2166 5284; x_wconf 79' lang='lat' dir='ltr'><strong>fer.</strong></span> <span class='ocrx_word' id='word_1_980' title='bbox 2197 5271 2206 5280; x_wconf 93' lang='lat'><strong>.</strong></span> <span class='ocrx_word' id='word_1_981' title='bbox 2237 5228 2466 5293; x_wconf 83' lang='lat' dir='ltr'><strong>Denique</strong></span> <span class='ocrx_word' id='word_1_982' title='bbox 2485 5230 2562 5282; x_wconf 83' lang='lat' dir='ltr'><strong>illi</strong></span> <span class='ocrx_word' id='word_1_983' title='bbox 2593 5232 2689 5295; x_wconf 87' lang='lat' dir='ltr'><strong>ipsi</strong></span> <span class='ocrx_word' id='word_1_984' title='bbox 2716 5230 2961 5297; x_wconf 77' lang='lat' dir='ltr'><strong>episcopi,</strong></span> <span class='ocrx_word' id='word_1_985' title='bbox 2985 5230 3172 5299; x_wconf 86' lang='lat' dir='ltr'><strong>inquit.</strong></span> <span class='ocrx_word' id='word_1_986' title='bbox 3205 5233 3292 5299; x_wconf 85' lang='lat' dir='ltr'><strong>qui</strong></span> <span class='ocrx_word' id='word_1_987' title='bbox 3320 5230 3646 5292; x_wconf 80' lang='lat' dir='ltr'><strong>rebaptizan-</strong></span> 
     </span>
    </p>
   </div>
   <div class='ocr_carea' id='block_1_115' title="bbox 2066 5299 3655 5373">
    <p class='ocr_par' dir='ltr' id='par_1_115' title="bbox 2066 5299 3655 5373">
     <span class='ocr_line' id='line_1_116' title="bbox 2066 5299 3655 5373; baseline 0.001 -20"><span class='ocrx_word' id='word_1_988' title='bbox 2066 5302 2157 5353; x_wconf 87' lang='lat' dir='ltr'><strong>dos</strong></span> <span class='ocrx_word' id='word_1_989' title='bbox 2186 5301 2447 5373; x_wconf 61' lang='lat' dir='ltr'><strong>haereticos</strong></span> <span class='ocrx_word' id='word_1_990' title='bbox 2498 5316 2611 5352; x_wconf 78' lang='lat' dir='ltr'><strong>cum</strong></span> <span class='ocrx_word' id='word_1_991' title='bbox 2639 5299 2913 5373; x_wconf 76' lang='lat' dir='ltr'><strong>Cypriane</strong></span> <span class='ocrx_word' id='word_1_992' title='bbox 2939 5310 3243 5366; x_wconf 76' lang='lat' dir='ltr'><strong>statuerant,</strong></span> <span class='ocrx_word' id='word_1_993' title='bbox 3275 5303 3342 5354; x_wconf 82' lang='lat' dir='ltr'><strong>ad</strong></span> <span class='ocrx_word' id='word_1_994' title='bbox 3389 5306 3655 5373; x_wconf 78' lang='lat' dir='ltr'><strong>ant&#39;quam</strong></span> 
     </span>
    </p>
   </div>
   <div class='ocr_carea' id='block_1_116' title="bbox 2066 5371 3656 5438">
    <p class='ocr_par' dir='ltr' id='par_1_116' title="bbox 2066 5371 3656 5438">
     <span class='ocr_line' id='line_1_117' title="bbox 2066 5371 3656 5438; baseline -0.001 -12"><span class='ocrx_word' id='word_1_995' title='bbox 2066 5372 2480 5426; x_wconf 78' lang='lat' dir='ltr'><strong>consuetudinem</strong></span> <span class='ocrx_word' id='word_1_996' title='bbox 2511 5371 2744 5430; x_wconf 73' lang='lat' dir='ltr'><strong>revoluti,</strong></span> <span class='ocrx_word' id='word_1_997' title='bbox 2775 5387 2956 5424; x_wconf 84' lang='lat' dir='ltr'><strong>uorum</strong></span> <span class='ocrx_word' id='word_1_998' title='bbox 2984 5373 3190 5426; x_wconf 78' lang='lat' dir='ltr'><strong>emisere</strong></span> <span class='ocrx_word' id='word_1_999' title='bbox 3215 5374 3490 5427; x_wconf 83' lang='lat' dir='ltr'><strong>decretum.</strong></span> <span class='ocrx_word' id='word_1_1000' title='bbox 3513 5371 3656 5438; x_wconf 76' lang='lat' dir='ltr'><strong>Quid</strong></span> 
     </span>
    </p>
   </div>
   <div class='ocr_carea' id='block_1_117' title="bbox 2067 5442 3659 5515">
    <p class='ocr_par' dir='ltr' id='par_1_117' title="bbox 2067 5442 3659 5515">
     <span class='ocr_line' id='line_1_118' title="bbox 2067 5442 3659 5515; baseline 0.002 -19"><span class='ocrx_word' id='word_1_1001' title='bbox 2067 5443 2325 5515; x_wconf 82' lang='lat' dir='ltr'><strong>facimus?</strong></span> <span class='ocrx_word' id='word_1_1002' title='bbox 2351 5447 2422 5496; x_wconf 85' lang='lat' dir='ltr'><strong>ita.</strong></span> <span class='ocrx_word' id='word_1_1003' title='bbox 2449 5453 2496 5515; x_wconf 82' lang='lat' dir='ltr'><strong>et</strong></span> <span class='ocrx_word' id='word_1_1004' title='bbox 2525 5442 2670 5496; x_wconf 85' lang='lat' dir='ltr'><strong>nobis</strong></span> <span class='ocrx_word' id='word_1_1005' title='bbox 2696 5443 2914 5513; x_wconf 84' lang='lat' dir='ltr'><strong>majores</strong></span> <span class='ocrx_word' id='word_1_1006' title='bbox 2940 5445 3122 5507; x_wconf 87' lang='lat' dir='ltr'><strong>nostri,</strong></span> <span class='ocrx_word' id='word_1_1007' title='bbox 3156 5453 3200 5496; x_wconf 88' lang='lat' dir='ltr'><strong>et</strong></span> <span class='ocrx_word' id='word_1_1008' title='bbox 3252 5444 3356 5515; x_wconf 76' lang='lat' dir='ltr'><strong>illis</strong></span> <span class='ocrx_word' id='word_1_1009' title='bbox 3383 5447 3461 5498; x_wconf 86' lang='lat' dir='ltr'><strong>sui</strong></span> <span class='ocrx_word' id='word_1_1010' title='bbox 3493 5443 3659 5499; x_wconf 79' lang='lat' dir='ltr'><strong>tradi-</strong></span> 
     </span>
    </p>
   </div>
   <div class='ocr_carea' id='block_1_118' title="bbox 2066 5513 3659 5582">
    <p class='ocr_par' dir='ltr' id='par_1_118' title="bbox 2066 5513 3659 5582">
     <span class='ocr_line' id='line_1_119' title="bbox 2066 5513 3659 5582; baseline 0.001 -13"><span class='ocrx_word' id='word_1_1011' title='bbox 2066 5513 2188 5569; x_wconf 80' lang='lat' dir='ltr'><strong>dere</strong></span> <span class='ocrx_word' id='word_1_1012' title='bbox 2206 5517 2446 5573; x_wconf 76' lang='lat' dir='ltr'><strong>maiores.</strong></span> <span class='ocrx_word' id='word_1_1013' title='bbox 2472 5514 2822 5580; x_wconf 65' lang='lat' dir='ltr'><strong>Augustinus,</strong></span> <span class='ocrx_word' id='word_1_1014' title='bbox 2845 5515 2934 5566; x_wconf 91' lang='lat' dir='ltr'><strong>lib.</strong></span> <span class='ocrx_word' id='word_1_1015' title='bbox 2959 5529 3036 5571; x_wconf 80' lang='grc' dir='ltr'>ιιι,</span> <span class='ocrx_word' id='word_1_1016' title='bbox 3057 5526 3242 5569; x_wconf 89' lang='lat' dir='ltr'><strong>contra</strong></span> <span class='ocrx_word' id='word_1_1017' title='bbox 3260 5513 3524 5582; x_wconf 77' lang='lat' dir='ltr'><strong>Crese.,c.</strong></span> <span class='ocrx_word' id='word_1_1018' title='bbox 3550 5515 3659 5570; x_wconf 77' lang='lat'><strong>55:</strong></span> 
     </span>
    </p>
   </div>
   <div class='ocr_carea' id='block_1_119' title="bbox 2071 5583 3665 5658">
    <p class='ocr_par' dir='ltr' id='par_1_119' title="bbox 2071 5583 3665 5658">
     <span class='ocr_line' id='line_1_120' title="bbox 2071 5583 3665 5658; baseline -0.001 -18"><span class='ocrx_word' id='word_1_1019' title='bbox 2071 5585 2195 5640; x_wconf 77' lang='grc' dir='ltr'><strong>Ηίεσ</strong></span> <span class='ocrx_word' id='word_1_1020' title='bbox 2223 5589 2536 5640; x_wconf 82' lang='lat' dir='ltr'><strong>consuetudo</strong></span> <span class='ocrx_word' id='word_1_1021' title='bbox 2562 5583 2807 5639; x_wconf 76' lang='lat' dir='ltr'><strong>Ecrlesite</strong></span> <span class='ocrx_word' id='word_1_1022' title='bbox 2828 5587 2923 5654; x_wconf 83' lang='lat' dir='ltr'><strong>fuit</strong></span> <span class='ocrx_word' id='word_1_1023' title='bbox 2945 5595 3061 5639; x_wconf 86' lang='lat' dir='ltr'><strong>ante</strong></span> <span class='ocrx_word' id='word_1_1024' title='bbox 3087 5588 3254 5641; x_wconf 74' lang='lat' dir='ltr'><strong>conci!</strong></span> <span class='ocrx_word' id='word_1_1025' title='bbox 3277 5605 3362 5641; x_wconf 88' lang='lat' dir='ltr'><strong>um</strong></span> <span class='ocrx_word' id='word_1_1026' title='bbox 3383 5587 3665 5658; x_wconf 71' lang='lat' dir='ltr'><strong>Cypriani.</strong></span> 
     </span>
    </p>
   </div>
   <div class='ocr_carea' id='block_1_120' title="bbox 2071 5656 3681 5728">
    <p class='ocr_par' dir='ltr' id='par_1_120' title="bbox 2071 5656 3681 5728">
     <span class='ocr_line' id='line_1_121' title="bbox 2071 5656 3681 5728; baseline -0.001 -18"><span class='ocrx_word' id='word_1_1027' title='bbox 2071 5658 2196 5711; x_wconf 73' lang='lat' dir='ltr'><strong>llazc</strong></span> <span class='ocrx_word' id='word_1_1028' title='bbox 2251 5662 2486 5724; x_wconf 86' lang='lat' dir='ltr'><strong>superari</strong></span> <span class='ocrx_word' id='word_1_1029' title='bbox 2517 5667 2562 5710; x_wconf 84' lang='lat' dir='ltr'><strong>et</strong></span> <span class='ocrx_word' id='word_1_1030' title='bbox 2591 5661 2785 5728; x_wconf 77' lang='lat' dir='ltr'><strong>auferri</strong></span> <span class='ocrx_word' id='word_1_1031' title='bbox 2830 5674 2931 5710; x_wconf 86' lang='lat' dir='ltr'><strong>non</strong></span> <span class='ocrx_word' id='word_1_1032' title='bbox 2974 5660 3131 5723; x_wconf 83' lang='lat' dir='ltr'><strong>potuit</strong></span> <span class='ocrx_word' id='word_1_1033' title='bbox 3171 5675 3262 5711; x_wconf 87' lang='lat' dir='ltr'><strong>nec</strong></span> <span class='ocrx_word' id='word_1_1034' title='bbox 3296 5656 3519 5712; x_wconf 84' lang='lat' dir='ltr'><strong>concilio</strong></span> <span class='ocrx_word' id='word_1_1035' title='bbox 3565 5656 3681 5724; x_wconf 67' lang='lat' dir='ltr'><strong>C9-</strong></span> 
     </span>
    </p>
   </div>
   <div class='ocr_carea' id='block_1_121' title="bbox 2069 5728 3696 5801">
    <p class='ocr_par' dir='ltr' id='par_1_121' title="bbox 2069 5728 3696 5801">
     <span class='ocr_line' id='line_1_122' title="bbox 2069 5728 3696 5801; baseline -0.002 -17"><span class='ocrx_word' id='word_1_1036' title='bbox 2069 5731 2258 5801; x_wconf 85' lang='lat' dir='ltr'><strong>priam&#39;.</strong></span> <span class='ocrx_word' id='word_1_1037' title='bbox 2293 5731 2494 5788; x_wconf 85' lang='lat' dir='ltr'><strong>Bonam</strong></span> <span class='ocrx_word' id='word_1_1038' title='bbox 2526 5729 2682 5786; x_wconf 77' lang='lat' dir='ltr'><strong>latius</strong></span> <span class='ocrx_word' id='word_1_1039' title='bbox 2723 5729 3132 5786; x_wconf 82' lang='lat' dir='ltr'><strong>consuetudinis</strong></span> <span class='ocrx_word' id='word_1_1040' title='bbox 3164 5732 3447 5788; x_wconf 78' lang='lat' dir='ltr'><strong>rationem</strong></span> <span class='ocrx_word' id='word_1_1041' title='bbox 3476 5743 3540 5783; x_wconf 70' lang='lat' dir='ltr'><strong>ex</strong></span> <span class='ocrx_word' id='word_1_1042' title='bbox 3576 5728 3696 5780; x_wconf 71' lang='lat' dir='ltr'><strong>Au—</strong></span> 
     </span>
    </p>
   </div>
  </div>
