4262 6236
349 261 490 322 1109

349 379 606 438 Ecclesia:
635 377 770 450 ejus,
803 378 871 433 de
895 379 1062 450 ipsius
1088 378 1395 450 dignatione
1417 420 1430 442 ,
1467 378 1737 450 ιιι-αιτιοείιί
1761 419 1774 441 ,
1804 377 1937 434 sciao
1967 378 2012 437 Α

347 487 473 528 mus
502 471 784 530 remissam
827 482 1171 548 peccatorum
1219 489 1326 530 non
1359 472 1458 527 nisi
1487 472 1537 526 in
1567 471 1801 528 Ecclesia
1833 469 1945 524 dari

347 582 530 638 posse,
547 581 647 622 nec
657 581 816 637 posse
827 565 1163 626 adversarios
1180 566 1377 624 Christi
1393 567 1672 636 quicquam
1692 565 1791 621 sibi
1807 566 1945 620 circa

344 661 467 732 ejus
490 659 715 730 gratiam
748 657 1042 718 vindicare.
1075 657 1227 727 Quod
1258 657 1473 728 quidem
1507 668 1559 716 et
1594 656 1944 726 Agrippiuus,

345 755 504 810 bona:
543 751 820 812 memoria:
867 753 980 817 vir,
1011 766 1134 806 cum
1164 751 1373 807 caeteris
1418 750 1752 820 coepiscopis
1802 749 1944 816 suis,

343 849 436 920 qui
469 847 566 903 illo
599 855 843 916 tetnpore
871 848 921 902 in
964 846 1234 920 provincia
1268 844 1446 902 Africa
1477 855 1530 900 et
1560 843 1806 904 Numidia
1845 843 1947 899 Ec-

343 943 564 1000 elesiam
600 941 808 1000 Domini
837 940 1228 1008 gubernabant,
1258 941 1442 996 statuit
1469 951 1521 994 et
1545 981 1560 1004 ,
1593 940 1788 996 librato
1815 952 1947 994 con-

344 1038 446 1094 silii
468 1036 773 1092 communis
793 1034 1062 1096 examine,
1091 1035 1340 1090 lirmavit.
1366 1033 1602 1102 Quorum
1622 1034 1945 1088 sententiam

343 1140 398 1186 et
422 1129 730 1200 religiosam
762 1137 816 1182 et
845 1127 1134 1196 legitimam
1165 1135 1219 1180 et
1264 1126 1578 1192 salutarem,
1613 1126 1733 1180 lidei
1760 1136 1814 1180 et
1844 1127 1946 1180 Ec-

343 1223 521 1280 clesiae
546 1223 828 1279 catholica:
875 1235 1293 1294 congruentem,
1328 1239 1426 1278 nos
1456 1223 1616 1278 etiam
1649 1224 1820 1278 secuti
1852 1240 1946 1279 su-

341 1333 485 1373 mus.
521 1316 589 1372 Et.
631 1315 819 1386 quales
862 1331 1024 1384 super
1070 1317 1168 1370 bac
1213 1331 1272 1370 re
1315 1315 1520 1371 litteras
1566 1315 1851 1370 fecerimus
1891 1326 1948 1370 ut

343 1413 531 1468 scires.
556 1410 862 1480 exemplum
881 1424 1064 1463 earum
1087 1408 1153 1462 ad
1177 1418 1203 1445 ει
1228 1411 1467 1464 notitiam
1493 1419 1600 1465 tam
1620 1419 1760 1465 tuam
1787 1427 1945 1481 quam

341 1503 786 1574 coepiScOporum
811 1513 1118 1557 nostrorum
1142 1504 1231 1572 qui
1254 1504 1359 1557 illic
1381 1513 1527 1570 sunt,
1548 1519 1647 1574 pro
1668 1508 1944 1561 Communi

342 1595 656 1661 dilectione,
692 1596 1101 1650 transmisimus.
1137 1595 1277 1666 Opto
1309 1605 1378 1664 te,
1409 1596 1574 1652 frater
1599 1599 1938 1665 etiarissime,

341 1705 558 1762 semper
588 1689 726 1745 bene
757 1689 955 1744 valere.

841 1838 978 1878 ANNO
1016 1837 1228 1879 CHRISTI
1269 1838 1440 1878 CCLVI.

476 1960 814 2026 EPISTOLA
844 1962 902 2018 S.
927 1960 1248 2026 CYPRIANI
1275 1964 1367 2022 AD
1393 1962 1808 2033 JUBAIANUM,

738 2113 804 2152 υε
844 2113 1143 2153 ΗΕΒΕΤΙΕΙΒ
1181 2113 1543 2154 BAPTIZANDIS.

342 2213 549 2279 (Erasm.
580 2229 627 2278 p.
654 2213 765 2264 522.
791 2213 979 2265 Pamel.
1013 2212 1196 2276 Rigalt.
1221 2213 1386 2264 Balnz.
1411 2214 1566 2266 Oxon.
1591 2215 1724 2282 Lips.
1752 2223 1944 2286 LXXIII.)

341 2326 970 2387 succursurum—Anno
1004 2327 1194 2384 Christi
1223 2345 1375 2386 cccvr
1395 2373 1408 2396 ,
1443 2332 1597 2397 paulo
1628 2342 1740 2404 post
1771 2333 1942 2388 conci-

414 2420 540 2475 lium
565 2415 962 2491 Cartlmginense
990 2437 1081 2488 vn,
1100 2422 1304 2494 longam
1323 2425 1528 2496 scripsit
1553 2425 1818 2495 epistolam
1841 2427 1942 2498 Cy-

411 2515 625 2585 prianus
652 2517 724 2572 ad
747 2516 1392 2587 episc0pumlubaianum;
1422 2520 1466 2576 is
1489 2521 1813 2580 consuluerat
1840 2521 1942 2592 Cy-

410 2609 647 2682 prianum
665 2610 728 2664 de
742 2607 1028 2682 Baptismu,
1043 2610 1294 2682 simulque
1310 2613 1514 2668 miserat
1531 2615 1818 2684 epistolam,
1838 2632 1939 2670 non

410 2719 442 2756 a
458 2718 530 2775 se,
561 2701 651 2757 sed
667 2703 730 2756 ab
744 2703 849 2757 alio
862 2705 1128 2774 scriptam,
1153 2707 1396 2773 adversus
1410 2710 1710 2764 sententiam
1727 2707 1946 2780 Cypria-

1490 261 1576 318 DE
1618 257 2011 324 HERETICIS
2051 259 2524 320 BAPTIZANDIS.

3522 257 3659 317 lllt)

2117 377 2188 429 ni.
2210 373 2418 444 Refellit
2441 377 2572 430 hanc
2588 377 2857 445 epistolam
2881 375 3171 446 Cyprianus
3196 383 3242 428 et
3266 388 3462 428 summo
3485 374 3659 428 studio

2127 469 2318 538 colligit
2377 469 2626 538 quidquid
2662 470 2730 523 ad
2762 485 2932 522 causa:
2959 484 3066 522 stite
3121 467 3464 536 defensionem
3491 467 3659 520 valere

2125 561 2470 615 existimabat.
2508 560 2664 616 Mittit
2683 563 2834 616 etiam
2850 561 2881 614 J
2891 561 3110 616 ubaiano
3129 577 3191 614 ea:
3201 559 3419 631 ειιψιιιιιι
3433 560 3659 630 epistola!

2068 665 2079 677 ‘
2122 656 2189 709 ad
2213 653 2267 708 Ν
2272 643 2472 708 umidas
2501 665 2546 708 et
2571 656 2638 708 ad
2671 656 2915 722 Quintum
2947 673 3006 708 ac
3037 657 3170 725 forte
3199 654 3447 726 proximw
3465 654 3650 723 synodi

2122 750 2342 806 decreta.

2125 908 2164 962 l.
2190 905 2766 980 Cyprianuslulmiano
2783 907 2930 962 fratri
2951 906 3483 976 salutem.Scripsisti
3502 906 3655 972 milii,

2057 999 2579 1065 lratercbarissime,
2611 1001 2927 1057 desiderans
2957 1000 2984 1039 ι’
3018 1002 3306 1072 signiﬁcari
3341 1002 3433 1056 tibi
3451 1011 3653 1055 motum

2053 1097 2216 1149 animi
2243 1097 2409 1150 nostri
2438 1097 2562 1166 quid
2582 1097 2736 1151 nobis
2756 1096 2998 1150 videatur
3017 1095 3083 1150 de
3103 1095 3482 1150 lueretieornm
3519 1095 3659 1165 Bap-

2055 1192 2238 1258 tismo,
2271 1193 2384 1261 qui,
2420 1191 2552 1255 foris
2583 1192 2740 1262 positi
2769 1202 2820 1245 et
2850 1200 2998 1246 extra
3022 1191 3316 1246 Ecclesiam
3349 1193 3648 1256 constituti,

2053 1285 2326 1352 vindicant
2373 1286 2477 1341 sibi
2509 1300 2620 1340 rem
2668 1300 2766 1339 nec
2815 1285 2954 1354 juris
3003 1301 3100 1339 nec
3138 1285 3440 1353 potestatis.
3492 1284 3648 1351 Quod

2054 1395 2152 1436 nos
2176 1395 2272 1434 nec
2304 1391 2477 1435 ratum
2512 1395 2797 1450 possumus
2820 1395 2917 1433 nec
2944 1378 3238 1448 legitimum
3268 1388 3584 1448 computare
3605 1390 3652 1444 (⁸,

2052 1473 2267 1546 quando
2294 1475 2395 1538 ltoc
2440 1473 2582 1544 apud
2610 1489 2706 1530 eos
2731 1488 2853 1528 esse
2878 1485 3088 1528 constet
3130 1472 3393 1528 illicitum.
3425 1473 3488 1526 Et
3517 1488 3652 1542 quo-

2054 1569 2196 1623 niam
2221 1569 2331 1639 jam
2373 1584 2535 1638 super
2565 1567 2664 1622 hac
2691 1583 2750 1622 re
2779 1567 2907 1638 quid
2938 1568 3264 1622 sentiremus
3293 1567 3485 1620 litteris
3509 1581 3639 1620 nos~

2051 1665 2150 1715 tris
2190 1664 2593 1733 expressimus,
2630 1670 2686 1716 ut
2723 1660 3101 1731 compendium
3150 1659 3417 1727 facerem,
3467 1676 3651 1716 exem-

1975 1785 2023 1846 Β
2051 1756 2199 1828 plum
2222 1755 2534 1812 earumdem
2558 1740 2858 1810 litterarum
2886 1754 2979 1809 tibi
3003 1755 3145 1818 misi,
3173 1754 3299 1824 quid
3320 1754 3371 1808 in
3394 1754 3646 1817 concilio,

2051 1875 2172 1914 cum
2204 1859 2510 1936 complures
2537 1856 2852 1914 adessemus
2873 1897 2888 1922 ,
2915 1854 3341 1920 decreverimus,
3369 1853 3495 1923 quid
3520 1853 3646 1919 item

2053 1966 2241 2024 postea
2269 1955 2506 2022 Quinto,
2540 1953 2763 2023 collega:
2803 1962 3022 2018 nostro,
3059 1949 3128 2004 de
3177 1948 3363 2003 eadem
3394 1963 3454 2002 re
3505 1964 3658 2018 qua:-

2051 2031 2189 2102 renti
2219 2044 2612 2116 rescripserim.
2661 2044 2729 2098 Et
2773 2058 2915 2100 nunc
2959 2056 3177 2113 quoque
3222 2056 3344 2095 cum
3391 2041 3442 2094 in
3485 2054 3648 2100 unum

2049 2145 2492 2200 convenissemus
2523 2150 2629 2196 tam
2661 2140 2952 2214 provincia:
2983 2136 3178 2193 Africa:
3197 2151 3356 2207 quam
3390 2133 3652 2192 Numidia:

2047 2237 2290 2312 episc0pi
2311 2279 2326 2304 ,
2360 2251 2587 2292 numero
2613 2235 2952 2305 septuaginta
2981 2242 3034 2288 et
3062 2246 3228 2297 unus,
3254 2231 3355 2285 hoc
3388 2229 3528 2285 idem
3558 2229 3653 2285 de-

2047 2349 2156 2398 nuo
2186 2333 2453 2390 sententia
2507 2341 2690 2386 nostra
2726 2330 3056 2386 firmavimus
3078 2372 3092 2397 ,
3119 2337 3424 2386 statuentes
3486 2345 3654 2384 unum

2048 2427 2310 2498 baptisma
2336 2441 2457 2480 esse
2480 2426 2621 2493 quod
2647 2425 2715 2479 sit
2745 2425 2794 2478 in
2823 2423 3059 2478 Ecclesia
3085 2422 3348 2478 catholica
3380 2423 3649 2476 constitu-

2050 2533 2184 2588 tum,
2202 2537 2264 2576 ac
2292 2537 2387 2593 per
2414 2521 2515 2574 liOC
2542 2536 2648 2574 non
2674 2518 3017 2588 rebaptizari,
3043 2517 3138 2572 sed
3163 2517 3417 2588 baptizari
3435 2531 3463 2570 a
3497 2515 3652 2570 nobis

2045 2613 2425 2688 quicumqued
2479 2615 2546 2669 ab
2600 2614 2843 2668 adultera
2891 2621 2944 2665 et
2987 2613 3203 2680 profana
3251 2625 3385 2678 aqua
3429 2608 3654 2664 veniunt

2047 2709 2299 2768 abluendi
2332 2719 2387 2764 et
2413 2706 2782 2764 sanctiﬁcandi
2805 2705 3056 2760 salutaris
3081 2719 3232 2773 aqua:
3265 2702 3508 2757 veritate.

1566 2844 1700 2901 Ll'LC
1719 2845 1959 2901 l‘i'ﬂiﬁS
2002 2843 2414 2904 VARIANTES.

405 2988 432 3054 ξ
466 2985 696 3054 ﬁotitiam
715 2992 855 3054 tuam
876 2995 1125 3054 tamquam
1150 2988 1274 3041 Bod.
1303 2988 1351 3038 2.

400 3045 430 3086 δ
464 3047 839 3116 Designaritibl
870 3045 1068 3116 Bod.}.

401 3116 425 3148 ο
463 3111 698 3165 Judieare
722 3115 880 3166 Oxon.
904 3120 949 3163 et
971 3112 1079 3164 alii.

2115 2991 2143 3029 τί
2177 2990 2217 3039 Δ
2242 2991 2383 3039 nobis
2414 2990 2714 3059 quicumque
2755 2989 2816 3036 ab
2841 2986 3059 3037 adultera
3099 2992 3151 3035 et
3183 2986 3385 3097 profana
3417 2998 3540 3054 aqua
3561 2999 3652 3038 ve-

2087 3056 2250 3097 ientes
2279 3055 2408 3097 Lam-
2436 3051 2543 3097 Lm.
2573 3050 2714 3097 Ebor.
2743 3049 2866 3097 Bod.
2895 3052 2938 3097 1.
2969 3049 3014 3097 2.
3045 3050 3150 3097 NC.
3215 3085 3228 3097 .
3252 3049 3301 3097 ‘2.

2051 3056 2250 3103 nientes
2277 3055 2408 3103 Lam.
2433 3049 2543 3101 lin.
2573 3049 2714 3100 Etior.
2743 3049 2866 3100 Bod.
2895 3052 2938 3112 1,
2969 3049 3014 3099 2.
3045 3050 3150 3100 ΝΟ.
3183 3049 3228 3107 1,
3252 3049 3301 3098 ‘2.

1520 3266 1764 3338 STEPH.
1807 3267 2083 3332 BALUZII
2122 3269 2350 3326 NOTAE.

409 3407 587 3476 Africa
612 3416 657 3461 et
687 3404 957 3459 Numidia.
987 3403 1197 3460 Omittit
1223 3405 1555 3461 Mauritania!
1585 3408 1918 3463 mentionem

333 3479 656 3552 Cyprianus,
689 3493 806 3552 qua:
846 3479 1005 3552 etiam
1041 3479 1180 3552 sedi
1219 3479 1626 3552 Cartltaginensi
1659 3479 1920 3552 subjecta,

335 3547 462 3604 licet
501 3547 567 3603 ad
608 3547 936 3603 Mauritania:
967 3549 1274 3618 episcopum
1304 3547 1547 3604 scribens
1581 3568 1593 3602 :
1626 3551 1766 3605 unde
1793 3567 1924 3605 eon-

329 3620 501 3692 jicere
543 3620 668 3692 licet
697 3619 970 3689 Agrippini
1015 3624 1276 3692 synodum
1312 3636 1375 3676 ex
1408 3621 1600 3676 Africa!
1632 3623 1923 3692 provincia:

333 3691 393 3747 et
417 3691 679 3747 Numidiie
706 3693 974 3760 episeopis
1003 3691 1310 3748 conﬂatam.

409 3765 595 3820 EPIST.
632 3763 863 3818 LXXIII.
896 3795 967 3803 —
990 3764 1136 3818 lianc
1167 3765 1445 3836 epistolam
1497 3780 1618 3819 esse
1666 3764 1925 3836 Cypriani

335 3847 469 3902 puto
497 3850 600 3888 non
624 3836 1024 3906 posseantbigi.
1047 3836 1111 3889 Et
1147 3847 1321 3890 tamen
1349 3847 1568 3889 sanctus
1599 3839 1928 3906 Augustinus

332 3909 430 3963 lib.
464 3923 520 3974 tl,
557 3917 731 3960 contra
759 3905 1104 3970 Cresconium,
1137 3923 1254 3976 cap.
1289 3909 1380 3969 35,
1415 3907 1625 3966 videtur
1653 3905 1927 3972 dubitasse

332 3996 402 4033 an
426 3985 571 4032 esset
607 3977 877 4047 Cypriani.
904 3981 1034 4044 Qum
1058 3990 1234 4034 autem
1269 3982 1402 4031 ratio
1429 3995 1548 4038 eum
1580 3995 1802 4034 movere
1833 3997 1926 4048 po-

329 4052 496 4106 tuerit
519 4059 574 4103 ut
603 4050 674 4104 ita
695 4059 903 4119 putaret
926 4051 1142 4104 dil'lieile
1171 4052 1313 4104 dicttt
1342 4062 1444 4108 est.
1479 4055 1776 4115 prmsertim
1801 4067 1922 4104 cunt

331 4121 638 4192 Cyprianus
668 4138 786 4174 eam
810 4130 1065 4189 agnoscat
1097 4132 1151 4176 nt
1179 4138 1328 4176 suam
1359 4125 1408 4174 in
1437 4124 1752 4190 prwl'atioue
1793 4140 1923 4177 rou-

327 4190 442 4247 cilii
461 4190 985 4260 Cartltaginensis,et
1011 4195 1123 4259 ipse
1145 4195 1470 4264 Augustinus
1495 4193 1647 4264 illam
1664 4193 1919 4264 frequen-

330 4276 417 4319 ter
443 4265 569 4319 alibi
610 4266 738 4318 Citra
768 4265 1132 4320 difﬁcultatem
1167 4263 1364 4319 tribuat
1407 4263 1745 4329 sanctissimo
1769 4263 1919 4334 piar-

331 4337 476 4408 tyri:
511 4335 736 4408 utliliror
761 4336 822 4389 de
853 4335 1058 4398 Anima,
1091 4353 1211 4404 cap.
1237 4339 1300 4401 9;
1335 4337 1427 4390 lib.
1464 4353 1530 4408 ut
1554 4337 1615 4388 de
1661 4335 1924 4406 Baptismo

328 4407 518 4462 contra
555 4407 1009 4473 Donatistas,cap.
1036 4408 1102 4470 ‘2;
1128 4411 1217 4463 lib.
1247 4425 1457 4474 l\',t'1lp.
1482 4407 1574 4473 1‘2;
1609 4409 1700 4462 lib.
1736 4426 1924 4478 v,cap.

330 4482 386 4540 l:
419 4481 510 4533 lib.
547 4495 618 4540 vr,
646 4494 764 4546 cap.
789 4480 858 4542 7;
892 4490 940 4534 et
977 4481 1065 4532 lib.
1101 4498 1149 4534 τι
1181 4493 1365 4534 contra
1394 4481 1766 4546 Cresconium,
1799 4497 1920 4550 cap.

327 4552 420 4609 52.
458 4553 816 4622 Hieronymus
843 4568 1051 4620 quoque
1083 4552 1134 4605 in
1175 4564 1420 4610 extremo
1446 4552 1660 4617 dialogo
1683 4554 1923 4605 adversus

331 4625 686 4695 Luciferianos
711 4639 828 4695 eant
864 4625 1043 4682 laudat
1068 4635 1123 4678 ut
1145 4627 1537 4694 Cyprianicam.
1570 4625 1752 4680 Simon
1785 4624 1924 4678 Gou-

327 4694 521 4750 lartins
543 4694 812 4749 contendit
834 4695 976 4750 illam
997 4711 1116 4750 εδει)
1144 4713 1330 4764 purum
1352 4696 1786 4765 [tat-alogismum,
1803 4710 1920 4748 eam

328 4766 584 4822 videlicet
611 4767 680 4819 ob
709 4769 968 4820 rationem
1012 4770 1133 4837 quia
1162 4769 1461 4838 Cyprianus
1498 4766 1923 4822 Nm-atianeuses

327 4840 573 4894 nominat
607 4839 745 4891 inter
775 4843 955 4892 hostes
977 4839 1256 4904 Ecclesiae,
1284 4842 1405 4909 quia
1431 4855 1524 4892 eos
1553 4855 1674 4892 eum
1701 4839 1924 4892 Marcio-

327 4915 476 4975 nitis,
497 4909 905 4978 Patripassianis
924 4921 978 4964 et
1009 4911 1127 4963 aliis
1151 4910 1417 4965 bmretieis
1440 4911 1684 4979 baptismi
1711 4912 1922 4970 institu-

325 4983 534 5038 tionem
559 4991 613 5032 et
632 4984 920 5035 essentiam
945 4984 1308 5040 evertentibus
1337 4982 1636 5037 confundit.
1657 4982 1808 5050 Quod
1839 4991 1921 5034 ta-

326 5071 452 5109 men
479 5069 662 5107 verum
693 5064 924 5107 nonest.
956 5055 1096 5108 Sane
1140 5053 1439 5124 Cyprianus
1465 5054 1683 5108 dunnat
1720 5054 1924 5123 opinio-

327 5142 452 5182 nem
482 5124 761 5178 Novatiani
790 5128 1060 5190 censentis
1083 5127 1340 5196 baptisma
1373 5127 1654 5180 Marcionis
1682 5141 1800 5179 esse
1835 5141 1924 5179 ve-

327 5215 446 5252 rum
485 5197 769 5264 baptisma,
793 5198 915 5264 quia
942 5198 1030 5266 qui
1065 5210 1222 5251 secta!
1243 5197 1357 5264 ejus
1384 5199 1576 5252 addicti
1612 5207 1764 5250 erant
1788 5197 1922 5264 bap-

327 5272 474 5323 tizati
494 5268 704 5342 fuerant
725 5270 775 5321 in
799 5271 1014 5342 nomine
1032 5270 1156 5322 .lesu
1176 5269 1374 5342 (λιι-ἱειὶ
1400 5288 1411 5321 :
1436 5272 1612 5342 itaque
1637 5279 1923 5342 pr0pterea

324 5343 561 5404 disputat
583 5341 839 5394 adversus
858 5340 1174 5409 baptismum
1194 5340 1481 5395 Marcionis
1496 5340 1547 5394 et
1563 5340 1790 5392 aborniu
1809 5341 1920 5393 lim-

325 5413 646 5468 reticorum.
678 5410 793 5466 Illis
835 5423 1012 5466 autem
1041 5423 1298 5466 accenset
1342 5416 1502 5465 etiam
1540 5411 1918 5475 Novatianum,

321 5483 453 5548 quia
487 5485 705 5551 putabat
732 5485 849 5551 ejus
878 5484 1202 5554 baptismum
1235 5501 1337 5536 non
1380 5485 1555 5536 valere
1579 5500 1591 5537 :
1619 5484 1706 5552 qui
1736 5492 1920 5536 eootra

324 5554 657 5620 Ecclesiam,
681 5556 730 5609 in
763 5571 863 5623 qua
899 5568 977 5609 est.
1002 5571 1160 5609 verus
1191 5565 1244 5609 et
1276 5557 1463 5610 unicus
1493 5555 1812 5622 Baptismns,
1841 5570 1924 5606 rc-

322 5625 488 5680 liellis
526 5635 645 5681 erat
670 5636 723 5680 et
753 5627 921 5684 hostis
949 5627 1226 5682 Ecclesiau
1251 5625 1432 5696 Itaque
1460 5641 1586 5680 vere
1611 5625 1712 5678 dici
1746 5636 1926 5696 posset

319 5713 392 5779 ea
417 5714 540 5768 qua:
590 5696 708 5753 istic
736 5697 982 5756 edisserit
1019 5697 1330 5758 Coulartius
1350 5695 1475 5753 esse
1497 5710 1686 5766 purum
1717 5695 1925 5764 paralo-

316 5785 587 5841 gtsmum.

2105 3409 2144 3462 Ι.
2163 3440 2233 3449 -
2263 3408 2525 3480 Scripsisti
2556 3412 2699 3464 milii.
2725 3410 2779 3466 Si
2812 3426 2934 3465 vera
2957 3420 3042 3483 est
3073 3411 3352 3481 inscriptio
3379 3413 3636 3483 Epistolae.

2033 3496 2168 3542 ιη,
2192 3496 2350 3553 quam
2381 3472 2567 3536 extare
2615 3484 2796 3537 monui
2841 3483 2892 3537 in
2925 3472 3112 3538 codice
3138 3472 3385 3548 Tluiano,
3417 3472 3643 3553 apparet
3733 3499 3735 3502 ‘

2035 3553 2193 3607 istam
2217 3552 2378 3607 fuisse
2400 3555 2622 3621 primani
2649 3570 2832 3616 earnm
2853 3571 2972 3624 qua:
2994 3556 3060 3612 ali
3077 3555 3396 3610 Jubaianum
3421 3552 3637 3625 Scripta:

2033 3633 2181 3678 sunt.
2213 3625 2268 3678 Si
2297 3640 2426 3678 vero
2467 3627 2624 3678 tertia
2677 3637 2790 3688 est,
2821 3637 2877 3679 ut
2932 3629 2981 3680 in
3017 3643 3121 3680 uno
3152 3628 3320 3681 veteri
3352 3629 3488 3680 libro
3519 3645 3639 3684 meo

2033 3695 2249 3766 legitur,
2281 3704 2497 3750 constat
2525 3696 2822 3750 desiderari
2854 3714 3012 3751 unam
3043 3715 3106 3752 ex
3143 3701 3310 3753 tribus
3336 3699 3579 3766 epistolis
3601 3719 3631 3754 ει

2035 3767 2304 3838 Cypriano
2340 3768 2556 3836 scriptis
2587 3769 2650 3820 ad
2681 3767 3023 3823 Jubaianum.
3071 3769 3152 3822 Ex
3195 3771 3345 3823 initio
3371 3786 3531 3838 porro
3565 3774 3635 3825 is-

2036 3840 2164 3912 tius,
2191 3840 2231 3891 si
2249 3841 2362 3912 ista
2394 3849 2518 3891 sunt
2539 3854 2692 3912 vera,
2713 3838 2871 3912 facile
2891 3852 2972 3894 est
3001 3841 3256 3908 colligere
3281 3842 3512 3912 primam
3543 3845 3635 3896 de-

2033 3910 2261 3966 siderat'i
2293 3920 2346 3962 et
2385 3909 2695 3976 synodicam
2743 3911 2996 3977 scriptam
3026 3917 3090 3964 ad
3116 3909 3374 3966 Numidas
3401 3928 3520 3966 esse
3551 3931 3637 3965 sc-

2033 3981 2263 4035 cuodam
2278 3981 2451 4052 .Sane
2471 3981 2782 4052 synodieam
2807 3985 3059 4050 scriptam
3078 3999 3196 4036 esse
3215 3993 3341 4036 ante
3362 3984 3515 4037 istam
3539 3986 3638 4037 do-

2031 4053 2264 4124 eetﬂipse
2283 4050 2581 4124 Cyprianus
2604 4051 2654 4103 in
2688 4052 2841 4105 initio
2866 4054 3017 4106 istius
3047 4054 3309 4124 epistolam

2103 4122 2257 4178 Foris
2287 4121 2452 4195 positi.
2494 4121 2853 4195 Hieronymus
2881 4125 2930 4178 in
2962 4121 3212 4195 Apologia
3235 4125 3496 4180 adversus
3524 4127 3634 4180 liu-

2030 4195 2196 4250 linum
2230 4212 2243 4249 :
2276 4193 2413 4260 Quid
2435 4193 2710 4266 loquaride‘
2734 4195 2998 4260 hmreticis,
3033 4193 3260 4266 qni'licet
3291 4197 3416 4264 foris
3439 4198 3558 4264 sint,
3578 4217 3634 4254 se

2029 4269 2291 4321 nominant
2307 4265 2639 4320 christianos?

2107 4341 2431 4410 Computare.
2460 4335 2631 4392 Antea
2662 4337 2937 4409 legebatur
2978 4338 3237 4410 judicare.
3268 4339 3375 4394 Nos
3407 4344 3634 4396 mutavi-

1951 4446 2005 4506 Ι)
2035 4427 2177 4506 mus,
2199 4412 2320 4506 quia
2343 4409 2498 4462 nobis
2525 4420 2730 4506 coiistat
2759 4413 2937 4506 omnip
2957 4409 3134 4466 vetera
3149 4413 3496 4506 exemplaria
3530 4429 3629 4464 no-

2031 4492 2164 4546 stra,
2185 4489 2381 4551 pra-ter
2399 4497 2560 4534 unum
2592 4485 2982 4547 tantummodo,
3003 4493 3057 4538 et
3075 4483 3310 4549 quinque
3336 4484 3629 4551 Anglicana

2033 4555 2236 4609 habere
2261 4552 2548 4606 lectionem
2575 4569 2734 4622 quam
2763 4569 2860 4608 nos
2890 4555 3287 4610 constituimus.
3312 4555 3440 4622 Quae
3469 4556 3630 4610 lectio

2027 4622 2334 4681 continuari
2359 4634 2530 4692 potest
2553 4641 2618 4680 ex
2642 4626 2909 4681 nonnullis
2933 4627 3054 4680 aliis
3070 4624 3323 4696 Cypriani
3355 4626 3506 4689 locis,
3528 4628 3626 4680 im-

2031 4698 2216 4768 primis
2240 4710 2446 4768 veroex
2466 4707 2732 4765 postrema
2762 4707 2910 4767 parte
2939 4700 3089 4751 istius
3117 4697 3392 4764 Epismltc,
3421 4713 3473 4766 p.
3497 4698 3622 4763 l57,

2031 4765 2120 4826 ubi
2153 4771 2260 4822 ait:
2295 4765 2559 4840 Baptisma
2573 4765 2776 4840 justum
2801 4779 2844 4822 et
2876 4769 3157 4838 legitimum
3177 4765 3494 4840 computetur
3520 4787 3537 4832 ,°
3559 4779 3626 4825 ἐι

2029 4858 2090 4896 ex
2119 4839 2352 4908 Epistula
2376 4839 2688 4901 Firnuliani,
2711 4856 2831 4910 pag.
2858 4841 2958 4895 M9
2980 4861 2992 4894 :
3018 4841 3144 4893 Cum
3174 4839 3297 4893 istic
3315 4857 3511 4910 semper
3527 4843 3646 4894 ob-.

2029 4926 2282 4968 servatum
2307 4911 2368 4963 sit
2400 4923 2452 4964 ut
2480 4929 2581 4965 non
2612 4913 2707 4965 nisi
2736 4929 2888 4965 unum
2925 4913 3017 4966 Dei
3048 4912 3332 4966 Ecclesium
3360 4929 3623 4966 nossemus

2030 4997 2074 5038 et
2101 4992 2330 5040 sanctum
2353 4982 2601 5052 baptisma
2631 4985 2849 5037 nonnisi
2871 4995 3060 5038 sancta:
3082 4983 3324 5038 Ecclesia:
3361 4995 3626 5053 computa-

2030 5073 2218 5117 remus.
2240 5061 2314 5115 Ea
2331 5056 2618 5110 auctoritas
2633 5055 2801 5124 major
2817 5064 3072 5123 estquam
3095 5056 3346 5111 tllOl)Slsli
3362 5055 3408 5109 ei
3430 5055 3617 5124 possit.

2106 5129 2316 5193 Quinto.
2341 5127 2508 5195 Supra
2534 5125 2710 5195 Epist.
2737 5142 2884 5181 cui.
2903 5128 2981 5180 Ex
3003 5128 3230 5196 epistola
3263 5144 3419 5196 porro
3446 5143 3508 5182 1.x
3521 5144 3619 5192 xu,

2031 5200 2083 5253 in
2113 5219 2216 5270 qua
2247 5202 2489 5273 ejusdem
2519 5198 2699 5273 Quinti
2735 5199 2937 5273 tuentiu
2969 5199 3197 5254 habetur
3223 5209 3444 5269 apparet
3470 5201 3620 5254 illum

2030 5267 2194 5343 fuisse
2220 5267 2546 5343 episcopum
2564 5269 2616 5321 in
2640 5267 2976 5343 Mauritania.

2102 5340 2344 5412 Episcopi
2361 5353 2502 5393 LXXI.
2524 5342 2850 5412 Augustinus
2870 5341 2920 5393 in
2944 5343 3082 5395 libro
3105 5342 3166 5395 de
3194 5341 3340 5395 unico
3355 5340 3619 5412 Baptismo

2028 5421 2204 5484 contra
2240 5411 2577 5484 Petiliannni,
2597 5425 2714 5484 cap.
2746 5411 2831 5474 15,
2849 5415 3182 5484 septuaginta
3210 5423 3411 5468 tantum
3435 5411 3616 5484 ponit.

2028 5483 2162 5540 Vide
2190 5485 2350 5540 etiam
2382 5497 2501 5551 quae
2549 5483 2618 5537 de
2665 5481 2770 5536 ltoc
2815 5481 3211 5540 concilio'idem
3243 5487 3313 5538 ait
3343 5481 3528 5544 libfu.
3559 5485 3622 5538 de

2029 5554 2292 5680 gltqgsmo
2314 5563 2491 5610 contra
2521 5553 2832 5619 DO'Iutistas,
2853 5569 3008 5624 eapp.
3035 5556 3087 5622 7,
3109 5556 3163 5620 8,
3180 5557 3231 5621 9,
3260 5567 3314 5611 et
3336 5558 3429 5612 lib.
3459 5572 3542 5623 ut,
3566 5571 3619 5611 c.

2028 5630 2082 5693 ‘2,
2116 5630 2199 5682 19.

2106 5697 2367 5771 Baptizati
2392 5716 2424 5758 ιι
2453 5713 2554 5755 non
2641 5699 3062 5771 1uicumque.lta
3111 5697 3526 5758 emendavimus
3567 5711 3642 5752 ex

2049 5769 2151 5825 ﬁde
2200 5774 2607 5842 quattuordecim
2663 5769 2917 5828 librorum
2958 5781 3261 5828 nostrorum
3316 5779 3567 5828 veterum
3595 5777 3662 5822 et
