4216 6262
711 305 830 363 1111

1725 305 2051 362 EPISTULA
2096 313 2150 361 S.
2193 304 2516 362 CYPRIAXI
2544 305 3064 371 ADJUBAIANUM,
3823 310 3932 366 1112

777 422 838 478 11.
871 423 977 479 Nec.
999 439 1095 479 nos
1113 436 1310 485 movet.
1335 428 1498 481 I’rater
1515 427 1851 490 charissime,
1872 427 2012 498 quod
2034 427 2300 481 inlitteris
2329 432 2374 492 Α
2406 425 2528 479 ticis
2556 424 2621 478 ad
2666 424 2958 479 Ecclesiam
2991 425 3240 487 veniunt,
3267 425 3480 496 quando
3523 426 3669 479 multi
3695 425 3793 494 jam
3830 429 3930 482 anni

705 520 811 572 tuis
826 519 1144 588 complexus
1158 534 1237 578 es.
1258 519 1681 575 Novatianenses
1702 521 2038 592 rebaptizare
2051 536 2145 576 eos
2166 535 2300 590 quos

703 625 732 665 a
760 612 910 665 nobis
937 611 1263 680 sollicitant,
1316 614 1532 682 quando
1556 615 1619 667 ad
1661 629 1758 668 nos
1799 616 2018 668 otnnino
2046 631 2149 667 non
2182 629 2302 684 per-

706 704 872 758 tineat
897 704 1020 771 quid
1049 705 1232 759 hostes
1263 706 1517 759 Ecclesize
1548 707 1765 772 faciant,
1797 707 2089 761 dummodo
2115 718 2297 761 tenea-

700 793 822 852 tnns
855 798 954 866 ipsi
988 802 1266 868 potestatis
1298 812 1498 854 nostra:
1543 801 1800 856 honorem
1853 814 1906 856 et
1935 801 2162 856 rationis
2183 810 2208 837 ιι
2237 816 2299 856 ac

706 891 948 944 veritatis
981 893 1306 945 lirmitatem.
1334 893 1463 946 Nam
1494 893 1849 959 Novatianus,
1887 893 2161 947 simiarum
2187 907 2297 947 mo-

708 1001 801 1048 re,
846 1001 965 1055 quae
1017 1001 1136 1040 cum
1171 987 1416 1042 homines
1472 1005 1574 1041 non
1607 989 1743 1052 sint,
1784 989 2013 1042 bninana
2040 987 2068 1026 1)
2122 1001 2298 1043 tamen

718 1077 1021 1143 imitantur,
1061 1080 1174 1132 vnlt
1213 1079 1470 1134 Ecclesia‘
1492 1080 1774 1136 catholicae
1805 1083 2174 1136 auctoritatem
2199 1083 2299 1136 sibi

707 1181 762 1226 et
801 1171 1078 1225 veritatem
1108 1172 1382 1226 vindicare
1405 1217 1418 1238 ,
1449 1175 1666 1242 quando
1707 1175 1820 1244 ipse
1845 1175 1896 1227 in
1931 1174 2168 1229 Ecclesia
2194 1192 2298 1230 non

706 1265 796 1327 sit,
829 1266 993 1318 immo
1033 1264 1209 1318 adhuc
1253 1266 1470 1335 insuper
1512 1277 1699 1320 contra
1750 1266 2044 1320 Ecclesium
2087 1268 2300 1323 rebellis

703 1367 756 1411 et
782 1357 950 1410 hostis
974 1357 1237 1411 extiterit.
1266 1357 1455 1413 Sciens
1473 1359 1668 1413 etenim
1687 1374 1848 1411 unum
1870 1374 1989 1413 esse
2014 1359 2298 1428 baptisma,

705 1451 808 1505 hoc
838 1468 997 1504 unum
1023 1451 1120 1504 sibi
1157 1452 1392 1506 vindicat
1434 1463 1488 1505 nt
1530 1452 1669 1522 apud
1703 1467 1762 1507 se
1814 1469 1934 1507 esse
2001 1453 2298 1510 Ecclesiam

705 1542 848 1596 dicat
878 1553 930 1596 et
965 1561 1063 1596 nos
1093 1543 1376 1598 haereticos
1404 1545 1578 1598 faciat.
1611 1544 1718 1598 Nos
1750 1555 1953 1606 autem.
1987 1547 2074 1616 qui
2111 1547 2298 1602 Eccle-

705 1639 799 1692 sia:
821 1639 978 1691 unius
1010 1649 1167 1705 caput
1198 1647 1250 1692 et
1283 1639 1516 1692 radicem
1549 1649 1822 1706 tenemus,
1875 1655 1969 1710 pro
1995 1650 2145 1694 certo
2190 1642 2300 1695 sci-

705 1749 825 1788 mus
851 1745 904 1787 et
930 1733 1142 1787 tidimns
1171 1733 1300 1788 nihil
1333 1735 1406 1790 illi
1432 1746 1582 1789 extra
1641 1736 1938 1790 Ecclesiani
1987 1738 2186 1804 licere,
2246 1751 2301 1794 et

2405 519 2512 572 sint
2539 528 2593 572 et
2643 518 2800 584 longa
2829 526 2960 570 ictas
2988 533 3051 571 ex
3085 533 3192 588 quo
3221 518 3318 572 sub
3351 517 3638 588 Agrippino
3667 518 3806 572 honre
3847 537 3935 575 me-

2405 613 2594 666 moriae
2627 611 2745 664 viro
2776 612 3162 665 convenientes
3209 611 3259 664 in
3291 627 3455 665 unum
3483 612 3708 680 episcopi
3756 612 3935 681 plurimi

2403 701 2506 758 hoc
2538 707 2862 768 statuerint,
2888 713 3050 770 atque
3073 702 3268 757 exinde
3299 704 3351 756 in
3380 702 3688 757 hodiernum
3712 712 3782 757 tot
3805 706 3938 760 niillia

2405 795 2782 850 lueretieorum
2817 797 2868 849 in
2903 795 3196 865 provinciis
3239 796 3408 850 nostri
3439 796 3502 848 ad
3538 796 3808 851 ECO'Eri-tlll
3838 811 3938 851 con-

2405 890 2570 946 versi.
2606 897 2629 925 °
2659 903 2766 942 non
2801 887 3072 957 aSpernati
3109 887 3217 941 sint
3257 903 3432 957 neque
3463 889 3709 954 cunctati,
3736 891 3878 943 immo
3899 900 3942 943 et

2405 981 2801 1036 rationabiliter
2815 995 2862 1034 et
2890 981 3121 1035 libenter
3137 983 3369 1050 amplexi
3387 982 3496 1035 sint
3523 992 3578 1034 ut
3597 982 3614 1035 l
3633 983 3779 1035 tvacri
3803 982 3943 1037 vitalis

2403 1083 2456 1127 et
2487 1073 2734 1126 salutaris
2759 1072 3018 1140 Baptisnii
3047 1075 3274 1144 gratiam
3304 1085 3775 1140 cmtsequerentur.
3797 1072 3943 1142 Neque

2403 1167 2544 1220 enim
2572 1163 2791 1220 diflicile
2812 1175 2896 1218 est
2921 1164 3128 1219 doctori
3161 1181 3284 1220 vera
3318 1175 3372 1219 et
3400 1165 3630 1235 legitima
3663 1163 3939 1220 insinuare‘

2403 1261 2450 1314 ei
2474 1262 2560 1330 qui
2594 1259 2843 1313 haeretica
2892 1260 3153 1328 pravitate
3198 1259 3493 1324 damnata,
3533 1269 3586 1314 et
3633 1259 3946 1314 ecclesiastica

2404 1354 2629 1406 veritate
2657 1363 2934 1422 Comperta
2954 1394 2967 1413 ,
2997 1353 3061 1405 ad
3097 1352 3198 1406 hoc
3231 1355 3378 1408 venit
3405 1363 3429 1400 8
3463 1363 3520 1406 ut
3549 1352 3711 1406 dicit
3731 1397 3744 1417 ,
3776 1353 3833 1406 ad
3869 1352 3946 1407 hoc

2405 1446 2564 1500 discit
2594 1456 2651 1500 ut
2675 1447 2837 1500 vivat.
2873 1446 2979 1500 Nos
3012 1462 3117 1500 non
3149 1445 3415 1502 debemus
3457 1457 3728 1516 stuporem
3757 1443 3781 1482 ιι
3812 1450 3946 1501 turre-

2406 1540 2524 1594 tieis
2555 1538 2853 1606 patrocinio
2868 1553 3168 1592 coasensus
3196 1541 3364 1593 nostri
3389 1555 3606 1608 angere,
3629 1555 3742 1593 cum
3761 1538 3947 1592 libenter

2403 1647 2466 1686 ac
2496 1640 2743 1701 prompte
2766 1630 3148 1701 obtemperant
3179 1632 3412 1687 veritati.

2476 1742 2565 1798 IV.
2609 1743 2791 1808 Plane,
2813 1742 3064 1812 quoniam
3089 1742 3268 1797 inveni
3302 1743 3352 1795 in
3381 1743 3608 1812 epistola
3632 1742 3774 1811 cujus
3793 1757 3937 1796 exem-

705 1828 976 1897 Baptisma
1023 1835 1046 1865 ο
1093 1827 1233 1897 quod
1269 1837 1350 1882 est
1381 1844 1576 1895 unum,
1612 1829 1749 1898 apud
1785 1846 1884 1885 nos
1912 1846 2067 1896 esse,
2115 1831 2200 1884 ubi
2248 1842 2302 1886 et
2333 1838 2378 1897 B
2408 1837 2552 1907 plum
2576 1835 2641 1889 ad
2677 1852 2761 1888 me
2788 1835 3167 1900 transniisisti,
3211 1837 3478 1906 scriptum
3526 1851 3644 1890 esse
3670 1835 3799 1906 quod
3839 1850 3950 1905 quae-

708 1921 823 1990 ipse
852 1921 1152 1991 baptizatus
1182 1923 1328 1992 prius
1356 1924 1527 1977 fuerat
1548 1967 1561 1987 ,
1613 1925 1826 1994 quando
1854 1926 2049 1979 divina:
2083 1927 2301 1982 unitatis

706 2029 760 2072 et
788 2018 1050 2071 rationem
1074 2030 1126 2072 ct
1155 2021 1430 2073 veritatem
1459 2020 1695 2074 tenebat.
1725 2021 1876 2088 Quod
1905 2021 1948 2074 si
1977 2022 2026 2074 in
2065 2022 2300 2075 Ecclesia

704 2111 1002 2180 baptizatos
1031 2112 1439 2180 rebaptizandos
1471 2113 1600 2166 foris
1628 2125 1774 2168 extra
1811 2113 2102 2168 Ecclesium
2128 2113 2304 2167 Nova-

709 2205 882 2259 liﬂlllh
928 2206 1231 2266 exiStimat,
1265 2222 1292 2258 a
1338 2221 1397 2260 se
1429 2206 1668 2276 incipere
1713 2207 2007 2269 debuerat.
2061 2218 2117 2261 ut
2159 2210 2304 2278 prior

706 2309 968 2353 extraneo
1014 2307 1067 2352 et
1116 2300 1368 2353 luerelico
1415 2299 1678 2368 baptismo
1708 2303 2170 2366 rebaptizaretur,
2213 2301 2303 2372 qui

709 2401 828 2460 post
877 2390 1171 2444 Ecclesium
1206 2392 1371 2444 inuno
1405 2403 1457 2445 et
1480 2400 1667 2446 contra
1699 2391 1998 2446 Ecclesium
2031 2393 2304 2462 baptizan~

705 2487 806 2537 dos
829 2485 960 2538 foris
991 2485 1258 2555 opinatur.
1307 2485 1474 2552 Quale
1520 2498 1601 2540 est
1648 2498 1824 2542 autem
1884 2497 1982 2553 ιιι,
2027 2489 2150 2558 quia
2205 2491 2305 2541 hoc

711 2579 1042 2635 Novatianns
1069 2582 1247 2635 facere
1272 2582 1431 2635 audet
1458 2626 1470 2646 ,
1524 2598 1622 2636 nos
1655 2591 1904 2652 putemus
1935 2599 2038 2636 non
2082 2597 2201 2636 esse
2231 2584 2304 2634 l'a-

705 2675 996 2731 ciendum?
1043 2675 1179 2742 Quid
1234 2675 1408 2744 ergo?
1473 2677 1594 2744 quia
1638 2689 1688 2730 et
1747 2676 2305 2731 honoremcathedra:

706 2771 1061 2826 sacerdotalis
1119 2770 1447 2826 Novatianns
1480 2780 1732 2839 usurpat,
1789 2787 1916 2826 num
1949 2772 2153 2825 idcirco
2206 2783 2305 2824 nos

705 2868 981 2922 cathedrm
1015 2867 1326 2922 renuntiare
1364 2866 1663 2921 debemus?
1694 2867 1799 2922 Aut
1826 2869 1946 2937 quia
1975 2868 2306 2922 Novatianus

711 2964 885 3020 altare
908 2963 1176 3018 collocare
1206 2973 1258 3016 et
1282 2963 1540 3016 sacrilieia
1567 2961 1760 3017 nll‘erre
1781 2971 1969 3016 contra
2000 2963 2078 3016 fas
2099 2964 2302 3028 nititur,

708 3057 776 3107 ab
805 3056 957 3110 altari
985 3064 1036 3108 et
1065 3055 1344 3108 sacriﬁciis
1375 3070 1588 3109 cessure
1633 3069 1728 3109 nOs
1767 3064 2016 3125 Oportet,
2059 3073 2123 3107 ne
2154 3056 2304 3125 paria

712 3157 767 3201 et
791 3148 982 3201 similia
1006 3163 1126 3199 ι·ιιιιι
1158 3146 1250 3200 illo
1272 3147 1548 3201 celebrare
1571 3147 1886 3200 videamur?
1911 3147 2118 3200 Vanum
2150 3163 2304 3215 pror-

2413 1927 2634 1984 rendnm
2664 1944 2768 1981 non
2803 1927 2870 1981 sit
2899 1928 3020 1996 quis
3045 1927 3395 1996 baptizavi-rit
3419 1970 3434 1993 ,
3464 1930 3676 1994 quando
3703 1929 3744 1980 is
3760 1928 3837 1996 qui
3859 1927 3953 1995 bap-

2411 2023 2604 2077 tizatus
2657 2023 2726 2076 sit
2773 2022 3022 2090 accipere
3049 2036 3328 2075 I'CIIllSSMII
3379 2033 3714 2088 peccatorum
3771 2019 3954 2088 potuerit

2409 2114 2706 2168 secundum
2736 2112 2879 2183 quod
2907 2111 3163 2173 credidit.
3187 2111 3623 2181 praetereundum
3657 2111 3786 2164 hunc
3821 2110 3955 2164 locum

2411 2223 2518 2261 non
2554 2207 2733 2277 putavi
2753 2249 2767 2270 ,
2801 2205 3033 2262 maxime
3060 2221 3180 2260 cum
3212 2209 3264 2258 in
3291 2207 3484 2260 eadem
3514 2207 3733 2274 epistola
3761 2202 3955 2258 animad-

2409 2304 2664 2356 verterim
2688 2302 2848 2355 etiam
2878 2299 3163 2374 Marcionis
3197 2299 3310 2354 ﬁeri
3347 2301 3680 2355 mentionem
3700 2344 3712 2364 ,
3743 2311 3892 2352 utnec
3909 2297 3957 2350 ab

2413 2395 2535 2465 ipso
2582 2395 2864 2449 venientes
2894 2394 3040 2446 dicat
3086 2392 3347 2462 baptimri
3381 2406 3666 2462 oportere,
3712 2393 3838 2462 quod
3877 2391 3955 2461 jam

2413 2490 2464 2541 iii
2521 2489 2739 2543 nomine
2797 2488 2923 2544 Jesu
2975 2490 3178 2546 Christi
3227 2489 3482 2556 baptiz.iti
3538 2503 3655 2541 esse
3707 2485 3956 2540 videantur.

2409 2579 2770 2636 Considerate
2803 2582 2980 2652 itaque
3006 2583 3268 2637 debemus
3303 2582 3466 2635 tidem
3505 2595 3688 2635 eorum
3737 2578 3816 2648 qui
3863 2575 3960 2628 loris

2415 2675 2673 2738 credunt,
2702 2691 2768 2728 an
2798 2676 3091 2730 secundum
3117 2675 3362 2731 eamdem
3387 2674 3547 2728 ﬁdem
3582 2674 3778 2744 possint
3803 2671 3960 2741 aliquid

2410 2769 2597 2838 gratiae
2625 2770 2900 2841 consequi.
2958 2770 3088 2824 Nam
3132 2772 3175 2824 si
3210 2769 3340 2824 ﬁdes
3367 2785 3474 2824 una
3507 2779 3590 2824 est
3633 2769 3778 2822 nobis
3803 2777 3848 2820 et
3876 2765 3959 2818 lue-

2413 2862 2617 2925 reticis,
2645 2873 2821 2930 potest
2847 2879 2966 2918 esse
2993 2874 3045 2917 et
3073 2864 3240 2934 gratia
3271 2880 3394 2917 una.
3423 2862 3478 2918 Si
3505 2863 3744 2917 eumdem
3773 2873 3958 2930 patrem,

2410 2954 2659 3008 eumdem
2687 2955 2872 3017 lilitttii,
2904 2957 3152 3010 eumdem
3194 2956 3454 3026 Spiritum
3479 2966 3738 3017 sanctum,
3765 2953 3961 3006 eamdem

2414 3046 2712 3101 Ecclesium
2761 3048 3086 3103 confitentur
3115 3050 3396 3105 nobiscum
3437 3050 3843 3116 Pati-ipassiani,
3874 3049 3957 3100 An-

2415 3137 2720 3205 thr0piani,
2766 3138 3147 3206 Valentiniani,
3178 3143 3573 3212 Appelletiani,
3603 3142 3834 3211 Ophiue,
3854 3139 3960 3194 Mar-

715 3257 807 3294 sus
837 3253 889 3297 et
925 3241 1148 3296 stultum
1180 3253 1261 3295 est
1294 3253 1386 3303 ut,
1438 3243 1558 3309 quia
1591 3241 1920 3297 Novatianus
1942 3253 2091 3296 extra
2127 3242 2308 3297 Eecle-
2338 3239 2382 3300 C
2417 3233 2666 3298 cionitte,
2715 3243 2769 3288 et
2817 3246 3026 3290 czeterte
3060 3236 3435 3291 liceretieortnn
3477 3246 3656 3308 pestes
3685 3245 3735 3290 et
3781 3234 3916 3304 gladii
3947 3231 3955 3266 ί

714 3335 848 3388 siam
886 3335 1119 3388 vindicat
1151 3335 1249 3389 sibi
1283 3335 1522 3388 veritatis
1551 3335 1875 3404 imaginem,
1940 3336 2308 3404 relinquamus

703 3429 965 3484 Ecclesia:
992 3428 1018 3465 ἀ
1048 3429 1354 3482 veritatem.

779 3523 862 3577 ΙΙΙ.
910 3523 1063 3593 Apud
1098 3538 1198 3576 nos
1245 3533 1424 3578 autem
1457 3539 1562 3578 non
1595 3538 1729 3577 nova
1781 3534 1874 3578 attt
1904 3527 2182 3594 repentina
2217 3543 2306 3583 res

704 3629 820 3686 est,
875 3629 932 3671 ιιι
984 3617 1334 3687 baptizandos
1378 3632 1698 3672 censeamus
1739 3634 1832 3674 eos
1887 3620 1974 3689 qui
2010 3620 2077 3674 ab
2128 3621 2301 3676 haere-

2416 3340 2481 3379 ac
2504 3341 2704 3379 venena
2735 3327 3111 3382 subvertenda:
3141 3329 3382 3383 veritatis
3406 3371 3419 3394 ,
3456 3339 3634 3400 potest
3661 3330 3760 3383 illic
3779 3339 3821 3382 et
3854 3326 3958 3394 Bap-

2407 3418 2560 3472 tisma
2587 3435 2748 3473 unum
2779 3434 2931 3485 esse,
2956 3421 2998 3474 si
3028 3431 3110 3475 est
3143 3431 3195 3476 et
3220 3421 3351 3477 lides
3381 3439 3510 3478 una.
3875 3454 3892 3482 ο

2490 3531 2549 3585 V.
2584 3533 2688 3598 Ac,
2732 3548 2800 3588 ne
2845 3533 3059 3605 longum
3083 3545 3152 3589 Sit
3189 3551 3283 3605 per
3317 3537 3556 3591 barrescs
3588 3537 3842 3590 nniiei-sas
3877 3530 3951 3583 de-

2413 3639 2632 3680 currere
2691 3636 2744 3681 et
2789 3626 3118 3696 singularum
3179 3628 3266 3683 vel
3305 3629 3316 3677 i
3358 3628 3592 3697 ineptias
3648 3628 3726 3682 vel
3772 3623 3960 3681 insanias

1915 3756 2294 3816 LECTIONES
2332 3762 2742 3822 VA’RIANTES.

770 3897 793 3925 ³
830 3895 1086 3945 Rationem
1114 3897 1246 3944 Lam.
1277 3891 1417 3944 Ebor.
1457 3895 1566 3945 NC.
1598 3895 1642 3944 1.

764 3958 794 3994 τι
829 3957 916 4009 Sic
944 3961 1072 4009 Lam.
1117 3957 1258 4008 Ebor.
1295 3957 1419 4007 Bod.
1449 3958 1496 4011 1.
1531 3959 1580 4006 9.
1616 3957 1719 4006 Lin.
1750 3960 1853 4009 ΝΟ.
1895 3960 1944 4017 1,
1979 3960 2025 4008 9.
2066 3957 2304 4008 Homines

705 4026 914 4136 Οῗῃὲἱε
943 4087 1076 4136 Lam.
1104 4084 1249 4135 Ebor.
1276 4083 1402 4134 Bod.
1432 4085 1476 4141 1.
1503 4084 1550 4133 9.
1597 4085 1705 4136 ΝΟ.
1735 4085 1778 4144 1,
1806 4083 1852 4133 9.
1881 4084 1942 4134 Et
1981 4086 2300 4147 baptismatis,

704 4150 1304 4217 quod_est_uuum_0.con.
1397 4211 1418 4217 _
1559 4214 1586 4217 _‘
1647 4211 1658 4217 _
1727 4212 1738 4217 _
1793 4211 1816 4217 _
1899 4213 1957 4217 λ-
2029 4213 2038 4217 _
2113 4211 2136 4217 Α
2207 4208 2249 4217 η

765 4216 794 4252 ιι
832 4213 1095 4275 Relinquat
1117 4211 1353 4262 Ecclesia!
1388 4211 1521 4260 Laut.
1551 4211 1677 4262 Rod.
1710 4212 1765 4272 _1,
1791 4211 1838 4261 9.
1867 4213 1973 4263 ΝΕ.
2021 4213 2065 4270 1,
2109 4211 2157 4260 9..
2199 4211 2300 4260 Lin.

700 4275 1184 4389 Ebg’éonversorum
1211 4317 1342 4387 Lam.
1372 4337 1494 4386 Bod.
1532 4336 1576 4385 2.
1607 4336 1744 4386 Ebor.
1773 4337 1882 4386 ΝΟ.
1909 4338 1955 4385 1.

770 4400 790 4438 τ
829 4400 914 4452 Sic
939 4406 1068 4452 Lam.
1096 4403 1220 4450 Bon.
1248 4401 1294 4459 1,
1319 4399 1366 4448 9.
1394 4399 1538 4449 Ebor.
1572 4398 1674 4448 Lin.
1703 4401 1810 4450 ΝΟ.
1840 4401 1883 4450 1.
1910 4399 2058 4450 illis
2079 4401 2235 4452 Oxon.
2256 4407 2300 4450 et

2405 3896 2512 3949 alii.

2474 3965 2501 4003 ι
2538 3961 2623 4014 Sic
2647 3964 2779 4015 Lam.
2807 3964 2952 4015 Ebor.
2985 3964 3106 4015 Bod.
3138 3965 3180 4024 1,
3211 3964 3255 4014 9..
3287 3964 3386 4015 Lin.
3421 3967 3530 4017 ΝΟ.
3561 3967 3604 4025 1,
3633 3967 3676 4014 9.
3703 3956 3955 4022 Veniuntjut

2408 4023 2604 4076 discant
2629 4041 2692 4076 an
2719 4030 2875 4079 Oxon.
2936 4066 2944 4079 .

2471 4086 2499 4124 ιι
2535 4088 2633 4138 Nos
2655 4103 2749 4138 non
2789 4092 2963 4139 demus
3001 4098 3254 4154 stuporem
3289 4091 3546 4141 haereticis
3586 4089 3834 4154 patrocinio
3867 4096 3957 4131 con-

2404 4163 2588 4216 sensus
2610 4155 2786 4210 nostri,
2812 4167 2921 4216 cum
2941 4150 3140 4216 Lam};
3160 4167 3244 4201 'or.
3270 4154 3392 4205 Bod.
3427 4156 3468 4211 1,
3497 4155 3546 4204 2.
3576 4150 3621 4204 Ν
3630 4155 3680 4202 C.
3713 4154 3756 4208 1,
3777 4150 3864 4216 ὲκ.-

2475 4211 2493 4251 ί
2532 4215 2618 4265 Sic
2644 4207 2940 4266 Lam.’£bor.
2973 4215 3077 4265 Lin.
3107 4217 3214 4267 .vc.
3247 4219 3291 4275 ι,
3317 4217 3363 4265 2.
3388 4207 3514 4267 add.
3541 4220 3589 4278 1,
3611 4219 3657 4266 2.
3683 4207 3796 4264 Fab.
3813 4207 3958 4261 Gladiis

2408 4288 2465 4324 ac
2488 4279 2696 4326 venenis
2720 4280 2876 4330 Oxon.

2477 4339 2492 4388 t'
2535 4341 2621 4390 Sic
2644 4339 2786 4390 Ebor.
2817 4341 2935 4391 Bod.
2960 4342 3002 4403 1,
3031 4342 3078 4390 9..
3105 4339 3208 4392 Lin.
3234 4342 3340 4396 ΝΟ.
3370 4343 3416 4402 1,
3441 4343 3486 4392 9..
3511 4341 3814 4406 Singulorum
3834 4338 3954 4388 Oxon.

1915 4529 2162 4586 STEPH.
2207 4532 2483 4591 BALUZII
2521 4535 2749 4592 NOTAE.

699 4684 904 4743 septem
937 4672 1367 4743 Anglicanorum.
1386 4667 1850 4743 Antealegebatur
1869 4667 2118 4726 baptizari
2149 4685 2180 4721 a
2202 4686 2294 4723 no-

705 4741 800 4798 bis.
835 4741 1147 4814 Quicmnqne
1189 4760 1306 4811 ergo
1345 4741 1405 4794 ab
1437 4741 1681 4814 adultera
1693 4749 1762 4814 et_
1788 4745 2006 4814 pro[aua
2037 4757 2293 4814 aquaea-

706 4809 1112 4870 ninnt'abluendi
1137 4809 1328 4869 suntet
1349 4811 1720 4879 sanctiﬁcandi.
1743 4810 1816 4864 Ita
1843 4809 2003 4865 etiam
2036 4812 2085 4864 in
2107 4811 2293 4868 codice

707 4887 878 4943 sancti
900 4886 1187 4952 Arnnlphi,
1223 4887 1322 4939 nisi
1344 4884 1485 4952 quod
1516 4884 1582 4936 ibi
1618 4884 1810 4950 legitur
1839 4883 2106 4935 venientes.

783 4957 1187 5015 ll.-—Hununia.
1203 4957 1349 5011 Hanc
1375 4956 1654 5010 lectionem
1677 4954 1866 5008 habent
1887 4954 2291 5022 quattuordecim

705 5032 1029 5102 exemplaria
1049 5038 1228 5102 nostra
1246 5039 1296 5082 et
1311 5041 1514 5102 septem
1533 5025 2083 5102 anglicaNoxautem
2099 5038 2288 5102 tamen,

705 5121 824 5174 qua:
868 5097 1128 5174 sequitur.
1157 5101 1309 5174 deest
1341 5101 1391 5152 in
1423 5099 1660 5174 pluribus
1681 5097 1994 5174 earumdem
2018 5099 2292 5174 cxetnpla-

703 5169 861 5231 r'ium.
889 5169 1284 5229 lvi-Corlieiensi
1313 5187 1411 5240 pro
1433 5171 1656 5223 humana
1686 5169 1880 5238 legitur
1909 5169 2288 5225 humanitatem.

777 5248 1060 5302 Extraneo.
1093 5243 1272 5298 Codex
1313 5246 1370 5297 S.
1402 5242 1662 5311 Arnulphi
1689 5243 1934 5294 extrario.

696 5365 699 5369 .
785 5321 1148 5389 Relinqnamns
1171 5315 1435 5370 Ecclesiae.
1453 5313 1598 5370 Idem
1627 5313 1816 5379 codex,
1853 5313 2105 5382 relinquat
2133 5315 2297 5369 eccle-

702 5396 796 5451 sia.

777 5465 866 5521 III.
897 5492 968 5502 -—
1007 5461 1184 5531 Longa
1210 5469 1354 5520 (etas.
1381 5457 1516 5531 Vide.
1537 5457 1960 5531 .obscrvationcs
1991 5455 2206 5531 Rigaltii
2229 5458 2297 5514 ad

705 5537 849 5592 hunc
908 5528 1267 5586 loemnXVide
1296 5531 1456 5586 etiam
1486 5529 1754 5584 Sirtnnndt
1787 5538 1943 5583 notas
1987 5528 2053 5582 ad
2101 5529 2294 5584 librum

705 5625 739 5663 χ
775 5605 1029 5662 Facundi.

779 5678 858 5729 Ad
887 5676 981 5727 hoc
1005 5675 1133 5728 renit
1153 5682 1202 5725 ut
1224 5674 1404 5728 discat.
1434 5672 1508 5725 lto
1537 5689 1645 5726 xvn
1674 5671 1794 5726 libri
1825 5672 1990 5726 nostri
2018 5681 2224 5725 veteres
2241 5680 2292 5725 et

707 5757 910 5806 septem
945 5743 1239 5807 Anglicani.
1261 5744 1444 5810 Neque
1472 5741 1702 5796 dubitari
1729 5751 1902 5810 potest
1919 5743 2045 5811 quin
2075 5743 2189 5797 hinc
2217 5744 2291 5796 le-

703 5813 813 5861 ctio
833 5811 902 5860 sit
927 5813 1146 5874 optima.

777 5874 1022 5926 Debemus
1049 5885 1321 5940 stuporem.
1367 5876 1481 5928 Duo
1511 5876 1630 5929 libri
1665 5888 1892 5942 veteres,
1927 5879 2163 5934 debemus
2189 5891 2288 5938 stu-

2399 4691 2522 4744 pore
2551 4675 2801 4730 Iiwreticis
2833 4677 3140 4742 patrocinari
3167 4676 3426 4731 haereticos
3448 4685 3492 4729 et
3514 4690 3780 4730 consensus
3806 4668 3950 4727 nostri.

2398 4755 2502 4799 etc.
2520 4745 2622 4800 Sex
2651 4746 2948 4814 Anglicani,
2971 4766 3069 4802 non
3092 4750 3328 4802 debemus
3346 4759 3606 4807 stuporem
3634 4745 3861 4800 liwreticis
3878 4756 3950 4807 pa-

2398 4817 2612 4871 trocinio
2641 4836 2914 4874 consensus
2939 4822 3119 4883 nostri,
3141 4837 3274 4884 cum,
3297 4831 3402 4873 etc.
3429 4818 3503 4872 Ita
3537 4821 3694 4873 etiam
3721 4819 3768 4870 in
3791 4832 3880 4868 uno
3902 4825 3949 4884 cl

2316 4879 2371 4938 D
2400 4891 2617 4963 nostris.
2653 4889 2927 4958 Stuporem
2949 4879 3246 4963 gentilitatis
3264 4879 3394 4946 dixit
3412 4890 3638 4944 Pontius
3659 4890 3890 4943 diacomts
3910 4883 3948 4934 iti

2400 4958 2519 5014 Vita
2550 4961 2824 5033 Cypriani.

2468 5053 2764 5110 Patrocinio
2784 5073 3078 5113 consensus.
3101 5055 3290 5112 Codex
3319 5057 3377 5113 S.
3400 5055 3683 5127 Arnulpbi,
3716 5046 3945 5124 patrocinii

2401 5135 2446 5179 et
2475 5144 2769 5182 consensus.

2475 5198 3006 5268 |V.—-«Quan'endum
3029 5219 3129 5256 non
3154 5203 3238 5255 sit.
3269 5200 3400 5257 Vide
3434 5200 3628 5256 librum
3651 5192 3879 5268 anonyini
3899 5189 3947 5242 de

2401 5268 2800 5340 Rebaptismate,
2832 5273 2966 5327 infra
2999 5289 3050 5343 p.
3084 5273 3211 5328 555.

2474 5367 2834 5435 Antliropiani.
2855 5367 3308 5423 Videaloctissiini
3336 5367 3434 5422 viri
3483 5367 3704 5422 Joannis
3731 5359 3944 5429 Baptism

2401 5435 2652 5494 Cotelerii
2683 5449 2832 5494 notas
2849 5439 2914 5493 ad
2935 5441 3126 5494 librum
3155 5449 3370 5494 sextum
3403 5438 3818 5493 Constitutionam
3841 5442 3941 5499 apo-

2401 5509 2715 5578 stolicnrum,
2743 5527 2861 5580 Cap.
2888 5513 2974 5569 10.

2476 5601 2649 5656 Gladii
2671 5620 2731 5656 ac
2761 5620 2950 5658 venena
3001 5605 3076 5659 Ita
3105 5605 3470 5672 reponendum
3513 5619 3633 5659 esse
3657 5598 3940 5672 censuimus.

2397 5673 2520 5741 quia
2550 5677 2623 5750 ita
2647 5677 2902 5750 scriptum
2938 5676 3236 5750 invenimus
3253 5681 3302 5729 in
3327 5677 3592 5750 tredecim
3611 5675 3750 5729 libris
3773 5676 3939 5750 nostra:

2397 5738 2668 5800 veteribus
2695 5738 2830 5799 et'in
2859 5758 3066 5815 septem
3097 5748 3616 5814 AnglicanisJiladii
3638 5757 3801 5800 autem
3829 5738 3941 5816 illic!

2395 5827 2598 5888 venena
2632 5819 2934 5871 referuntur
2987 5819 3054 5874 ad
3098 5818 3381 5874 haereticos
3413 5821 3530 5874 illas
3575 5826 3827 5888 tamquam
3852 5821 3940 5876 eP"

2390 5882 2561 5950 theta,
2591 5896 2646 5938 ut
2685 5903 2827 5954 επιξρο
2853 5889 2992 5958 apud
3021 5901 3263 5944 oratores
3290 5902 3341 5944 et
3371 5891 3667 5948 historicos.
