4216 6262
385 288 524 342 ’1115

1529 289 1616 344 DE
1659 290 2053 347 ΗίΕΙῖΕΊΊΟΙΞ
2085 291 2550 349 BAPTIZANMS.

3527 295 3665 352 1114

379 416 694 470 recensere,
728 401 849 471 quia
881 416 977 456 nec
1006 402 1237 456 delectat
1270 403 1318 456 id
1341 404 1520 459 dicere
1547 404 1687 473 quod
1720 415 1811 457 aut
1839 405 1966 459 hor-
2000 408 2048 467 A
2077 408 2307 462 cundum
2338 408 2581 463 eamdem
2605 407 2760 461 ﬁdem
2786 407 3041 479 consequi
3065 417 3115 461 et
3139 408 3394 480 Spiritum
3421 417 3666 463 sanctum

380 505 467 551 ret
490 507 584 550 aut
608 495 766 566 pudet
797 511 985 560 nosse,
1020 497 1086 551 de
1115 498 1384 553 Marciane
1415 500 1624 554 interim
1658 502 1795 568 solo,
1821 503 1974 572 cujus

381 591 588 645 mentio
636 591 684 643 in
716 591 938 658 epistola
970 606 996 642 a
1031 599 1084 645 te
1107 591 1173 645 ad
1208 608 1304 645 nos
1335 594 1643 647 transmissa
1680 592 1814 647 facta
1868 605 1970 661 est,

381 683 757 737 examinemus
780 698 846 735 an
875 685 1040 751 possit
1063 684 1397 753 baptismatis
1417 685 1534 755 ejus
1550 686 1685 739 ratio
1703 698 1966 744 constare.

382 774 643 829 Dominus
685 776 828 828 enim
862 787 980 844 post
1029 778 1482 833 resurrectionem
1525 778 1818 849 discipulos
1848 797 1974 835 suos

379 879 636 934 mittens,
672 870 1122 938 quemadmodum
1155 872 1425 940 baptizare
1471 872 1731 926 deberent
1775 875 1973 927 instru-

378 963 456 1018 xit
483 972 538 1016 ct
567 963 744 1018 docuit
782 975 806 1000 ει
831 965 1050 1020 dicens:
1087 964 1219 1020 Data
1249 977 1320 1021 est
1340 968 1462 1020 mihi
1493 970 1656 1022 omnis
1685 979 1904 1040 potestas
1922 970 1972 1024 in

379 1057 507 1111 caelo
543 1069 590 1111 et
620 1059 672 1111 in
703 1068 856 1121 terra.
890 1058 968 1112 Ite
993 1077 1112 1131 ergo
1144 1071 1189 1114 et
1213 1061 1386 1116 docete
1414 1075 1584 1133 gentes
1611 1082 1783 1118 onmes
1806 1067 1970 1135 bapti-

378 1163 552 1205 zantes
579 1150 606 1188 ι)
643 1169 730 1206 eos
761 1154 809 1205 in
835 1154 1038 1207 nomine
1069 1151 1238 1206 Patris
1260 1165 1304 1208 et
1337 1154 1460 1209 Filii
1476 1169 1522 1209 et
1555 1156 1781 1223 Spiritus
1811 1160 1972 1212 sancti

384 1242 599 1313 (Matth.
635 1261 824 1310 xxvnt,
869 1245 962 1307 18,
993 1244 1106 1314 19).
1146 1246 1379 1302 lusiuuat
1416 1250 1728 1306 Trinitatem
1752 1295 1765 1314 .
1817 1268 1974 1321 cuius

381 1345 723 1390 sacramento
774 1336 975 1392 Gentes
1032 1340 1453 1410 haptizarentur.
1514 1343 1782 1413 Numquid
1837 1345 1972 1400 hanc

379 1428 697 1485 Trinitatem
724 1432 955 1486 Μαι-ρίου
986 1434 1428 1506 tenet?nnmquid
1452 1439 1700 1492 eumdem
1731 1442 1924 1496 asserit
1945 1454 1965 1479 υ

377 1539 536 1592 quem
569 1533 623 1579 et
652 1543 749 1579 nos
779 1537 987 1596 patrem
1020 1530 1369 1584 creatorem?
1399 1529 1664 1598 Numquid
1722 1535 1971 1589 eumdem

378 1619 528 1672 novit
561 1619 724 1675 ﬁlium
750 1619 776 1658 ἀ
808 1619 1078 1676 Christum
1126 1623 1195 1678 de
1222 1623 1385 1678 Maria
1415 1627 1618 1696 virgine
1648 1637 1853 1694 natmo,
1882 1630 1972 1702 qui

381 1729 561 1767 sermo
586 1729 714 1769 earo
743 1715 913 1770 factus
944 1717 1032 1780 sit,
1053 1719 1141 1787 qui
1177 1728 1392 1788 peccata
1427 1733 1607 1774 nostra
1636 1726 1968 1792 portaverit,

2078 505 2282 574 potuit,
2313 515 2367 557 et
2415 521 2517 558 non
2553 514 2634 558 est
2663 518 2881 558 necesse
2908 504 2954 557 ei
2981 502 3215 557 venienti
3247 518 3462 558 manum
3493 503 3666 572 impo-

2079 599 2128 651 ni
2158 607 2214 651 ut
2237 597 2494 665 Spiritum
2520 608 2766 650 sanctum
2791 606 3166 666 consequatur
3192 607 3243 650 et
3273 597 3535 665 signetur.
3563 595 3670 650 Aut.

2079 702 2362 759 utrumque
2416 691 2555 743 enim
2608 689 2708 744 ﬁde
2781 705 2874 742 sua
2933 688 3119 742 foriss
3152 689 3406 756 (‘Onscqui
3458 689 3662 757 potuit,

2076 793 2169 837 ant
2199 793 2443 836 neutrum
2477 797 2664 836 eorum
2695 782 2780 851 qui
2814 781 2947 835 foris
2987 781 3157 834 fuerat
3187 782 3414 849 accepit.

2151 876 2240 930 VII
2306 876 2640 930 Manili-stum
2689 884 2968 928 estantem
3003 874 3091 928 ubi
3137 881 3191 928 et
3242 889 3336 943 per
3390 889 3524 944 quos
3575 889 3664 930 re-

2078 983 2237 1022 tnt-sa
2267 980 2606 1036 peccatorum
2635 967 2745 1020 dari
2773 983 2807 1037 p
2832 967 2974 1031 issit,
3006 984 3123 1034 qua.-
3169 967 3218 1019 in
3249 965 3522 1033 Baptismo
3563 967 3668 1021 sci-

2077 1060 2201 1115 licet
2255 1062 2430 1114 datur.
2476 1060 2605 1112 Nam
2657 1061 2812 1114 Petro
2865 1064 3093 1129 primum
3165 1059 3459 1124 Dominus,
3504 1075 3669 1131 super

2075 1171 2232 1224 quem
2262 1153 2889 1217 a-dilicavit'Ecclesiam,
2924 1161 2978 1206 et
3002 1153 3142 1207 unde
3164 1154 3381 1206 unitatis
3407 1153 3666 1223 originem

2077 1247 2302 1300 inStituit
2329 1257 2383 1298 et
2409 1245 2665 1309 oSIendit,
2687 1255 3005 1314 potestatem
3037 1246 3190 1299 istam
3221 1243 3364 1299 dedit
3393 1254 3449 1299 ut
3475 1244 3526 1298 id
3556 1244 3669 1298 sol-

2076 1348 2286 1393 veretur
2313 1338 2362 1392 in
2390 1339 2541 1394 cadis
2591 1340 2730 1407 quod
2763 1339 2849 1392 ille
2879 1337 3120 1392 solvisset
3154 1338 3203 1391 in
3235 1338 3408 1392 terris.
3446 1335 3510 1390 Et
3551 1343 3672 1405 post

2076 1436 2524 1488 resurrectionem
2550 1448 2763 1503 quoque
2785 1433 2849 1484 ad
2879 1432 3164 1501 Apo~tolos
3186 1431 3420 1498 loquitur
3440 1429 3665 1485 dicens:

2077 1527 2225 1581 Sicut
2254 1526 2382 1580 misit
2414 1542 2492 1578 me
2518 1524 2689 1586 Pater,
2714 1535 2760 1577 et
2791 1541 2881 1594 ego
2914 1529 3054 1576 mitto
3076 1540 3183 1576 vos.
3223 1521 3330 1575 Hoc
3360 1539 3474 1575 cmn
3502 1520 3669 1574 dixis-

2075 1628 2166 1684 set,
2213 1619 2475 1689 inspiravit
2497 1660 2508 1679 .
2533 1627 2580 1671 et
2601 1619 2670 1670 ait
2703 1617 2806 1671 illis
2833 1616 3096 1684 :Accipitc
3127 1615 3381 1681 Spiritum
3411 1625 3667 1668 sanctum.

2077 1712 2138 1766 Si
2167 1719 2316 1782 cujus
2347 1713 2640 1766 remiseritis
2668 1721 2905 1780 peccata,
2940 1713 3258 1764 remittemur
3286 1709 3398 1775 illi;
3449 1711 3494 1762 si
3521 1709 3670 1778 cujus

377 1808 466 1876 qui
517 1817 739 1862 mortem
788 1811 1068 1865 moriendo
1119 1813 1342 1880 vicerit,
1395 1815 1482 1882 qui
1516 1818 1964 1872 resurrectionem
1998 1812 2043 1872 Β
2071 1808 2363 1873 ωηαενίιὶδ,
2399 1805 2425 1842 ¹¹
2457 1807 2754 1860 tenebuntur
2782 1805 2922 1874 (10a.
2957 1822 3048 1869 xx,
3076 1804 3189 1875 21).
3225 1803 3382 1860 Unde
3413 1803 3668 1873 intelligi-

377 1904 563 1955 carnis
588 1920 680 1970 per
709 1907 1062 1975 semetipsum
1089 1909 1292 1977 primus
1322 1911 1632 1972 inittai'erit.
1663 1925 1711 1967 et
1741 1915 1974 1986 discipu-

377 1995 444 2048 lis
472 1999 586 2050 suis
604 1997 744 2066 quod
766 2000 814 2051 in
839 2000 1028 2054 eadem
1053 2017 1216 2056 carne
1237 2006 1618 2059 resurrexisset
1643 2009 1974 2063 ostenderit?

383 2088 564 2158 Longe
592 2091 693 2144 alia
725 2103 808 2145 Csl.
838 2094 978 2159 apud
1002 2095 1347 2163 Marcionem,
1378 2100 1470 2152 Sed
1504 2112 1556 2154 et
1585 2103 1721 2163 apud
1748 2116 1973 2159 cancros

375 2182 664 2237 lnrreticos
697 2185 846 2240 lides.
887 2187 1054 2241 Immo
1097 2189 1226 2242 nihil
1259 2203 1336 2245 est
1390 2192 1528 2262 apud
1558 2194 1674 2248 illos
1720 2196 1816 2248 nisi
1853 2212 1972 2265 per-

381 2275 505 2328 ﬁdia
537 2287 590 2330 et
621 2277 958 2347 bla~pbemia
1000 2291 1054 2334 et
1083 2286 1360 2338 contentio
1387 2287 1687 2340 sanctitatis
1721 2299 1742 2323 υ
1773 2299 1827 2342 et
1878 2305 1966 2344 ve.

373 2369 550 2422 ritatis
580 2370 812 2425 inimica.
846 2375 1130 2438 QUomodo
1159 2392 1287 2446 ergo
1312 2386 1488 2446 potest
1513 2380 1678 2434 videri
1712 2383 1798 2452 qui
1829 2385 1969 2452 apud

376 2459 499 2514 illos
538 2462 838 2531 baptizatur
882 2479 1206 2522 Consecutus
1249 2484 1368 2524 esse
1401 2487 1741 2540 peccatorum
1777 2478 1968 2530 remis-

372 2568 509 2620 sam,
536 2566 589 2610 et
620 2558 811 2611 divina:
843 2561 1186 2629 indulgentiae
1213 2567 1437 2634 gratiam
1483 2583 1576 2636 per
1604 2587 1753 2624 suam
1785 2571 1966 2639 ﬁdem,

371 2648 462 2718 qui
493 2649 658 2718 ipsius
705 2650 827 2706 ﬁdei
858 2670 962 2706 non
1023 2656 1270 2711 baimerit
1317 2659 1642 2714 renitatem?
1691 2664 1742 2717 Si
1783 2665 1967 2732 enim,

329 2748 333 2752 '
371 2741 512 2795 sicut
537 2743 857 2811 quibusdam
890 2735 1099 2802 videtur
1121 2793 1134 2811 ,
1165 2751 1457 2807 secundum
1490 2754 1649 2810 lidem
1675 2772 1822 2810 suam
1848 2759 1968 2826 quis

373 2837 620 2904 accipere
643 2838 842 2908 aliquid
877 2840 1008 2895 foris
1047 2852 1197 2896 extra
1249 2843 1544 2899 Ecclesiam
1596 2850 1804 2917 potuit,
1867 2853 1968 2905 uti-

371 2941 475 2996 que
508 2928 557 2982 id
584 2932 794 3000 acct-pit
824 2933 965 3000 quod
998 2935 1248 2989 credidit.
1293 2937 1505 2992 Falsum
1529 2951 1710 2995 autem
1741 2945 1968 2998 credens

370 3033 556 3073 verum
585 3021 832 3090 accipere
861 3041 964 3078 non
997 3027 1206 3095 potuit,
1254 3031 1345 3083 sed
1395 3042 1568 3099 potius
1625 3035 1864 3090 adultera
1912 3048 1970 3093 et

363 3114 589 3183 profana
614 3159 629 3180 ,
684 3119 979 3173 secundum
1023 3123 1164 3191 quod
1192 3125 1449 3179 credebat
1473 3170 1488 3192 ,
1517 3131 1749 3198 accepit.

2083 1889 2204 1956 nius
2237 1916 2341 1954 non
2375 1901 2474 1953 nisi
2516 1902 2566 1954 in
2600 1900 2833 1954 Ecclesia
2869 1899 3167 1969 pra'positis
3198 1911 3250 1952 et
3283 1904 3334 1952 in
3361 1897 3670 1967 evangelica

2079 1998 2193 2066 lege
2239 2012 2300 2052 ac
2331 1997 2597 2051 dominica
2631 1996 2969 2050 ordinatione
3012 1994 3243 2049 fundatis
3307 1994 3470 2048 licere
3500 1991 3672 2060 bapti-

2076 2106 2198 2144 zare
2227 2101 2279 2144 et
2309 2093 2588 2144 remissum
2623 2099 2959 2159 pereatornm
2989 2088 3117 2143 dare
3139 2131 3152 2151 ,
3187 2086 3316 2141 foris
3347 2102 3525 2141 antem
3570 2101 3671 2141 nec

2077 2184 2230 2253 ligari
2277 2183 2475 2254 aliquid
2508 2199 2664 2252 posse
2697 2198 2794 2237 uec
2839 2182 3009 2250 solvi,
3044 2181 3131 2236 ubi
3183 2197 3287 2235 non
3319 2183 3388 2235 sit
3437 2181 3524 2251 qui
3579 2188 3672 2233 aut

2076 2279 2246 2349 ligare
2275 2280 2442 2347 possit
2473 2277 2672 2348 aliquid
2706 2276 2716 2312 ί
2755 2289 2842 2330 am
2867 2277 3098 2331 solvere.

2148 2371 2285 2427 Vlll.
2327 2373 2436 2427 Nec
2482 2375 2610 2432 hoc.
2645 2371 2810 2426 frater
2837 2371 3176 2432 charissime,
3211 2376 3328 2424 sine
3375 2368 3668 2437 Scriptura:

2075 2468 2268 2522 divinm
2297 2468 2616 2522 auctoritate
2638 2467 3009 2536 proponimus,
3045 2463 3358 2518 utdicamus
3387 2472 3530 2518 certa
3551 2462 3668 2532 lege

2075 2577 2134 2614 ac
2162 2561 2374 2630 propria
2395 2560 2731 2614 ordinatione
2753 2558 3010 2613 divinitus
3032 2567 3222 2612 cuncta
3248 2573 3367 2611 esse
3384 2555 3663 2626 disposita,

2074 2670 2174 2709 nec
2203 2670 2358 2722 posse
2383 2669 2701 2724 quemquam
2755 2666 2939 2707 contra
2967 2653 3250 2722 episc0pos
3281 2652 3293 2700 i
3337 2661 3389 2703 et
3418 2649 3669 2704 Sacerdo-

2075 2756 2154 2801 tes
2187 2762 2446 2816 usurpare
2476 2746 2575 2799 sibi
2613 2746 2812 2814 aliquid
2863 2747 3004 2816 quod
3039 2761 3142 2798 non
3183 2745 3252 2798 sit
3299 2745 3378 2796 sui
3426 2743 3562 2813 juris
3613 2750 3668 2795 et

2076 2841 2372 2908 potestatis.
2405 2839 2537 2894 Nam
2566 2847 2619 2892 et
2640 2837 2818 2892 Cltore
2849 2847 2902 2892 et
2931 2838 3132 2892 Datltan
3162 2847 3215 2890 et
3245 2835 3443 2890 Abiron
3474 2841 3661 2887 contra

2072 2936 2287 3006 Moysen
2332 2944 2386 2989 et
2437 2939 2608 2988 Aaroo
2639 2934 2972 2989 sacerdotem
3001 2931 3337 2987 sacriﬁcandi
3366 2929 3465 2983 sibi
3501 2929 3665 2982 licen-

2073 3033 2198 3086 tiam
2243 3046 2507 3100 usurpare
2544 3030 2722 3083 conati
2747 3038 2905 3092 sunt;
2947 3043 3046 3082 nec
3073 3037 3246 3080 tamen
3295 3023 3438 3093 quod
3481 3022 3664 3077 illicite

2072 3126 2187 3179 ausi
2219 3134 2344 3178 sunt
2373 3127 2591 3194 impune
2624 3121 2885 3177 fecerunt.
2920 3121 2983 3174 Et
3011 3120 3101 3174 ﬁlii
3138 3120 3315 3173 Aaron
3338 3158 3350 3180 ,
3384 3117 3474 3186 qui
3531 3114 3664 3170 alic-

445 3209 528 3263 γι.
572 3210 744 3278 Quem
782 3213 956 3267 laeum
988 3215 1191 3282 profani
1223 3227 1276 3272 et
1307 3218 1532 3274 adulteri
1566 3221 1812 3290 baptismi
1842 3225 1956 3279 sulr
1993 3210 2036 3272 C
2073 3235 2199 3271 num
2234 3218 2409 3286 igni-in
2439 3217 2590 3270 altari
2626 3217 3029 3281 imposuerunt,
3061 3213 3112 3266 in
3157 3219 3447 3278 conspectu
3479 3207 3660 3262 Statim

369 3300 534 3356 tiliter
553 3301 852 3358 Hieremias
876 3307 1134 3376 propheta
1159 3311 1469 3382 perstringit
1495 3313 1710 3370 dicens:
1751 3317 1817 3372 Ut
1840 3319 1964 3389 quid

363 3396 451 3464 qui
477 3397 781 3480 contristant
813 3415 890 3451 me
933 3403 1250 3467 prtevalcnt?
1299 3402 1466 3472 Plaga
1498 3423 1607 3460 mea
1658 3409 1825 3464 solida
1856 3421 1961 3475 est,

363 3487 500 3540 unde
537 3490 795 3543 sanabor?
845 3489 982 3544 Dum
1019 3495 1107 3559 ﬁt,
1166 3495 1304 3563 facta
1351 3509 1423 3550 est
1474 3501 1596 3553 mihi
1627 3505 1774 3570 quasi
1831 3521 1964 3567 aqua

365 3580 589 3634 mendax
615 3597 716 3635 non
744 3583 934 3637 habens
966 3585 1118 3654 ﬁdem
1152 3587 1324 3659 (Hier.
1370 3607 1463 3655 xv,
1493 3593 1604 3662 18).
1640 3595 1960 3653 Mentionem

363 3673 493 3728 facit
523 3691 616 3744 per
650 3675 973 3746 Prophetam
1002 3681 1224 3752 spiritus
1253 3685 1483 3740 Sanctus
1508 3703 1660 3756 aqua:
1688 3693 1964 3748 mendacis

372 3779 426 3822 et
457 3769 614 3825 fidem
654 3788 761 3826 non
796 3773 1062 3828 habentis.
1095 3775 1225 3844 Qua}
1255 3788 1338 3832 est
1372 3780 1485 3833 hinc
1536 3799 1672 3851 aqua
1727 3787 1958 3842 memlax

363 3870 418 3915 et
443 3862 688 3930 perﬁda?
718 3863 912 3934 Utique
937 3881 1000 3920 ea
1029 3884 1148 3936 qua:
1179 3868 1423 3938 baptismi
1449 3873 1730 3940 imaginem
1765 3879 1960 3932 tiu-nti-

361 3963 449 4009 tur
479 3965 530 4009 et
558 3960 783 4027 gratiam
819 3957 939 4012 ﬁdei
971 3959 1287 4016 adumbrata
1319 3962 1336 3998 τ
1364 3965 1702 4022 simulatione
1733 3969 1959 4026 frustra-

360 4056 464 4101 tur.
491 4049 641 4115 Quod
669 4051 712 4103 si
735 4050 1032 4105 secundum
1056 4069 1270 4121 pravam
1303 4056 1458 4111 ﬁdem
1483 4058 1736 4127 baptizari
1769 4065 1961 4134 aliquis

360 4139 490 4195 foris
519 4153 568 4196 et
613 4144 892 4198 remissam
943 4157 1284 4214 peccatorum
1317 4152 1572 4221 consequi
1625 4157 1793 4222 potuit
1818 4199 1830 4220 ,
1865 4173 1952 4213 se-

2072 3311 2278 3366 Domini
2312 3310 2639 3380 indignantis
2666 3307 2691 3346 ¹ί
2725 3309 2947 3363 extincti
2987 3315 3128 3360 sunt.
3157 3305 3308 3374 Quod
3339 3301 3662 3373 supplirium

2069 3418 2247 3460 manet
2275 3421 2371 3460 eos
2403 3405 2490 3473 qui
2523 3405 2752 3457 alienam
2775 3418 2967 3472 aquam
2995 3400 3262 3468 baptismo
3292 3397 3529 3451 inferunt
3561 3395 3660 3449 lal-

2064 3517 2158 3563 so.
2188 3499 2204 3537 1
2246 3509 2303 3555 ut
2327 3499 2506 3554 divina
2538 3513 2766 3553 censura
2800 3496 3086 3549 ulciscatur
3114 3504 3168 3547 et
3201 3492 3435 3546 vindicet
3469 3489 3520 3544 id
3550 3489 3662 3544 ha!-

2068 3597 2264 3650 rctiros
2292 3603 2476 3666 contra
2511 3592 2808 3646 Ecclesiam
2854 3605 3040 3660 gerere
3071 3586 3212 3659 quod
3269 3601 3374 3642 non
3409 3585 3510 3639 nisi
3560 3584 3659 3640 soli

2071 3688 2234 3743 liceat
2259 3686 2534 3740 Ecclesiae.

2140 3779 2231 3834 IX.
2255 3779 2406 3846 Quod
2437 3788 2613 3832 autem
2638 3778 2820 3831 dicunt
2841 3777 3054 3845 quidam
3083 3775 3150 3830 de
3177 3775 3255 3829 eis
3285 3773 3376 3843 qui
3403 3773 3453 3824 in
3475 3771 3660 3826 Sama-

2069 3873 2144 3925 ria
2187 3871 2432 3941 baptizati
2465 3870 2702 3935 fuerant,
2749 3867 3156 3922 advenientibus
3185 3864 3444 3935 apostolis
3493 3863 3658 3917 Petro

2067 3977 2119 4021 et
2143 3965 2368 4026 Joanne,
2397 3974 2600 4017 tantum
2620 3978 2782 4030 super
2813 3977 2906 4014 eos
2936 3977 3148 4014 manum
3172 3959 3474 4027 impositam
3501 3971 3620 4010 esse
3639 3999 3654 4020 ,

2067 4064 2444 4130 utarcipereut
2473 4059 2730 4129 Spiritum
2779 4066 3021 4112 sanctum
3047 4097 3060 4116 .
3088 4054 3448 4122 rebaptizatos
3477 4061 3654 4103 tamen

2066 4175 2171 4213 non
2221 4174 2372 4222 esse,
2431 4159 2604 4210 locum
2656 4155 2814 4208 istum
2845 4163 2919 4218 ιη,
2965 4151 3129 4207 frater
3177 4148 3532 4210 charissitne,
3589 4143 3655 4197 ad

1562 4313 1943 4375 LECTIONES
1976 4320 2395 4378 VARIAN'I‘ES.

418 4451 454 4522 ᾖ
479 4448 680 4522 Instruit
706 4451 949 4522 elatiore}.
977 4450 1149 4499 dicens
1175 4451 1304 4502 Lam.
1345 4451 1491 4502 Ebor.
1520 4455 1627 4505 ΝΟ.
1672 4457 1718 4518 1,
1741 4456 1790 4507 2.
1821 4459 1944 4510 Bod.

356 4512 458 4671 ἶίἷ
464 4512 1158 4638 ’1331ρέηὲξὶῗὲὲέἭῗὲὲηιρδ
1193 4578 1322 4628 Lam.
1367 4576 1510 4628 Ebor.
1539 4580 1664 4630 Bod.
1692 4582 1736 4642 1,
1840 4587 1947 4635 NC.

355 4639 376 4688 1
428 4639 476 4686 ε.
1725 4639 1731 4642 ⁷

359 4675 972 4788 D’ACMNu'qiquidﬂeuimtlcm
990 4715 1140 4764 quem
1165 4709 1216 4751 et
1243 4716 1331 4752 nos
1355 4707 1486 4754 novit
1504 4707 1635 4756 Lam.
1665 4706 1790 4759 Bod.
1824 4711 1869 4771 1,
1897 4712 1945 4761 2.

351 4761 502 4813 Ebor.
532 4761 634 4813 Lin.
663 4765 769 4815 ΝΟ.
805 4764 846 4818 1,
872 4764 919 4811 '2.
1008 4761 1020 4764 “
1853 4761 1867 4771 ’

351 4887 389 4900 ᾗ
417 4825 443 4864 d
476 4827 908 4900 Entt‘ttletlt._l.letttti
948 4825 1097 4900 lilium
1147 4828 1268 4880 Iiod.
1308 4831 1356 4877 2.
1387 4829 1486 4882 Litt.
1518 4833 1622 4883 ΝΟ.
1655 4835 1700 4891 1,
1728 4833 1772 4883 2.
1795 4835 1941 4887 Elter.

349 4887 591 4940 Ellllldt‘lll
618 4891 748 4938 novit.
772 4888 921 4936 libttm
950 4889 1066 4939 Fab.

417 4956 440 4983 θ
477 4952 734 5003 Cuntentio
759 4954 982 5002 vanitatis
1006 4953 1129 5003 Rud.
1160 4955 1201 5003 l.

1975 4528 2028 4588 D

2122 4460 2142 4498 τ
2182 4465 2528 4515 Adumbralam
2552 4463 2864 4512 simulatione
2891 4460 3013 4511 Bod.
3040 4460 3087 4511 2.

2119 4529 2145 4590 ξ
2184 4528 2319 4577 Foris
2336 4529 2570 4590 consequi
2600 4526 2721 4576 Bod.
2751 4526 2798 4585 1,
2833 4523 2880 4574 ‘2.
2911 4525 3043 4573 Lam.
3072 4521 3214 4571 Ebor.
3245 4517 3351 4571 ΝΟ.
3377 4519 3424 4577 1,
3447 4517 3496 4566 2.

2120 4588 2148 4626 h
2190 4588 2518 4640 Detinueritis
2542 4590 2738 4639 Betti.
3171 4645 3179 4648 _
3232 4646 3239 4648 _
3296 4644 3318 4648 _
3551 4637 3598 4648 -.

2121 4652 2137 4690 ί
2181 4653 2357 4714 Ligare
2385 4655 2532 4716 possit
2555 4661 2636 4701 aut
2658 4653 2852 4703 solvere
2895 4652 3025 4700 Lam.
3075 4645 3196 4698 Ratl.
3225 4646 3268 4705 1,
3293 4644 3341 4694 2.
3369 4643 3512 4693 Ifbor.
3546 4642 3650 4691 Lin.
3739 4701 3741 4703 _

2055 4717 2163 4766 NG.
2199 4719 2239 4775 I,
2271 4717 2320 4766 2.

2119 4779 2132 4830 i
2178 4774 2350 4829 (latura
2376 4778 2667 4839 Ecclesiam,
2694 4778 2957 4842 Episcopos
2980 4774 3083 4824 Lin.

2117 4846 2142 4881 Ιε
2180 4842 2488 4906 indignantis
2510 4838 2864 4906 ptchussi'Litt.

2115 4909 2133 4946 1
2177 4904 2228 4953 In
2255 4902 2740 4967 Baptismo'olferunt
2764 4904 2906 4953 Ebor.
2932 4903 3046 4968 iNC‘.
3078 4902 3120 4968 1.
3156 4961 3176 4968 λ
3249 4959 3291 4968 Η

2110 4970 2148 4996 ¹¹²
2184 4957 2365 5018 Locum
2389 4971 2555 5026 istum,
2583 4969 2735 5018 lrater
2765 4969 2894 5016 Lam.
2922 4963 3048 5015 Bod.
3075 4964 3121 5021 1,
3148 4961 3194 5012 :2.
3242 4959 3340 5011 Lin.
3375 4964 3416 5011 Ν
3425 4961 3479 5009 C.
3506 4961 3554 5017 1,
3578 4957 3625 5006 2.

1597 5067 1840 5122 STEPH.
1886 5070 2155 5128 BALUZII
2203 5073 2432 5130 NOTE.

421 5183 486 5238 V.
510 5211 578 5222 -
607 5180 1016 5252 Baptizarentur.
1049 5179 1227 5235 Codex
1255 5185 1422 5237 sancti
1449 5183 1707 5251 Arnulpbi
1741 5183 1945 5253 tingue-

347 5265 541 5308 TENUIT.

421 5327 689 5380 Contentio
719 5324 1184 5378 sanctitatistcrtt
1203 5324 1392 5387 codex,
1427 5326 1680 5379 contentio
1706 5327 1946 5380 vanitatis

347 5399 514 5450 amica
533 5397 816 5448 alacritatis
836 5395 1061 5447 inimica.

422 5466 723 5522 \"l.-—-!"itle
737 5483 830 5517 sua
850 5468 975 5534 foris
1009 5467 1077 5517 Ita
1094 5466 1496 5519 emendavimus
1510 5475 1561 5518 et
1577 5466 1944 5534 supplevitnus

345 5555 410 5594 ex
436 5540 538 5591 ﬁde
581 5536 980 5605 (liﬂlllOl‘tlt-Ktilll
1024 5547 1259 5588 veterum
1306 5537 1687 5604 cxctnplariutn
1732 5550 1942 5591 uestro-

344 5626 462 5662 rum
491 5617 545 5660 et
574 5623 666 5660 sex
696 5606 1130 5675 Anglicanorutn,
1158 5616 1265 5659 tmn
1297 5608 1456 5660 etiam
1483 5624 1543 5660 ex
1570 5608 1802 5664 editione
1834 5611 1942 5663 Mu-

349 5680 506 5733 rellii.

418 5750 527 5804 VII.
555 5779 624 5789 —
668 5748 892 5803 Unitatis
947 5749 1213 5820 originem.
1236 5749 1506 5806 Unitatcm
1535 5752 1791 5808 Ecclesiae
1831 5752 1936 5807 fre-

343 5835 569 5894 quenter
589 5820 927 5877 commendat
947 5821 1269 5894 Cyprianus,
1292 5826 1591 5893 praesertim
1623 5826 1674 5881 in
1706 5825 1844 5881 libro
1873 5826 1936 5880 de

2059 5188 2103 5244 U
2110 5190 2269 5242 nitate
2295 5187 2553 5242 Ecclesia).

2131 5259 2607 5326 VllL—Usurpare
2629 5261 2819 5313 conati.
2835 5260 2907 5313 Ita
2931 5259 3097 5313 editio
3113 5257 3411 5312 Manuliana
3427 5266 3479 5310 et
3505 5255 3643 5310 duo-

2049 5330 2221 5384 decim
2271 5332 2389 5384 lihri
2425 5345 2653 5386 veteres.
2690 5336 2754 5384 At
2780 5331 3036 5384 Erasmus
3065 5340 3117 5383 «ιι
3149 5328 3421 5384 Murellius
3449 5339 3498 5380 et
3533 5335 3641 5380 tres

2052 5401 2170 5454 libri
2201 5413 2407 5456 veteres
2433 5402 2626 5457 habent
2659 5397 3142 5467 vintlictti'e,cbilcttt
3164 5415 3346 5457 Sensu.
3378 5397 3429 5452 In
3455 5398 3642 5452 codice

2049 5475 2216 5526 sancti
2248 5476 2524 5542 Arnnlphi,
2546 5475 2631 5526 ubi
2660 5475 3247 5543 legiturnsnrpatisunt.
3274 5470 3485 5524 additur
3509 5486 3640 5524 ausu

2048 5548 2311 5612 sacrilego.

2123 5615 2486 5669 lX.-—Locnm
2510 5619 2680 5670 istum.
2713 5617 2785 5670 De
2804 5633 2926 5669 vero
2958 5630 3116 5669 sensu
3139 5614 3410 5681 bujusloei
3436 5614 3638 5678 prolixe

2041 5687 2508 5815 disseziéJoanpgtsi
2531 5689 2777 5752 Dallaeus,
2811 5688 2899 5744 lib.
2921 5703 2977 5753 ιι,
2997 5689 3057 5741 de
3071 5685 3298 5742 Collibus
3313 5687 3631 5753 Latinorum,

2041 5777 2158 5815 ean.
2232 5799 2279 5815 ε.
2316 5777 2368 5815 υ.
2516 5801 2530 5813 .

2041 5777 2158 5830 cap.
2194 5777 2279 5828 η,
2315 5777 2368 5832 p.
2405 5777 2530 5815 too.
