4216 6262
594 241 731 302 1115

1513 255 1844 316 EPISTOLA
1883 257 1942 313 S.
1971 258 2289 318 CYPRIANI
2329 263 2422 320 AD
2460 264 2849 326 JUBAIANUM
2871 314 2886 339 ,

3750 283 3891 338 “16

594 370 913 430 praesentem
943 377 1160 434 causam
1195 365 1434 438 videmus
1462 369 1684 436 cumino
1744 387 1848 431 non
1896 375 2184 443 pertinere.
2217 381 2264 438 Α
2298 392 2435 444 mus,
2468 378 2556 449 qui
2589 395 2693 442 non
2737 383 2837 441 nisi
2881 399 3044 442 unum
3074 384 3347 448 Christum
3375 399 3428 443 et
3459 405 3618 444 unam
3647 392 3764 462 ejus
3797 395 3899 451 Ec-

590 453 670 524 llli
701 457 843 511 enim
879 459 967 527 qui
998 458 1049 522 iu
1078 457 1320 514 Samaria
1349 462 1696 520 crediderant
1727 465 1829 520 fide
1856 483 1980 521 vera
2009 470 2184 524 credi-

589 546 800 618 derant,
835 559 888 604 et
912 550 1053 604 intus
1086 551 1136 605 in
1172 551 1435 620 Ecclesia,
1467 572 1586 628 qure
1615 574 1717 612 una
1752 569 1854 628 est,
1885 571 1939 616 et
1973 562 2058 618 cui
2085 563 2185 618 soli

587 641 814 710 gratiam
840 650 864 678 α
883 642 1138 712 Baptismi
1168 644 1297 701 dare
1313 656 1367 702 et
1397 660 1610 717 peccata
1640 652 1852 708 solvere
1866 655 2186 722 permissum

587 744 700 795 est,
742 749 771 787 a
807 734 1058 808 Philippo
1086 739 1311 804 diacono
1340 783 1354 806 ,
1402 759 1558 816 quem
1617 744 1778 802 iidem
1820 750 2050 816 apostoli
2090 752 2187 805 mi.

587 837 800 898 serant,
844 828 1098 900 baptizati
1130 845 1305 890 etamt.
1341 835 1402 890 Et
1434 837 1636 892 idcirco
1661 842 1781 912 quia
1817 841 2109 912 legitimum
2133 855 2188 900 et

587 920 1015 978 ecclesiasticum
1048 923 1378 996 Baptismum
1405 933 1681 986 consecuti
1735 933 1974 996 fuerant.
2011 937 2183 1004 bapti-

586 1015 695 1074 zari
727 1032 821 1069 eos
849 1016 984 1071 ultra
1017 1034 1124 1073 non
1155 1024 1461 1090 Oportebat,
1491 1026 1584 1079 sed
1617 1030 1987 1084 tantummodo
2041 1033 2185 1100 quod

585 1106 794 1180 deerat,
830 1110 879 1172 id
904 1126 930 1162 a
953 1111 1112 1168 Petro
1134 1124 1187 1168 et
1215 1114 1421 1176 Joanne
1451 1118 1646 1174 factum
1675 1131 1778 1186 est,
1831 1133 1890 1176 ut
1937 1127 2186 1181 oratione

587 1219 686 1276 pro
731 1205 812 1264 eis
834 1203 860 1242 1³
895 1205 1073 1270 habita
1096 1250 1111 1274 ,
1145 1220 1196 1264 ct
1228 1227 1389 1268 manu
1437 1214 1686 1285 imposita
1760 1219 2102 1276 invocaretur
2132 1233 2186 1277 et

586 1297 964 1371 ittl‘utideretur
990 1317 1153 1378 super
1179 1321 1271 1360 eos
1302 1307 1535 1378 Spiritus
1575 1323 1814 1368 sanctus.
1857 1315 2009 1381 Quod
2043 1334 2185 1373 llllltC

585 1407 800 1464 quoque
827 1395 970 1466 apud
997 1412 1094 1454 nos
1119 1400 1344 1467 geritur,
1370 1413 1426 1456 ut
1454 1404 1540 1472 qui
1568 1405 1617 1458 in
1645 1406 1881 1480 Ecclesia
1910 1410 2186 1480 baptizan-

587 1493 705 1550 tur,
744 1487 1048 1556 praepositis
1077 1488 1334 1548 Ecclesiae
1362 1493 1690 1564 oﬂ‘orantur,
1724 1507 1779 1554 et
1822 1515 1916 1572 per
1943 1512 2183 1558 nostram

584 1578 883 1644 orationem
906 1595 969 1634 ac
1000 1596 1189 1638 manus
1215 1584 1610 1656 itnpositionem
1635 1590 1892 1664 Spiritum
1937 1604 2182 1660 sanctum

585 1685 985 1746 consequantur
1032 1686 1087 1730 et
1141 1677 1418 1750 signaculo
1484 1683 1756 1741 dominico
1800 1702 2183 1752 consummen-

585 1775 688 1822 ιυτ.

653 1860 723 1918 Χ.
765 1860 881 1920 Νοη
910 1873 991 1922 est
1015 1880 1166 1936 ergo,
1193 1866 1357 1926 frater
1374 1869 1717 1940 charissime,
1745 1875 1884 1944 quod
1913 1875 2184 1936 haereticis

581 1954 881 2020 cedendum
899 1957 1270 2022 existimemus
1297 1971 1352 2032 ut
1376 1963 1665 2036 Baptisma,
1682 1968 1823 2038 quod
1854 1985 1958 2029 non
1979 1972 2182 2032 nisiuni

579 2056 635 2102 et
655 2048 756 2112 soli
782 2049 1037 2108 Ecclesia:
1064 2053 1247 2110 datum
1277 2057 1366 2121 sit,
1388 2059 1720 2139 prodendum
1749 2072 2014 2134 putemus.
2047 2065 2184 2125 Boni

584 2143 771 2200 militis
798 2153 882 2199 est
913 2144 1174 2212 adversus
1197 2150 1428 2212 rebelles
1455 2164 1507 2210 et
1540 2152 1724 2209 hostes
1744 2156 2080 2227 impetatoris
2101 2161 2180 2215 sui

579 2246 756 2290 castra
803 2236 1114 2293 defendere.
1164 2239 1397 2304 Gloriosi
1433 2242 1588 2300 ducis
1614 2256 1696 2302 est
1743 2251 2031 2308 commissa
2077 2253 2181 2307 sibi

579 2331 730 2403 signa
757 2346 995 2396 servare.
1030 2335 1297 2407 Scriptum
1321 2349 1434 2398 est:
1463 2339 1710 2408 Dominus
1735 2342 1878 2399 Deus
1907 2357 2022 2410 tuus
2046 2347 2182 2404 Deus

580 2421 754 2480 zelans
780 2433 852 2481 est
880 2423 1056 2483 (Deut.
1099 2443 1172 2493 tv,
1202 2427 1433 2498 24).Qui
1456 2433 1704 2502 spiritum
1728 2435 1819 2490 Dei
1847 2439 2173 2512 accepimus,

583 2515 757 2577 zelum
791 2515 985 2572 divinae
1016 2517 1138 2574 ἢεί(ιὶ
1171 2519 1372 2578 habere
1407 2523 1692 2584 debemus.
1731 2529 1847 2595 Quo
1905 2533 2020 2592 zelo
2052 2515 2177 2589 Phi-

583 2623 712 2676 nees
749 2609 968 2682 placuit,
1000 2623 1053 2668 et
1085 2614 1248 2669 Deum
1280 2621 1604 2686 promeritus
1633 2622 1958 2694 indignantis
1991 2636 2010 2664 ο
2045 2628 2175 2682 iram

581 2701 782 2784 populo
815 2709 1073 2774 pereunte
1100 2708 1304 2764 lenivit.
1337 2709 1474 2778 Quid
1506 2713 1806 2781 adulteram
1836 2727 1889 2772 et
1919 2719 2178 2792 alienige-

583 2807 704 2856 nam
730 2792 756 2832 ἀ
779 2804 833 2852 et
857 2795 1051 2854 divinae
1073 2800 1289 2860 unitatis
1311 2803 1580 2870 inimicam
1610 2808 1661 2881 in
1684 2821 1958 2880 acceptum
1989 2811 2176 2866 referi-

2291 470 2507 525 clesiam
2543 474 2834 530 novimus?
2866 477 3106 534 Ecclesia
3137 480 3367 550 paradisi
3393 483 3559 540 instar
3586 487 3897 556 exprimens

2271 563 2511 619 Iarbores
2535 566 2841 630 fructiferas
2865 571 3002 628 intra
3035 589 3218 634 muros
3238 588 3366 630 suos
3395 576 3535 641 intus
3555 579 3802 649 includit,
3830 597 3896 638 ex

2289 657 2482 725 quibus
2511 675 2630 729 qua:
2661 676 2765 716 non
2800 663 2926 717 facit
2957 665 3190 722 fructum
3217 667 3415 722 bonum
3461 671 3729 728 exciditur
3754 685 3807 729 et
3843 677 3896 732 in

2289 748 2464 819 ignem
2496 755 2744 812 mittitur.
2771 756 2876 814 Has
2896 759 3120 818 arbores
3149 762 3282 833 rigat
3310 765 3896 837 quatuortluminibus,

2291 843 2340 898 id
2369 856 2479 912 est,
2514 851 2809 920 evangeliis
2839 869 3090 921 quatuor,
3124 856 3317 927 quibus
3348 857 3606 930 Baptismi
3660 864 3895 932 gratiam

2289 939 2543 996 salutaris
2595 944 2805 1000 cmlesti
2849 946 3203 1004 inundatione
3235 950 3478 1022 largitur.
3513 952 3782 1026 Numquid
3823 956 3898 1013 de

2290 1031 2548 1088 Ecclesiae
2601 1035 2836 1092 fontibus
2866 1042 3036 1110 rigare
3076 1052 3255 1116 potest
3301 1044 3388 1113 qui
3440 1055 3581 1100 totus
3612 1048 3664 1101 in
3694 1047 3898 1105 Eccle-

2288 1125 2364 1180 sia
2415 1142 2518 1180 non
2552 1127 2688 1182 est?
2744 1130 3006 1200 Numquid
3065 1136 3293 1203 paradisi
3350 1148 3506 1204 potus
3562 1140 3808 1197 salubres
3837 1153 3899 1199 et

2289 1218 2555 1273 salutares
2588 1220 2866 1290 impertire
2896 1225 3146 1298 cuiquam
3177 1239 3350 1296 potest
3385 1231 3474 1299 qui
3525 1247 3815 1304 perversos
3840 1246 3902 1291 et

2289 1324 2317 1362 a
2346 1315 2637 1385 semetipso
2677 1315 2962 1374 damnatus
2984 1329 3037 1374 et
3064 1331 3212 1386 extra
3243 1324 3477 1392 paradisi
3525 1325 3704 1382 footes
3744 1328 3895 1384 rele-

2288 1418 2443 1476 gatus
2473 1409 2613 1462 aruit
2634 1421 2919 1466 etatterna:
2943 1413 3062 1472 sitis
3090 1415 3334 1472 siccitate
3366 1415 3606 1472 defecit?

2362 1497 2453 1554 XI.
2501 1501 2707 1556 Clamat
2736 1504 2991 1574 Dontinus
3021 1515 3076 1559 nt
3102 1507 3191 1576 qui
3224 1509 3336 1561 sitit
3363 1511 3616 1565 veniatet
3647 1511 3794 1567 bibat
3825 1513 3897 1569 de

2289 1591 2602 1648 fluminibus
2629 1611 2782 1664 aqua:
2815 1597 2946 1650 \‘thB
3000 1613 3117 1670 qum
3149 1599 3216 1655 de
3252 1600 3370 1669 ejus
3400 1611 3589 1657 ventre
3617 1602 3898 1660 fluxerunt

2290 1682 2466 1755 (Joan.
2504 1703 2594 1754 vn,
2629 1688 2745 1758 57).
2777 1689 2894 1758 Quo
2925 1700 3182 1746 venturus
3213 1703 3296 1747 est
3324 1695 3412 1766 qui
3460 1695 3600 1759 sitit,
3635 1707 3897 1754 utrumne

2223 1786 2270 1852 Β
2298 1777 2362 1830 ad
2395 1779 2694 1848 lta'rcticos,
2730 1783 2816 1835 ubi
2844 1779 2963 1838 fons
2980 1794 3034 1838 et
3057 1783 3250 1840 fluvius
3277 1803 3430 1858 aqum
3459 1789 3635 1848 vitalis
3663 1791 3896 1846 omnino

2290 1885 2394 1924 non
2422 1883 2523 1936 est,
2552 1889 2617 1926 an
2646 1873 2710 1928 ad
2743 1873 3041 1930 Ecclesiam
3066 1920 3080 1944 ,
3113 1894 3232 1956 qua:
3260 1896 3360 1933 una
3394 1890 3477 1934 est
3503 1897 3667 1950 super
3691 1899 3887 1952 unum,

2287 1961 2376 2032 qui
2410 1973 2460 2018 et
2489 1964 2673 2019 claves
2702 1965 2820 2036 ejus
2842 1970 3072 2042 accrpit,
3098 1970 3308 2023 Domini
3341 1987 3475 2025 voce
3505 1972 3721 2032 fundata
3757 1985 3840 2030 est
3866 1977 3892 2030 ‘2

2289 2053 2414 2109 Haec
2441 2066 2524 2111 est
2556 2073 2658 2110 una
2689 2075 2808 2129 qua!
2843 2069 2989 2114 tenet
3018 2070 3072 2116 et
3099 2061 3338 2134 possidet
3359 2078 3572 2118 omnem
3597 2068 3782 2142 sponsi
3806 2068 3894 2122 sui

2285 2159 2340 2201 et
2366 2146 2563 2202 domini
2594 2161 2935 2220 potestatem.
2963 2152 3018 2207 ln
3047 2155 3145 2209 hac
3175 2155 3547 2224 przesidemus,
3568 2173 3664 2227 pro
3712 2159 3888 2214 hono-

2287 2259 2345 2297 re
2377 2255 2398 2279 θ
2429 2244 2544 2314 ejus
2571 2257 2729 2317 atque
2759 2250 2962 2304 unitate
3015 2267 3348 2321 pugnamus,
3384 2251 3542 2322 hujus
3584 2265 3633 2306 et
3659 2255 3888 2323 gratiam

2287 2336 2487 2405 pariter
2514 2347 2567 2390 et
2589 2338 2812 2410 gloriam
2849 2339 2990 2396 lideli
3019 2340 3306 2397 deVotione
3338 2339 3360 2377 ί
3392 2343 3754 2400 defendimus.
3777 2345 3893 2407 Nos

2282 2423 2351 2480 de
2381 2426 2562 2482 divino
2593 2430 2853 2500 permissu
2891 2433 3124 2502 rigamus
3157 2434 3428 2490 sitientem
3463 2436 3552 2491 Dei
3601 2436 3888 2508 populum,

2284 2536 2382 2574 nos
2411 2525 2746 2579 custodimus
2797 2528 3058 2582 terminos
3115 2530 3352 2586 vitalinm
3385 2531 3633 2586 fontium.
3666 2534 3721 2586 Si
3761 2548 3894 2602 pos—

2279 2616 2537 2672 sessionis
2560 2634 2689 2690 ergo
2721 2630 2744 2667 Β
2770 2629 2964 2675 nostra:
2988 2622 3078 2690 jus
3100 2632 3345 2678 tenemus
3365 2668 3380 2692 ,
3410 2626 3452 2681 si
3482 2637 3886 2686 sacramentum

2282 2710 2503 2765 unitatis
2552 2715 2930 2781 agnoscimus,
2963 2731 3060 2770 cur
3110 2719 3559 2786 praevaricatores
3605 2720 3882 2789 veritatis,

2281 2821 2377 2860 cur
2410 2807 2712 2876 proditores
2743 2810 2960 2864 unitatis
3008 2811 3417 2868 existimamur?
3443 2816 3474 2858 1*
3504 2814 3658 2886 Aqua
3689 2813 3886 2874 Eccle-

1801 2967 2186 3026 LECTIONES
2227 2967 2645 3024 VARIANTES.

643 3070 670 3140 ξ
705 3069 870 3140 Gratia
895 3079 972 3123 est
995 3074 1221 3138 baptismi
1244 3077 1353 3140 data
1378 3080 1510 3130 Lam.
1539 3080 1649 3132 ΝΟ.
1677 3081 1721 3130 1.
1752 3082 1877 3135 Bod.
1903 3082 1948 3132 2.

637 3127 669 3198 ξ’
701 3133 933 3198 gratione
956 3127 1106 3198 super
1147 3127 1234 3189 eos
1261 3127 1361 3191 'Lin.

639 3196 663 3226 ⁸
700 3194 760 3248 Ει
791 3197 977 3254 Domini
1006 3194 1092 3264 pro
1109 3205 1288 3253 merito
1311 3205 1609 3267 indignantis
1635 3207 1755 3256 iram
1788 3207 1892 3259 Litt.
1921 3209 2029 3260 ΝΟ.
2055 3212 2101 3260 2.

640 3255 666 3294 ἀ
705 3257 827 3320 Quid
854 3259 1071 3312 adultera
1100 3273 1150 3313 et
1175 3264 1334 3315 aliena
1360 3277 1412 3316 et
1453 3268 1630 3318 divina:
1664 3273 1863 3322 unitatis
1902 3273 2097 3322 inimica
2122 3273 2166 3322 in

642 3287 666 3294 -
705 3287 827 3320 quid
854 3287 1071 3312 auum-.rat
1100 3287 1150 3313 et
1175 3287 1334 3315 aumtzt
1360 3287 1412 3316 et.
1453 3287 1630 3318 unum:
1664 3287 1863 3322 ttltltatls
1902 3287 2082 3322 tutmtc:

575 3330 826 3394 acceptum
855 3322 1148 3384 perferimus
1173 3327 1307 3377 Lam.
1335 3329 1476 3380 Ebor.
1506 3329 1630 3381 Bod.
1664 3334 1711 3382 2.
1740 3335 1789 3384 Ν
1795 3333 1848 3384 (Ὺ.
1876 3335 1922 3384 1.
1957 3333 2078 3385 Tltn.

641 3385 665 3415 °
699 3383 761 3436 ιι
785 3398 874 3443 pro
898 3385 1085 3443 honore
1111 3391 1236 3442 Bod.
1263 3393 1312 3443 2.

785 3398 874 3448 pro
898 3398 1085 3444 nouere
1111 3398 1236 3442 Had.
1263 3398 1312 3443 2.

2338 3080 2358 3119 ΐ
2399 3081 2538 3133 Fidei
2564 3085 2745 3135 virtute
2766 3088 2922 3139 Oxon.
2949 3086 3091 3141 Fidei
3116 3089 3299 3141 devote
3327 3092 3448 3141 Bod.
3476 3094 3523 3142 1.
3550 3091 3707 3143 Fideli
3732 3095 3889 3146 dero-

2273 3147 2404 3214 tione
2435 3146 2632 3214 804.2.
2658 3151 2794 3214 Lam.
2827 3149 2966 3200 Ebor.
2995 3153 3176 3202 Bened.
3209 3151 3314 3204 Lin.
3344 3154 3450 3205 ΝΟ.
3482 3154 3528 3214 1,
3554 3159 3600 3206 2.
3630 3155 3768 3207 Fidei
3788 3155 3885 3208 de-

2195 3187 2239 3248 C
2273 3187 2632 3276 nassam:
2657 3187 3191 3276 ἔῖἅεῖὶίῖξῖίιὲιῖῖνὸῖἑϊ.

2305 3265 2309 3270 ’
2336 3267 2366 3336 ρ
2402 3273 2452 3336 Si
2479 3286 2599 3334 ergo
2625 3265 2946 3336 possessionis
2972 3265 3251 3330 Ebor.’N0.
3282 3282 3326 3329 1.

2335 3332 2364 3374 ιι
2404 3332 2891 3386 ὕηίῐθὶίεδκῑίῐίιηιιε
2919 3340 3051 3389 Lam.
3098 3338 3200 3391 Litt.
3245 3341 3389 3393 Ebor.
3433 3343 3541 3394 NC.
3591 3346 3635 3395 1.
3676 3344 3799 3396 Bod.
3826 3349 3880 3396 2.

2272 3395 2543 3455 Existimus
2564 3398 2688 3449 Bod.
2733 3402 2779 3452 1.
2811 3399 2936 3450 Tltu.

1800 3521 2042 3578 STEPH.
2087 3525 2170 3581 BA
2180 3526 2359 3584 LUle
2397 3527 2625 3584 NOTAE.

648 3625 964 3706 Prwpositis.
987 3629 1133 3706 Hanc
1160 3632 1465 3700 lectionem,
1497 3652 1655 3706 quam
1687 3636 1864 3696 inveni
1897 3640 1948 3698 in
1977 3643 2150 3696 omni-

575 3700 676 3778 bus
702 3703 933 3772 antiquis
954 3704 1291 3778 coitionibus
1323 3719 1376 3760 et
1428 3709 1476 3761 in
1516 3700 1756 3778 'quatuor
1783 3711 1932 3764 libris
1961 3716 2158 3768 veteri-

575 3771 811 3848 bus,ego_
834 3774 1061 3842 prmfero
1084 3775 1132 3831 ei
1160 3792 1277 3848 qua-
1299 3795 1327 3832 a
1356 3771 1588 3834 Pamelio
1612 3781 1769 3836 allata
1796 3793 1878 3837 est
1908 3801 1971 3842 ex
2002 3788 2158 3840 unico

571 3843 758 3922 codice
786 3845 1104 3922 Anglicano,
1139 3843 1190 3903 in
1218 3865 1324 3918 quo
1362 3851 1618 3920 scriptum
1651 3863 1766 3907 erat
1797 3872 1884 3922 per
1915 3859 2160 3922 prmposi-

574 3924 666 3970 tos.
701 3916 870 3982 Quam
903 3921 1205 3986 lectionem,
1238 3916 1303 3976 ne
1346 3916 1484 3993 quid
1519 3916 1873 3992 dissimulent,
1904 3916 2163 3984 exhibent

572 4003 764 4042 novem
795 4000 972 4044 vetera
1002 3993 1351 4060 exemplaria.

643 4079 932 4147 X.—Quid
958 4085 1262 4139 adulteram.
1289 4085 1486 4140 Novem
1517 4088 1637 4144 libri
1672 4090 1838 4144 nostri
1874 4101 2082 4146 veteres
2109 4101 2164 4146 et

572 4164 802 4228 quatuor
831 4156 1106 4216 Anglicani
1140 4158 1462 4226 praeferunt:
1499 4160 1636 4228 Quid
1668 4161 1898 4215 adultera
1928 4178 1973 4216 et
1995 4165 2163 4218 aliena

571 4235 617 4278 et
646 4227 833 4279 divina:
863 4229 1074 4281 unitatis
1102 4231 1307 4282 inimica
1336 4233 1388 4284 in
1433 4227 1692 4299 acceptum
1744 4235 2006 4303 referimus
2033 4237 2057 4288 Σ)
2087 4236 2161 4289 Ita

572 4297 832 4378 etiamin
869 4301 1176 4378 Anglicano
1194 4317 1291 4354 suo
1322 4303 1531 4378 legebat
1552 4297 1862 4359 ’Pamelius.
1909 4307 2014 4362 Sed
2044 4309 2164 4378 qui-

571 4367 694 4421 dam
715 4369 835 4423 iibt'i
867 4367 1076 4425 veteres
1097 4374 1292 4426 ltabcnt
1320 4367 1565 4428 veritatis.

2330 3643 2511 3726 ϐίαι·εεῖ
2538 3648 2750 3726 «carpit.
2803 3647 3030 3704 Sanctus
3057 3649 3418 3718 Columbanus
3453 3655 3503 3715 in
3539 3655 3777 3726 Epistula
3803 3661 3878 3716 ad

2263 3734 2452 3788 papam
2470 3716 2796 3792 Bonifacium
2827 3738 2948 3775 eum
2983 3732 3163 3776 monet
3191 3736 3248 3776 ut
3270 3716 3360 3795 qui
3392 3716 3660 3796 l’etri.qui
3692 3734 3876 3784 claves

2260 3792 2489 3860 accepit,
2510 3806 2792 3846 successor
2809 3803 2909 3856 est,
2927 3809 2989 3847 ea
3013 3792 3444 3862 potestate'bene
3471 3792 3687 3853 utatur:
3713 3800 3877 3854 Tam-

2263 3861 2362 3937 diu
2382 3863 2546 3929 enim,
2579 3865 2771 3933 inquit,
2804 3861 3022 3937 potestas
3051 3868 3192 3935 apud
3228 3883 3313 3921 vos
3336 3871 3432 3923 erit
3458 3873 3705 3937 quamdiu
3734 3886 3879 3927 recta

2265 3935 2396 3988 ratio
2438 3937 2791 4011 permanserit.
2832 3935 3096 4011 illectum
3131 3948 3294 3992 certus
3321 3935 3732 4011 regni'cmlorum
3757 3945 3878 3998 cla-

2267 4005 2559 4086 vicularius_
2579 4019 2651 4060 est
2682 4009 2784 4086 qu_i_
2807 4008 3096 4086 dignisper
3137 4027 3305 4086 veram
3335 4005 3594 4086 scientiam
3630 4017 3791 4086 aperit
3821 4028 3873 4070 et

2266 4077 2490 4148 indignis
2512 4077 2722 4131 claudit.
2744 4079 2868 4134 Hmc
2900 4077 3214 4134 insinuanda
3245 4092 3370 4136 sunt
3409 4077 3684 4140 Romanis:
3718 4085 3871 4141 Multi

2267 4150 2409 4223 enim
2442 4149 2662 4223 Romani
2711 4149 2996 4208 Pontiﬁct's
3028 4152 3094 4206 ab
3139 4153 3237 4206 hac
3267 4157 3450 4223 regula
3479 4158 3870 4212 discesserunt.

2267 4219 2383 4296 l-lttc
2413 4221 2600 4296 referri
2640 4231 2862 4296 possunt
2891 4239 3009 4296 qua:
3053 4224 3121 4277 de
3163 4223 3305 4278 Petri
3331 4219 3616 4296 privilegio
3649 4227 3872 4284 di~scrit

2266 4291 2554 4368 Mat-calin.
2577 4309 2631 4348 tv
2654 4294 2715 4348 de
2743 4293 3049 4360 Concordia,
3075 4309 3192 4365 cap.
3223 4295 3276 4362 6,
3302 4291 3356 4352 et
3383 4313 3500 4368 quae
3525 4291 3621 4353 nos
3644 4299 3751 4354 illic
3771 4317 3872 4355 an-

2269 4364 2594 4418 notavimus.

645 4459 877 4557 Egclesia
905 4464 1130 4557 paradisi
1148 4464 1569 4557 iu's‘tarﬁauclus
1588 4468 2052 4557 Augustiuustlil).
2081 4487 2151 4532 IV.
2181 4475 2234 4535 D
2339 4482 2464 4557 Haec
2490 4494 2578 4539 est’
2598 4501 2719 4538 una.
2745 4483 2938 4557 Refert
2966 4484 3108 4539 hunc
3139 4485 3334 4557 locum_
3347 4497 3572 4542 sanctus
3604 4488 3868 4557 Augusti-

572 4531 634 4609 de
682 4532 946 4609 Baptisnto
991 4545 1165 4609 contra
1194 4533 1642 4609 Donatistasdiap.
1670 4531 1726 4601 Ῑ,
1756 4541 1974 4606 exponit
2002 4531 2156 4609 para;

571 4603 841 4672 pltrastice
871 4606 1010 4663 hunc
1041 4607 1237 4674 locum,
1263 4617 1316 4663 et
1347 4610 1452 4661 ait:
1492 4603 1719 4662 Ecclesia
1754 4603 1990 4670 paradiso
2003 4603 2158 4676 com-

572 4687 754 4745 paratu
778 4676 967 4729 indicat
1010 4678 1152 4731 nobis
1180 4696 1324 4746 posse
1368 4680 1570 4748 quidem
1602 4683 1710 4751 ejus
1732 4681 2037 4742 baptismum
2061 4685 2157 4738 lto-

573 4747 733 4799 mines
750 4749 897 4800 etiam
931 4751 1055 4817 foris
1085 4747 1440 4818 accipere,sed
1466 4747 1645 4805 salutis
1667 4753 2024 4809 beatitudinem
2066 4774 2157 4811 ca:-

573 4828 653 4890 tra
681 4833 791 4870 eum
817 4821 1064 4873 neminem
1099 4823 1174 4875 vel
1199 4823 1456 4890 percipere
1480 4823 1557 4878 vel
1577 4833 1761 4878 tenere.
1785 4822 1848 4878 Et
1877 4824 2054 4881 addit:
2073 4828 2158 4882 Ita

573 4889 631 4958 ﬁt
664 4900 717 4941 ut
743 4906 857 4942 cum
882 4894 1106 4960 paradisi
1131 4889 1266 4962 aqua
1291 4895 1351 4946 sit
1382 4904 1524 4948 extra
1552 4895 1868 4960 paradisum,
1905 4896 2158 4953 beatitudo

574 4970 742 5039 (ginem
770 4978 870 5015 non
899 4967 962 5016 sit
997 4965 1095 5018 nisi
1119 4965 1252 5017 intra
1291 4965 1606 5039 intraturum.
1635 4967 1724 5021 Sic
1753 4984 1870 5037 ergo
1910 4970 2162 5039 baptisma

574 5030 824 5087 Ecclesia:
841 5046 998 5100 potest
1019 5052 1126 5089 esse
1138 5050 1279 5089 extra
1293 5030 1598 5101 Ecclesium,
1623 5030 1986 5094 munusvautmi
2005 5043 2163 5098 beata:

573 5105 689 5180 v_itte
710 5123 810 5180 non
836 5107 934 5159 nisi
973 5109 1108 5160 intra
1143 5107 1425 5180 Ecclesium
1453 5111 1724 5180 reperitur.
1750 5111 1884 5167 Vide
1917 5114 2052 5170 infra
2093 5115 2162 5169 ad

578 5175 874 5246 EpiSIolam
906 5194 1064 5233 Lxxv.
1092 5179 1166 5232 Ab
1197 5197 1329 5250 aqua
1358 5175 1545 5236 aliena.

566 5299 606 5349 -_
650 5267 940 5349 Exciditur.
966 5271 1036 5324 Ita
1067 5272 1331 5349 editiones
1361 5273 1576 5329 Manutii
1601 5288 1652 5328 et
1673 5277 1893 5334 Morellii
1925 5289 1976 5334 et
2006 5281 2165 5349 quin-

575 5339 749 5394 decim
783 5343 906 5396 ltbri
953 5357 1181 5397 veteres.
1218 5345 1317 5398 Alii
1349 5355 1461 5400 tres
1486 5357 1539 5400 et
1565 5349 1818 5404 Erasmus
1847 5339 2044 5407 habent
2073 5370 2166 5408 ca:-

576 5412 774 5487 cidetur
805 5423 851 5487 et
894 5416 946 5467 in
981 5417 1148 5484 ignem
1192 5421 1432 5470 mittetur.
1464 5417 1746 5487 Fuxensis,
1784 5426 2014 5478 exuritur
2043 5437 2088 5478 et
2117 5427 2171 5481 in

576 5485 740 5555 ignem
769 5485 999 5538 mittitur.

651 5555 912 5636 ._Snl_utaris
942 5557 1150 5612 cazlcsti.
1176 5557 1358 5614 Codex
1399 5563 1568 5616 sancti
1599 5563 1858 5634 Arnulplti
1885 5569 2101 5636 salutari
2126 5578 2172 5622 et

575 5628 779 5680 cwlesti.

657 5696 744 5748 XI.
782 5698 1052 5776 figit-per
1101 5701 1365 5776 unum._ld
1387 5715 1470 5759 est
1498 5719 1660 5776 super
1685 5706 1922 5763 Petrum.
1959 5710 2092 5767 Vide
2115 5711 2177 5766 li-

587 5761 738 5816 brqu
773 5767 834 5819 de
861 5761 1068 5820 Unitate
1095 5769 1355 5822 Ecclesiae.

2266 4571 2386 4624 nus,
2423 4556 2513 4611 lib.
2545 4571 2626 4618 tv.
2655 4556 2722 4612 de
2743 4556 3017 4628 Baptismo
3039 4558 3282 4614 adversus
3304 4555 3626 4626 Donatistas,
3656 4555 3777 4629 cap.
3806 4563 3865 4618 1.

2339 4647 2510 4703 Fideli
2563 4651 2842 4704 devotione.
2886 4649 2960 4703 Ita
2991 4650 3267 4718 posuimus
3296 4665 3394 4720 pro
3421 4666 3488 4705 eo
3517 4651 3659 4720 quod
3698 4661 3863 4708 antea

2266 4721 2539 4784 legebatur
2563 4721 2681 4788 ﬁdei
2710 4722 2908 4775 virtute.
2939 4722 3078 4776 Sane
3111 4722 3161 4774 in
3195 4722 3384 4776 codice
3427 4723 3747 4778 Corbeionsi
3781 4724 3864 4778 le-

2264 4794 2404 4862 gitur
2434 4792 2552 4860 [ῖάεὶ
2591 4794 2795 4852 rirtute.
2831 4794 2881 4846 in
2934 4793 3102 4864 tribus
3135 4793 3254 4847 aliis
3285 4794 3403 4859 ﬁdei
3431 4796 3716 4848 devotione.
3743 4795 3866 4864 [Sed

2265 4879 2454 4918 ()IltnCS
2484 4864 2572 4917 alii
2603 4873 2658 4918 et
2700 4876 2906 4934 septem
2935 4863 3214 4935 Atiglicani
3239 4866 3530 4936 praeferunt
3549 4866 3692 4936 [idelt‘
3712 4868 3866 4922 dero-

2263 4937 2415 4990 tione.

2341 5027 2400 5082 Si
2429 5028 2781 5098 possessionis.
2817 5028 2994 5086 Codex
3029 5029 3313 5084 Remeusis
3336 5031 3508 5103 sancti
3537 5031 3794 5103 Dionysii,
3816 5033 3868 5087 si

2269 5101 2515 5163 pastionis
2546 5110 2731 5153 nostra:
2760 5110 2948 5154 terram
2978 5111 3229 5156 tenemus.
3277 5102 3430 5168 Quod
3472 5101 3698 5158 fortasse
3747 5120 3866 5159 me-

2269 5171 2370 5226 lius
2397 5181 2478 5227 est
2506 5182 2721 5239 propter
2747 5187 2808 5227 ea
2833 5189 2951 5243 quae
2986 5172 3318 5242 praecedunt.

2347 5263 2731 5318 Existimamur.
2764 5265 3043 5319 Tredecim
3097 5267 3218 5321 libri
3252 5268 3420 5320 nostri
3463 5277 3518 5322 et
3560 5282 3699 5322 unus
3727 5267 3870 5322 Bod-

2272 5335 2477 5390 ieiunus
2509 5336 2704 5391 habent
2733 5339 3018 5400 existimas,
3052 5339 3142 5392 alii
3166 5339 3404 5407 quinque
3431 5341 3709 5409 Anglicani
3736 5342 3868 5394 exti-

2275 5409 2448 5474 timus,
2479 5424 2618 5462 ttntts
2654 5424 2804 5464 meus
2849 5410 3104 5476 timemus,
3135 5425 3330 5480 magno
3378 5413 3518 5466 inter
3565 5414 3660 5465 has
3694 5413 3869 5467 varias

2275 5480 2535 5535 lectiones
2563 5480 2897 5535 discrimine.

2353 5574 2492 5648 Aqua
2544 5573 2802 5648 Ecclesite.
2852 5575 3032 5629 Codex
3081 5574 3661 5646 GratianOpolitanus:
3719 5579 3872 5648 Aqua

2278 5641 2525 5697 Ecclesia:
2551 5656 2597 5698 et
2631 5646 2794 5709 ﬁdelis
2838 5657 2882 5698 et
2914 5663 3029 5700 vero
3079 5658 3124 5700 et
3152 5641 3394 5702 salutaris
3420 5658 3468 5701 et
3498 5658 3694 5702 sumta.
3724 5641 3873 5706 Citat

2277 5713 2609 5783 Augustinus
2627 5717 2678 5775 in
2707 5717 2826 5773 loco
2847 5719 3008 5788 paulo
3030 5729 3154 5774 ante
3184 5719 3422 5786 laudato,
3445 5719 3540 5776 sed
3568 5736 3675 5775 non
3707 5723 3873 5779 habet

2277 5795 2323 5838 et
2351 5800 2484 5839 vera.
