4262 6236
327 230 460 284 ΗΠ

1432 225 1522 288 DE
1552 226 1943 288 HERETICIS
1983 227 2315 290 ΒΑΡΤΙΖΛΝ
2327 227 2429 286 DIS

3476 231 3616 288 lll8

316 345 413 400 5ἱώ
433 342 607 398 fidelis
633 350 685 398 et
710 342 960 397 salutaris
978 351 1029 396 et
1051 351 1235 400 sancta
1262 344 1534 414 corrumpi
1557 353 1610 399 et
1629 343 1917 399 aduiterari
1949 345 1994 406 Α
2025 345 2094 398 sit
2119 347 2472 402 constitutum
2495 387 2508 412 ,
2539 356 2593 401 et
2649 347 2919 404 nemiuem
2968 346 3306 402 inveniamus
3360 347 3428 403 ab
3470 350 3616 419 Apo-

317 455 430 494 non
458 446 668 510 potest,
700 438 837 493 sicut
865 447 920 493 et
947 438 1058 509 ipsa
1086 437 1321 494 Ecclesia
1357 440 1664 508 incorrupta
1687 449 1739 493 et
1769 449 1914 494 casta

317 539 374 585 et
402 531 590 600 pudica
613 542 714 587 est.
748 532 804 587 Si
840 531 1095 588 Ecclesiae
1123 532 1300 588 devoti
1325 543 1376 588 et
1403 535 1454 587 in
1481 534 1716 588 Ecclesia
1753 549 1916 589 cons-

319 623 464 678 tituti
517 633 640 679 sunt
693 624 964 688 hrrretici,
1023 636 1244 696 possunt
1291 635 1345 681 et
1393 625 1659 696 baptismo
1717 627 1833 696 ejus
1863 635 1918 681 et

319 707 534 773 eicteris
583 718 906 774 salutaribus
951 720 1106 774 bonis
1134 724 1229 775 uti.
1258 721 1309 774 Si
1361 732 1538 776 autem
1583 723 1634 776 in
1680 722 1916 778 Ecclesia

321 826 426 866 non
455 822 602 877 sunt,
653 813 817 867 immo
852 823 907 866 et
935 824 1124 869 contra
1178 816 1469 871 Ecclesium
1503 816 1735 881 faciunt,
1786 832 1918 887 quo-

320 906 480 960 modo
511 905 785 975 baptizare
818 907 1084 976 baptismo
1133 908 1386 965 Ecclesia:
1419 910 1682 979 possunt?

393 995 509 1051 XII.
555 995 741 1067 Neque
770 998 913 1052 enim
971 1015 1128 1069 parva
1161 1016 1249 1054 res
1299 1001 1564 1056 ltarretiris
1607 1011 1661 1056 et
1709 1001 1918 1056 modica

321 1084 653 1152 conceditur,
689 1091 904 1160 quando
946 1106 974 1144 a
1018 1093 1172 1146 nobis
1199 1093 1460 1163 baptisma
1501 1110 1687 1148 eorum
1740 1094 1792 1147 in
1831 1110 1920 1149 ac-

328 1194 547 1254 ceptum
575 1185 832 1251 refertur,
871 1202 990 1239 cmn
1017 1186 1140 1240 inde
1165 1188 1380 1258 incipiat
1403 1190 1578 1242 omnis
1603 1189 1720 1243 fidei
1746 1189 1915 1259 origo,

325 1288 380 1334 et
407 1280 472 1333 ad
505 1291 654 1350 Spem
682 1279 804 1332 vitm
825 1292 1043 1335 atternte
1075 1282 1325 1338 salutaris
1355 1283 1637 1353 ingressio,
1664 1291 1714 1338 et
1737 1282 1919 1354 purifi-

324 1372 514 1428 caudis
533 1388 594 1425 ac
619 1373 958 1428 vivilicnndis
980 1375 1072 1430 Dei
1102 1377 1274 1431 servis
1297 1377 1471 1432 divina
1500 1377 1757 1448 dignatio.
1786 1378 1918 1434 Nam

325 1468 370 1522 si
431 1467 687 1537 baptizari
741 1469 862 1536 quis
911 1470 1052 1541 apud
1081 1469 1367 1526 haereticos
1414 1473 1614 1542 potuit,
1657 1473 1841 1542 utique
1867 1482 1922 1526 et

325 1560 609 1616 remissam
666 1571 1006 1631 peccatorum
1049 1543 1305 1636 consequi
1350 1565 1542 1633 potuit.
1583 1565 1638 1620 Si
1677 1574 1921 1635 peccato-

321 1672 442 1714 rum
491 1657 775 1714 remissam
803 1668 1126 1715 consecutus
1156 1669 1270 1727 est,
1302 1669 1355 1715 et
1381 1662 1746 1716 sanctiltcatus
1799 1670 1916 1726 est,

2023 441 2187 495 stolis
2208 483 2221 504 .
2256 456 2377 496 cum
2407 441 2547 511 apud
2577 440 2864 496 hatreticos
2893 441 3193 510 baptizatus
3216 451 3379 506 esset,
3411 443 3465 496 in
3519 456 3616 496 eo-

2022 537 2142 590 dem
2173 535 2443 604 haptismo
2475 535 2772 590 admissunt
2806 550 2924 590 esse
2953 545 3005 590 et
3035 537 3501 601 communicasse,
3559 546 3620 596 ut

2022 627 2300 682 videantur
2329 627 2568 696 Apostoli
2600 627 2861 697 baptisma
2892 627 3271 683 hznreticornm
3322 630 3610 699 probasse.

2094 720 2233 775 XIV.
2276 720 2429 786 Quod
2461 721 2603 775 enim
2634 720 2850 790 quidam
2878 720 3094 782 dicunt.
3128 719 3280 791 quasi
3307 717 3333 757 ἀ
3358 720 3424 775 ad
3451 719 3621 776 haere-

2025 818 2252 870 ticorum
2285 815 2594 885 suffragium
2629 815 2892 884 pertineat
2940 814 3082 886 quod
3113 815 3310 870 dixerit
3341 814 3619 884 apostolus

2025 908 2240 971 Paulus,
2281 905 2641 962 Verumtamen
2659 908 2799 961 omni
2828 907 3002 968 modo,
3035 907 3138 962 sive
3167 923 3256 976 per
3278 907 3617 972 occasionem,

2024 999 2126 1054 sive
2151 1016 2241 1068 per
2267 999 2525 1062 veritatem
2545 997 2777 1054 Christus
2804 999 3133 1055 annuntietur
3160 997 3386 1070 (Philip.
3438 1015 3474 1063 I,
3503 999 3613 1068 18);

2026 1096 2324 1156 invenimus
2351 1094 2451 1148 hoc
2473 1110 2686 1165 quoque
2711 1093 2777 1148 ad
2799 1109 2982 1148 eorum
3011 1095 3363 1163 patrocinium
3389 1095 3476 1163 qui
3503 1094 3614 1148 bte-

2027 1190 2212 1244 reticis
2239 1189 2602 1261 suffragantur
2631 1200 2680 1245 et
2715 1189 2965 1258 plaudunt
2992 1189 3123 1245 nihil
3152 1205 3310 1259 posse
3332 1190 3616 1259 profit-ere.

2025 1281 2211 1352 Neque
2243 1281 2387 1340 enim
2429 1282 2496 1337 de
2525 1281 2796 1340 lurreticis
2823 1291 2908 1335 aut
2937 1281 3002 1335 de
3033 1297 3219 1336 eorum
3249 1281 3514 1350 baptismo
3545 1283 3621 1336 lo-

2026 1376 2292 1447 quebatur
2325 1377 2375 1434 in
2407 1375 2646 1445 Epistula
2679 1392 2771 1431 sua
2803 1375 2996 1432 Paulus
3018 1418 3032 1442 ,
3064 1386 3118 1429 tit
3145 1376 3343 1445 aliquid
3377 1376 3517 1446 quod
3547 1377 3614 1431 ad

2030 1469 2170 1526 hanc
2201 1486 2312 1532 rem
2343 1471 2608 1539 pertineat
2640 1470 2882 1538 posuisse
2909 1467 3241 1524 ostendatur.
3276 1468 3620 1539 Luquehatur

2025 1563 2092 1618 de
2121 1563 2375 1628 fratribus
2403 1565 2515 1618 sive
2544 1564 2844 1622 inordinate
2873 1574 2926 1620 et
2955 1575 3141 1622 contra
3193 1564 3615 1622 ecclesiasticam

2026 1658 2366 1729 disciplinam
2397 1658 2831 1723 ambulantibus,
2865 1659 2980 1714 sive
3019 1658 3384 1728 evangelicam
3416 1659 3618 1714 verita-

320 1761 376 1808 et
429 1748 684 1830 templum
736 1753 828 1808 Dei
891 1754 1060 1811 factus
1105 1763 1224 1821 est,
1279 1755 1324 1812 si
1378 1753 1744 1810 sanctiﬁcatus
1784 1764 1869 1811 est
1895 1763 1919 1791 ο
1951 1752 1998 1814 Β
2029 1765 2133 1810 tem
2166 1755 2236 1809 de
2268 1753 2361 1812 Dei
2401 1753 2594 1810 timore
2637 1753 2994 1810 servantibus.
3028 1753 3095 1807 Et
3139 1753 3401 1822 quosdam
3431 1768 3494 1807 ex
3541 1757 3620 1808 eis

318 1845 363 1900 si
395 1845 651 1915 templum
687 1847 777 1901 Dei
811 1845 982 1902 factus
1008 1855 1314 1918 est,quazr0
1333 1847 1485 1916 cujus
1519 1846 1650 1901 Dei?
1677 1845 1736 1902 Si
1767 1862 1914 1902 crea-

320 1939 488 2002 toris,
539 1954 647 1994 non
709 1940 913 2009 potuit,
967 1941 1089 2011 quia
1145 1941 1195 1994 in
1238 1956 1358 1995 eum
1411 1955 1514 1995 non
1576 1940 1820 1995 credidit.
1861 1939 1915 1995 Si

315 2030 549 2096 Christi,
603 2049 699 2088 nec
734 2035 892 2104 hujus
920 2034 1034 2089 ﬁeri
1069 2036 1240 2104 potttit
1277 2036 1556 2106 templum,
1607 2035 1697 2105 qui
1759 2045 1918 2104 negat

317 2127 484 2181 Deum
506 2126 805 2182 Christum.
845 2129 899 2182 Si
929 2129 1163 2198 Spiritus
1211 2130 1416 2194 sancti,
1465 2144 1583 2182 cum
1612 2138 1720 2182 tres
1751 2145 1914 2183 unmn

313 2221 455 2284 sint,
501 2222 772 2291 quomodo
812 2221 1043 2290 Spiritus
1075 2231 1292 2276 sanctus
1322 2222 1563 2291 placatus
1592 2236 1711 2276 esse
1737 2225 1784 2277 ei
1824 2238 1915 2292 pn-

315 2321 424 2368 test
449 2314 538 2381 qui
567 2325 658 2371 aut
699 2314 815 2370 Filii
841 2325 932 2370 aut
959 2317 1134 2372 Patris
1177 2317 1424 2374 inimicus
1451 2317 1574 2372 est?

394 2402 534 2460 XIII.
565 2404 798 2462 Proinde
826 2406 1024 2463 frustra
1045 2408 1256 2477 quidem
1280 2409 1368 2477 qui
1393 2409 1602 2466 ratione
1625 2409 1915 2467 vincuntur

314 2498 766 2554 consuetudinem
821 2500 976 2556 nobis
1019 2511 1337 2572 opponunt;
1379 2502 1530 2572 quasi
1581 2503 1913 2558 consuetudo

311 2592 488 2664 major
515 2593 584 2649 sit
610 2595 874 2661 veritate,
905 2605 996 2651 aut
1035 2613 1142 2650 non
1188 2597 1237 2651 id
1283 2598 1354 2650 sit
1378 2597 1429 2652 in
1471 2596 1802 2665 spiritalibus
1827 2612 1912 2651 se-

308 2688 582 2758 quendum
611 2691 751 2759 quod
784 2692 836 2747 in
889 2691 1080 2746 melius
1111 2692 1268 2747 fuerit
1303 2708 1331 2746 a
1365 2701 1555 2746 sancto
1588 2693 1791 2762 Spiritu
1823 2708 1909 2748 re-

310 2781 572 2837 velatum.
625 2782 1019 2852 Ignoscienim
1074 2793 1251 2853 potest
1305 2785 1622 2854 simpliciter
1674 2787 1906 2852 erranti,

305 2877 449 2932 sicut
488 2876 555 2932 de
601 2893 660 2933 se
720 2880 838 2948 ipso
886 2879 1016 2933 dicit
1066 2880 1254 2934 beatus
1278 2879 1555 2949 apostolus
1605 2880 1800 2934 Paulus
1829 2879 1854 2918 δ
1891 2900 1906 2937 :

315 2971 422 3036 Qui
472 2971 670 3040 primo,
727 2972 931 3042 inquit,
986 2975 1064 3044 fui
1092 2973 1417 3044 blasphemus
1447 2985 1493 3028 et
1524 2983 1818 3044 persecutor
1861 2983 1908 3028 et

309 3065 635 3128 iniuriosus;
681 3064 770 3116 sed
823 3065 1226 3122 miscricordiam
1273 3067 1458 3130 merui,
1489 3067 1608 3136 quia
1660 3066 1905 3137 ignorans

2024 1848 2203 1918 posuit
2233 1846 2458 1901 verbum
2491 1846 2700 1900 Domini
2727 1853 3042 1902 constanter
3063 1855 3223 1916 atque
3244 1844 3510 1914 intrepide
3541 1845 3619 1898 lo-

2024 1949 2207 2004 cutos,
2265 1939 2528 2010 quosdam
2579 1954 2710 1993 vero
2758 1941 2809 1998 in
2861 1937 3063 1998 invidia
3113 1947 3136 1974 ο
3171 1948 3224 1993 et
3277 1938 3618 1996 dissensione

2022 2044 2286 2100 versatos,
2316 2032 2580 2102 quosdam
2605 2048 2853 2090 servasse
2883 2031 3023 2088 circa
3051 2046 3110 2090 se
3141 2031 3457 2094 benevolum
3486 2031 3618 2086 cha-

2021 2129 2234 2188 ritatem
2255 2169 2268 2191 ,
2297 2127 2505 2195 aliquos
2537 2141 2664 2182 vero
2693 2126 2946 2182 habuisse
2976 2125 3296 2180 malevolam
3322 2125 3615 2183 dissensio-

2021 2236 2166 2290 nem,
2190 2235 2248 2275 se
2277 2228 2455 2274 tamen
2489 2219 2748 2288 patienter
2777 2220 2953 2278 omnia
2985 2219 3252 2278 sustinere
3275 2261 3290 2285 ,
3324 2217 3618 2274 dummodo

2017 2319 2130 2376 sive
2161 2318 2210 2369 in
2247 2316 2473 2372 veritate
2505 2316 2620 2370 sive
2654 2331 2748 2384 per
2776 2315 3116 2373 occasionem
3151 2329 3348 2370 nomen
3377 2312 3612 2380 Christi,

2017 2409 2159 2480 quod
2210 2409 2406 2464 Paulus
2446 2407 2814 2478 prtedicahat,
2865 2407 2930 2461 ad
2978 2407 3328 2475 plurimorum
3373 2407 3614 2462 notitiam

2020 2503 2367 2573 perveniret,
2424 2510 2478 2558 et
2558 2516 2694 2562 nova
2762 2500 2936 2554 adhuc
3001 2514 3062 2554 ac
3143 2499 3291 2558 rudis
3348 2483 3617 2556 sermonis

2016 2596 2305 2658 seminatio
2373 2595 2709 2665 loquentium
2769 2593 3148 2664 pra'dicatione
3221 2593 3611 2654 crebresceret.

2017 2689 2185 2746 Porro
2230 2688 2374 2743 aliud
2419 2695 2503 2746 est
2559 2703 2654 2742 eos
2724 2688 2814 2756 qui
2873 2687 3015 2742 intus
3087 2685 3324 2744 Ecclesia
3377 2695 3499 2740 sunt
3544 2685 3612 2741 de

2015 2783 2234 2838 nomine
2259 2780 2460 2836 Christi
2496 2782 2668 2852 loqui,
2704 2781 2846 2838 aliud
2893 2791 2976 2834 est
3016 2795 3109 2836 eos
3159 2781 3249 2849 qui
3303 2779 3434 2836 foris
3489 2791 3614 2836 sunt

2013 2887 2067 2932 et
2116 2886 2305 2932 contra
2369 2873 2668 2931 Ecclesium
2743 2873 2948 2938 faciunt
2997 2873 3049 2932 in
3117 2872 3334 2930 nomine
3411 2870 3610 2930 Christi

2014 2971 2304 3040 baptizare.
2345 2971 2523 3038 Quare
2567 2969 2656 3039 qui
2710 2967 2976 3024 ltmreticis
3025 2963 3468 3036 patrocinanturf
3500 2980 3607 3022 non

2015 3063 2066 3117 id
2105 3062 2386 3135 proferant
2426 3063 2564 3132 quod
2624 3061 2821 3118 Paulus
2874 3060 2941 3116 de
2985 3059 3237 3124 fratribus
3268 3060 3467 3129 posuit,
3514 3058 3610 3115 sed

310 3157 413 3224 feci
455 3155 499 3228 (Ι
529 3154 665 3210 Tim.
693 3173 752 3225 tt,
786 3157 894 3230 15).
959 3160 1083 3214 Post
1136 3159 1535 3228 inspirationetn
1567 3175 1693 3212 vero
1723 3169 1776 3213 et
1819 3175 1904 3211 rc-
1933 3165 1978 3227 ί]
2011 3156 2338 3212 οδιριηιςιηιε
2363 3156 2407 3212 si
2425 3154 2674 3210 haeretici:
2699 3153 2894 3222 aliquid
2914 3151 3316 3208 Concedcudum
3335 3148 3604 3220 putavit“,

309 3251 638 3306 velationcm
679 3250 910 3317 factam,
965 3254 1055 3321 qui
1101 3253 1150 3307 in
1180 3268 1244 3308 eo
1273 3253 1412 3322 quod
1453 3262 1727 3308 erraverat
1780 3269 1903 3323 per-

301 3353 521 3399 severat
562 3343 799 3412 prudens
825 3357 878 3400 ct
927 3347 1136 3411 sciens,
1171 3348 1287 3399 sine
1329 3346 1482 3400 venia
1516 3358 1537 3385 ο
1589 3347 1904 3416 ignorantia:

305 3446 514 3508 peccat.
552 3441 562 3474 ί
591 3440 980 3508 r;csumptione
1011 3440 1155 3495 enim
1181 3449 1340 3509 atque
1367 3439 1729 3498 obstinatione
1775 3456 1906 3510 qua-

303 3531 432 3586 dam
485 3532 705 3597 nititur,
763 3549 884 3588 cum
945 3535 1153 3588 ratione
1182 3541 1481 3602 superetur.
1526 3533 1635 3588 Nec
1661 3534 1904 3605 qttisqztm

303 3627 480 3691 dicat,
511 3626 653 3694 quod
686 3627 995 3697 accepimus
1025 3627 1093 3680 ab
1121 3625 1394 3694 Apostolis
1433 3628 1534 3680 hoc
1587 3629 1900 3697 sequimur,

299 3717 521 3788 quando
547 3719 790 3786 Apostuli
816 3735 920 3773 non
945 3718 1044 3773 nisi
1066 3734 1225 3772 unam
1252 3718 1545 3772 Ecclesiam
1568 3719 1906 3774 tradiderunt

299 3819 356 3866 et
389 3809 662 3881 Baptisma
691 3827 893 3876 unum,
928 3809 1072 3881 quod
1103 3824 1206 3862 non
1238 3808 1337 3863 nisi
1364 3811 1413 3862 in
1443 3809 1630 3864 eadem
1662 3809 1903 3864 Ecclesia

2013 3259 2106 3302 aut
2146 3249 2188 3303 si
2218 3248 2377 3302 tidem
2402 3259 2454 3302 et
2486 3247 2758 3316 Baptiqna
2782 3261 2971 3300 eorum
3003 3246 3272 3314 probavit,
3302 3254 3393 3310 aut
3415 3247 3457 3306 si
3487 3260 3608 3312 pcr-

2017 3341 2154 3398 fitlos
2181 3352 2234 3396 et
2259 3341 2601 3414 blasphemus
2629 3341 2999 3396 remissionem
3027 3350 3368 3408 peccatorum
3393 3341 3607 3408 accipe-

2011 3450 2070 3488 re
2100 3443 2250 3492 extra
2290 3433 2302 3469 ί
2345 3433 2637 3492 Ecclesium
2671 3447 2828 3506 posse
2855 3433 3156 3500 constituit.

2082 3531 2198 3588 XV.
2231 3531 2285 3586 Si
2317 3542 2492 3590 autem
2524 3531 2649 3601 quid
2674 3528 2912 3598 Apostoli
2939 3529 3006 3594 de
3034 3528 3304 3584 lt:t-reticis
3331 3528 3603 3584 senserint

2009 3626 2432 3692 consideremus,
2464 3623 2798 3678 inveniemus
2828 3638 2921 3677 eos
2974 3623 3024 3686 in
3074 3623 3321 3678 uninilms
3349 3621 3592 3690 epistolis

2011 3723 2124 3777 suis
2164 3721 2404 3776 execrari
2453 3728 2507 3772 et
2546 3717 2800 3780 detestari
2854 3715 3226 3776 luereticorunt
3275 3715 3592 3784 sacrilegam

2013 3813 2349 3882 pravitatem.
2401 3808 2531 3864 Nam
2561 3823 2683 3864 cum
2729 3809 2908 3862 dicant
2962 3823 3266 3862 sermonem
3314 3825 3499 3864 eorutn
3545 3817 3603 3864 ut

1547 3925 1926 3983 LECTIUNES
1964 3927 2380 3984 VARIANTES.

369 4044 394 4072 ⁸
417 4041 483 4092 Et
500 4041 825 4090 sanctiﬁcatus
846 4049 941 4101 est,
968 4043 1006 4091 si
1033 4042 1355 4090 sanctillcatus
1380 4047 1457 4089 est
1481 4041 1606 4089 Bod.
1639 4042 1681 4100 'l,
1711 4043 1758 4090 2.
1791 4041 1897 4091 Litt.

298 4105 448 4157 Ebur.
477 4105 582 4155 ΝΟ.
614 4106 656 4164 1,
686 4109 730 4156 2.
757 4106 817 4155 Et
839 4103 1164 4154 sanctiﬁcatus
1188 4110 1264 4153 est
1291 4106 1448 4154 Oxon.

367 4165 394 4205 δ
431 4169 617 4217 Beatus
638 4167 901 4226 Aiuttstolus
928 4169 1058 4216 Lam.
1086 4165 1212 4215 Bod.
1243 4167 1284 4225 1,
1316 4169 1362 4216 2.
1388 4167 1536 4215 Ebor.
1564 4166 1674 4216 ΝΟ.
1703 4168 1748 4226 1,
1776 4168 1819 4216 2.

368 4235 389 4262 ε
425 4231 534 4279 Jam
559 4243 656 4282 non
682 4233 727 4280 iu
761 4233 900 4280 venia
926 4229 1028 4278 Litt.

366 4294 392 4333 ά
428 4293 609 4342 Dicunt
631 4293 757 4356 quod
783 4295 918 4355 quasi
946 4292 1088 4356 Elter.
1117 4290 1223 4342 ΝΟ.
1255 4292 1295 4341 1.

371 4361 394 4388 ε
433 4352 967 4406 Ιιινίόίωὶιίδςυὴεἰοηυ
994 4352 1097 4403 Litt.

2068 4039 2095 4120 ξ
2126 4041 2485 4120 Patroclqatur,
2522 4053 2620 4089 non
2659 4041 2702 4090 id
2729 4040 2941 4104 proferat
2967 4041 3098 4090 Lam.
3149 4041 3275 4092 Bod.
3305 4043 3350 4100 1,
3376 4045 3420 4092 2.
3452 4043 3598 4094 Ebor.

2007 4105 2114 4157 CN.
2143 4107 2187 4160 1.
2218 4109 2262 4156 '2.
2297 4103 2421 4155 Tha.
2731 4103 2738 4104 '

2067 4169 2095 4229 β
2132 4169 2370 4218 Ostendat
2396 4168 2528 4215 Lam.
2561 4166 2686 4217 Bod.
2719 4169 2760 4229 l,
2789 4170 2820 4220 2
2862 4167 3005 4220 Ebor.
3037 4168 3144 4219 NG.
3174 4171 3220 4229 1,
3249 4173 3297 4219 ‘2.
3329 4167 3454 4219 Thu.

2064 4227 2095 4268 1|
2133 4231 2341 4298 limavit,
2365 4233 2511 4298 uulgi
2536 4227 3014 4298 litletnﬁebbaptisma
3033 4227 3438 4298 corum-probavit
3467 4232 3603 4284 Lam.

2008 4292 2112 4344 Lin.
2140 4292 2264 4346 Bod.
2299 4295 2338 4350 l,
2370 4296 2411 4344 2.
2445 4290 2583 4344 Elter.
2617 4294 2720 4344 NG.
2753 4295 2797 4351 1,
2821 4290 2864 4344 3.

2071 4356 2085 4394 i
2126 4356 2368 4420 Accipere
2395 4364 2559 4405 contra
2577 4355 2844 4406 Ecclesium
2873 4357 2981 4408 ΝΟ.
3013 4357 3055 4408 I.
3081 4355 3186 4408 Lia.

1563 4462 1807 4519 STEPII.
1850 4464 2123 4522 BALUZII
2162 4466 2394 4524 ΝΟΤᾹΞ.

376 4581 669 4636 Adulterari
697 4598 797 4635 non
838 4590 1014 4649 potest.
1047 4581 1183 4636 Vide
1213 4590 1367 4636 notas
1394 4589 1606 4635 nostras
1643 4580 1710 4633 ad
1745 4584 1892 4651 Ago-

302 4656 560 4718 hardum,
586 4670 707 4722 pag.
739 4654 830 4714 xiii,
881 4665 934 4707 ct
986 4671 1104 4722 qua!
1161 4669 1256 4705 nos
1285 4653 1512 4724 dicimus
1539 4652 1604 4705 de
1633 4669 1696 4705 eo
1736 4668 1897 4724 argu-

303 4737 489 4780 mento
525 4728 574 4777 in
610 4726 750 4777 notis
777 4725 838 4777 ad
873 4726 1060 4778 librum
1086 4725 1148 4777 de
1178 4724 1385 4778 Unitate
1417 4723 1674 4776 I‘Icclesiat.

381 4799 440 4851 Si
470 4797 710 4850 Ecclesia:
738 4796 922 4849 devoti.
951 4796 1117 4850 Vetus
1157 4796 1499 4866 llezoigianus
1525 4812 1538 4849 :
1573 4795 1711 4850 Nam
1733 4797 1776 4850 si
1798 4797 1895 4850 ista
1919 4789 1974 4849 D

303 4870 504 4921 devotio
540 4867 780 4921 Ecclesia:
807 4877 877 4920 est
904 4879 949 4919 ct
980 4869 1029 4919 in
1059 4867 1304 4930 Ecclesia,
1335 4878 1438 4921 ctc.

378 4940 572 4994 Xll.——
600 4939 700 4991 Aut
737 4938 860 4992 Filii
881 4951 966 4991 aut
993 4937 1183 4992 Patris.
1220 4938 1323 4991 Ista
1353 4940 1402 4992 in
1433 4939 1550 4992 aliis
1571 4937 1894 4993 editionibus

304 5010 628 5079 transposita
663 5022 835 5076 erant,
872 5011 1007 5062 haud
1037 5010 1198 5064 dubie
1221 5027 1282 5063 ex
1309 5011 1684 5064 emendatian
1715 5010 1894 5077 Cttjtts—

303 5085 429 5136 dam
455 5083 624 5135 critici
653 5095 872 5149 propter
892 5082 1132 5135 ordinem
1155 5097 1504 5148 personarum
1539 5083 1894 5136 sanctissima:

301 5155 610 5208 Trinitatis.
646 5153 903 5207 lndecens
948 5155 1088 5205 enim
1139 5155 1420 5206 videbatur
1451 5153 1575 5207 huic
1600 5153 1786 5206 critici:
1811 5152 1894 5204 Fi-

300 5227 437 5280 lium
469 5226 734 5278 nominari
761 5234 885 5278 ante
919 5227 1149 5277 Patrem.
1183 5223 1378 5279 Omnes
1411 5225 1529 5278 libri
1564 5236 1770 5277 veteres
1801 5223 1896 5277 Ita-

299 5299 435 5352 bent
462 5298 535 5349 uti
558 5311 653 5349 nos
681 5298 1036 5366 reposuimus.
1371 5325 1373 5328 ‹

379 5367 759 5434 XIII.—Quasi
790 5366 1118 5421 consuetudo.
1139 5366 1302 5420 Multa
1322 5367 1439 5419 istic
1457 5381 1521 5419 ex
1537 5367 1890 5430 'l‘ertttlliano,

303 5441 550 5495 Arnobio
596 5451 646 5491 et
679 5441 800 5492 aliis
836 5439 941 5494 dici
974 5451 1190 5506 possvnt
1219 5439 1286 5491 de
1318 5439 1632 5490 auctoritate
1657 5453 1890 5490 consue-

302 5512 524 5566 tudinis.
560 5512 792 5565 Affcratn
837 5519 1039 5564 tantum
1090 5511 1261 5562 locum
1292 5510 1461 5561 sancti
1503 5509 1809 5575 Ilii-ronymi
1842 5512 1890 5562 itt

297 5586 455 5638 calce
489 5583 688 5648 Dialogi
717 5583 956 5636 adversus
1007 5581 1383 5649 Luciferianos,
1413 5581 1497 5632 ubi
1553 5579 1630 5631 sic
1657 5581 1887 5647 legitur:

297 5655 467 5723 Legat
497 5649 746 5724 Cypriani
785 5653 1047 5722 epistolas,
1077 5655 1128 5705 in
1158 5651 1338 5722 quibus
1382 5650 1521 5717 apud
1572 5650 1887 5724 Stephanum

299 5723 562 5782 Romanae
595 5725 734 5780 urbis
761 5725 1382 5795 episcapumﬁnveteratte
1406 5723 1889 5776 consttetudinis'la‘

1999 4615 2138 4659 cerat
2159 4622 2396 4661 errorem.
2419 4606 2650 4677 Respicit
2677 4607 2742 4662 ad
2771 4607 3063 4677 Epistulam
3091 4624 3234 4662 uxn
3257 4623 3374 4677 quae
3397 4609 3600 4678 scripta

2000 4688 2077 4732 est
2124 4679 2190 4733 ad
2235 4680 2587 4746 Stephanum.
2624 4679 2760 4735 Puto
2790 4690 2970 4733 autem
3005 4682 3310 4748 respexisse
3338 4681 3499 4734 etiam
3534 4681 3600 4736 ad

2000 4750 2278 4819 epistolam
2304 4767 2460 4816 quam
2487 4750 2752 4805 Crescens
2774 4751 3061 4820 cpiscopus
3090 4752 3353 4805 Cirtensis
3385 4751 3434 4806 in
3468 4769 3600 4806 con-

2001 4823 2126 4894 cdio
2168 4821 2594 4894 Carthaginensi,
2622 4839 2742 4891 pag.
2767 4823 2892 4884 531,
2927 4835 3314 4877 cmnmemorat
3341 4827 3599 4894 scriptam

1999 4891 2065 4963 ad
2088 4892 2439 4960 Stephanum,
2465 4911 2582 4962 quae
2607 4910 2746 4947 nunc.
2780 4911 2885 4946 ttutt
2909 4902 3074 4948 extat.
3111 4895 3162 4947 in
3194 4910 3292 4963 qua
3323 4891 3467 4948 varia
3494 4911 3593 4949 ex-

2001 4962 2182 5016 tabant
2222 4966 2522 5018 testimonia
2555 4980 2620 5019 ex
2643 4965 2939 5031 Sct'iplttt‘is
2971 4965 3178 5021 dciticis
3208 4962 3596 5021 descendcntia

1998 5034 2256 5090 adversus
2298 5037 2619 5092 sententiam
2673 5037 2929 5105 Stephani
2963 5038 3028 5091 de
3061 5037 3332 5106 Biptismo
3366 5039 3587 5092 lucreti-

1998 5120 2206 5159 C(ll‘lllll.

2070 5198 2328 5271 Ignorans
2384 5200 2500 5271 feci.
2564 5201 2621 5256 In
2669 5200 2804 5253 libro
2833 5200 3066 5255 Fuxensi
3119 5200 3334 5255 additur
3383 5202 3596 5256 credens

2001 5269 2245 5341 nondum.
2277 5269 2391 5326 Sed
2415 5271 2543 5325 illud
2587 5273 2716 5327 alibi
2749 5286 2851 5326 non
2886 5273 3086 5327 inveni.
3115 5273 3423 5341 ltespondet
3448 5274 3591 5327 istud

2000 5341 2047 5414 ei
2094 5340 2234 5409 quod
2275 5341 2504 5396 refertur
2555 5360 2620 5398 ex
2655 5343 2926 5410 lipistolat
2961 5344 3025 5396 ad
3055 5340 3426 5412 Timotheum,
3457 5345 3594 5414 quod

1998 5411 2241 5482 ignorans
2273 5415 2371 5481 feci
2392 5414 2442 5467 in
2468 5414 2848 5468 incredulitate.

2070 5501 2709 5559 XIV.-—Pttlrocinantur.
2735 5505 2790 5558 lu
2809 5505 3056 5560 undecim
3083 5506 3232 5560 libris
3262 5507 3462 5562 nostris
3475 5517 3527 5559 et
3546 5507 3603 5563 in

1996 5589 2092 5628 sex
2129 5577 2438 5643 Anglicaois
2457 5578 2714 5646 scriptum
2747 5593 2826 5632 ρει
2858 5598 2869 5632 ;
2905 5578 3077 5643 Quare
3105 5583 3192 5648 qui
3221 5579 3479 5633 luci-elicis
3501 5596 3598 5645 pa-

1995 5648 2299 5723 trocinatur,
2319 5649 2493 5723 nonid
2517 5650 2899 5719 proferatquorl
2924 5648 3122 5703 Paulus
3148 5649 3212 5702 de
3234 5649 3493 5723 fratribus
3517 5665 3605 5714 po-

1989 5721 2090 5772 suit
2104 5759 2118 5782 ,
2146 5719 2234 5771 sed
2263 5720 2515 5774 ostendat.
