4262 6236
617 244 752 300 1119

1540 249 1874 308 EPISTOLA
1915 251 1970 307 S.
2014 249 2338 307 CYPIlIANI
2390 251 2481 306 AD
2520 250 2931 321 JUBAIANUM,

3429 167 3460 194 /

3765 260 3905 315 H20

610 374 812 417 cancer
838 376 1056 433 serpere
1093 363 1161 438 (II
1189 364 1346 429 Tinn.
1380 380 1440 433 Il,
1475 367 1585 439 17),
1628 368 1900 438 quomodo
1931 378 2110 440 potest
2156 372 2200 429 is
2229 379 2273 432 Α
2305 377 2481 424 .tesnm
2509 371 2766 427 Christum
2797 373 3005 446 (Joan.,
3036 392 3163 441 xvn,
3193 377 3270 447 5).
3304 375 3436 431 Cutn
3465 392 3596 448 ergo
3641 394 3705 433 ex
3736 381 3906 450 ipsius

611 471 791 512 sermo
819 457 949 512 dare
979 459 1259 514 remi~sam
1291 471 1629 530 peccatorum
1661 463 1748 532 qui
1789 475 1844 516 ut
1870 478 2063 518 cancer
2094 481 2206 519 scr-

619 554 697 622 pit
727 551 792 605 ad
817 566 976 606 aures
1006 553 1376 608 audientium?
1410 555 1478 609 Et
1505 571 1625 611 cum
1653 557 1834 610 dicant
1859 556 2061 610 nullam
2093 573 2208 628 par-

616 646 985 717 ticipationem
1013 662 1134 703 esse
1158 648 1377 718 institue
1401 660 1455 704 et
1486 651 1784 718 iniquitati,
1821 653 2019 705 nullam
2047 667 2201 706 eom-

617 740 930 795 munionem
961 741 1148 796 lumini
1177 753 1228 796 et
1256 744 1489 797 tenebris
1519 743 1584 814 (II
1611 743 1728 797 Cor.
1766 760 1838 810 VI,
1892 747 2006 812 ll).
2067 761 2202 816 quo-

621 833 784 888 modo
815 847 1038 903 possunt
1063 847 1153 890 aut
1181 839 1417 891 tenebras
1445 839 1748 893 illuminare
1779 851 1868 893 aut
1898 849 1920 876 δ
1954 842 2206 910 iniquitas

610 928 948 1000 justiticare?
1000 930 1066 984 Et
1110 946 1231 984 cmn
1261 931 1444 985 dicant
1468 930 1536 987 de
1567 932 1675 986 Deo
1696 947 1790 988 eos
1818 949 1922 987 non
1945 949 2084 999 esse,
2113 935 2204 989 sed

619 1036 740 1077 esse
769 1023 837 1077 de
865 1025 1166 1078 antichristi
1222 1025 1410 1094 spiritu
1444 1024 1488 1098 (I
1515 1025 1671 1079 loan.
1721 1043 1793 1091 ιν,
1827 1028 1908 1097 5),
1938 1028 2207 1096 quomodo

615 1125 808 1185 gerunt
836 1116 1094 1185 spiritalia
1123 1115 1150 1155 ι)
1178 1127 1231 1172 et
1258 1117 1438 1172 divina
1463 1120 1550 1187 qui
1581 1132 1701 1173 sunt
1733 1119 1915 1174 hostes
1975 1121 2098 1186 Dei,
2154 1133 2209 1177 et

615 1226 842 1282 quorum
873 1226 1086 1281 pectora
1116 1214 1388 1268 obsederit
1415 1214 1635 1284 spiritus
1660 1217 2001 1270 antichrisd?
2030 1216 2208 1284 Quare

617 1307 660 1360 si
692 1307 905 1376 rejemis
935 1320 956 1345 ο
991 1308 1238 1362 bunianze
1271 1310 1631 1364 ('OlllenllttlliS
1649 1310 1926 1364 erroribus
1955 1311 2020 1364 ad
2048 1328 2210 1366 evan-

619 1400 843 1470 geliram
881 1406 1254 1458 auctoritatem
1287 1415 1446 1474 atque
1476 1404 1540 1457 ad
1573 1405 1924 1474 apostolicam
1957 1405 2206 1460 traditio-

619 1510 742 1548 nem
793 1497 1004 1552 sincera
1031 1505 1086 1551 et
1117 1497 1366 1567 religiosa
1411 1497 1513 1551 lide
1541 1506 1908 1565 revertamur,
1943 1499 2208 1568 intellige—

618 1606 739 1646 mus
770 1590 901 1646 nihil
932 1595 1009 1647 eis
1032 1593 1097 1646 ad
1129 1594 1358 1662 gratiam
1388 1593 1808 1647 ecclesiasticam
1836 1603 1889 1647 et
1919 1595 2206 1648 salutarem

622 1681 788 1737 licere
817 1684 906 1754 qui
957 1695 1270 1755 spargentes
1299 1695 1457 1755 atque
1486 1687 1859 1754 impugnantes
1916 1686 2206 1740 Eeclesiam

2311 467 2511 521 Christi
2549 469 2931 536 prredicationc
2957 480 3010 524 et
3053 473 3448 528 contestatione
3475 473 3634 528 Pater
3663 484 3790 531 ante
3811 492 3904 532 co-

2309 561 2647 628 gnoscendus
2687 563 2791 629 sit,
2844 564 2932 632 qui
2967 565 3143 631 misit,
3197 575 3322 621 tunc
3381 566 3575 624 deinde
3623 569 3904 640 Christus,

2310 656 2397 724 qui
2442 655 2634 709 missus
2666 667 2747 711 est
2772 699 2787 724 ,
2814 675 2913 713 nec
2942 663 3108 729 possit
3132 676 3251 716 es~e
3276 677 3401 732 spes
3430 663 3618 719 salutis
3641 665 3741 719 ni~i
3773 668 3908 722 duo-

2314 745 2412 799 bus
2456 746 2608 800 sinml
2665 749 2927 819 Cognitis,
2958 751 3228 821 quomodo
3256 769 3360 806 non
3402 755 3616 824 cognito
3649 757 3815 812 immo
3853 769 3907 813 et

2313 838 2682 909 hla~pliemato
2725 844 2832 898 [)eo
2865 846 3054 910 Patre,
3079 847 3166 914 qui
3195 847 3334 914 apttd
3369 846 3649 903 haereticos
3703 850 3903 905 Christi

2313 935 2529 988 nomine
2555 935 2802 1002 baptizati
2826 937 3096 1004 dicuntur,
3117 951 3458 1008 peccatorum
3477 945 3749 998 remissam
3773 961 3909 1000 con-

2313 1027 2480 1080 secuti
2507 1027 2858 1098 iudicantur?
2885 1031 3000 1084 Alia
3027 1033 3169 1086 enim
3200 1033 3294 1086 fuit
3323 1033 3629 1089 Judarorunt
3675 1037 3774 1097 sub
3826 1039 3906 1091 A-

2320 1123 2550 1190 postolis
2597 1126 2763 1186 ratio,
2798 1125 2900 1179 alia
2941 1136 3023 1179 est
3051 1127 3329 1197 gentilium
3361 1129 3620 1186 conditio.
3651 1131 3744 1195 Illi,
3780 1133 3908 1202 quia

2307 1215 2417 1286 jam
2447 1217 2576 1288 legis
2621 1229 2673 1272 et
2701 1219 2865 1290 Moysi
2910 1221 3341 1290 antiquissimum
3385 1223 3646 1293 baptisma
3693 1224 3908 1280 inerant

2313 1310 2526 1379 adepti,
2580 1314 2631 1365 in
2683 1315 2901 1368 nomine
2930 1329 3146 1383 quoque
3190 1313 3544 1370 .IesuChriSIi
3600 1329 3750 1371 erant
3783 1322 3909 1387 hap-

2315 1402 2545 1469 tizandi,
2578 1406 2872 1460 secundum
2900 1407 3040 1476 quod
3076 1408 3128 1461 in
3173 1408 3319 1461 Aetis
3370 1407 3753 1479 Apostolorum
3801 1411 3904 1466 Pe-

2316 1506 2430 1550 trus
2453 1499 2518 1551 ad
2547 1514 2642 1552 eos
2672 1501 2906 1568 loquitur
2927 1511 2981 1557 et
2999 1503 3125 1557 dicit
3147 1521 3160 1556 :
3186 1502 3534 1571 Paenitemini,
3554 1516 3602 1560 et
3629 1507 3909 1577 baptizetur

2317 1595 2665 1664 unusquisque
2693 1606 2910 1650 rcstrum
2947 1597 2999 1650 in
3032 1598 3236 1652 nomine
3265 1597 3475 1652 Domini
3497 1599 3624 1653 Jcsu
3648 1598 3840 1654 Christi
3855 1603 3905 1656 in

2313 1689 2655 1742 remissionem
2707 1699 3047 1758 peccatorum,
3079 1700 3126 1743 et
3157 1691 3416 1760 accipietis
3446 1691 3635 1745 donum
3681 1693 3908 1763 Spiritus

621 1776 852 1845 Christi,
884 1795 911 1831 a
935 1780 1151 1833 Christo
1183 1780 1300 1849 ipso
1331 1780 1656 1845 adversarii,
1685 1781 1754 1836 ab
1791 1781 2058 1851 Apostolis
2082 1797 2209 1838 vero
2239 1781 2286 1841 B
2313 1779 2498 1833 sancti.
2535 1778 2687 1833 Vobis
2718 1782 2848 1833 cnim
2879 1791 2950 1835 est
2977 1782 3084 1835 Itazc
3124 1784 3394 1853 promissio
3421 1795 3466 1837 et
3496 1785 3620 1852 ﬁliis
3659 1788 3834 1839 vestris
3862 1795 3908 1839 ct

619 1871 736 1942 ejus
764 1873 1068 1928 antichristi
1102 1874 1446 1929 nominantur
1473 1872 1524 1928 ἀ.

693 1965 833 2021 XVI.
876 1966 990 2021 Non
1015 1977 1096 2021 est
1118 1977 1298 2023 autem
1319 1969 1458 2038 quod
1480 1968 1676 2037 aliquis
1695 1967 1760 2022 ad
1785 1969 2212 2024 circumvenien-

618 2060 740 2114 dam
764 2062 1112 2118 christianam
1138 2048 1418 2118 veritatem
1447 2064 1643 2118 Christi
1674 2079 1866 2119 nomen
1891 2075 2127 2135 opponat
2156 2078 2212 2120 ιιι

619 2152 797 2216 dicat,
828 2151 883 2207 In
917 2156 1133 2210 nomine
1159 2154 1285 2210 Jesu
1319 2156 1514 2210 Christi
1547 2157 1865 2228 obiermqne
1893 2168 1946 2212 et
1986 2175 2213 2222 quomo-

619 2244 922 2316 documque
978 2248 1225 2317 baptizati
1271 2251 1496 2319 gratiam
1541 2249 1795 2317 Baptismi
1846 2262 1970 2304 sunt
2016 2266 2211 2306 conse-

619 2340 762 2405 cuti,
795 2340 1013 2412 quando
1041 2343 1156 2410 ipse
1186 2343 1435 2398 Christus
1490 2345 1737 2414 loquatur
1786 2355 1840 2399 et
1863 2345 2035 2408 dicat,
2094 2345 2213 2400 Non

621 2434 785 2488 omnis
811 2435 898 2505 qui
937 2435 1060 2488 dicit
1107 2437 1266 2501 mihi,
1305 2436 1553 2503 Domine,
1615 2436 1864 2504 Domine,
1913 2439 2123 2492 intrabit
2162 2441 2216 2493 in

621 2543 835 2598 regnum
859 2529 1098 2583 calorum
1121 2529 1297 2596 (Matt.
1331 2547 1418 2594 ru,
1447 2530 1563 2597 21),
1598 2541 1652 2585 et
1671 2533 1860 2586 iterum
1890 2544 2217 2600 prazmoneat

621 2629 782 2692 atque
811 2621 1041 2676 instruat
1081 2637 1148 2676 ne
1195 2623 1313 2691 quis
1340 2639 1368 2677 a
1394 2624 1882 2694 pseudoprophetis
1908 2636 1961 2680 et
1993 2625 2218 2697 pseudo—

621 2714 838 2769 christis
867 2715 918 2769 in
952 2715 1168 2770 nomine
1199 2732 1296 2771 suo
1345 2717 1502 2773 facile
1531 2718 1781 2783 fallatur,
1812 2718 1982 2774 Multi.
2011 2720 2210 2789 inquit,

621 2812 817 2864 uenient
868 2813 921 2865 in
951 2813 1156 2866 nomine
1187 2830 1295 2866 meo
1322 2814 1563 2868 dicentes.
1594 2814 1704 2887 Ego
1729 2833 1842 2869 sum
1875 2816 2127 2884 Christus,
2171 2829 2217 2872 et

620 2906 808 2960 multos
845 2907 1045 2974 fallent,
1091 2919 1143 2961 et
1177 2919 1359 2974 postea
1415 2908 1621 2962 addidit
1651 2911 1836 2965 dicens
1871 2929 1883 2964 :
1929 2911 2025 2964 Vos
2048 2924 2216 2966 autem

621 3009 807 3051 cavete.
840 2997 970 3052 Ecce
989 3000 1206 3069 praedixi
1232 3001 1370 3054 vobis
1396 3002 1565 3055 onmia
1588 3001 1781 3070 (Marc.
1830 3019 1942 3067 xm,
1968 3005 2042 3073 6).
2065 3003 2219 3060 Unde

622 3098 848 3159 apparet
877 3105 981 3144 non
1009 3107 1070 3146 ea
1100 3093 1278 3147 statim
1312 3093 1654 3162 suscipienda
1677 3104 1733 3148 et
1753 3096 2075 3150 assumenda
2099 3113 2218 3165 qua:

2316 1872 2549 1926 omnibus
2609 1873 2846 1944 deinceps
2891 1891 3235 1946 quoscumque
3288 1876 3605 1930 advocaverit
3659 1875 3908 1932 Dominus

2317 1963 2454 2018 Deus
2484 1975 2650 2018 noster
2678 1966 2811 2036 (Act.
2849 1983 2903 2025 tt.
2937 1967 3050 2037 58).
3100 1967 3228 2023 .Iesu
3257 1967 3456 2023 Christi
3485 1971 3812 2024 mentionem
3837 1974 3911 2024 ta-

2314 2057 2387 2111 cit
2408 2059 2626 2123 Petrus,
2665 2075 2769 2113 non
2797 2061 2946 2130 quasi
2975 2061 3131 2115 Pater
3157 2063 3528 2129 omitteretur,
3563 2063 3656 2118 sed
3685 2073 3739 2117 ut
3764 2064 3911 2118 Patri

2315 2169 2529 2223 quoque
2558 2152 2729 2208 Filius
2758 2155 3160 2225 adjungeretur.

2390 2247 2574 2301 XVIII.
2606 2247 2843 2315 [leuique
2873 2250 2958 2303 ubi
2989 2261 3115 2320 post
3141 2251 3594 2305 resurrectionem
3622 2266 3649 2304 a
3680 2252 3914 2306 Domino

2319 2341 2559 2410 Apustoli
2586 2340 2650 2394 ad
2696 2349 2883 2410 gentes
2913 2341 3232 2408 mittuntur,
3266 2343 3316 2396 in
3368 2344 3586 2396 nomine
3634 2343 3812 2398 Patris
3861 2354 3916 2398 et

2320 2433 2438 2488 Filii
2479 2443 2532 2487 et
2573 2434 2805 2503 Spiritus
2845 2436 3013 2488 sancti
3050 2435 3320 2505 baptizare
3369 2436 3596 2506 gentiles
3637 2437 3912 2506 jnhentur.

2318 2526 2604 2591 Quomodo
2630 2542 2760 2596 ergo
2799 2526 3016 2598 quidam
3045 2527 3232 2581 dicunt
3259 2528 3385 2582 loris
3429 2538 3578 2583 extra
3619 2530 3918 2585 Erclesiam

2322 2621 2485 2674 immo
2528 2631 2582 2675 et
2621 2631 2807 2674 contra
2860 2621 3190 2688 Ecclesium,
3223 2623 3384 2676 modo
3432 2625 3482 2677 ιιι
3532 2627 3752 2679 nomine
3791 2626 3926 2681 Jesu
3985 2631 3988 2636 ’

2319 2713 2558 2778 Christi,
2616 2714 2942 2782 ubicumque
2987 2724 3042 2769 et
3111 2716 3615 2786 quomodocumque
3662 2721 3925 2789 gentiletn

2320 2807 2642 2876 baptizatum
2681 2810 3055 2864 remissionem
3083 2819 3420 2877 peccatormn
3451 2811 3707 2881 consequi
3740 2827 3923 2881 posse,

2321 2908 2537 2974 quando
2565 2904 2680 2973 ipse
2702 2903 2946 2958 Christus
2977 2917 3164 2969 gentes
3189 2906 3440 2972 baptizari
3471 2906 3651 2974 iubeat
3677 2907 3728 2959 in
3760 2906 3916 2975 plena

2323 3009 2378 3050 et
2418 2998 2650 3050 adunata
2683 2997 2959 3051 Triuitate.
2993 2996 3104 3051 Nisi
3135 2998 3293 3065 siqui
3330 2996 3603 3051 Christum
3638 3008 3792 3068 negat
3821 3015 3921 3050 ne-

2322 3099 2479 3158 gatur
2518 3107 2545 3141 a
2589 3089 2822 3149 Christo.
2875 3091 2962 3160 qtti
2999 3091 3209 3144 Patrem
3269 3089 3384 3157 ejus
3417 3099 3593 3157 negat,
3623 3107 3779 3159 quem
3808 3091 3930 3158 ipse

622 3183 898 3252 iactantur
949 3187 1000 3240 in
1050 3189 1269 3243 nomine
1313 3187 1513 3243 Christi
1539 3230 1554 3256 ,
1618 3189 1712 3243 Sed
1783 3206 1902 3260 qua;
1958 3189 2219 3260 geruntur
2245 3185 2289 3245 C
2322 3181 2568 3236 Clll‘is‘lllS
2617 3181 2902 3237 ροιιΐεεδιιδ
2933 3184 3034 3245 Sil,
3073 3200 3180 3236 non
3216 3192 3460 3252 negatur,
3491 3193 3544 3236 Cl
3573 3183 3662 3253 (Illi
3702 3184 3752 3236 in
3798 3200 3928 3237 CUIII

625 3275 678 3330 in
723 3275 924 3332 Cltri~ti
954 3282 1206 3335 veritate.

696 3372 860 3428 XVII.
904 3374 1056 3440 Quod
1082 3377 1225 3430 enim
1257 3377 1307 3430 in
1339 3378 1632 3447 evangeliis
1664 3387 1718 3431 et
1747 3380 1798 3433 in
1831 3381 2214 3450 Apostolorum

625 3468 866 3536 epistolis
889 3467 1015 3523 Jesu
1045 3469 1241 3524 ChriSIi
1272 3485 1467 3526 nomen
1500 3473 1803 3527 insinuatur
1829 3475 1894 3528 ad
1938 3477 2216 3530 remissio-

625 3575 746 3614 nem
772 3571 1138 3629 peccatorum,
1165 3579 1270 3617 uon
1300 3565 1369 3618 ita
1392 3576 1470 3618 εει
1499 3567 1650 3635 quasi
1675 3577 1768 3621 aut
1797 3569 1912 3621 sine
1938 3568 2096 3623 Patre
2129 3580 2218 3624 attt

623 3664 807 3708 eontra
866 3656 1077 3709 Patrem
1108 3657 1366 3725 prodesse
1395 3659 1641 3728 cuiquam
1672 3661 1822 3714 solus
1855 3662 1994 3715 [ilius
2023 3665 2215 3734 possit,

624 3749 716 3804 sed
747 3759 802 3803 ut
822 3748 1053 3814 Judaris,
1084 3751 1173 3819 qui
1201 3752 1514 3817 iactitabant
1540 3767 1596 3805 se
1624 3762 1827 3821 patrem
1859 3755 2074 3822 habere,
2125 3771 2188 3811 os

625 3844 935 3898 tenderetur
965 3843 1106 3913 quod
1139 3844 1270 3898 nihil
1295 3845 1373 3899 eis
1403 3845 1563 3899 Pater
1587 3846 1898 3914 profuturus
1928 3858 2090 3911 esset,
2115 3850 2218 3904 nisi

628 3935 680 3990 in
737 3935 928 3990 Filium
985 3937 1308 4001 crederent,
1357 3954 1514 4007 quem
1569 3939 1653 3992 ille
1682 3939 1934 3993 misisset.
1971 3939 2100 3993 Nam
2130 3941 2220 4012 qui

628 4029 792 4083 Deum
849 4029 1060 4084 Patrem
1109 4041 1408 4086 creatorem
1439 4031 1716 4095 sciebant,
1771 4031 1964 4086 Filium
2007 4049 2221 4104 quoque

623 4121 895 4176 Chrismm
938 4121 1076 4176 scire
1133 4122 1438 4183 debebant,
1493 4137 1559 4177 ne
1590 4123 1690 4176 sibi
1734 4123 2106 4179 blandireutur
2167 4136 2222 4180 et

626 4215 942 4284 plauderent
969 4215 1034 4269 de
1065 4216 1181 4270 solo
1206 4215 1365 4271 Patre
1390 4219 1507 4272 sine
1532 4216 1648 4270 Filii
1677 4217 1793 4286 ejus
1820 4219 2111 4287 agnitione,
2131 4221 2220 4290 qui

623 4317 678 4364 et
705 4307 917 4362 dict-bat
944 4325 957 4362 :
984 4307 1150 4363 Nemo
1181 4311 1313 4363 venit
1335 4310 1402 4364 ad
1433 4309 1638 4366 Patrem
1669 4313 1770 4366 nisi
1801 4330 1889 4381 per
1932 4331 2010 4366 me
2037 4313 2217 4384 (Joan.

623 4420 732 4468 tur,
761 4403 794 4459 6
805 4423 842 4471 ι.
876 4404 1107 4459 Duorum
1136 4415 1314 4460 autem
1360 4407 1720 4477 cognitionem
1754 4424 1875 4464 esse
1903 4425 2022 4478 quze
2051 4412 2224 4467 salvet

625 4496 764 4551 idem
783 4497 896 4566 ipse
927 4498 1233 4553 manifestat
1259 4498 1446 4554 dicens
1472 4517 1485 4553 :
1518 4500 1642 4554 "(PC
1668 4513 1740 4555 est
1758 4511 1924 4556 autem
1949 4504 2049 4556 vita
2077 4515 2224 4558 ceter-

623 4606 691 4644 na
711 4600 767 4644 ut
788 4602 1092 4662 cognoscant
1112 4601 1158 4646 te
1181 4593 1348 4647 solum
1365 4603 1593 4648 etvermn
1615 4592 1798 4661 Deunt,
1816 4605 2019 4664 etquem
2038 4598 2217 4651 misisti

2327 3275 2665 3344 blaspltemat
2700 3292 2856 3344 quem
2887 3274 3138 3329 Christus
3167 3276 3448 3328 Dominum
3479 3290 3532 3330 et
3568 3277 3730 3329 Deum
3762 3291 3932 3330 suum

2323 3367 2540 3431 dixerit,
2569 3379 2945 3422 remuneratus
2968 3384 2995 3421 a
3023 3368 3241 3422 Christo
3270 3369 3635 3422 remiSsionem
3667 3381 3931 3436 peccato-

2324 3476 2440 3516 rum
2462 3460 2569 3514 etB
2589 3459 2783 3531 iptismi
2813 3461 3290 3514 sanctilicationem
3311 3461 3666 3529 c0n5equitur.
3683 3458 3794 3525 Qua
3821 3475 3849 3510 a
3862 3476 3898 3512 u
3917 3491 3936 3502 -

2327 3564 2431 3608 tem
2468 3565 2734 3625 potestate
2760 3560 3012 3626 consequi
3040 3556 3090 3608 in
3119 3554 3386 3624 baptismo
3407 3553 3768 3609 remissioaem
3796 3568 3936 3620 pec-

2325 3659 2563 3705 catorum
2582 3659 2756 3719 potest
2771 3666 2972 3721 negans
2982 3651 3149 3705 Deum
3167 3659 3464 3704 creatorem
3482 3657 3680 3718 patrem
3695 3646 3935 3710 Christi,

2325 3744 2540 3814 quando
2569 3745 2737 3813 ipsam
2791 3754 3112 3814 potestatem
3143 3759 3246 3812 qua
3276 3743 3610 3812 baptizamur
3634 3753 3686 3795 et
3727 3742 3938 3794 sancti-

2328 3839 2553 3892 Iicamur
2599 3839 2666 3892 ab
2697 3838 2888 3893 eodem
2922 3839 3079 3893 Patre
3109 3837 3357 3891 Christus
3402 3847 3710 3906 acceperit;
3767 3851 3934 3903 quem

2329 3935 2588 4000 majorem
2621 3933 2840 3991 dixerit,
2864 3948 2892 3984 a
2922 3947 3030 4002 quo
3060 3930 3343 3984 clttrilit'ari
3387 3931 3623 3999 petierit,
3655 3929 3806 3996 cujus
3835 3944 3934 3980 vo-

2326 4029 2585 4082 luntatem
2631 4043 2797 4097 usque
2840 4028 2904 4080 ad
2959 4027 3273 4095 obsequium
3307 4024 3520 4080 bibendi
3544 4024 3725 4078 calicis
3752 4033 3802 4075 et
3833 4038 3934 4075 su-

2328 4121 2554 4175 beunda:
2613 4120 2802 4174 mortis
2857 4119 3201 4187 impleverit?
3258 4118 3397 4184 Quid
3453 4126 3537 4171 est
3579 4117 3737 4186 igitur
3781 4114 3936 4169 aliud

2312 4231 2484 4286 quam
2521 4215 2830 4285 participem
2859 4213 3124 4269 lia-relicis
3148 4213 3643 4282 blasphemantibus
3673 4209 3812 4277 ﬁeri,
3831 4210 3935 4265 de-

2327 4309 2549 4364 fendere
2578 4309 2715 4362 velle
2742 4319 2794 4362 et
2823 4322 3074 4362 asserere
3103 4306 3246 4378 quod
3275 4307 3554 4360 remissam
3586 4315 3936 4374 peccatorum

2327 4405 2573 4473 accipere
2603 4405 2654 4457 itt
2679 4401 2876 4457 Christi
2909 4403 3125 4456 nomine
3171 4402 3338 4470 possit
3383 4398 3766 4469 blasphen‘ians
3802 4412 3936 4466 gra-

2327 4497 2464 4552 viter
2505 4508 2558 4552 et
2608 4511 2838 4567 peccans
2884 4496 2934 4548 iu
2979 4496 3188 4549 Patrem
3235 4504 3290 4547 et
3336 4492 3618 4546 Dominum
3658 4501 3711 4544 et
3764 4490 3936 4543 Deum

2324 4593 2558 4649 ChriSIi?
2580 4591 2715 4658 Quid
2745 4589 2942 4644 deinde
2968 4587 3098 4643 illud
3121 4588 3276 4658 quale
3293 4597 3376 4642 eSt
3405 4595 3461 4638 ut
3489 4584 3581 4653 qui
3618 4581 3812 4638 Filium
3839 4582 3934 4637 Dei

1832 4733 2215 4791 LECTIONES
2252 4730 2667 4790 VARIANTES.

686 4845 712 4909 ξι
747 4845 848 4895 Aut
871 4847 1152 4909 iniquitates
1171 4846 1296 4898 Bod.
1322 4849 1368 4897 1.
1402 4844 1530 4896 Tltu.

625 4973 665 5022 Ο
689 4905 717 4944 ιι
751 4910 838 4958 Sic
864 4905 998 4959 Lam.
1045 4911 1152 4962 NG.
1182 4911 1226 4960 1.
1253 4912 1376 4960 Bod.
1408 4911 1451 4971 1,
1480 4912 1522 4958 2.
1563 4909 1705 4958 Ebor.
1735 4909 1839 4960 Lin.
1880 4910 1975 4970 Qui
2016 4919 2226 4962 tractant

667 4985 782 5022 ποθι.

667 4985 764 5023 ,τοη
771 5011 782 5023 .

2387 4848 2410 4876 ο
2449 4845 2499 4893 Si
2527 4844 2712 4893 relictis
2741 4846 2872 4902 lant,
2903 4843 3042 4893 Ebor.
3072 4840 3176 4892 Lin.
3207 4841 3310 4893 ΝΕ.
3346 4842 3385 4890 l.
3417 4839 3536 4889 Bod.
3573 4841 3614 4897 l,
3645 4841 3688 4890 3.

2398 4907 2422 4946 (ι
2458 4907 2785 4958 Nominentur
2817 4908 2940 4957 Berl.
2971 4909 3014 4965 1,

1826 5085 2068 5142 STEPH.
2117 5084 2386 5142 BALUZII
2423 5083 2653 5141 NOTAE.

698 5227 810 5282 XV.
831 5257 900 5266 —
933 5226 997 5281 Et
1022 5228 1213 5282 divina.
1243 5225 1297 5280 In
1316 5225 1551 5282 editione
1571 5225 1796 5289 Erasmi,
1827 5239 1949 5295 quae
1969 5224 2207 5278 omnium

624 5301 793 5368 prima
821 5310 921 5392 ﬁsi,
949 5301 1139 5392 legi‘tpr
1166 5318 1177 5351 :
1214 5298 1478 5364 Quomodo
1509 5297 1798 5380 spiritualia
1823 5307 1870 5350 et
1899 5296 2208 5376 diuinatra-
2237 5333 2291 5392 D

625 5381 761 5424 ctant
821 5371 1006 5426 P05tea
1040 5371 1324 5433 Manutius,
1356 5387 1511 5437 quem
1537 5369 1704 5422 secuti
1729 5380 1848 5421 sunt
1881 5369 2212 5436 posteriores

624 5443 877 5500 editores.
917 5446 1089 5508 posuit
1123 5442 1388 5511 Quomodo
1437 5451 1615 5507 gerunt
1642 5440 1897 5499 spiritalia
1924 5449 2008 5491 aut
2040 5439 2215 5492 divina

625 5515 884 5567 tractant?
906 5513 1239 5568 Manifestum
1263 5526 1343 5566 est
1369 5513 1648 5567 delendam
1677 5527 1797 5566 esse
1827 5526 2008 5564 Vocem
2035 5520 2214 5580 gerunt

625 5594 718 5640 aut
747 5602 928 5638 Vocem
959 5597 1197 5639 tractant.
1230 5584 1412 5655 Itaque
1456 5601 1575 5637 cum
1629 5583 2035 5652 quatuordecitu
2095 5582 2215 5635 libri

627 5658 794 5710 noSIri
823 5668 877 5710 et
901 5672 995 5712 sex
1015 5657 1291 5727 Anglicani
1316 5672 1422 5710 non
1443 5666 1734 5726 agnostaut
1759 5670 1942 5709 vocem
1971 5660 2211 5718 tractant,

628 5741 743 5778 cam
778 5729 1106 5780 sustulimus.

706 5795 941 5859 Rejectis.
972 5797 1104 5852 Tres
1133 5797 1250 5852 libri
1291 5799 1459 5853 nostri
1492 5807 1545 5854 et
1571 5813 1662 5854 ses
1697 5796 1972 5867 Anglicani
2016 5795 2215 5852 habent

2322 5224 2536 5278 relictis.

2393 5296 2605 5350 Sincera
2629 5308 2674 5350 et
2703 5297 2960 5367 religiosa.
2990 5297 3164 5351 Editio
3205 5297 3514 5351 Mnrclliana
3557 5306 3612 5352 et
3659 5308 3772 5350 tres
3807 5297 3942 5353 libri
4029 5325 4042 5333 κ

2319 5381 2550 5428 veteres,
2586 5369 2786 5422 sincera
2809 5380 2856 5421 et
2883 5386 2998 5421 vera
3028 5379 3073 5422 et
3101 5371 3360 5436 religiosa.

2394 5439 2609 5494 ΧΗ-
2633 5439 2948 5510 Ubicumque
2966 5451 3013 5495 et
3044 5441 3527 5510 quomodocumque.
3550 5441 3676 5495 Ilzcc
3699 5450 3782 5494 e~t
3811 5455 3941 5494 vera

2320 5511 2501 5566 lectio.
2539 5528 2656 5580 qua:
2701 5528 2910 5565 rttrsun't
2946 5516 3214 5580 reperitur
3239 5512 3371 5565 inira
3426 5518 3476 5565 in
3506 5513 3603 5566 hac
3637 5515 3754 5580 ipsa
3788 5514 3939 5580 epis-

2322 5584 2446 5636 tota.
2474 5583 2729 5637 Putarunt
2757 5594 2932 5639 autem
2967 5586 3121 5647 Anin
3151 5586 3262 5635 Iure
3294 5584 3452 5638 verba
3481 5601 3601 5638 esse
3635 5584 3939 5651 Stephani,

2319 5671 2441 5724 quia
2467 5654 2624 5714 inira.
2661 5666 2716 5707 Ill
2740 5655 2815 5708 illi
2849 5656 3021 5720 aiunt,
3054 5655 3408 5710 traducuntur
3435 5673 3462 5708 a
3491 5655 3796 5724 Cypriane».
3833 5654 3936 5708 Po-

2325 5735 2503 5798 terant
2529 5727 2729 5782 addere
2755 5742 2817 5780 ea
2849 5743 2971 5782 vere
3018 5728 3268 5798 imputari
3293 5726 3572 5797 Stephano
3604 5729 3656 5782 in
3687 5725 3938 5796 Epistula

2320 5797 2640 5867 Firmiliani,
2661 5813 2780 5869 pag.
2809 5797 2933 5852 I48.
