  <div class='ocr_page' id='page_1' title='image "/cluster/home/n/w/nwhite01/storage/ocr_20150623/3/hvd.32044054086798/611.png"; bbox 0 0 4262 6236; ppageno 0'>
   <div class='ocr_carea' id='block_1_1' title="bbox 669 352 808 409">
    <p class='ocr_par' dir='ltr' id='par_1_1' title="bbox 669 352 808 409">
     <span class='ocr_line' id='line_1_1' title="bbox 669 352 808 409; baseline 0 -1"><span class='ocrx_word' id='word_1_1' title='bbox 669 352 808 409; x_wconf 76' lang='lat' dir='ltr'><strong>ii23</strong></span> 
     </span>
    </p>
   </div>
   <div class='ocr_carea' id='block_1_2' title="bbox 1630 319 3035 413">
    <p class='ocr_par' dir='ltr' id='par_1_2' title="bbox 1630 319 3035 413">
     <span class='ocr_line' id='line_1_2' title="bbox 1630 319 3035 413; baseline -0.004 -7"><span class='ocrx_word' id='word_1_2' title='bbox 1630 347 1966 406; x_wconf 76' lang='lat' dir='ltr'><strong>EPISTULA</strong></span> <span class='ocrx_word' id='word_1_3' title='bbox 2005 347 2062 404; x_wconf 90' lang='lat' dir='ltr'><strong>s.</strong></span> <span class='ocrx_word' id='word_1_4' title='bbox 2105 319 2422 404; x_wconf 72' lang='lat' dir='ltr'><strong>CYPRlANl</strong></span> <span class='ocrx_word' id='word_1_5' title='bbox 2469 346 2559 399; x_wconf 72' lang='lat' dir='ltr'><strong>AD</strong></span> <span class='ocrx_word' id='word_1_6' title='bbox 2598 343 3035 413; x_wconf 80' lang='lat' dir='ltr'><strong>JUBAIANUM,</strong></span> 
     </span>
    </p>
   </div>
   <div class='ocr_carea' id='block_1_3' title="bbox 3825 328 3961 402">
    <p class='ocr_par' dir='ltr' id='par_1_3' title="bbox 3825 328 3961 402">
     <span class='ocr_line' id='line_1_3' title="bbox 3825 328 3961 402; baseline 0 0"><span class='ocrx_word' id='word_1_7' title='bbox 3825 328 3961 402; x_wconf 69' lang='lat' dir='ltr'><strong>ttat</strong></span> 
     </span>
    </p>
   </div>
   <div class='ocr_carea' id='block_1_4' title="bbox 667 459 3963 534">
    <p class='ocr_par' dir='ltr' id='par_1_4' title="bbox 667 459 3963 534">
     <span class='ocr_line' id='line_1_4' title="bbox 667 459 3963 534; baseline -0.001 -14"><span class='ocrx_word' id='word_1_8' title='bbox 667 467 822 521; x_wconf 89' lang='lat' dir='ltr'><strong>tidem</strong></span> <span class='ocrx_word' id='word_1_9' title='bbox 863 479 926 520; x_wconf 86' lang='lat' dir='ltr'><strong>ac</strong></span> <span class='ocrx_word' id='word_1_10' title='bbox 952 464 1230 520; x_wconf 75' lang='lat' dir='ltr'><strong>veritatem</strong></span> <span class='ocrx_word' id='word_1_11' title='bbox 1261 464 1424 519; x_wconf 93' lang='lat' dir='ltr'><strong>frater</strong></span> <span class='ocrx_word' id='word_1_12' title='bbox 1449 464 1784 528; x_wconf 82' lang='lat' dir='ltr'><strong>charissimc,</strong></span> <span class='ocrx_word' id='word_1_13' title='bbox 1829 473 1882 518; x_wconf 89' lang='lat' dir='ltr'><strong>et</strong></span> <span class='ocrx_word' id='word_1_14' title='bbox 1933 472 2117 516; x_wconf 88' lang='lat' dir='ltr'><strong>tenere</strong></span> <span class='ocrx_word' id='word_1_15' title='bbox 2166 460 2259 514; x_wconf 81' lang='lat' dir='ltr'><strong>de-</strong></span> <span class='ocrx_word' id='word_1_16' title='bbox 2287 466 2337 523; x_wconf 77' lang='grc' dir='ltr'><strong>Α</strong></span> <span class='ocrx_word' id='word_1_17' title='bbox 2365 459 2429 511; x_wconf 88' lang='lat' dir='ltr'><strong>ad</strong></span> <span class='ocrx_word' id='word_1_18' title='bbox 2464 459 2758 514; x_wconf 78' lang='lat' dir='ltr'><strong>Ecclesium</strong></span> <span class='ocrx_word' id='word_1_19' title='bbox 2790 462 3044 528; x_wconf 83' lang='lat' dir='ltr'><strong>veniunt;</strong></span> <span class='ocrx_word' id='word_1_20' title='bbox 3078 469 3132 515; x_wconf 92' lang='lat' dir='ltr'><strong>nt</strong></span> <span class='ocrx_word' id='word_1_21' title='bbox 3161 462 3249 530; x_wconf 90' lang='lat' dir='ltr'><strong>qui</strong></span> <span class='ocrx_word' id='word_1_22' title='bbox 3276 461 3512 532; x_wconf 79' lang='lat' dir='ltr'><strong>legitimo</strong></span> <span class='ocrx_word' id='word_1_23' title='bbox 3539 473 3594 515; x_wconf 85' lang='lat' dir='ltr'><strong>et</strong></span> <span class='ocrx_word' id='word_1_24' title='bbox 3625 477 3754 516; x_wconf 80' lang='lat' dir='ltr'><strong>vero</strong></span> <span class='ocrx_word' id='word_1_25' title='bbox 3805 475 3963 534; x_wconf 90' lang='lat' dir='ltr'><strong>atque</strong></span> 
     </span>
    </p>
   </div>
   <div class='ocr_carea' id='block_1_5' title="bbox 665 553 2258 628">
    <p class='ocr_par' dir='ltr' id='par_1_5' title="bbox 665 553 2258 628">
     <span class='ocr_line' id='line_1_5' title="bbox 665 553 2258 628; baseline -0.006 -13"><span class='ocrx_word' id='word_1_26' title='bbox 665 562 854 616; x_wconf 87' lang='lat' dir='ltr'><strong>bemus</strong></span> <span class='ocrx_word' id='word_1_27' title='bbox 886 559 1126 622; x_wconf 88' lang='lat' dir='ltr'><strong>lirmiter,</strong></span> <span class='ocrx_word' id='word_1_28' title='bbox 1149 566 1204 612; x_wconf 90' lang='lat' dir='ltr'><strong>et</strong></span> <span class='ocrx_word' id='word_1_29' title='bbox 1223 561 1441 624; x_wconf 85' lang='lat' dir='ltr'><strong>docere,</strong></span> <span class='ocrx_word' id='word_1_30' title='bbox 1465 569 1516 612; x_wconf 91' lang='lat' dir='ltr'><strong>et</strong></span> <span class='ocrx_word' id='word_1_31' title='bbox 1549 574 1644 628; x_wconf 90' lang='lat' dir='ltr'><strong>per</strong></span> <span class='ocrx_word' id='word_1_32' title='bbox 1673 559 1849 612; x_wconf 91' lang='lat' dir='ltr'><strong>omnia</strong></span> <span class='ocrx_word' id='word_1_33' title='bbox 1874 553 2174 624; x_wconf 83' lang='lat' dir='ltr'><strong>evangelica</strong></span> <span class='ocrx_word' id='word_1_34' title='bbox 2205 565 2258 608; x_wconf 90' lang='lat' dir='ltr'><strong>et</strong></span> 
     </span>
    </p>
   </div>
   <div class='ocr_carea' id='block_1_6' title="bbox 663 648 2258 723">
    <p class='ocr_par' dir='ltr' id='par_1_6' title="bbox 663 648 2258 723">
     <span class='ocr_line' id='line_1_6' title="bbox 663 648 2258 723; baseline -0.002 -17"><span class='ocrx_word' id='word_1_35' title='bbox 663 652 956 723; x_wconf 83' lang='lat' dir='ltr'><strong>apostolica</strong></span> <span class='ocrx_word' id='word_1_36' title='bbox 1016 661 1284 722; x_wconf 71' lang='lat' dir='ltr'><strong>prazcepta</strong></span> <span class='ocrx_word' id='word_1_37' title='bbox 1344 653 1604 707; x_wconf 86' lang='lat' dir='ltr'><strong>rationem</strong></span> <span class='ocrx_word' id='word_1_38' title='bbox 1663 651 1858 707; x_wconf 80' lang='lat' dir='ltr'><strong>divina:</strong></span> <span class='ocrx_word' id='word_1_39' title='bbox 1887 648 2258 722; x_wconf 78' lang='lat' dir='ltr'><strong>dispositionis</strong></span> 
     </span>
    </p>
   </div>
   <div class='ocr_carea' id='block_1_7' title="bbox 662 745 1404 817">
    <p class='ocr_par' dir='ltr' id='par_1_7' title="bbox 662 745 1404 817">
     <span class='ocr_line' id='line_1_7' title="bbox 662 745 1404 817; baseline -0.004 -16"><span class='ocrx_word' id='word_1_40' title='bbox 662 758 820 817; x_wconf 88' lang='lat' dir='ltr'><strong>atque</strong></span> <span class='ocrx_word' id='word_1_41' title='bbox 848 745 1067 800; x_wconf 88' lang='lat' dir='ltr'><strong>unitatis</strong></span> <span class='ocrx_word' id='word_1_42' title='bbox 1098 745 1404 800; x_wconf 86' lang='lat' dir='ltr'><strong>ostendere.</strong></span> 
     </span>
    </p>
   </div>
   <div class='ocr_carea' id='block_1_8' title="bbox 736 835 2260 908">
    <p class='ocr_par' dir='ltr' id='par_1_8' title="bbox 736 835 2260 908">
     <span class='ocr_line' id='line_1_8' title="bbox 736 835 2260 908; baseline -0.002 -15"><span class='ocrx_word' id='word_1_43' title='bbox 736 839 880 894; x_wconf 78' lang='lat' dir='ltr'><strong>XXI.</strong></span> <span class='ocrx_word' id='word_1_44' title='bbox 912 839 1179 908; x_wconf 81' lang='lat' dir='ltr'><strong>Numquid</strong></span> <span class='ocrx_word' id='word_1_45' title='bbox 1211 845 1386 907; x_wconf 87' lang='lat' dir='ltr'><strong>potest</strong></span> <span class='ocrx_word' id='word_1_46' title='bbox 1416 835 1494 892; x_wconf 87' lang='lat' dir='ltr'><strong>vis</strong></span> <span class='ocrx_word' id='word_1_47' title='bbox 1522 837 1780 908; x_wconf 86' lang='lat' dir='ltr'><strong>Baptisml</strong></span> <span class='ocrx_word' id='word_1_48' title='bbox 1820 851 1941 893; x_wconf 86' lang='lat' dir='ltr'><strong>esse</strong></span> <span class='ocrx_word' id='word_1_49' title='bbox 1966 835 2138 906; x_wconf 85' lang='lat' dir='ltr'><strong>major</strong></span> <span class='ocrx_word' id='word_1_50' title='bbox 2168 845 2260 890; x_wconf 85' lang='lat' dir='ltr'><strong>aut</strong></span> 
     </span>
    </p>
   </div>
   <div class='ocr_carea' id='block_1_9' title="bbox 664 927 2258 1003">
    <p class='ocr_par' dir='ltr' id='par_1_9' title="bbox 664 927 2258 1003">
     <span class='ocr_line' id='line_1_9' title="bbox 664 927 2258 1003; baseline -0.002 -18"><span class='ocrx_word' id='word_1_51' title='bbox 664 933 840 1003; x_wconf 86' lang='lat' dir='ltr'><strong>potior</strong></span> <span class='ocrx_word' id='word_1_52' title='bbox 852 941 1012 1001; x_wconf 89' lang='lat' dir='ltr'><strong>quam</strong></span> <span class='ocrx_word' id='word_1_53' title='bbox 1032 931 1322 992; x_wconf 86' lang='lat' dir='ltr'><strong>confessio.</strong></span> <span class='ocrx_word' id='word_1_54' title='bbox 1344 939 1501 1001; x_wconf 89' lang='lat' dir='ltr'><strong>quam</strong></span> <span class='ocrx_word' id='word_1_55' title='bbox 1526 932 1724 1000; x_wconf 84' lang='lat' dir='ltr'><strong>passio,</strong></span> <span class='ocrx_word' id='word_1_56' title='bbox 1747 939 1803 983; x_wconf 93' lang='lat' dir='ltr'><strong>ut</strong></span> <span class='ocrx_word' id='word_1_57' title='bbox 1821 927 1941 999; x_wconf 87' lang='lat' dir='ltr'><strong>quis</strong></span> <span class='ocrx_word' id='word_1_58' title='bbox 1958 943 2142 982; x_wconf 90' lang='lat' dir='ltr'><strong>coram</strong></span> <span class='ocrx_word' id='word_1_59' title='bbox 2164 928 2258 982; x_wconf 87' lang='lat' dir='ltr'><strong>ho-</strong></span> 
     </span>
    </p>
   </div>
   <div class='ocr_carea' id='block_1_10' title="bbox 663 1019 2260 1093">
    <p class='ocr_par' dir='ltr' id='par_1_10' title="bbox 663 1019 2260 1093">
     <span class='ocr_line' id='line_1_10' title="bbox 663 1019 2260 1093; baseline -0.003 -13"><span class='ocrx_word' id='word_1_60' title='bbox 663 1025 896 1080; x_wconf 86' lang='lat' dir='ltr'><strong>tttinibus</strong></span> <span class='ocrx_word' id='word_1_61' title='bbox 908 1023 1178 1078; x_wconf 88' lang='lat' dir='ltr'><strong>Christum</strong></span> <span class='ocrx_word' id='word_1_62' title='bbox 1209 1025 1531 1078; x_wconf 90' lang='lat' dir='ltr'><strong>conﬁteatur</strong></span> <span class='ocrx_word' id='word_1_63' title='bbox 1551 1031 1604 1077; x_wconf 91' lang='lat' dir='ltr'><strong>et</strong></span> <span class='ocrx_word' id='word_1_64' title='bbox 1625 1023 1889 1093; x_wconf 87' lang='lat' dir='ltr'><strong>sanguine</strong></span> <span class='ocrx_word' id='word_1_65' title='bbox 1908 1037 2004 1076; x_wconf 90' lang='lat' dir='ltr'><strong>suo</strong></span> <span class='ocrx_word' id='word_1_66' title='bbox 2021 1019 2260 1091; x_wconf 84' lang='lat' dir='ltr'><strong>baptize-</strong></span> 
     </span>
    </p>
   </div>
   <div class='ocr_carea' id='block_1_11' title="bbox 667 1113 2256 1186">
    <p class='ocr_par' dir='ltr' id='par_1_11' title="bbox 667 1113 2256 1186">
     <span class='ocr_line' id='line_1_11' title="bbox 667 1113 2256 1186; baseline -0.003 -14"><span class='ocrx_word' id='word_1_67' title='bbox 667 1118 796 1172; x_wconf 75' lang='lat' dir='ltr'><strong>turi</strong></span> <span class='ocrx_word' id='word_1_68' title='bbox 828 1117 898 1172; x_wconf 86' lang='lat' dir='ltr'><strong>Et</strong></span> <span class='ocrx_word' id='word_1_69' title='bbox 925 1127 1102 1171; x_wconf 89' lang='lat' dir='ltr'><strong>tamen</strong></span> <span class='ocrx_word' id='word_1_70' title='bbox 1125 1129 1299 1186; x_wconf 85' lang='lat' dir='ltr'><strong>neque</strong></span> <span class='ocrx_word' id='word_1_71' title='bbox 1327 1115 1430 1169; x_wconf 90' lang='lat' dir='ltr'><strong>hoc</strong></span> <span class='ocrx_word' id='word_1_72' title='bbox 1447 1116 1712 1185; x_wconf 84' lang='lat' dir='ltr'><strong>Baptisma</strong></span> <span class='ocrx_word' id='word_1_73' title='bbox 1735 1114 1989 1169; x_wconf 86' lang='lat' dir='ltr'><strong>haeretico</strong></span> <span class='ocrx_word' id='word_1_74' title='bbox 2020 1113 2256 1183; x_wconf 90' lang='lat' dir='ltr'><strong>prodest,</strong></span> 
     </span>
    </p>
   </div>
   <div class='ocr_carea' id='block_1_12' title="bbox 667 1205 2263 1284">
    <p class='ocr_par' dir='ltr' id='par_1_12' title="bbox 667 1205 2263 1284">
     <span class='ocr_line' id='line_1_12' title="bbox 667 1205 2263 1284; baseline -0.003 -18"><span class='ocrx_word' id='word_1_75' title='bbox 667 1213 914 1284; x_wconf 74' lang='lat' dir='ltr'><strong>quamvis</strong></span> <span class='ocrx_word' id='word_1_76' title='bbox 933 1210 1205 1266; x_wconf 86' lang='lat' dir='ltr'><strong>Chrismm</strong></span> <span class='ocrx_word' id='word_1_77' title='bbox 1229 1212 1507 1265; x_wconf 84' lang='lat' dir='ltr'><strong>confessus</strong></span> <span class='ocrx_word' id='word_1_78' title='bbox 1536 1219 1586 1264; x_wconf 91' lang='lat' dir='ltr'><strong>et</strong></span> <span class='ocrx_word' id='word_1_79' title='bbox 1606 1221 1752 1263; x_wconf 78' lang='lat' dir='ltr'><strong>extra</strong></span> <span class='ocrx_word' id='word_1_80' title='bbox 1784 1205 2081 1263; x_wconf 83' lang='lat' dir='ltr'><strong>Ecclesium</strong></span> <span class='ocrx_word' id='word_1_81' title='bbox 2102 1208 2263 1262; x_wconf 88' lang='lat' dir='ltr'><strong>fuerit</strong></span> 
     </span>
    </p>
   </div>
   <div class='ocr_carea' id='block_1_13' title="bbox 665 1300 2261 1372">
    <p class='ocr_par' dir='ltr' id='par_1_13' title="bbox 665 1300 2261 1372">
     <span class='ocr_line' id='line_1_13' title="bbox 665 1300 2261 1372; baseline -0.004 -11"><span class='ocrx_word' id='word_1_82' title='bbox 665 1307 906 1368; x_wconf 78' lang='lat' dir='ltr'><strong>Occisus;</strong></span> <span class='ocrx_word' id='word_1_83' title='bbox 951 1305 1050 1359; x_wconf 83' lang='lat' dir='ltr'><strong>nisi</strong></span> <span class='ocrx_word' id='word_1_84' title='bbox 1078 1306 1120 1358; x_wconf 90' lang='lat' dir='ltr'><strong>si</strong></span> <span class='ocrx_word' id='word_1_85' title='bbox 1152 1304 1528 1359; x_wconf 81' lang='lat' dir='ltr'><strong>lnereticorum</strong></span> <span class='ocrx_word' id='word_1_86' title='bbox 1556 1304 1764 1372; x_wconf 83' lang='lat' dir='ltr'><strong>patroni</strong></span> <span class='ocrx_word' id='word_1_87' title='bbox 1794 1311 1848 1356; x_wconf 90' lang='lat' dir='ltr'><strong>et</strong></span> <span class='ocrx_word' id='word_1_88' title='bbox 1877 1301 2118 1358; x_wconf 87' lang='lat' dir='ltr'><strong>advocati</strong></span> <span class='ocrx_word' id='word_1_89' title='bbox 2150 1300 2261 1355; x_wconf 74' lang='lat' dir='ltr'><strong>ha:-</strong></span> 
     </span>
    </p>
   </div>
   <div class='ocr_carea' id='block_1_14' title="bbox 664 1395 2263 1454">
    <p class='ocr_par' dir='ltr' id='par_1_14' title="bbox 664 1395 2263 1454">
     <span class='ocr_line' id='line_1_14' title="bbox 664 1395 2263 1454; baseline -0.003 0"><span class='ocrx_word' id='word_1_90' title='bbox 664 1400 862 1454; x_wconf 86' lang='lat' dir='ltr'><strong>reticos</strong></span> <span class='ocrx_word' id='word_1_91' title='bbox 904 1399 954 1452; x_wconf 89' lang='lat' dir='ltr'><strong>in</strong></span> <span class='ocrx_word' id='word_1_92' title='bbox 988 1397 1117 1452; x_wconf 91' lang='lat' dir='ltr'><strong>falsa</strong></span> <span class='ocrx_word' id='word_1_93' title='bbox 1146 1395 1485 1452; x_wconf 80' lang='lat' dir='ltr'><strong>confessione</strong></span> <span class='ocrx_word' id='word_1_94' title='bbox 1537 1395 1737 1450; x_wconf 82' lang='lat' dir='ltr'><strong>Christi</strong></span> <span class='ocrx_word' id='word_1_95' title='bbox 1781 1396 2089 1450; x_wconf 75' lang='lat' dir='ltr'><strong>interiectos</strong></span> <span class='ocrx_word' id='word_1_96' title='bbox 2119 1410 2263 1449; x_wconf 86' lang='lat' dir='ltr'><strong>mar-</strong></span> 
     </span>
    </p>
   </div>
   <div class='ocr_carea' id='block_1_15' title="bbox 667 1487 2258 1560">
    <p class='ocr_par' dir='ltr' id='par_1_15' title="bbox 667 1487 2258 1560">
     <span class='ocr_line' id='line_1_15' title="bbox 667 1487 2258 1560; baseline -0.001 -18"><span class='ocrx_word' id='word_1_97' title='bbox 667 1500 810 1560; x_wconf 84' lang='lat' dir='ltr'><strong>tyres</strong></span> <span class='ocrx_word' id='word_1_98' title='bbox 837 1489 1127 1559; x_wconf 78' lang='lat' dir='ltr'><strong>praedicant</strong></span> <span class='ocrx_word' id='word_1_99' title='bbox 1175 1498 1229 1543; x_wconf 92' lang='lat' dir='ltr'><strong>et</strong></span> <span class='ocrx_word' id='word_1_100' title='bbox 1258 1497 1443 1543; x_wconf 89' lang='lat' dir='ltr'><strong>contra</strong></span> <span class='ocrx_word' id='word_1_101' title='bbox 1475 1487 1718 1558; x_wconf 84' lang='lat' dir='ltr'><strong>Apostoli</strong></span> <span class='ocrx_word' id='word_1_102' title='bbox 1775 1487 2219 1542; x_wconf 89' lang='lat' dir='ltr'><strong>contestationem</strong></span> <span class='ocrx_word' id='word_1_103' title='bbox 2243 1527 2258 1550; x_wconf 90' lang='lat'><strong>,</strong></span> 
     </span>
    </p>
   </div>
   <div class='ocr_carea' id='block_1_16' title="bbox 665 1579 2262 1651">
    <p class='ocr_par' dir='ltr' id='par_1_16' title="bbox 665 1579 2262 1651">
     <span class='ocr_line' id='line_1_16' title="bbox 665 1579 2262 1651; baseline 0 -17"><span class='ocrx_word' id='word_1_104' title='bbox 665 1582 752 1651; x_wconf 91' lang='lat' dir='ltr'><strong>qui</strong></span> <span class='ocrx_word' id='word_1_105' title='bbox 785 1580 914 1634; x_wconf 89' lang='lat' dir='ltr'><strong>nihil</strong></span> <span class='ocrx_word' id='word_1_106' title='bbox 943 1596 1060 1648; x_wconf 89' lang='lat' dir='ltr'><strong>eos,</strong></span> <span class='ocrx_word' id='word_1_107' title='bbox 1093 1581 1337 1651; x_wconf 83' lang='lat' dir='ltr'><strong>quamvis</strong></span> <span class='ocrx_word' id='word_1_108' title='bbox 1369 1591 1588 1635; x_wconf 81' lang='lat' dir='ltr'><strong>exustos</strong></span> <span class='ocrx_word' id='word_1_109' title='bbox 1617 1590 1672 1635; x_wconf 90' lang='lat' dir='ltr'><strong>et</strong></span> <span class='ocrx_word' id='word_1_110' title='bbox 1699 1581 1928 1643; x_wconf 90' lang='lat' dir='ltr'><strong>occisos,</strong></span> <span class='ocrx_word' id='word_1_111' title='bbox 1955 1579 2082 1635; x_wconf 89' lang='lat' dir='ltr'><strong>dicit</strong></span> <span class='ocrx_word' id='word_1_112' title='bbox 2107 1595 2262 1650; x_wconf 90' lang='lat' dir='ltr'><strong>posse</strong></span> 
     </span>
    </p>
   </div>
   <div class='ocr_carea' id='block_1_17' title="bbox 664 1674 2264 1745">
    <p class='ocr_par' dir='ltr' id='par_1_17' title="bbox 664 1674 2264 1745">
     <span class='ocr_line' id='line_1_17' title="bbox 664 1674 2264 1745; baseline 0.001 -18"><span class='ocrx_word' id='word_1_113' title='bbox 664 1677 926 1745; x_wconf 88' lang='lat' dir='ltr'><strong>prolicere</strong></span> <span class='ocrx_word' id='word_1_114' title='bbox 951 1674 994 1743; x_wconf 90' lang='lat' dir='ltr'><strong>(l</strong></span> <span class='ocrx_word' id='word_1_115' title='bbox 1019 1675 1137 1730; x_wconf 86' lang='lat' dir='ltr'><strong>Cor.</strong></span> <span class='ocrx_word' id='word_1_116' title='bbox 1180 1690 1296 1738; x_wconf 81' lang='lat' dir='ltr'><strong>xm,</strong></span> <span class='ocrx_word' id='word_1_117' title='bbox 1319 1674 1397 1744; x_wconf 80' lang='grc'><strong>5),</strong></span> <span class='ocrx_word' id='word_1_118' title='bbox 1422 1675 1648 1744; x_wconf 78' lang='lat' dir='ltr'><strong>gloriam</strong></span> <span class='ocrx_word' id='word_1_119' title='bbox 1676 1675 1756 1729; x_wconf 89' lang='lat' dir='ltr'><strong>eis</strong></span> <span class='ocrx_word' id='word_1_120' title='bbox 1777 1687 1830 1729; x_wconf 90' lang='lat' dir='ltr'><strong>et</strong></span> <span class='ocrx_word' id='word_1_121' title='bbox 1857 1689 2110 1729; x_wconf 87' lang='lat' dir='ltr'><strong>coronam</strong></span> <span class='ocrx_word' id='word_1_122' title='bbox 2141 1689 2264 1744; x_wconf 87' lang='lat' dir='ltr'><strong>pas—</strong></span> 
     </span>
    </p>
   </div>
   <div class='ocr_carea' id='block_1_18' title="bbox 665 1766 2262 1838">
    <p class='ocr_par' dir='ltr' id='par_1_18' title="bbox 665 1766 2262 1838">
     <span class='ocr_line' id='line_1_18' title="bbox 665 1766 2262 1838; baseline 0 -17"><span class='ocrx_word' id='word_1_123' title='bbox 665 1766 833 1821; x_wconf 84' lang='lat' dir='ltr'><strong>sionis</strong></span> <span class='ocrx_word' id='word_1_124' title='bbox 882 1768 1176 1837; x_wconf 82' lang='lat' dir='ltr'><strong>assignant.</strong></span> <span class='ocrx_word' id='word_1_125' title='bbox 1223 1767 1376 1834; x_wconf 81' lang='lat' dir='ltr'><strong>Quod</strong></span> <span class='ocrx_word' id='word_1_126' title='bbox 1437 1768 1484 1820; x_wconf 88' lang='lat' dir='ltr'><strong>si</strong></span> <span class='ocrx_word' id='word_1_127' title='bbox 1518 1769 1770 1821; x_wconf 66' lang='lat' dir='ltr'><strong>hmretico</strong></span> <span class='ocrx_word' id='word_1_128' title='bbox 1827 1784 1925 1821; x_wconf 83' lang='lat' dir='ltr'><strong>nec</strong></span> <span class='ocrx_word' id='word_1_129' title='bbox 1989 1767 2262 1838; x_wconf 87' lang='lat' dir='ltr'><strong>Baptisma</strong></span> 
     </span>
    </p>
   </div>
   <div class='ocr_carea' id='block_1_19' title="bbox 2365 555 3965 628">
    <p class='ocr_par' dir='ltr' id='par_1_19' title="bbox 2365 555 3965 628">
     <span class='ocr_line' id='line_1_19' title="bbox 2365 555 3965 628; baseline 0.003 -21"><span class='ocrx_word' id='word_1_130' title='bbox 2365 556 2522 608; x_wconf 88' lang='lat' dir='ltr'><strong>unico</strong></span> <span class='ocrx_word' id='word_1_131' title='bbox 2545 566 2743 610; x_wconf 69' lang='lat' dir='ltr'><strong>sancta:</strong></span> <span class='ocrx_word' id='word_1_132' title='bbox 2774 555 3028 612; x_wconf 76' lang='lat' dir='ltr'><strong>Ecclesize</strong></span> <span class='ocrx_word' id='word_1_133' title='bbox 3057 556 3422 628; x_wconf 83' lang='lat' dir='ltr'><strong>Daptismoad</strong></span> <span class='ocrx_word' id='word_1_134' title='bbox 3450 572 3674 626; x_wconf 82' lang='lat' dir='ltr'><strong>regnum</strong></span> <span class='ocrx_word' id='word_1_135' title='bbox 3697 557 3790 611; x_wconf 82' lang='lat' dir='ltr'><strong>Dei</strong></span> <span class='ocrx_word' id='word_1_136' title='bbox 3821 574 3965 628; x_wconf 88' lang='lat' dir='ltr'><strong>rege-</strong></span> 
     </span>
    </p>
   </div>
   <div class='ocr_carea' id='block_1_20' title="bbox 2364 651 3966 722">
    <p class='ocr_par' dir='ltr' id='par_1_20' title="bbox 2364 651 3966 722">
     <span class='ocr_line' id='line_1_20' title="bbox 2364 651 3966 722; baseline 0.003 -20"><span class='ocrx_word' id='word_1_137' title='bbox 2364 651 2641 705; x_wconf 85' lang='lat' dir='ltr'><strong>neratione</strong></span> <span class='ocrx_word' id='word_1_138' title='bbox 2687 651 2863 705; x_wconf 87' lang='lat' dir='ltr'><strong>divina</strong></span> <span class='ocrx_word' id='word_1_139' title='bbox 2895 663 3287 722; x_wconf 62' lang='lat' dir='ltr'><strong>praeparantur,</strong></span> <span class='ocrx_word' id='word_1_140' title='bbox 3349 663 3688 707; x_wconf 83' lang='lat' dir='ltr'><strong>sacramento</strong></span> <span class='ocrx_word' id='word_1_141' title='bbox 3735 661 3966 721; x_wconf 82' lang='lat' dir='ltr'><strong>utquue</strong></span> 
     </span>
    </p>
   </div>
   <div class='ocr_carea' id='block_1_21' title="bbox 2362 743 3967 815">
    <p class='ocr_par' dir='ltr' id='par_1_21' title="bbox 2362 743 3967 815">
     <span class='ocr_line' id='line_1_21' title="bbox 2362 743 3967 815; baseline 0 -19"><span class='ocrx_word' id='word_1_142' title='bbox 2362 753 2671 810; x_wconf 87' lang='lat' dir='ltr'><strong>nascantur,</strong></span> <span class='ocrx_word' id='word_1_143' title='bbox 2705 745 2828 814; x_wconf 86' lang='lat' dir='ltr'><strong>quia</strong></span> <span class='ocrx_word' id='word_1_144' title='bbox 2861 745 3119 814; x_wconf 89' lang='lat' dir='ltr'><strong>scriptum</strong></span> <span class='ocrx_word' id='word_1_145' title='bbox 3157 753 3271 798; x_wconf 80' lang='lat' dir='ltr'><strong>est:</strong></span> <span class='ocrx_word' id='word_1_146' title='bbox 3305 743 3422 797; x_wconf 85' lang='lat' dir='ltr'><strong>Nisi</strong></span> <span class='ocrx_word' id='word_1_147' title='bbox 3441 745 3553 814; x_wconf 89' lang='lat' dir='ltr'><strong>quis</strong></span> <span class='ocrx_word' id='word_1_148' title='bbox 3579 755 3787 797; x_wconf 80' lang='lat' dir='ltr'><strong>renatus</strong></span> <span class='ocrx_word' id='word_1_149' title='bbox 3812 745 3967 815; x_wconf 78' lang='lat' dir='ltr'><strong>fuerit</strong></span> 
     </span>
    </p>
   </div>
   <div class='ocr_carea' id='block_1_22' title="bbox 2361 835 3964 912">
    <p class='ocr_par' dir='ltr' id='par_1_22' title="bbox 2361 835 3964 912">
     <span class='ocr_line' id='line_1_22' title="bbox 2361 835 3964 912; baseline 0.002 -21"><span class='ocrx_word' id='word_1_150' title='bbox 2361 853 2426 892; x_wconf 81' lang='lat' dir='ltr'><strong>ea:</strong></span> <span class='ocrx_word' id='word_1_151' title='bbox 2444 854 2574 908; x_wconf 76' lang='lat' dir='ltr'><strong>aqua</strong></span> <span class='ocrx_word' id='word_1_152' title='bbox 2589 851 2632 891; x_wconf 86' lang='lat' dir='ltr'><strong>et</strong></span> <span class='ocrx_word' id='word_1_153' title='bbox 2648 841 2829 910; x_wconf 73' lang='lat' dir='ltr'><strong>spiritu</strong></span> <span class='ocrx_word' id='word_1_154' title='bbox 2847 857 2947 893; x_wconf 87' lang='lat' dir='ltr'><strong>non</strong></span> <span class='ocrx_word' id='word_1_155' title='bbox 2981 849 3142 912; x_wconf 78' lang='lat' dir='ltr'><strong>potest</strong></span> <span class='ocrx_word' id='word_1_156' title='bbox 3157 841 3351 893; x_wconf 87' lang='lat' dir='ltr'><strong>intrare</strong></span> <span class='ocrx_word' id='word_1_157' title='bbox 3364 840 3414 892; x_wconf 90' lang='lat' dir='ltr'><strong>in</strong></span> <span class='ocrx_word' id='word_1_158' title='bbox 3432 855 3642 910; x_wconf 84' lang='lat' dir='ltr'><strong>regnum</strong></span> <span class='ocrx_word' id='word_1_159' title='bbox 3661 835 3755 892; x_wconf 86' lang='lat' dir='ltr'><strong>Dei</strong></span> <span class='ocrx_word' id='word_1_160' title='bbox 3775 837 3964 910; x_wconf 89' lang='lat' dir='ltr'><strong>(Joan.</strong></span> 
     </span>
    </p>
   </div>
   <div class='ocr_carea' id='block_1_23' title="bbox 2363 933 2533 1006">
    <p class='ocr_par' dir='ltr' id='par_1_23' title="bbox 2363 933 2533 1006">
     <span class='ocr_line' id='line_1_23' title="bbox 2363 933 2533 1006; baseline 0.006 -19"><span class='ocrx_word' id='word_1_161' title='bbox 2363 933 2533 1006; x_wconf 79' lang='lat' dir='ltr'><strong>tn,5).</strong></span> 
     </span>
    </p>
   </div>
   <div class='ocr_carea' id='block_1_24' title="bbox 2435 1021 3970 1100">
    <p class='ocr_par' dir='ltr' id='par_1_24' title="bbox 2435 1021 3970 1100">
     <span class='ocr_line' id='line_1_24' title="bbox 2435 1021 3970 1100; baseline 0.001 -19"><span class='ocrx_word' id='word_1_162' title='bbox 2435 1021 2601 1082; x_wconf 78' lang='lat' dir='ltr'><strong>XXII.</strong></span> <span class='ocrx_word' id='word_1_163' title='bbox 2645 1029 2762 1096; x_wconf 88' lang='lat' dir='ltr'><strong>Quo</strong></span> <span class='ocrx_word' id='word_1_164' title='bbox 2791 1030 2840 1083; x_wconf 91' lang='lat' dir='ltr'><strong>in</strong></span> <span class='ocrx_word' id='word_1_165' title='bbox 2879 1029 2997 1084; x_wconf 88' lang='lat' dir='ltr'><strong>loco</strong></span> <span class='ocrx_word' id='word_1_166' title='bbox 3024 1028 3260 1100; x_wconf 90' lang='lat' dir='ltr'><strong>quidam,</strong></span> <span class='ocrx_word' id='word_1_167' title='bbox 3291 1029 3442 1100; x_wconf 91' lang='lat' dir='ltr'><strong>quasi</strong></span> <span class='ocrx_word' id='word_1_168' title='bbox 3470 1042 3728 1083; x_wconf 84' lang='lat' dir='ltr'><strong>evacuare</strong></span> <span class='ocrx_word' id='word_1_169' title='bbox 3756 1029 3970 1098; x_wconf 84' lang='lat' dir='ltr'><strong>possint.</strong></span> 
     </span>
    </p>
   </div>
   <div class='ocr_carea' id='block_1_25' title="bbox 2364 1117 3968 1192">
    <p class='ocr_par' dir='ltr' id='par_1_25' title="bbox 2364 1117 3968 1192">
     <span class='ocr_line' id='line_1_25' title="bbox 2364 1117 3968 1192; baseline 0.001 -20"><span class='ocrx_word' id='word_1_170' title='bbox 2364 1119 2594 1174; x_wconf 88' lang='lat' dir='ltr'><strong>humana</strong></span> <span class='ocrx_word' id='word_1_171' title='bbox 2642 1123 3106 1192; x_wconf 83' lang='lat' dir='ltr'><strong>argumentatione</strong></span> <span class='ocrx_word' id='word_1_172' title='bbox 3178 1117 3570 1190; x_wconf 69' lang='lat' dir='ltr'><strong>prazdicationis</strong></span> <span class='ocrx_word' id='word_1_173' title='bbox 3637 1119 3968 1190; x_wconf 74' lang='lat' dir='ltr'><strong>evangelica:</strong></span> 
     </span>
    </p>
   </div>
   <div class='ocr_carea' id='block_1_26' title="bbox 2363 1213 3971 1284">
    <p class='ocr_par' dir='ltr' id='par_1_26' title="bbox 2363 1213 3971 1284">
     <span class='ocr_line' id='line_1_26' title="bbox 2363 1213 3971 1284; baseline -0.001 -17"><span class='ocrx_word' id='word_1_174' title='bbox 2363 1213 2663 1281; x_wconf 86' lang='lat' dir='ltr'><strong>veritatem,</strong></span> <span class='ocrx_word' id='word_1_175' title='bbox 2684 1215 3082 1269; x_wconf 88' lang='lat' dir='ltr'><strong>cateclmminos</strong></span> <span class='ocrx_word' id='word_1_176' title='bbox 3100 1214 3256 1269; x_wconf 88' lang='lat' dir='ltr'><strong>nobis</strong></span> <span class='ocrx_word' id='word_1_177' title='bbox 3275 1213 3620 1284; x_wconf 90' lang='lat' dir='ltr'><strong>opponunt,si</strong></span> <span class='ocrx_word' id='word_1_178' title='bbox 3639 1214 3755 1282; x_wconf 87' lang='lat' dir='ltr'><strong>quis</strong></span> <span class='ocrx_word' id='word_1_179' title='bbox 3775 1229 3840 1266; x_wconf 79' lang='lat' dir='ltr'><strong>ex</strong></span> <span class='ocrx_word' id='word_1_180' title='bbox 3857 1213 3971 1278; x_wconf 86' lang='lat' dir='ltr'><strong>his,</strong></span> 
     </span>
    </p>
   </div>
   <div class='ocr_carea' id='block_1_27' title="bbox 2362 1305 3971 1379">
    <p class='ocr_par' dir='ltr' id='par_1_27' title="bbox 2362 1305 3971 1379">
     <span class='ocr_line' id='line_1_27' title="bbox 2362 1305 3971 1379; baseline -0.002 -18"><span class='ocrx_word' id='word_1_181' title='bbox 2362 1318 2650 1379; x_wconf 81' lang='lat' dir='ltr'><strong>antequam</strong></span> <span class='ocrx_word' id='word_1_182' title='bbox 2675 1311 2726 1363; x_wconf 89' lang='lat' dir='ltr'><strong>in</strong></span> <span class='ocrx_word' id='word_1_183' title='bbox 2751 1308 2987 1364; x_wconf 84' lang='lat' dir='ltr'><strong>Ecclesia</strong></span> <span class='ocrx_word' id='word_1_184' title='bbox 3008 1307 3330 1378; x_wconf 83' lang='lat' dir='ltr'><strong>baptizetur,</strong></span> <span class='ocrx_word' id='word_1_185' title='bbox 3356 1308 3408 1362; x_wconf 92' lang='lat' dir='ltr'><strong>in</strong></span> <span class='ocrx_word' id='word_1_186' title='bbox 3426 1307 3762 1361; x_wconf 88' lang='lat' dir='ltr'><strong>confessione</strong></span> <span class='ocrx_word' id='word_1_187' title='bbox 3793 1305 3971 1360; x_wconf 91' lang='lat' dir='ltr'><strong>nomi-</strong></span> 
     </span>
    </p>
   </div>
   <div class='ocr_carea' id='block_1_28' title="bbox 2366 1399 3977 1470">
    <p class='ocr_par' dir='ltr' id='par_1_28' title="bbox 2366 1399 3977 1470">
     <span class='ocr_line' id='line_1_28' title="bbox 2366 1399 3977 1470; baseline 0 -18"><span class='ocrx_word' id='word_1_188' title='bbox 2366 1400 2449 1455; x_wconf 91' lang='lat' dir='ltr'><strong>nis</strong></span> <span class='ocrx_word' id='word_1_189' title='bbox 2479 1401 2852 1470; x_wconf 87' lang='lat' dir='ltr'><strong>apprehensus</strong></span> <span class='ocrx_word' id='word_1_190' title='bbox 2880 1401 3040 1456; x_wconf 88' lang='lat' dir='ltr'><strong>fuerit</strong></span> <span class='ocrx_word' id='word_1_191' title='bbox 3070 1412 3123 1455; x_wconf 92' lang='lat' dir='ltr'><strong>et</strong></span> <span class='ocrx_word' id='word_1_192' title='bbox 3151 1402 3383 1465; x_wconf 87' lang='lat' dir='ltr'><strong>occisus,</strong></span> <span class='ocrx_word' id='word_1_193' title='bbox 3414 1417 3481 1454; x_wconf 87' lang='lat' dir='ltr'><strong>an</strong></span> <span class='ocrx_word' id='word_1_194' title='bbox 3512 1415 3665 1469; x_wconf 88' lang='lat' dir='ltr'><strong>spem</strong></span> <span class='ocrx_word' id='word_1_195' title='bbox 3694 1399 3880 1453; x_wconf 88' lang='lat' dir='ltr'><strong>salutis</strong></span> <span class='ocrx_word' id='word_1_196' title='bbox 3918 1406 3977 1452; x_wconf 80' lang='lat' dir='ltr'><strong>et</strong></span> 
     </span>
    </p>
   </div>
   <div class='ocr_carea' id='block_1_29' title="bbox 2366 1491 3974 1564">
    <p class='ocr_par' dir='ltr' id='par_1_29' title="bbox 2366 1491 3974 1564">
     <span class='ocr_line' id='line_1_29' title="bbox 2366 1491 3974 1564; baseline -0.001 -18"><span class='ocrx_word' id='word_1_197' title='bbox 2366 1495 2645 1564; x_wconf 81' lang='lat' dir='ltr'><strong>pra-mium</strong></span> <span class='ocrx_word' id='word_1_198' title='bbox 2671 1493 3026 1549; x_wconf 80' lang='lat' dir='ltr'><strong>c0ufessionis</strong></span> <span class='ocrx_word' id='word_1_199' title='bbox 3042 1496 3272 1557; x_wconf 89' lang='lat' dir='ltr'><strong>amittat,</strong></span> <span class='ocrx_word' id='word_1_200' title='bbox 3297 1508 3362 1547; x_wconf 87' lang='lat' dir='ltr'><strong>eo</strong></span> <span class='ocrx_word' id='word_1_201' title='bbox 3389 1492 3530 1563; x_wconf 91' lang='lat' dir='ltr'><strong>quod</strong></span> <span class='ocrx_word' id='word_1_202' title='bbox 3561 1509 3628 1547; x_wconf 79' lang='lat' dir='ltr'><strong>ex</strong></span> <span class='ocrx_word' id='word_1_203' title='bbox 3660 1507 3795 1562; x_wconf 87' lang='lat' dir='ltr'><strong>aqua</strong></span> <span class='ocrx_word' id='word_1_204' title='bbox 3825 1491 3974 1561; x_wconf 91' lang='lat' dir='ltr'><strong>prius</strong></span> 
     </span>
    </p>
   </div>
   <div class='ocr_carea' id='block_1_30' title="bbox 2367 1581 3975 1656">
    <p class='ocr_par' dir='ltr' id='par_1_30' title="bbox 2367 1581 3975 1656">
     <span class='ocr_line' id='line_1_30' title="bbox 2367 1581 3975 1656; baseline -0.003 -14"><span class='ocrx_word' id='word_1_205' title='bbox 2367 1605 2472 1642; x_wconf 88' lang='lat' dir='ltr'><strong>non</strong></span> <span class='ocrx_word' id='word_1_206' title='bbox 2530 1587 2598 1639; x_wconf 89' lang='lat' dir='ltr'><strong>sit</strong></span> <span class='ocrx_word' id='word_1_207' title='bbox 2645 1598 2885 1642; x_wconf 86' lang='lat' dir='ltr'><strong>renatus.</strong></span> <span class='ocrx_word' id='word_1_208' title='bbox 2931 1581 3122 1641; x_wconf 81' lang='lat' dir='ltr'><strong>Sciant</strong></span> <span class='ocrx_word' id='word_1_209' title='bbox 3172 1586 3335 1656; x_wconf 77' lang='lat' dir='ltr'><strong>igitur</strong></span> <span class='ocrx_word' id='word_1_210' title='bbox 3377 1583 3688 1654; x_wconf 72' lang='lat' dir='ltr'><strong>huiusmodi</strong></span> <span class='ocrx_word' id='word_1_211' title='bbox 3726 1582 3975 1637; x_wconf 88' lang='lat' dir='ltr'><strong>homines</strong></span> 
     </span>
    </p>
   </div>
   <div class='ocr_carea' id='block_1_31' title="bbox 2368 1673 3979 1749">
    <p class='ocr_par' dir='ltr' id='par_1_31' title="bbox 2368 1673 3979 1749">
     <span class='ocr_line' id='line_1_31' title="bbox 2368 1673 3979 1749; baseline -0.004 -16"><span class='ocrx_word' id='word_1_212' title='bbox 2368 1679 2745 1749; x_wconf 72' lang='lat' dir='ltr'><strong>suil&#39;ragatorcs</strong></span> <span class='ocrx_word' id='word_1_213' title='bbox 2758 1689 2812 1735; x_wconf 90' lang='lat' dir='ltr'><strong>et</strong></span> <span class='ocrx_word' id='word_1_214' title='bbox 2840 1679 3073 1733; x_wconf 77' lang='lat' dir='ltr'><strong>fautores</strong></span> <span class='ocrx_word' id='word_1_215' title='bbox 3092 1677 3468 1732; x_wconf 70' lang='lat' dir='ltr'><strong>haereticorum</strong></span> <span class='ocrx_word' id='word_1_216' title='bbox 3489 1674 3897 1730; x_wconf 87' lang='lat' dir='ltr'><strong>catechuminos</strong></span> <span class='ocrx_word' id='word_1_217' title='bbox 3915 1673 3979 1726; x_wconf 85' lang='lat' dir='ltr'><strong>il-</strong></span> 
     </span>
    </p>
   </div>
   <div class='ocr_carea' id='block_1_32' title="bbox 2372 1769 3977 1842">
    <p class='ocr_par' dir='ltr' id='par_1_32' title="bbox 2372 1769 3977 1842">
     <span class='ocr_line' id='line_1_32' title="bbox 2372 1769 3977 1842; baseline -0.002 -17"><span class='ocrx_word' id='word_1_218' title='bbox 2372 1773 2452 1825; x_wconf 89' lang='lat' dir='ltr'><strong>los</strong></span> <span class='ocrx_word' id='word_1_219' title='bbox 2470 1772 2642 1841; x_wconf 86' lang='lat' dir='ltr'><strong>primo</strong></span> <span class='ocrx_word' id='word_1_220' title='bbox 2665 1773 2923 1842; x_wconf 82' lang='lat' dir='ltr'><strong>integram</strong></span> <span class='ocrx_word' id='word_1_221' title='bbox 2945 1771 3101 1825; x_wconf 88' lang='lat' dir='ltr'><strong>ﬁdem</strong></span> <span class='ocrx_word' id='word_1_222' title='bbox 3134 1778 3187 1824; x_wconf 90' lang='lat' dir='ltr'><strong>et</strong></span> <span class='ocrx_word' id='word_1_223' title='bbox 3210 1769 3461 1822; x_wconf 74' lang='lat' dir='ltr'><strong>Ecclesia:</strong></span> <span class='ocrx_word' id='word_1_224' title='bbox 3491 1769 3772 1822; x_wconf 87' lang='lat' dir='ltr'><strong>veritatem</strong></span> <span class='ocrx_word' id='word_1_225' title='bbox 3791 1773 3977 1821; x_wconf 89' lang='lat' dir='ltr'><strong>tenere</strong></span> 
     </span>
    </p>
   </div>
   <div class='ocr_carea' id='block_1_33' title="bbox 669 1859 3973 1929">
    <p class='ocr_par' dir='ltr' id='par_1_33' title="bbox 669 1859 3973 1929">
     <span class='ocr_line' id='line_1_33' title="bbox 669 1859 3973 1929; baseline -0.001 -16"><span class='ocrx_word' id='word_1_226' title='bbox 669 1860 894 1928; x_wconf 68' lang='lat' dir='ltr'><strong>publica:</strong></span> <span class='ocrx_word' id='word_1_227' title='bbox 911 1860 1263 1914; x_wconf 81' lang='lat' dir='ltr'><strong>confessionis</strong></span> <span class='ocrx_word' id='word_1_228' title='bbox 1287 1869 1342 1914; x_wconf 90' lang='lat' dir='ltr'><strong>et</strong></span> <span class='ocrx_word' id='word_1_229' title='bbox 1363 1861 1638 1928; x_wconf 80' lang='lat' dir='ltr'><strong>sanguinis</strong></span> <span class='ocrx_word' id='word_1_230' title='bbox 1661 1859 1923 1929; x_wconf 88' lang='lat' dir='ltr'><strong>proﬁcere</strong></span> <span class='ocrx_word' id='word_1_231' title='bbox 1947 1861 2012 1914; x_wconf 88' lang='lat' dir='ltr'><strong>ad</strong></span> <span class='ocrx_word' id='word_1_232' title='bbox 2037 1860 2263 1916; x_wconf 90' lang='lat' dir='ltr'><strong>salutem</strong></span> <span class='ocrx_word' id='word_1_233' title='bbox 2297 1867 2344 1926; x_wconf 86' lang='grc' dir='ltr'><strong>Β</strong></span> <span class='ocrx_word' id='word_1_234' title='bbox 2373 1873 2425 1916; x_wconf 91' lang='lat' dir='ltr'><strong>et</strong></span> <span class='ocrx_word' id='word_1_235' title='bbox 2453 1863 2517 1917; x_wconf 88' lang='lat' dir='ltr'><strong>ad</strong></span> <span class='ocrx_word' id='word_1_236' title='bbox 2546 1863 2923 1918; x_wconf 76' lang='lat' dir='ltr'><strong>debellandum</strong></span> <span class='ocrx_word' id='word_1_237' title='bbox 2957 1861 3229 1916; x_wconf 85' lang='lat' dir='ltr'><strong>diabolum</strong></span> <span class='ocrx_word' id='word_1_238' title='bbox 3267 1860 3334 1915; x_wconf 90' lang='lat' dir='ltr'><strong>de</strong></span> <span class='ocrx_word' id='word_1_239' title='bbox 3365 1860 3558 1914; x_wconf 88' lang='lat' dir='ltr'><strong>divinis</strong></span> <span class='ocrx_word' id='word_1_240' title='bbox 3611 1860 3807 1914; x_wconf 85' lang='lat' dir='ltr'><strong>castris</strong></span> <span class='ocrx_word' id='word_1_241' title='bbox 3849 1874 3973 1913; x_wconf 89' lang='lat' dir='ltr'><strong>cum</strong></span> 
     </span>
    </p>
   </div>
   <div class='ocr_carea' id='block_1_34' title="bbox 669 1954 2267 2025">
    <p class='ocr_par' dir='ltr' id='par_1_34' title="bbox 669 1954 2267 2025">
     <span class='ocr_line' id='line_1_34' title="bbox 669 1954 2267 2025; baseline 0.003 -20"><span class='ocrx_word' id='word_1_242' title='bbox 669 1964 873 2023; x_wconf 85' lang='lat' dir='ltr'><strong>potest,</strong></span> <span class='ocrx_word' id='word_1_243' title='bbox 908 1954 1028 2024; x_wconf 88' lang='lat' dir='ltr'><strong>quia</strong></span> <span class='ocrx_word' id='word_1_244' title='bbox 1058 1954 1204 2008; x_wconf 88' lang='lat' dir='ltr'><strong>salus</strong></span> <span class='ocrx_word' id='word_1_245' title='bbox 1231 1964 1378 2008; x_wconf 77' lang='lat' dir='ltr'><strong>extra</strong></span> <span class='ocrx_word' id='word_1_246' title='bbox 1430 1954 1728 2008; x_wconf 83' lang='lat' dir='ltr'><strong>Ecciesiam</strong></span> <span class='ocrx_word' id='word_1_247' title='bbox 1757 1971 1861 2008; x_wconf 90' lang='lat' dir='ltr'><strong>non</strong></span> <span class='ocrx_word' id='word_1_248' title='bbox 1889 1963 1972 2009; x_wconf 89' lang='lat' dir='ltr'><strong>est</strong></span> <span class='ocrx_word' id='word_1_249' title='bbox 1997 1997 2012 2020; x_wconf 85' lang='lat'><strong>,</strong></span> <span class='ocrx_word' id='word_1_250' title='bbox 2066 1966 2267 2025; x_wconf 89' lang='lat' dir='ltr'><strong>quanto</strong></span> 
     </span>
    </p>
   </div>
   <div class='ocr_carea' id='block_1_35' title="bbox 666 2047 2264 2117">
    <p class='ocr_par' dir='ltr' id='par_1_35' title="bbox 666 2047 2264 2117">
     <span class='ocr_line' id='line_1_35' title="bbox 666 2047 2264 2117; baseline 0.003 -17"><span class='ocrx_word' id='word_1_251' title='bbox 666 2049 834 2117; x_wconf 85' lang='lat' dir='ltr'><strong>magis</strong></span> <span class='ocrx_word' id='word_1_252' title='bbox 856 2049 902 2102; x_wconf 90' lang='lat' dir='ltr'><strong>ei</strong></span> <span class='ocrx_word' id='word_1_253' title='bbox 932 2047 1066 2101; x_wconf 92' lang='lat' dir='ltr'><strong>nihil</strong></span> <span class='ocrx_word' id='word_1_254' title='bbox 1098 2048 1370 2116; x_wconf 89' lang='lat' dir='ltr'><strong>proderit,</strong></span> <span class='ocrx_word' id='word_1_255' title='bbox 1401 2048 1444 2101; x_wconf 80' lang='lat' dir='ltr'><strong>si</strong></span> <span class='ocrx_word' id='word_1_256' title='bbox 1473 2049 1523 2101; x_wconf 89' lang='lat' dir='ltr'><strong>in</strong></span> <span class='ocrx_word' id='word_1_257' title='bbox 1557 2048 1760 2102; x_wconf 92' lang='lat' dir='ltr'><strong>latebra</strong></span> <span class='ocrx_word' id='word_1_258' title='bbox 1810 2058 1864 2103; x_wconf 90' lang='lat' dir='ltr'><strong>et</strong></span> <span class='ocrx_word' id='word_1_259' title='bbox 1894 2049 1944 2101; x_wconf 91' lang='lat' dir='ltr'><strong>in</strong></span> <span class='ocrx_word' id='word_1_260' title='bbox 1997 2049 2264 2104; x_wconf 88' lang='lat' dir='ltr'><strong>latronum</strong></span> 
     </span>
    </p>
   </div>
   <div class='ocr_carea' id='block_1_36' title="bbox 663 2141 2269 2210">
    <p class='ocr_par' dir='ltr' id='par_1_36' title="bbox 663 2141 2269 2210">
     <span class='ocr_line' id='line_1_36' title="bbox 663 2141 2269 2210; baseline 0.002 -17"><span class='ocrx_word' id='word_1_261' title='bbox 663 2141 917 2210; x_wconf 86' lang='lat' dir='ltr'><strong>spelunca</strong></span> <span class='ocrx_word' id='word_1_262' title='bbox 947 2141 1206 2196; x_wconf 67' lang='lat' dir='ltr'><strong>adulterae</strong></span> <span class='ocrx_word' id='word_1_263' title='bbox 1230 2157 1382 2210; x_wconf 74' lang='lat' dir='ltr'><strong>aqua:</strong></span> <span class='ocrx_word' id='word_1_264' title='bbox 1411 2141 1730 2210; x_wconf 80' lang='lat' dir='ltr'><strong>contagione</strong></span> <span class='ocrx_word' id='word_1_265' title='bbox 1763 2143 1979 2208; x_wconf 90' lang='lat' dir='ltr'><strong>tinctus,</strong></span> <span class='ocrx_word' id='word_1_266' title='bbox 2015 2157 2119 2196; x_wconf 91' lang='lat' dir='ltr'><strong>non</strong></span> <span class='ocrx_word' id='word_1_267' title='bbox 2153 2153 2269 2197; x_wconf 86' lang='lat' dir='ltr'><strong>tan-</strong></span> 
     </span>
    </p>
   </div>
   <div class='ocr_carea' id='block_1_37' title="bbox 663 2233 2270 2306">
    <p class='ocr_par' dir='ltr' id='par_1_37' title="bbox 663 2233 2270 2306">
     <span class='ocr_line' id='line_1_37' title="bbox 663 2233 2270 2306; baseline 0.002 -18"><span class='ocrx_word' id='word_1_268' title='bbox 663 2243 771 2288; x_wconf 90' lang='lat' dir='ltr'><strong>tum</strong></span> <span class='ocrx_word' id='word_1_269' title='bbox 813 2244 1028 2304; x_wconf 78' lang='lat' dir='ltr'><strong>peccata</strong></span> <span class='ocrx_word' id='word_1_270' title='bbox 1072 2235 1290 2302; x_wconf 85' lang='lat' dir='ltr'><strong>antiqua</strong></span> <span class='ocrx_word' id='word_1_271' title='bbox 1336 2250 1439 2288; x_wconf 88' lang='lat' dir='ltr'><strong>non</strong></span> <span class='ocrx_word' id='word_1_272' title='bbox 1475 2237 1806 2303; x_wconf 63' lang='lat' dir='ltr'><strong>extiosucrit,</strong></span> <span class='ocrx_word' id='word_1_273' title='bbox 1841 2236 1934 2290; x_wconf 91' lang='lat' dir='ltr'><strong>sed</strong></span> <span class='ocrx_word' id='word_1_274' title='bbox 1973 2233 2148 2291; x_wconf 88' lang='lat' dir='ltr'><strong>adhuc</strong></span> <span class='ocrx_word' id='word_1_275' title='bbox 2176 2252 2270 2306; x_wconf 89' lang='lat' dir='ltr'><strong>po-</strong></span> 
     </span>
    </p>
   </div>
   <div class='ocr_carea' id='block_1_38' title="bbox 667 2328 2265 2400">
    <p class='ocr_par' dir='ltr' id='par_1_38' title="bbox 667 2328 2265 2400">
     <span class='ocr_line' id='line_1_38' title="bbox 667 2328 2265 2400; baseline 0.001 -19"><span class='ocrx_word' id='word_1_276' title='bbox 667 2329 771 2382; x_wconf 82' lang='lat' dir='ltr'><strong>tius</strong></span> <span class='ocrx_word' id='word_1_277' title='bbox 805 2344 939 2381; x_wconf 89' lang='lat' dir='ltr'><strong>nova</strong></span> <span class='ocrx_word' id='word_1_278' title='bbox 989 2337 1043 2382; x_wconf 85' lang='lat' dir='ltr'><strong>et</strong></span> <span class='ocrx_word' id='word_1_279' title='bbox 1075 2329 1275 2396; x_wconf 78' lang='lat' dir='ltr'><strong>majtira</strong></span> <span class='ocrx_word' id='word_1_280' title='bbox 1329 2328 1732 2384; x_wconf 86' lang='lat' dir='ltr'><strong>cumulaverit?</strong></span> <span class='ocrx_word' id='word_1_281' title='bbox 1787 2331 1965 2396; x_wconf 85' lang='lat' dir='ltr'><strong>Quare</strong></span> <span class='ocrx_word' id='word_1_282' title='bbox 1994 2329 2265 2400; x_wconf 80' lang='lat' dir='ltr'><strong>Baptistna</strong></span> 
     </span>
    </p>
   </div>
   <div class='ocr_carea' id='block_1_39' title="bbox 665 2421 2264 2492">
    <p class='ocr_par' dir='ltr' id='par_1_39' title="bbox 665 2421 2264 2492">
     <span class='ocr_line' id='line_1_39' title="bbox 665 2421 2264 2492; baseline 0.001 -18"><span class='ocrx_word' id='word_1_283' title='bbox 665 2421 820 2476; x_wconf 89' lang='lat' dir='ltr'><strong>nobis</strong></span> <span class='ocrx_word' id='word_1_284' title='bbox 851 2431 907 2475; x_wconf 90' lang='lat' dir='ltr'><strong>et</strong></span> <span class='ocrx_word' id='word_1_285' title='bbox 937 2421 1204 2475; x_wconf 71' lang='lat' dir='ltr'><strong>ha-retlcis</strong></span> <span class='ocrx_word' id='word_1_286' title='bbox 1255 2428 1542 2476; x_wconf 85' lang='lat' dir='ltr'><strong>commune</strong></span> <span class='ocrx_word' id='word_1_287' title='bbox 1592 2437 1712 2478; x_wconf 89' lang='lat' dir='ltr'><strong>esse</strong></span> <span class='ocrx_word' id='word_1_288' title='bbox 1744 2437 1849 2477; x_wconf 87' lang='lat' dir='ltr'><strong>non</strong></span> <span class='ocrx_word' id='word_1_289' title='bbox 1889 2431 2082 2492; x_wconf 87' lang='lat' dir='ltr'><strong>potest,</strong></span> <span class='ocrx_word' id='word_1_290' title='bbox 2142 2437 2264 2476; x_wconf 90' lang='lat' dir='ltr'><strong>cum</strong></span> 
     </span>
    </p>
   </div>
   <div class='ocr_carea' id='block_1_40' title="bbox 663 2513 2268 2586">
    <p class='ocr_par' dir='ltr' id='par_1_40' title="bbox 663 2513 2268 2586">
     <span class='ocr_line' id='line_1_40' title="bbox 663 2513 2268 2586; baseline -0.001 -17"><span class='ocrx_word' id='word_1_291' title='bbox 663 2517 855 2586; x_wconf 87' lang='lat' dir='ltr'><strong>quibus</strong></span> <span class='ocrx_word' id='word_1_292' title='bbox 884 2529 987 2570; x_wconf 89' lang='lat' dir='ltr'><strong>nec</strong></span> <span class='ocrx_word' id='word_1_293' title='bbox 1017 2513 1174 2569; x_wconf 81' lang='lat' dir='ltr'><strong>Pater</strong></span> <span class='ocrx_word' id='word_1_294' title='bbox 1204 2517 1364 2580; x_wconf 86' lang='lat' dir='ltr'><strong>Deus,</strong></span> <span class='ocrx_word' id='word_1_295' title='bbox 1391 2531 1490 2570; x_wconf 90' lang='lat' dir='ltr'><strong>nec</strong></span> <span class='ocrx_word' id='word_1_296' title='bbox 1521 2515 1687 2570; x_wconf 87' lang='lat' dir='ltr'><strong>Filius</strong></span> <span class='ocrx_word' id='word_1_297' title='bbox 1712 2514 1984 2582; x_wconf 83' lang='lat' dir='ltr'><strong>Christus,</strong></span> <span class='ocrx_word' id='word_1_298' title='bbox 2021 2531 2118 2571; x_wconf 91' lang='lat' dir='ltr'><strong>nec</strong></span> <span class='ocrx_word' id='word_1_299' title='bbox 2141 2515 2268 2583; x_wconf 85' lang='lat' dir='ltr'><strong>Spi-</strong></span> 
     </span>
    </p>
   </div>
   <div class='ocr_carea' id='block_1_41' title="bbox 662 2607 2266 2679">
    <p class='ocr_par' dir='ltr' id='par_1_41' title="bbox 662 2607 2266 2679">
     <span class='ocr_line' id='line_1_41' title="bbox 662 2607 2266 2679; baseline -0.001 -15"><span class='ocrx_word' id='word_1_300' title='bbox 662 2619 747 2664; x_wconf 91' lang='lat' dir='ltr'><strong>tus</strong></span> <span class='ocrx_word' id='word_1_301' title='bbox 770 2619 1009 2672; x_wconf 85' lang='lat' dir='ltr'><strong>sanctus,</strong></span> <span class='ocrx_word' id='word_1_302' title='bbox 1058 2623 1157 2662; x_wconf 89' lang='lat' dir='ltr'><strong>nec</strong></span> <span class='ocrx_word' id='word_1_303' title='bbox 1211 2607 1360 2672; x_wconf 83' lang='lat' dir='ltr'><strong>ﬁdes,</strong></span> <span class='ocrx_word' id='word_1_304' title='bbox 1397 2619 1497 2663; x_wconf 85' lang='lat' dir='ltr'><strong>nec</strong></span> <span class='ocrx_word' id='word_1_305' title='bbox 1534 2607 1778 2664; x_wconf 86' lang='lat' dir='ltr'><strong>Ecclesia</strong></span> <span class='ocrx_word' id='word_1_306' title='bbox 1802 2607 1916 2679; x_wconf 89' lang='lat' dir='ltr'><strong>ipsa</strong></span> <span class='ocrx_word' id='word_1_307' title='bbox 1961 2607 2266 2664; x_wconf 89' lang='lat' dir='ltr'><strong>communis</strong></span> 
     </span>
    </p>
   </div>
   <div class='ocr_carea' id='block_1_42' title="bbox 662 2701 2265 2776">
    <p class='ocr_par' dir='ltr' id='par_1_42' title="bbox 662 2701 2265 2776">
     <span class='ocr_line' id='line_1_42' title="bbox 662 2701 2265 2776; baseline -0.001 -18"><span class='ocrx_word' id='word_1_308' title='bbox 662 2711 764 2758; x_wconf 85' lang='lat' dir='ltr'><strong>est.</strong></span> <span class='ocrx_word' id='word_1_309' title='bbox 814 2702 878 2758; x_wconf 86' lang='lat' dir='ltr'><strong>Et</strong></span> <span class='ocrx_word' id='word_1_310' title='bbox 921 2703 1044 2759; x_wconf 85' lang='lat' dir='ltr'><strong>ideo</strong></span> <span class='ocrx_word' id='word_1_311' title='bbox 1075 2704 1334 2774; x_wconf 83' lang='lat' dir='ltr'><strong>baptizari</strong></span> <span class='ocrx_word' id='word_1_312' title='bbox 1387 2715 1481 2759; x_wconf 88' lang='lat' dir='ltr'><strong>eos</strong></span> <span class='ocrx_word' id='word_1_313' title='bbox 1530 2715 1746 2776; x_wconf 87' lang='lat' dir='ltr'><strong>oportet</strong></span> <span class='ocrx_word' id='word_1_314' title='bbox 1802 2704 1894 2776; x_wconf 87' lang='lat' dir='ltr'><strong>qui</strong></span> <span class='ocrx_word' id='word_1_315' title='bbox 1945 2703 2012 2758; x_wconf 90' lang='lat' dir='ltr'><strong>de</strong></span> <span class='ocrx_word' id='word_1_316' title='bbox 2070 2701 2265 2757; x_wconf 76' lang='lat' dir='ltr'><strong>hazresi</strong></span> 
     </span>
    </p>
   </div>
   <div class='ocr_carea' id='block_1_43' title="bbox 2373 1952 3978 2027">
    <p class='ocr_par' dir='ltr' id='par_1_43' title="bbox 2373 1952 3978 2027">
     <span class='ocr_line' id='line_1_43' title="bbox 2373 1952 3978 2027; baseline -0.001 -19"><span class='ocrx_word' id='word_1_317' title='bbox 2373 1957 2528 2027; x_wconf 82' lang='lat' dir='ltr'><strong>plena</strong></span> <span class='ocrx_word' id='word_1_318' title='bbox 2547 1966 2598 2010; x_wconf 89' lang='lat' dir='ltr'><strong>et</strong></span> <span class='ocrx_word' id='word_1_319' title='bbox 2621 1957 2830 2012; x_wconf 83' lang='lat' dir='ltr'><strong>sincera</strong></span> <span class='ocrx_word' id='word_1_320' title='bbox 2863 1956 2954 2010; x_wconf 85' lang='lat' dir='ltr'><strong>Dei</strong></span> <span class='ocrx_word' id='word_1_321' title='bbox 2978 1955 3153 2010; x_wconf 87' lang='lat' dir='ltr'><strong>Patris</strong></span> <span class='ocrx_word' id='word_1_322' title='bbox 3176 1953 3448 2010; x_wconf 89' lang='lat' dir='ltr'><strong>etChristi</strong></span> <span class='ocrx_word' id='word_1_323' title='bbox 3477 1963 3532 2008; x_wconf 89' lang='lat' dir='ltr'><strong>et</strong></span> <span class='ocrx_word' id='word_1_324' title='bbox 3558 1952 3794 2022; x_wconf 88' lang='lat' dir='ltr'><strong>Spiritus</strong></span> <span class='ocrx_word' id='word_1_325' title='bbox 3820 1967 3978 2007; x_wconf 87' lang='lat' dir='ltr'><strong>sanc-</strong></span> 
     </span>
    </p>
   </div>
   <div class='ocr_carea' id='block_1_44' title="bbox 2377 2049 3979 2121">
    <p class='ocr_par' dir='ltr' id='par_1_44' title="bbox 2377 2049 3979 2121">
     <span class='ocr_line' id='line_1_44' title="bbox 2377 2049 3979 2121; baseline 0.001 -19"><span class='ocrx_word' id='word_1_326' title='bbox 2377 2051 2413 2104; x_wconf 89' lang='lat' dir='ltr'><strong>ti</strong></span> <span class='ocrx_word' id='word_1_327' title='bbox 2443 2051 2753 2121; x_wconf 78' lang='lat' dir='ltr'><strong>cognitione</strong></span> <span class='ocrx_word' id='word_1_328' title='bbox 2803 2051 3118 2121; x_wconf 84' lang='lat' dir='ltr'><strong>procedere,</strong></span> <span class='ocrx_word' id='word_1_329' title='bbox 3151 2049 3348 2104; x_wconf 86' lang='lat' dir='ltr'><strong>deinde</strong></span> <span class='ocrx_word' id='word_1_330' title='bbox 3371 2065 3470 2104; x_wconf 88' lang='lat' dir='ltr'><strong>nec</strong></span> <span class='ocrx_word' id='word_1_331' title='bbox 3489 2049 3684 2119; x_wconf 87' lang='lat' dir='ltr'><strong>privari</strong></span> <span class='ocrx_word' id='word_1_332' title='bbox 3720 2049 3979 2118; x_wconf 83' lang='lat' dir='ltr'><strong>Baptismi</strong></span> 
     </span>
    </p>
   </div>
   <div class='ocr_carea' id='block_1_45' title="bbox 2375 2137 3980 2215">
    <p class='ocr_par' dir='ltr' id='par_1_45' title="bbox 2375 2137 3980 2215">
     <span class='ocr_line' id='line_1_45' title="bbox 2375 2137 3980 2215; baseline 0 -18"><span class='ocrx_word' id='word_1_333' title='bbox 2375 2157 2713 2198; x_wconf 73' lang='lat' dir='ltr'><strong>sacramento</strong></span> <span class='ocrx_word' id='word_1_334' title='bbox 2745 2186 2758 2208; x_wconf 98' lang='lat'><strong>,</strong></span> <span class='ocrx_word' id='word_1_335' title='bbox 2813 2153 2997 2215; x_wconf 88' lang='lat' dir='ltr'><strong>utpote</strong></span> <span class='ocrx_word' id='word_1_336' title='bbox 3046 2145 3133 2214; x_wconf 88' lang='lat' dir='ltr'><strong>qui</strong></span> <span class='ocrx_word' id='word_1_337' title='bbox 3194 2137 3533 2213; x_wconf 89' lang='lat' dir='ltr'><strong>baptizentur</strong></span> <span class='ocrx_word' id='word_1_338' title='bbox 3583 2143 3980 2213; x_wconf 72' lang='lat' dir='ltr'><strong>gloriosissimo</strong></span> 
     </span>
    </p>
   </div>
   <div class='ocr_carea' id='block_1_46' title="bbox 2376 2231 3982 2308">
    <p class='ocr_par' dir='ltr' id='par_1_46' title="bbox 2376 2231 3982 2308">
     <span class='ocr_line' id='line_1_46' title="bbox 2376 2231 3982 2308; baseline 0 -16"><span class='ocrx_word' id='word_1_339' title='bbox 2376 2247 2428 2292; x_wconf 88' lang='lat' dir='ltr'><strong>et</strong></span> <span class='ocrx_word' id='word_1_340' title='bbox 2461 2239 2695 2291; x_wconf 75' lang='lat' dir='ltr'><strong>inaximo</strong></span> <span class='ocrx_word' id='word_1_341' title='bbox 2727 2237 3005 2308; x_wconf 82' lang='lat' dir='ltr'><strong>sanguinis</strong></span> <span class='ocrx_word' id='word_1_342' title='bbox 3038 2231 3336 2306; x_wconf 83' lang='lat' dir='ltr'><strong>Baptismo,</strong></span> <span class='ocrx_word' id='word_1_343' title='bbox 3372 2236 3439 2289; x_wconf 90' lang='lat' dir='ltr'><strong>de</strong></span> <span class='ocrx_word' id='word_1_344' title='bbox 3466 2250 3573 2305; x_wconf 89' lang='lat' dir='ltr'><strong>quo</strong></span> <span class='ocrx_word' id='word_1_345' title='bbox 3613 2243 3666 2289; x_wconf 91' lang='lat' dir='ltr'><strong>et</strong></span> <span class='ocrx_word' id='word_1_346' title='bbox 3715 2233 3982 2292; x_wconf 84' lang='lat' dir='ltr'><strong>Dominus</strong></span> 
     </span>
    </p>
   </div>
   <div class='ocr_carea' id='block_1_47' title="bbox 2373 2326 3976 2400">
    <p class='ocr_par' dir='ltr' id='par_1_47' title="bbox 2373 2326 3976 2400">
     <span class='ocr_line' id='line_1_47' title="bbox 2373 2326 3976 2400; baseline 0 -17"><span class='ocrx_word' id='word_1_347' title='bbox 2373 2330 2815 2385; x_wconf 67' lang='lat' dir='ltr'><strong>dicebabhabere</strong></span> <span class='ocrx_word' id='word_1_348' title='bbox 2844 2345 2905 2386; x_wconf 89' lang='lat' dir='ltr'><strong>se</strong></span> <span class='ocrx_word' id='word_1_349' title='bbox 2929 2329 3076 2384; x_wconf 88' lang='lat' dir='ltr'><strong>aliud</strong></span> <span class='ocrx_word' id='word_1_350' title='bbox 3106 2331 3369 2398; x_wconf 87' lang='lat' dir='ltr'><strong>baptisma</strong></span> <span class='ocrx_word' id='word_1_351' title='bbox 3388 2329 3648 2398; x_wconf 83' lang='lat' dir='ltr'><strong>baptizari</strong></span> <span class='ocrx_word' id='word_1_352' title='bbox 3693 2326 3847 2400; x_wconf 89' lang='lat' dir='ltr'><strong>(Luc.</strong></span> <span class='ocrx_word' id='word_1_353' title='bbox 3870 2344 3976 2396; x_wconf 74' lang='lat' dir='ltr'><strong>xu,</strong></span> 
     </span>
    </p>
   </div>
   <div class='ocr_carea' id='block_1_48' title="bbox 2371 2419 3980 2492">
    <p class='ocr_par' dir='ltr' id='par_1_48' title="bbox 2371 2419 3980 2492">
     <span class='ocr_line' id='line_1_48' title="bbox 2371 2419 3980 2492; baseline 0.001 -17"><span class='ocrx_word' id='word_1_354' title='bbox 2371 2419 2487 2492; x_wconf 80' lang='lat'><strong>50).</strong></span> <span class='ocrx_word' id='word_1_355' title='bbox 2519 2421 2793 2491; x_wconf 86' lang='lat' dir='ltr'><strong>Sanguine</strong></span> <span class='ocrx_word' id='word_1_356' title='bbox 2820 2432 2998 2477; x_wconf 91' lang='lat' dir='ltr'><strong>autem</strong></span> <span class='ocrx_word' id='word_1_357' title='bbox 3028 2438 3125 2476; x_wconf 89' lang='lat' dir='ltr'><strong>suo</strong></span> <span class='ocrx_word' id='word_1_358' title='bbox 3145 2420 3443 2491; x_wconf 87' lang='lat' dir='ltr'><strong>baptizatos</strong></span> <span class='ocrx_word' id='word_1_359' title='bbox 3469 2431 3523 2475; x_wconf 89' lang='lat' dir='ltr'><strong>et</strong></span> <span class='ocrx_word' id='word_1_360' title='bbox 3546 2419 3798 2491; x_wconf 66' lang='lat' dir='ltr'><strong>passione</strong></span> <span class='ocrx_word' id='word_1_361' title='bbox 3819 2437 3980 2476; x_wconf 83' lang='lat' dir='ltr'><strong>sanc-</strong></span> 
     </span>
    </p>
   </div>
   <div class='ocr_carea' id='block_1_49' title="bbox 2371 2515 3963 2587">
    <p class='ocr_par' dir='ltr' id='par_1_49' title="bbox 2371 2515 3963 2587">
     <span class='ocr_line' id='line_1_49' title="bbox 2371 2515 3963 2587; baseline -0.001 -16"><span class='ocrx_word' id='word_1_362' title='bbox 2371 2518 2598 2573; x_wconf 88' lang='lat' dir='ltr'><strong>tiﬁcatos</strong></span> <span class='ocrx_word' id='word_1_363' title='bbox 2621 2518 2982 2571; x_wconf 82' lang='lat' dir='ltr'><strong>oonsummari</strong></span> <span class='ocrx_word' id='word_1_364' title='bbox 3006 2526 3058 2570; x_wconf 91' lang='lat' dir='ltr'><strong>et</strong></span> <span class='ocrx_word' id='word_1_365' title='bbox 3076 2515 3274 2570; x_wconf 75' lang='lat' dir='ltr'><strong>divina:</strong></span> <span class='ocrx_word' id='word_1_366' title='bbox 3303 2515 3709 2587; x_wconf 87' lang='lat' dir='ltr'><strong>pollicitationis</strong></span> <span class='ocrx_word' id='word_1_367' title='bbox 3736 2515 3963 2586; x_wconf 85' lang='lat' dir='ltr'><strong>gratiam</strong></span> 
     </span>
    </p>
   </div>
   <div class='ocr_carea' id='block_1_50' title="bbox 2370 2599 3979 2680">
    <p class='ocr_par' dir='ltr' id='par_1_50' title="bbox 2370 2599 3979 2680">
     <span class='ocr_line' id='line_1_50' title="bbox 2370 2599 3979 2680; baseline -0.003 -15"><span class='ocrx_word' id='word_1_368' title='bbox 2370 2609 2626 2680; x_wconf 87' lang='lat' dir='ltr'><strong>consequi</strong></span> <span class='ocrx_word' id='word_1_369' title='bbox 2653 2607 2890 2664; x_wconf 86' lang='lat' dir='ltr'><strong>declarat</strong></span> <span class='ocrx_word' id='word_1_370' title='bbox 2915 2611 2967 2662; x_wconf 90' lang='lat' dir='ltr'><strong>in</strong></span> <span class='ocrx_word' id='word_1_371' title='bbox 3002 2608 3296 2678; x_wconf 77' lang='lat' dir='ltr'><strong>Evangelia</strong></span> <span class='ocrx_word' id='word_1_372' title='bbox 3324 2606 3462 2662; x_wconf 88' lang='lat' dir='ltr'><strong>idem</strong></span> <span class='ocrx_word' id='word_1_373' title='bbox 3490 2599 3771 2673; x_wconf 87' lang='lat' dir='ltr'><strong>Dominus,</strong></span> <span class='ocrx_word' id='word_1_374' title='bbox 3803 2622 3979 2676; x_wconf 84' lang='lat' dir='ltr'><strong>quan-</strong></span> 
     </span>
    </p>
   </div>
   <div class='ocr_carea' id='block_1_51' title="bbox 2371 2699 3980 2773">
    <p class='ocr_par' dir='ltr' id='par_1_51' title="bbox 2371 2699 3980 2773">
     <span class='ocr_line' id='line_1_51' title="bbox 2371 2699 3980 2773; baseline -0.001 -16"><span class='ocrx_word' id='word_1_375' title='bbox 2371 2705 2441 2758; x_wconf 89' lang='lat' dir='ltr'><strong>do</strong></span> <span class='ocrx_word' id='word_1_376' title='bbox 2467 2700 2534 2757; x_wconf 90' lang='lat' dir='ltr'><strong>ad</strong></span> <span class='ocrx_word' id='word_1_377' title='bbox 2558 2703 2821 2757; x_wconf 87' lang='lat' dir='ltr'><strong>latronem</strong></span> <span class='ocrx_word' id='word_1_378' title='bbox 2857 2702 2906 2756; x_wconf 92' lang='lat' dir='ltr'><strong>in</strong></span> <span class='ocrx_word' id='word_1_379' title='bbox 2934 2701 3046 2772; x_wconf 89' lang='lat' dir='ltr'><strong>ipsa</strong></span> <span class='ocrx_word' id='word_1_380' title='bbox 3094 2701 3346 2773; x_wconf 88' lang='lat' dir='ltr'><strong>passione</strong></span> <span class='ocrx_word' id='word_1_381' title='bbox 3373 2699 3685 2756; x_wconf 88' lang='lat' dir='ltr'><strong>credentem</strong></span> <span class='ocrx_word' id='word_1_382' title='bbox 3713 2708 3770 2757; x_wconf 90' lang='lat' dir='ltr'><strong>et</strong></span> <span class='ocrx_word' id='word_1_383' title='bbox 3799 2700 3980 2757; x_wconf 80' lang='lat' dir='ltr'><strong>conﬁ-</strong></span> 
     </span>
    </p>
   </div>
   <div class='ocr_carea' id='block_1_52' title="bbox 1907 2864 2746 2924">
    <p class='ocr_par' dir='ltr' id='par_1_52' title="bbox 1907 2864 2746 2924">
     <span class='ocr_line' id='line_1_52' title="bbox 1907 2864 2746 2924; baseline -0.004 0"><span class='ocrx_word' id='word_1_384' title='bbox 1907 2865 2152 2924; x_wconf 79' lang='lat' dir='ltr'><strong>STEPH.</strong></span> <span class='ocrx_word' id='word_1_385' title='bbox 2193 2864 2472 2924; x_wconf 77' lang='lat' dir='ltr'><strong>BALUZli</strong></span> <span class='ocrx_word' id='word_1_386' title='bbox 2513 2865 2746 2922; x_wconf 67' lang='grc' dir='ltr'><strong>ΝΟΤΕ.</strong></span> 
     </span>
    </p>
   </div>
   <div class='ocr_carea' id='block_1_53' title="bbox 662 3023 2250 3097">
    <p class='ocr_par' dir='ltr' id='par_1_53' title="bbox 662 3023 2250 3097">
     <span class='ocr_line' id='line_1_53' title="bbox 662 3023 2250 3097; baseline -0.003 -15"><span class='ocrx_word' id='word_1_387' title='bbox 662 3029 673 3066; x_wconf 64' lang='grc' dir='ltr'><em>ί</em></span> <span class='ocrx_word' id='word_1_388' title='bbox 733 3023 1344 3097; x_wconf 80' lang='lat' dir='ltr'><strong>XX.—-Dispasitiouis.</strong></span> <span class='ocrx_word' id='word_1_389' title='bbox 1391 3027 1555 3079; x_wconf 78' lang='lat' dir='ltr'><strong>Antea</strong></span> <span class='ocrx_word' id='word_1_390' title='bbox 1598 3025 1871 3095; x_wconf 87' lang='lat' dir='ltr'><strong>legebatur</strong></span> <span class='ocrx_word' id='word_1_391' title='bbox 1915 3024 2250 3097; x_wconf 83' lang='lat' dir='ltr'><strong>dispensatio-</strong></span> 
     </span>
    </p>
   </div>
   <div class='ocr_carea' id='block_1_54' title="bbox 663 3095 2248 3167">
    <p class='ocr_par' dir='ltr' id='par_1_54' title="bbox 663 3095 2248 3167">
     <span class='ocr_line' id='line_1_54' title="bbox 663 3095 2248 3167; baseline -0.001 -16"><span class='ocrx_word' id='word_1_392' title='bbox 663 3100 761 3152; x_wconf 82' lang='lat' dir='ltr'><strong>nis.</strong></span> <span class='ocrx_word' id='word_1_393' title='bbox 796 3097 997 3151; x_wconf 79' lang='lat' dir='ltr'><strong>Mutare</strong></span> <span class='ocrx_word' id='word_1_394' title='bbox 1018 3095 1185 3152; x_wconf 77' lang='lat' dir='ltr'><strong>ccacti</strong></span> <span class='ocrx_word' id='word_1_395' title='bbox 1208 3110 1412 3154; x_wconf 77' lang='lat' dir='ltr'><strong>sumus.</strong></span> <span class='ocrx_word' id='word_1_396' title='bbox 1437 3106 1654 3167; x_wconf 87' lang='lat' dir='ltr'><strong>propter</strong></span> <span class='ocrx_word' id='word_1_397' title='bbox 1673 3095 2043 3151; x_wconf 89' lang='lat' dir='ltr'><strong>auctoritatem</strong></span> <span class='ocrx_word' id='word_1_398' title='bbox 2074 3095 2248 3150; x_wconf 83' lang='lat' dir='ltr'><strong>trede—</strong></span> 
     </span>
    </p>
   </div>
   <div class='ocr_carea' id='block_1_55' title="bbox 663 3169 2249 3236">
    <p class='ocr_par' dir='ltr' id='par_1_55' title="bbox 663 3169 2249 3236">
     <span class='ocr_line' id='line_1_55' title="bbox 663 3169 2249 3236; baseline -0.001 -14"><span class='ocrx_word' id='word_1_399' title='bbox 663 3172 766 3222; x_wconf 65' lang='lat' dir='ltr'><strong>vim</strong></span> <span class='ocrx_word' id='word_1_400' title='bbox 811 3169 1067 3223; x_wconf 90' lang='lat' dir='ltr'><strong>librorum</strong></span> <span class='ocrx_word' id='word_1_401' title='bbox 1111 3182 1414 3224; x_wconf 86' lang='lat' dir='ltr'><strong>nostrorum</strong></span> <span class='ocrx_word' id='word_1_402' title='bbox 1462 3175 1516 3222; x_wconf 88' lang='lat' dir='ltr'><strong>et</strong></span> <span class='ocrx_word' id='word_1_403' title='bbox 1558 3178 1763 3236; x_wconf 89' lang='lat' dir='ltr'><strong>septem</strong></span> <span class='ocrx_word' id='word_1_404' title='bbox 1814 3169 2249 3236; x_wconf 81' lang='lat' dir='ltr'><strong>Anglicanortnn.</strong></span> 
     </span>
    </p>
   </div>
   <div class='ocr_carea' id='block_1_56' title="bbox 671 3238 2252 3308">
    <p class='ocr_par' dir='ltr' id='par_1_56' title="bbox 671 3238 2252 3308">
     <span class='ocr_line' id='line_1_56' title="bbox 671 3238 2252 3308; baseline -0.001 -16"><span class='ocrx_word' id='word_1_405' title='bbox 671 3241 942 3308; x_wconf 71' lang='lat' dir='ltr'><strong>Vulgatam</strong></span> <span class='ocrx_word' id='word_1_406' title='bbox 970 3241 1254 3295; x_wconf 80' lang='lat' dir='ltr'><strong>lectionem</strong></span> <span class='ocrx_word' id='word_1_407' title='bbox 1279 3255 1381 3293; x_wconf 87' lang='lat' dir='ltr'><strong>non</strong></span> <span class='ocrx_word' id='word_1_408' title='bbox 1410 3240 1589 3292; x_wconf 82' lang='lat' dir='ltr'><strong>inveni</strong></span> <span class='ocrx_word' id='word_1_409' title='bbox 1620 3241 1721 3293; x_wconf 72' lang='lat' dir='ltr'><strong>nisi</strong></span> <span class='ocrx_word' id='word_1_410' title='bbox 1749 3240 1800 3292; x_wconf 92' lang='lat' dir='ltr'><strong>in</strong></span> <span class='ocrx_word' id='word_1_411' title='bbox 1823 3253 1952 3293; x_wconf 92' lang='lat' dir='ltr'><strong>uno.</strong></span> <span class='ocrx_word' id='word_1_412' title='bbox 1981 3238 2252 3308; x_wconf 74' lang='lat' dir='ltr'><strong>Remigiu-</strong></span> 
     </span>
    </p>
   </div>
   <div class='ocr_carea' id='block_1_57' title="bbox 663 3309 2250 3380">
    <p class='ocr_par' dir='ltr' id='par_1_57' title="bbox 663 3309 2250 3380">
     <span class='ocr_line' id='line_1_57' title="bbox 663 3309 2250 3380; baseline -0.001 -14"><span class='ocrx_word' id='word_1_413' title='bbox 663 3328 763 3366; x_wconf 82' lang='lat' dir='ltr'><strong>nns</strong></span> <span class='ocrx_word' id='word_1_414' title='bbox 804 3311 962 3366; x_wconf 89' lang='lat' dir='ltr'><strong>habet</strong></span> <span class='ocrx_word' id='word_1_415' title='bbox 999 3313 1354 3380; x_wconf 70' lang='lat' dir='ltr'><strong>disputationis</strong></span> <span class='ocrx_word' id='word_1_416' title='bbox 1379 3351 1392 3371; x_wconf 89' lang='lat'><strong>,</strong></span> <span class='ocrx_word' id='word_1_417' title='bbox 1433 3309 1715 3365; x_wconf 79' lang='lat' dir='ltr'><strong>manifeSto</strong></span> <span class='ocrx_word' id='word_1_418' title='bbox 1753 3324 1956 3364; x_wconf 89' lang='lat' dir='ltr'><strong>errore.</strong></span> <span class='ocrx_word' id='word_1_419' title='bbox 2013 3309 2153 3366; x_wconf 80' lang='lat' dir='ltr'><strong>lufm</strong></span> <span class='ocrx_word' id='word_1_420' title='bbox 2200 3310 2250 3364; x_wconf 89' lang='lat' dir='ltr'><strong>in</strong></span> 
     </span>
    </p>
   </div>
   <div class='ocr_carea' id='block_1_58' title="bbox 663 3381 2248 3452">
    <p class='ocr_par' dir='ltr' id='par_1_58' title="bbox 663 3381 2248 3452">
     <span class='ocr_line' id='line_1_58' title="bbox 663 3381 2248 3452; baseline -0.001 -16"><span class='ocrx_word' id='word_1_421' title='bbox 663 3382 886 3450; x_wconf 68' lang='lat' dir='ltr'><strong>epistola</strong></span> <span class='ocrx_word' id='word_1_422' title='bbox 927 3399 1108 3446; x_wconf 72' lang='lat' dir='ltr'><strong>ustv,</strong></span> <span class='ocrx_word' id='word_1_423' title='bbox 1153 3399 1270 3452; x_wconf 79' lang='lat' dir='ltr'><strong>pag.</strong></span> <span class='ocrx_word' id='word_1_424' title='bbox 1309 3383 1431 3438; x_wconf 78' lang='grc'><strong>159.</strong></span> <span class='ocrx_word' id='word_1_425' title='bbox 1475 3383 1668 3451; x_wconf 81' lang='lat' dir='ltr'><strong>legitur</strong></span> <span class='ocrx_word' id='word_1_426' title='bbox 1696 3383 1975 3435; x_wconf 78' lang='lat' dir='ltr'><strong>humanam</strong></span> <span class='ocrx_word' id='word_1_427' title='bbox 2014 3381 2248 3435; x_wconf 50' lang='lat' dir='ltr'><strong>traditio.</strong></span> 
     </span>
    </p>
   </div>
   <div class='ocr_carea' id='block_1_59' title="bbox 665 3454 1693 3526">
    <p class='ocr_par' dir='ltr' id='par_1_59' title="bbox 665 3454 1693 3526">
     <span class='ocr_line' id='line_1_59' title="bbox 665 3454 1693 3526; baseline 0 -20"><span class='ocrx_word' id='word_1_428' title='bbox 665 3469 776 3526; x_wconf 74' lang='lat' dir='ltr'><strong>item</strong></span> <span class='ocrx_word' id='word_1_429' title='bbox 791 3454 993 3526; x_wconf 13' lang='lat' dir='ltr'><strong>ﬁdicine:</strong></span> <span class='ocrx_word' id='word_1_430' title='bbox 1016 3455 1342 3526; x_wconf 77' lang='lat' dir='ltr'><strong>dispositioni</strong></span> <span class='ocrx_word' id='word_1_431' title='bbox 1366 3463 1693 3526; x_wconf 70' lang='lat' dir='ltr'><strong>anteponere.</strong></span> 
     </span>
    </p>
   </div>
   <div class='ocr_carea' id='block_1_60' title="bbox 736 3523 2253 3597">
    <p class='ocr_par' dir='ltr' id='par_1_60' title="bbox 736 3523 2253 3597">
     <span class='ocr_line' id='line_1_60' title="bbox 736 3523 2253 3597; baseline -0.003 -17"><span class='ocrx_word' id='word_1_432' title='bbox 736 3524 882 3580; x_wconf 75' lang='lat' dir='ltr'><strong>XXI.</strong></span> <span class='ocrx_word' id='word_1_433' title='bbox 904 3555 978 3567; x_wconf 88' lang='lat'>—</span> <span class='ocrx_word' id='word_1_434' title='bbox 999 3523 1262 3597; x_wconf 78' lang='lat' dir='ltr'><strong>Sanguine</strong></span> <span class='ocrx_word' id='word_1_435' title='bbox 1287 3539 1377 3578; x_wconf 80' lang='lat' dir='ltr'><strong>suo</strong></span> <span class='ocrx_word' id='word_1_436' title='bbox 1405 3525 1702 3597; x_wconf 58' lang='lat' dir='ltr'><strong>baptizata.</strong></span> <span class='ocrx_word' id='word_1_437' title='bbox 1736 3525 1808 3578; x_wconf 93' lang='lat' dir='ltr'><strong>De</strong></span> <span class='ocrx_word' id='word_1_438' title='bbox 1836 3523 2103 3597; x_wconf 88' lang='lat' dir='ltr'><strong>baptismo</strong></span> <span class='ocrx_word' id='word_1_439' title='bbox 2118 3539 2253 3597; x_wconf 84' lang='lat' dir='ltr'><strong>_san-</strong></span> 
     </span>
    </p>
   </div>
   <div class='ocr_carea' id='block_1_61' title="bbox 663 3595 2252 3668">
    <p class='ocr_par' dir='ltr' id='par_1_61' title="bbox 663 3595 2252 3668">
     <span class='ocr_line' id='line_1_61' title="bbox 663 3595 2252 3668; baseline -0.003 -17"><span class='ocrx_word' id='word_1_440' title='bbox 663 3597 843 3666; x_wconf 86' lang='lat' dir='ltr'><strong>guinis</strong></span> <span class='ocrx_word' id='word_1_441' title='bbox 880 3595 1212 3668; x_wconf 29' lang='lat' dir='ltr'><strong>ittsignis’est</strong></span> <span class='ocrx_word' id='word_1_442' title='bbox 1240 3597 1390 3651; x_wconf 85' lang='lat' dir='ltr'><strong>locus</strong></span> <span class='ocrx_word' id='word_1_443' title='bbox 1417 3595 1470 3650; x_wconf 91' lang='lat' dir='ltr'><strong>in</strong></span> <span class='ocrx_word' id='word_1_444' title='bbox 1504 3597 1638 3668; x_wconf 66' lang='lat' dir='ltr'><strong>libro</strong></span> <span class='ocrx_word' id='word_1_445' title='bbox 1665 3595 1982 3668; x_wconf 84' lang='lat' dir='ltr'><strong>Tertulliani</strong></span> <span class='ocrx_word' id='word_1_446' title='bbox 2017 3597 2079 3648; x_wconf 86' lang='lat' dir='ltr'><strong>de</strong></span> <span class='ocrx_word' id='word_1_447' title='bbox 2111 3595 2252 3668; x_wconf 71' lang='lat' dir='ltr'><strong>Dap-</strong></span> 
     </span>
    </p>
   </div>
   <div class='ocr_carea' id='block_1_62' title="bbox 665 3666 2256 3738">
    <p class='ocr_par' dir='ltr' id='par_1_62' title="bbox 665 3666 2256 3738">
     <span class='ocr_line' id='line_1_62' title="bbox 665 3666 2256 3738; baseline 0.001 -18"><span class='ocrx_word' id='word_1_448' title='bbox 665 3669 845 3730; x_wconf 87' lang='lat' dir='ltr'><strong>tismo;</strong></span> <span class='ocrx_word' id='word_1_449' title='bbox 875 3666 1007 3724; x_wconf 76' lang='lat' dir='ltr'><strong>item</strong></span> <span class='ocrx_word' id='word_1_450' title='bbox 1027 3667 1167 3734; x_wconf 82' lang='lat' dir='ltr'><strong>apud</strong></span> <span class='ocrx_word' id='word_1_451' title='bbox 1200 3669 1446 3722; x_wconf 87' lang='lat' dir='ltr'><strong>Ruﬁnum</strong></span> <span class='ocrx_word' id='word_1_452' title='bbox 1480 3667 1532 3721; x_wconf 88' lang='lat' dir='ltr'><strong>in</strong></span> <span class='ocrx_word' id='word_1_453' title='bbox 1560 3666 1893 3736; x_wconf 64' lang='lat' dir='ltr'><strong>Etpositidne</strong></span> <span class='ocrx_word' id='word_1_454' title='bbox 1912 3667 2162 3738; x_wconf 81' lang='lat' dir='ltr'><strong>Symboli.</strong></span> <span class='ocrx_word' id='word_1_455' title='bbox 2183 3668 2256 3722; x_wconf 89' lang='lat' dir='ltr'><strong>De</strong></span> 
     </span>
    </p>
   </div>
   <div class='ocr_carea' id='block_1_63' title="bbox 671 3739 1647 3810">
    <p class='ocr_par' dir='ltr' id='par_1_63' title="bbox 671 3739 1647 3810">
     <span class='ocr_line' id='line_1_63' title="bbox 671 3739 1647 3810; baseline -0.001 -18"><span class='ocrx_word' id='word_1_456' title='bbox 671 3740 770 3795; x_wconf 90' lang='lat' dir='ltr'><strong>hac</strong></span> <span class='ocrx_word' id='word_1_457' title='bbox 801 3741 1021 3796; x_wconf 88' lang='lat' dir='ltr'><strong>materia</strong></span> <span class='ocrx_word' id='word_1_458' title='bbox 1053 3741 1232 3810; x_wconf 86' lang='lat' dir='ltr'><strong>plures</strong></span> <span class='ocrx_word' id='word_1_459' title='bbox 1257 3739 1647 3794; x_wconf 89' lang='lat' dir='ltr'><strong>disseruerunt.</strong></span> 
     </span>
    </p>
   </div>
   <div class='ocr_carea' id='block_1_64' title="bbox 742 3810 2251 3878">
    <p class='ocr_par' dir='ltr' id='par_1_64' title="bbox 742 3810 2251 3878">
     <span class='ocr_line' id='line_1_64' title="bbox 742 3810 2251 3878; baseline 0.001 -14"><span class='ocrx_word' id='word_1_460' title='bbox 742 3811 995 3866; x_wconf 76' lang='lat' dir='ltr'><strong>[heretico</strong></span> <span class='ocrx_word' id='word_1_461' title='bbox 1021 3813 1241 3878; x_wconf 81' lang='lat' dir='ltr'><strong>prodest.</strong></span> <span class='ocrx_word' id='word_1_462' title='bbox 1276 3812 1507 3866; x_wconf 78' lang='lat' dir='ltr'><strong>Rursum</strong></span> <span class='ocrx_word' id='word_1_463' title='bbox 1537 3810 1675 3864; x_wconf 84' lang='lat' dir='ltr'><strong>istud</strong></span> <span class='ocrx_word' id='word_1_464' title='bbox 1706 3821 1914 3866; x_wconf 87' lang='lat' dir='ltr'><strong>mutare</strong></span> <span class='ocrx_word' id='word_1_465' title='bbox 1945 3811 2251 3877; x_wconf 81' lang='lat' dir='ltr'><strong>habuimus,</strong></span> 
     </span>
    </p>
   </div>
   <div class='ocr_carea' id='block_1_65' title="bbox 670 3883 2253 3952">
    <p class='ocr_par' dir='ltr' id='par_1_65' title="bbox 670 3883 2253 3952">
     <span class='ocr_line' id='line_1_65' title="bbox 670 3883 2253 3952; baseline 0.001 -16"><span class='ocrx_word' id='word_1_466' title='bbox 670 3893 888 3952; x_wconf 86' lang='lat' dir='ltr'><strong>propter</strong></span> <span class='ocrx_word' id='word_1_467' title='bbox 914 3895 1234 3939; x_wconf 78' lang='lat' dir='ltr'><strong>consensum</strong></span> <span class='ocrx_word' id='word_1_468' title='bbox 1264 3892 1502 3936; x_wconf 88' lang='lat' dir='ltr'><strong>veterum</strong></span> <span class='ocrx_word' id='word_1_469' title='bbox 1531 3883 1916 3950; x_wconf 80' lang='lat' dir='ltr'><strong>exemplarium</strong></span> <span class='ocrx_word' id='word_1_470' title='bbox 1946 3895 2253 3938; x_wconf 90' lang='lat' dir='ltr'><strong>nostrorum</strong></span> 
     </span>
    </p>
   </div>
   <div class='ocr_carea' id='block_1_66' title="bbox 671 3953 2254 4025">
    <p class='ocr_par' dir='ltr' id='par_1_66' title="bbox 671 3953 2254 4025">
     <span class='ocr_line' id='line_1_66' title="bbox 671 3953 2254 4025; baseline 0.001 -18"><span class='ocrx_word' id='word_1_471' title='bbox 671 3965 725 4007; x_wconf 90' lang='lat' dir='ltr'><strong>et</strong></span> <span class='ocrx_word' id='word_1_472' title='bbox 750 3971 843 4010; x_wconf 75' lang='lat' dir='ltr'><strong>sex</strong></span> <span class='ocrx_word' id='word_1_473' title='bbox 868 3956 1306 4025; x_wconf 81' lang='lat' dir='ltr'><strong>Anglicanorum.</strong></span> <span class='ocrx_word' id='word_1_474' title='bbox 1334 3954 1400 4008; x_wconf 85' lang='lat' dir='ltr'><strong>Et</strong></span> <span class='ocrx_word' id='word_1_475' title='bbox 1422 3953 1560 4008; x_wconf 87' lang='lat' dir='ltr'><strong>hanc</strong></span> <span class='ocrx_word' id='word_1_476' title='bbox 1583 3969 1795 4023; x_wconf 82' lang='lat' dir='ltr'><strong>qucque</strong></span> <span class='ocrx_word' id='word_1_477' title='bbox 1823 3954 2104 4010; x_wconf 87' lang='lat' dir='ltr'><strong>lectionem</strong></span> <span class='ocrx_word' id='word_1_478' title='bbox 2133 3969 2254 4024; x_wconf 85' lang='lat' dir='ltr'><strong>pro-</strong></span> 
     </span>
    </p>
   </div>
   <div class='ocr_carea' id='block_1_67' title="bbox 669 4025 2256 4084">
    <p class='ocr_par' dir='ltr' id='par_1_67' title="bbox 669 4025 2256 4084">
     <span class='ocr_line' id='line_1_67' title="bbox 669 4025 2256 4084; baseline -0.001 -4"><span class='ocrx_word' id='word_1_479' title='bbox 669 4027 757 4080; x_wconf 78' lang='lat' dir='ltr'><strong>bat</strong></span> <span class='ocrx_word' id='word_1_480' title='bbox 787 4027 1054 4084; x_wconf 86' lang='lat' dir='ltr'><strong>Panieiius</strong></span> <span class='ocrx_word' id='word_1_481' title='bbox 1085 4028 1137 4082; x_wconf 83' lang='lat' dir='ltr'><strong>in</strong></span> <span class='ocrx_word' id='word_1_482' title='bbox 1171 4025 1280 4081; x_wconf 79' lang='lat' dir='ltr'><strong>suis</strong></span> <span class='ocrx_word' id='word_1_483' title='bbox 1315 4025 1770 4080; x_wconf 80' lang='lat' dir='ltr'><strong>aunmationibus.</strong></span> <span class='ocrx_word' id='word_1_484' title='bbox 1799 4025 2136 4079; x_wconf 76' lang='lat' dir='ltr'><strong>Confirmant</strong></span> <span class='ocrx_word' id='word_1_485' title='bbox 2161 4041 2256 4078; x_wconf 85' lang='lat' dir='ltr'><strong>au-</strong></span> 
     </span>
    </p>
   </div>
   <div class='ocr_carea' id='block_1_68' title="bbox 669 4095 2258 4169">
    <p class='ocr_par' dir='ltr' id='par_1_68' title="bbox 669 4095 2258 4169">
     <span class='ocr_line' id='line_1_68' title="bbox 669 4095 2258 4169; baseline 0.001 -19"><span class='ocrx_word' id='word_1_486' title='bbox 669 4107 779 4151; x_wconf 89' lang='lat' dir='ltr'><strong>tem</strong></span> <span class='ocrx_word' id='word_1_487' title='bbox 823 4097 964 4153; x_wconf 84' lang='lat' dir='ltr'><strong>illam</strong></span> <span class='ocrx_word' id='word_1_488' title='bbox 1006 4113 1068 4153; x_wconf 89' lang='lat' dir='ltr'><strong>ea</strong></span> <span class='ocrx_word' id='word_1_489' title='bbox 1107 4114 1226 4169; x_wconf 68' lang='lat' dir='ltr'><strong>quae</strong></span> <span class='ocrx_word' id='word_1_490' title='bbox 1266 4112 1388 4152; x_wconf 79' lang='lat' dir='ltr'><strong>mox</strong></span> <span class='ocrx_word' id='word_1_491' title='bbox 1432 4107 1746 4165; x_wconf 86' lang='lat' dir='ltr'><strong>sequuntur.</strong></span> <span class='ocrx_word' id='word_1_492' title='bbox 1778 4095 1924 4169; x_wconf 78' lang='lat' dir='ltr'><strong>_Vitio</strong></span> <span class='ocrx_word' id='word_1_493' title='bbox 1965 4113 2068 4150; x_wconf 90' lang='lat' dir='ltr'><strong>non</strong></span> <span class='ocrx_word' id='word_1_494' title='bbox 2110 4107 2258 4169; x_wconf 78' lang='lat' dir='ltr'><strong>caret</strong></span> 
     </span>
    </p>
   </div>
   <div class='ocr_carea' id='block_1_69' title="bbox 670 4166 2258 4240">
    <p class='ocr_par' dir='ltr' id='par_1_69' title="bbox 670 4166 2258 4240">
     <span class='ocr_line' id='line_1_69' title="bbox 670 4166 2258 4240; baseline 0.001 -19"><span class='ocrx_word' id='word_1_495' title='bbox 670 4169 772 4223; x_wconf 92' lang='lat' dir='ltr'><strong>hoc</strong></span> <span class='ocrx_word' id='word_1_496' title='bbox 809 4166 1185 4240; x_wconf 79' lang='lat' dir='ltr'><strong>argumentum</strong></span> <span class='ocrx_word' id='word_1_497' title='bbox 1227 4184 1334 4239; x_wconf 91' lang='lat' dir='ltr'><strong>quo</strong></span> <span class='ocrx_word' id='word_1_498' title='bbox 1359 4183 1518 4240; x_wconf 60' lang='lat' dir='ltr'><strong>saepe</strong></span> <span class='ocrx_word' id='word_1_499' title='bbox 1561 4171 1727 4222; x_wconf 87' lang='lat' dir='ltr'><strong>utitur</strong></span> <span class='ocrx_word' id='word_1_500' title='bbox 1765 4167 2102 4240; x_wconf 64' lang='lat' dir='ltr'><strong>Cyprianus.</strong></span> <span class='ocrx_word' id='word_1_501' title='bbox 2128 4166 2258 4223; x_wconf 80' lang='lat' dir='ltr'><strong>Heio</strong></span> 
     </span>
    </p>
   </div>
   <div class='ocr_carea' id='block_1_70' title="bbox 669 4239 2256 4310">
    <p class='ocr_par' dir='ltr' id='par_1_70' title="bbox 669 4239 2256 4310">
     <span class='ocr_line' id='line_1_70' title="bbox 669 4239 2256 4310; baseline -0.001 -17"><span class='ocrx_word' id='word_1_502' title='bbox 669 4243 813 4294; x_wconf 89' lang='lat' dir='ltr'><strong>enim</strong></span> <span class='ocrx_word' id='word_1_503' title='bbox 843 4239 1075 4296; x_wconf 81' lang='lat' dir='ltr'><strong>maxime</strong></span> <span class='ocrx_word' id='word_1_504' title='bbox 1101 4243 1275 4296; x_wconf 87' lang='lat' dir='ltr'><strong>valent</strong></span> <span class='ocrx_word' id='word_1_505' title='bbox 1304 4239 1540 4294; x_wconf 84' lang='lat' dir='ltr'><strong>adhibita</strong></span> <span class='ocrx_word' id='word_1_506' title='bbox 1581 4253 1611 4292; x_wconf 88' lang='lat' dir='ltr'><strong>a</strong></span> <span class='ocrx_word' id='word_1_507' title='bbox 1653 4241 1709 4292; x_wconf 68' lang='grc' dir='ltr'><strong>ὃ.</strong></span> <span class='ocrx_word' id='word_1_508' title='bbox 1756 4239 2055 4310; x_wconf 76' lang='lat' dir='ltr'><strong>Augustino</strong></span> <span class='ocrx_word' id='word_1_509' title='bbox 2096 4239 2146 4292; x_wconf 89' lang='lat' dir='ltr'><strong>in</strong></span> <span class='ocrx_word' id='word_1_510' title='bbox 2189 4240 2256 4292; x_wconf 92' lang='lat' dir='ltr'><strong>li-</strong></span> 
     </span>
    </p>
   </div>
   <div class='ocr_carea' id='block_1_71' title="bbox 671 4310 2256 4382">
    <p class='ocr_par' dir='ltr' id='par_1_71' title="bbox 671 4310 2256 4382">
     <span class='ocr_line' id='line_1_71' title="bbox 671 4310 2256 4382; baseline -0.001 -19"><span class='ocrx_word' id='word_1_511' title='bbox 671 4312 781 4366; x_wconf 85' lang='lat' dir='ltr'><strong>bris</strong></span> <span class='ocrx_word' id='word_1_512' title='bbox 811 4313 874 4366; x_wconf 84' lang='lat' dir='ltr'><strong>tle</strong></span> <span class='ocrx_word' id='word_1_513' title='bbox 903 4312 1166 4382; x_wconf 83' lang='lat' dir='ltr'><strong>Baptismo</strong></span> <span class='ocrx_word' id='word_1_514' title='bbox 1197 4313 1460 4382; x_wconf 88' lang='lat' dir='ltr'><strong>rationum</strong></span> <span class='ocrx_word' id='word_1_515' title='bbox 1493 4320 1761 4365; x_wconf 89' lang='lat' dir='ltr'><strong>momenta</strong></span> <span class='ocrx_word' id='word_1_516' title='bbox 1790 4353 1802 4374; x_wconf 93' lang='lat'><strong>,</strong></span> <span class='ocrx_word' id='word_1_517' title='bbox 1837 4325 1957 4364; x_wconf 89' lang='lat' dir='ltr'><strong>cum</strong></span> <span class='ocrx_word' id='word_1_518' title='bbox 2002 4310 2256 4365; x_wconf 85' lang='lat' dir='ltr'><strong>manifes-</strong></span> 
     </span>
    </p>
   </div>
   <div class='ocr_carea' id='block_1_72' title="bbox 673 4381 2257 4452">
    <p class='ocr_par' dir='ltr' id='par_1_72' title="bbox 673 4381 2257 4452">
     <span class='ocr_line' id='line_1_72' title="bbox 673 4381 2257 4452; baseline -0.001 -17"><span class='ocrx_word' id='word_1_519' title='bbox 673 4392 782 4436; x_wconf 91' lang='lat' dir='ltr'><strong>tum</strong></span> <span class='ocrx_word' id='word_1_520' title='bbox 813 4393 867 4436; x_wconf 85' lang='lat' dir='ltr'><strong>et</strong></span> <span class='ocrx_word' id='word_1_521' title='bbox 898 4381 1235 4451; x_wconf 64' lang='lat' dir='ltr'><strong>perstat-unm</strong></span> <span class='ocrx_word' id='word_1_522' title='bbox 1265 4385 1336 4438; x_wconf 88' lang='lat' dir='ltr'><strong>sit</strong></span> <span class='ocrx_word' id='word_1_523' title='bbox 1366 4381 1497 4436; x_wconf 82' lang='lat' dir='ltr'><strong>nihil</strong></span> <span class='ocrx_word' id='word_1_524' title='bbox 1529 4399 1557 4435; x_wconf 90' lang='lat' dir='ltr'><strong>a</strong></span> <span class='ocrx_word' id='word_1_525' title='bbox 1589 4383 1856 4452; x_wconf 79' lang='lat' dir='ltr'><strong>Cypriane</strong></span> <span class='ocrx_word' id='word_1_526' title='bbox 1887 4382 1954 4435; x_wconf 86' lang='lat' dir='ltr'><strong>de</strong></span> <span class='ocrx_word' id='word_1_527' title='bbox 1987 4383 2257 4435; x_wconf 72' lang='lat' dir='ltr'><strong>haereticis</strong></span> 
     </span>
    </p>
   </div>
   <div class='ocr_carea' id='block_1_73' title="bbox 671 4452 2259 4524">
    <p class='ocr_par' dir='ltr' id='par_1_73' title="bbox 671 4452 2259 4524">
     <span class='ocr_line' id='line_1_73' title="bbox 671 4452 2259 4524; baseline -0.001 -16"><span class='ocrx_word' id='word_1_528' title='bbox 671 4466 724 4508; x_wconf 85' lang='lat' dir='ltr'><strong>et</strong></span> <span class='ocrx_word' id='word_1_529' title='bbox 749 4454 1106 4510; x_wconf 87' lang='lat' dir='ltr'><strong>schismaticis</strong></span> <span class='ocrx_word' id='word_1_530' title='bbox 1132 4456 1235 4510; x_wconf 84' lang='lat' dir='ltr'><strong>dici</strong></span> <span class='ocrx_word' id='word_1_531' title='bbox 1263 4454 1405 4524; x_wconf 89' lang='lat' dir='ltr'><strong>quod</strong></span> <span class='ocrx_word' id='word_1_532' title='bbox 1449 4469 1554 4507; x_wconf 87' lang='lat' dir='ltr'><strong>non</strong></span> <span class='ocrx_word' id='word_1_533' title='bbox 1600 4455 1802 4522; x_wconf 83' lang='lat' dir='ltr'><strong>pariter</strong></span> <span class='ocrx_word' id='word_1_534' title='bbox 1841 4452 1949 4524; x_wconf 84' lang='lat' dir='ltr'><strong>dici</strong></span> <span class='ocrx_word' id='word_1_535' title='bbox 1984 4453 2153 4524; x_wconf 88' lang='lat' dir='ltr'><strong>possit</strong></span> <span class='ocrx_word' id='word_1_536' title='bbox 2192 4453 2259 4507; x_wconf 91' lang='lat' dir='ltr'><strong>de</strong></span> 
     </span>
    </p>
   </div>
   <div class='ocr_carea' id='block_1_74' title="bbox 2360 3022 3984 3098">
    <p class='ocr_par' dir='ltr' id='par_1_74' title="bbox 2360 3022 3984 3098">
     <span class='ocr_line' id='line_1_74' title="bbox 2360 3022 3984 3098; baseline -0.001 -20"><span class='ocrx_word' id='word_1_537' title='bbox 2360 3040 2467 3078; x_wconf 83' lang='lat' dir='ltr'><strong>cem</strong></span> <span class='ocrx_word' id='word_1_538' title='bbox 2508 3033 2671 3098; x_wconf 80' lang='lat' dir='ltr'><strong>mutat</strong></span> <span class='ocrx_word' id='word_1_539' title='bbox 2711 3022 2954 3098; x_wconf 65' lang='lat' dir='ltr'><strong>paradiso</strong></span> <span class='ocrx_word' id='word_1_540' title='bbox 2995 3032 3041 3076; x_wconf 84' lang='lat' dir='ltr'><strong>et</strong></span> <span class='ocrx_word' id='word_1_541' title='bbox 3072 3023 3206 3098; x_wconf 45' lang='lat' dir='ltr'><strong>facit</strong></span> <span class='ocrx_word' id='word_1_542' title='bbox 3251 3022 3516 3098; x_wconf 75' lang='lat' dir='ltr'><strong>homicidii</strong></span> <span class='ocrx_word' id='word_1_543' title='bbox 3545 3037 3754 3090; x_wconf 65' lang='lat' dir='ltr'><strong>paruam</strong></span> <span class='ocrx_word' id='word_1_544' title='bbox 3784 3035 3984 3098; x_wconf 59' lang='lat' dir='ltr'><strong>marty-</strong></span> 
     </span>
    </p>
   </div>
   <div class='ocr_carea' id='block_1_75' title="bbox 2360 3091 3984 3166">
    <p class='ocr_par' dir='ltr' id='par_1_75' title="bbox 2360 3091 3984 3166">
     <span class='ocr_line' id='line_1_75' title="bbox 2360 3091 3984 3166; baseline 0.002 -16"><span class='ocrx_word' id='word_1_545' title='bbox 2360 3098 2511 3150; x_wconf 83' lang='lat' dir='ltr'><strong>rium.</strong></span> <span class='ocrx_word' id='word_1_546' title='bbox 2546 3091 2731 3148; x_wconf 77' lang='lat' dir='ltr'><strong>Avitus</strong></span> <span class='ocrx_word' id='word_1_547' title='bbox 2759 3092 3043 3166; x_wconf 75' lang='lat' dir='ltr'><strong>episcopus</strong></span> <span class='ocrx_word' id='word_1_548' title='bbox 3072 3094 3429 3160; x_wconf 78' lang='lat' dir='ltr'><strong>Viennensis,</strong></span> <span class='ocrx_word' id='word_1_549' title='bbox 3459 3099 3601 3166; x_wconf 87' lang='lat' dir='ltr'><strong>epist</strong></span> <span class='ocrx_word' id='word_1_550' title='bbox 3653 3110 3744 3149; x_wconf 91' lang='lat' dir='ltr'><strong>tn:</strong></span> <span class='ocrx_word' id='word_1_551' title='bbox 3777 3091 3984 3153; x_wconf 63' lang='lat' dir='ltr'><strong>Iloru&#39;m</strong></span> 
     </span>
    </p>
   </div>
   <div class='ocr_carea' id='block_1_76' title="bbox 2357 3163 3982 3237">
    <p class='ocr_par' dir='ltr' id='par_1_76' title="bbox 2357 3163 3982 3237">
     <span class='ocr_line' id='line_1_76' title="bbox 2357 3163 3982 3237; baseline 0.001 -17"><span class='ocrx_word' id='word_1_552' title='bbox 2357 3168 2515 3237; x_wconf 82' lang='lat' dir='ltr'><strong>igitur</strong></span> <span class='ocrx_word' id='word_1_553' title='bbox 2558 3183 2688 3219; x_wconf 86' lang='lat' dir='ltr'><strong>unus</strong></span> <span class='ocrx_word' id='word_1_554' title='bbox 2729 3168 2987 3220; x_wconf 83' lang='lat' dir='ltr'><strong>latronum</strong></span> <span class='ocrx_word' id='word_1_555' title='bbox 3028 3163 3168 3235; x_wconf 83' lang='lat' dir='ltr'><strong>longi</strong></span> <span class='ocrx_word' id='word_1_556' title='bbox 3201 3167 3410 3221; x_wconf 77' lang='lat' dir='ltr'><strong>sceleris</strong></span> <span class='ocrx_word' id='word_1_557' title='bbox 3441 3163 3594 3220; x_wconf 75' lang='lat' dir='ltr'><strong>vitam</strong></span> <span class='ocrx_word' id='word_1_558' title='bbox 3627 3167 3796 3220; x_wconf 84' lang='lat' dir='ltr'><strong>brevis</strong></span> <span class='ocrx_word' id='word_1_559' title='bbox 3835 3185 3982 3221; x_wconf 87' lang='lat' dir='ltr'><strong>com-</strong></span> 
     </span>
    </p>
   </div>
   <div class='ocr_carea' id='block_1_77' title="bbox 2355 3238 3980 3311">
    <p class='ocr_par' dir='ltr' id='par_1_77' title="bbox 2355 3238 3980 3311">
     <span class='ocr_line' id='line_1_77' title="bbox 2355 3238 3980 3311; baseline 0.001 -20"><span class='ocrx_word' id='word_1_560' title='bbox 2355 3238 2529 3311; x_wconf 74' lang='lat' dir='ltr'><strong>pendii</strong></span> <span class='ocrx_word' id='word_1_561' title='bbox 2560 3238 2662 3311; x_wconf 80' lang='lat' dir='ltr'><strong>ﬁne</strong></span> <span class='ocrx_word' id='word_1_562' title='bbox 2694 3247 2990 3307; x_wconf 71' lang='lat' dir='ltr'><strong>permutans</strong></span> <span class='ocrx_word' id='word_1_563' title='bbox 3020 3255 3084 3311; x_wconf 67' lang='lat' dir='ltr'><strong>ea:</strong></span> <span class='ocrx_word' id='word_1_564' title='bbox 3114 3238 3437 3311; x_wconf 72' lang='lat' dir='ltr'><strong>interfectore</strong></span> <span class='ocrx_word' id='word_1_565' title='bbox 3494 3240 3740 3294; x_wconf 79' lang='lat' dir='ltr'><strong>medicus.</strong></span> <span class='ocrx_word' id='word_1_566' title='bbox 3777 3252 3980 3311; x_wconf 83' lang='lat' dir='ltr'><strong>martyr</strong></span> 
     </span>
    </p>
   </div>
   <div class='ocr_carea' id='block_1_78' title="bbox 2355 3309 3974 3380">
    <p class='ocr_par' dir='ltr' id='par_1_78' title="bbox 2355 3309 3974 3380">
     <span class='ocr_line' id='line_1_78' title="bbox 2355 3309 3974 3380; baseline 0.002 -18"><span class='ocrx_word' id='word_1_567' title='bbox 2355 3327 2418 3363; x_wconf 78' lang='lat' dir='ltr'><strong>ea:</strong></span> <span class='ocrx_word' id='word_1_568' title='bbox 2446 3309 2581 3380; x_wconf 77' lang='lat' dir='ltr'><strong>fure.</strong></span> <span class='ocrx_word' id='word_1_569' title='bbox 2614 3310 2677 3364; x_wconf 84' lang='lat' dir='ltr'><strong>Et</strong></span> <span class='ocrx_word' id='word_1_570' title='bbox 2706 3311 2862 3377; x_wconf 85' lang='lat' dir='ltr'><strong>epist.</strong></span> <span class='ocrx_word' id='word_1_571' title='bbox 2902 3324 2992 3363; x_wconf 87' lang='lat' dir='ltr'><strong>tv:</strong></span> <span class='ocrx_word' id='word_1_572' title='bbox 3036 3309 3192 3362; x_wconf 86' lang='lat' dir='ltr'><strong>Latro</strong></span> <span class='ocrx_word' id='word_1_573' title='bbox 3222 3310 3310 3363; x_wconf 87' lang='lat' dir='ltr'><strong>ille</strong></span> <span class='ocrx_word' id='word_1_574' title='bbox 3344 3327 3434 3378; x_wconf 81' lang='lat' dir='ltr'><strong>pro</strong></span> <span class='ocrx_word' id='word_1_575' title='bbox 3465 3311 3732 3363; x_wconf 80' lang='lat' dir='ltr'><strong>subsecuta</strong></span> <span class='ocrx_word' id='word_1_576' title='bbox 3761 3309 3974 3373; x_wconf 71' lang='lat' dir='ltr'><strong>confes-</strong></span> 
     </span>
    </p>
   </div>
   <div class='ocr_carea' id='block_1_79' title="bbox 2355 3381 3975 3456">
    <p class='ocr_par' dir='ltr' id='par_1_79' title="bbox 2355 3381 3975 3456">
     <span class='ocr_line' id='line_1_79' title="bbox 2355 3381 3975 3456; baseline 0.001 -22"><span class='ocrx_word' id='word_1_577' title='bbox 2355 3383 2497 3456; x_wconf 78' lang='lat' dir='ltr'><strong>sioue</strong></span> <span class='ocrx_word' id='word_1_578' title='bbox 2525 3381 2730 3456; x_wconf 77' lang='lat' dir='ltr'><strong>additur</strong></span> <span class='ocrx_word' id='word_1_579' title='bbox 2755 3381 3017 3449; x_wconf 78' lang='lat' dir='ltr'><strong>paradiso,</strong></span> <span class='ocrx_word' id='word_1_580' title='bbox 3043 3398 3134 3449; x_wconf 83' lang='lat' dir='ltr'><strong>per</strong></span> <span class='ocrx_word' id='word_1_581' title='bbox 3156 3383 3402 3456; x_wconf 77' lang='lat' dir='ltr'><strong>injustam</strong></span> <span class='ocrx_word' id='word_1_582' title='bbox 3431 3382 3686 3456; x_wconf 61' lang='lat' dir='ltr'><strong>aedituus</strong></span> <span class='ocrx_word' id='word_1_583' title='bbox 3703 3395 3774 3456; x_wconf 63' lang='lat' dir='ltr'><strong>est</strong></span> <span class='ocrx_word' id='word_1_584' title='bbox 3801 3397 3975 3456; x_wconf 68' lang='lat' dir='ltr'><strong>tertius</strong></span> 
     </span>
    </p>
   </div>
   <div class='ocr_carea' id='block_1_80' title="bbox 2359 3451 3979 3524">
    <p class='ocr_par' dir='ltr' id='par_1_80' title="bbox 2359 3451 3979 3524">
     <span class='ocr_line' id='line_1_80' title="bbox 2359 3451 3979 3524; baseline 0.001 -19"><span class='ocrx_word' id='word_1_585' title='bbox 2359 3464 2412 3505; x_wconf 88' lang='lat' dir='ltr'><strong>ut</strong></span> <span class='ocrx_word' id='word_1_586' title='bbox 2433 3452 2656 3522; x_wconf 83' lang='lat' dir='ltr'><strong>dejusta</strong></span> <span class='ocrx_word' id='word_1_587' title='bbox 2678 3461 2879 3523; x_wconf 81' lang='lat' dir='ltr'><strong>raperet</strong></span> <span class='ocrx_word' id='word_1_588' title='bbox 2904 3464 3068 3524; x_wconf 88' lang='lat' dir='ltr'><strong>morte</strong></span> <span class='ocrx_word' id='word_1_589' title='bbox 3088 3451 3409 3524; x_wconf 78' lang='lat' dir='ltr'><strong>marigriunt.</strong></span> <span class='ocrx_word' id='word_1_590' title='bbox 3435 3453 3634 3524; x_wconf 68' lang='lat' dir='ltr'><strong>ijlatletn</strong></span> <span class='ocrx_word' id='word_1_591' title='bbox 3661 3451 3758 3503; x_wconf 88' lang='lat' dir='ltr'><strong>fuit</strong></span> <span class='ocrx_word' id='word_1_592' title='bbox 3780 3454 3979 3524; x_wconf 79' lang='lat' dir='ltr'><strong>opinio</strong></span> 
     </span>
    </p>
   </div>
   <div class='ocr_carea' id='block_1_81' title="bbox 2358 3522 3986 3595">
    <p class='ocr_par' dir='ltr' id='par_1_81' title="bbox 2358 3522 3986 3595">
     <span class='ocr_line' id='line_1_81' title="bbox 2358 3522 3986 3595; baseline 0.001 -19"><span class='ocrx_word' id='word_1_593' title='bbox 2358 3526 2592 3577; x_wconf 88' lang='lat' dir='ltr'><strong>auctoris</strong></span> <span class='ocrx_word' id='word_1_594' title='bbox 2613 3522 2816 3578; x_wconf 81' lang='lat' dir='ltr'><strong>libride</strong></span> <span class='ocrx_word' id='word_1_595' title='bbox 2835 3523 3183 3577; x_wconf 84' lang='lat' dir='ltr'><strong>cardinaltbus</strong></span> <span class='ocrx_word' id='word_1_596' title='bbox 3202 3522 3396 3580; x_wconf 80' lang='lat' dir='ltr'><strong>Christi</strong></span> <span class='ocrx_word' id='word_1_597' title='bbox 3420 3522 3792 3595; x_wconf 78' lang='lat' dir='ltr'><strong>0pcribus,qni</strong></span> <span class='ocrx_word' id='word_1_598' title='bbox 3816 3526 3986 3595; x_wconf 78' lang='lat' dir='ltr'><strong>vulgo</strong></span> 
     </span>
    </p>
   </div>
   <div class='ocr_carea' id='block_1_82' title="bbox 2364 3593 3987 3668">
    <p class='ocr_par' dir='ltr' id='par_1_82' title="bbox 2364 3593 3987 3668">
     <span class='ocr_line' id='line_1_82' title="bbox 2364 3593 3987 3668; baseline 0.001 -18"><span class='ocrx_word' id='word_1_599' title='bbox 2364 3596 2448 3668; x_wconf 82' lang='lat' dir='ltr'><strong>edi</strong></span> <span class='ocrx_word' id='word_1_600' title='bbox 2479 3595 2615 3649; x_wconf 86' lang='lat' dir='ltr'><strong>solet</strong></span> <span class='ocrx_word' id='word_1_601' title='bbox 2641 3609 2761 3668; x_wconf 66' lang='lat' dir='ltr'><strong>eum</strong></span> <span class='ocrx_word' id='word_1_602' title='bbox 2793 3596 3049 3666; x_wconf 87' lang='lat' dir='ltr'><strong>operibus</strong></span> <span class='ocrx_word' id='word_1_603' title='bbox 3075 3595 3352 3668; x_wconf 78' lang='lat' dir='ltr'><strong>Cypriani.</strong></span> <span class='ocrx_word' id='word_1_604' title='bbox 3387 3597 3471 3649; x_wconf 70' lang='lat' dir='ltr'><strong>Ait</strong></span> <span class='ocrx_word' id='word_1_605' title='bbox 3495 3595 3636 3651; x_wconf 87' lang='lat' dir='ltr'><strong>enim</strong></span> <span class='ocrx_word' id='word_1_606' title='bbox 3660 3593 3741 3668; x_wconf 66' lang='lat' dir='ltr'><strong>de</strong></span> <span class='ocrx_word' id='word_1_607' title='bbox 3760 3593 3987 3668; x_wconf 53' lang='lat' dir='ltr'><strong>latrone</strong></span> 
     </span>
    </p>
   </div>
   <div class='ocr_carea' id='block_1_83' title="bbox 2365 3664 3989 3738">
    <p class='ocr_par' dir='ltr' id='par_1_83' title="bbox 2365 3664 3989 3738">
     <span class='ocr_line' id='line_1_83' title="bbox 2365 3664 3989 3738; baseline 0.001 -18"><span class='ocrx_word' id='word_1_608' title='bbox 2365 3666 2625 3736; x_wconf 88' lang='lat' dir='ltr'><strong>loquens:</strong></span> <span class='ocrx_word' id='word_1_609' title='bbox 2655 3664 2872 3721; x_wconf 77' lang='lat' dir='ltr'><strong>Poenam</strong></span> <span class='ocrx_word' id='word_1_610' title='bbox 2903 3664 3197 3720; x_wconf 51' lang='lat' dir='ltr'><strong>mutavit&#39;in</strong></span> <span class='ocrx_word' id='word_1_611' title='bbox 3231 3669 3556 3738; x_wconf 83' lang='lat' dir='ltr'><strong>martyrium;</strong></span> <span class='ocrx_word' id='word_1_612' title='bbox 3580 3674 3634 3719; x_wconf 84' lang='lat' dir='ltr'><strong>et</strong></span> <span class='ocrx_word' id='word_1_613' title='bbox 3660 3664 3833 3720; x_wconf 81' lang='lat' dir='ltr'><strong>infra:</strong></span> <span class='ocrx_word' id='word_1_614' title='bbox 3865 3665 3989 3721; x_wconf 72' lang='lat' dir='ltr'><strong>Fa-</strong></span> 
     </span>
    </p>
   </div>
   <div class='ocr_carea' id='block_1_84' title="bbox 2360 3739 3987 3810">
    <p class='ocr_par' dir='ltr' id='par_1_84' title="bbox 2360 3739 3987 3810">
     <span class='ocr_line' id='line_1_84' title="bbox 2360 3739 3987 3810; baseline 0.001 -19"><span class='ocrx_word' id='word_1_615' title='bbox 2360 3749 2471 3791; x_wconf 84' lang='lat' dir='ltr'><strong>ctus</strong></span> <span class='ocrx_word' id='word_1_616' title='bbox 2494 3748 2566 3792; x_wconf 87' lang='lat' dir='ltr'><strong>est</strong></span> <span class='ocrx_word' id='word_1_617' title='bbox 2593 3741 2846 3808; x_wconf 80' lang='lat' dir='ltr'><strong>particeps</strong></span> <span class='ocrx_word' id='word_1_618' title='bbox 2871 3740 3034 3808; x_wconf 84' lang='lat' dir='ltr'><strong>regni,</strong></span> <span class='ocrx_word' id='word_1_619' title='bbox 3057 3756 3145 3807; x_wconf 81' lang='lat' dir='ltr'><strong>per</strong></span> <span class='ocrx_word' id='word_1_620' title='bbox 3165 3743 3536 3808; x_wconf 71' lang='lat' dir='ltr'><strong>confessionem</strong></span> <span class='ocrx_word' id='word_1_621' title='bbox 3585 3739 3987 3810; x_wconf 78' lang='lat' dir='ltr'><strong>{actus_collega</strong></span> 
     </span>
    </p>
   </div>
   <div class='ocr_carea' id='block_1_85' title="bbox 2361 3808 3980 3920">
    <p class='ocr_par' dir='ltr' id='par_1_85' title="bbox 2361 3808 3980 3920">
     <span class='ocr_line' id='line_1_85' title="bbox 2361 3808 3980 3920; baseline 0.003 -59"><span class='ocrx_word' id='word_1_622' title='bbox 2361 3811 2613 3880; x_wconf 80' lang='lat' dir='ltr'><strong>martyrii.</strong></span> <span class='ocrx_word' id='word_1_623' title='bbox 2667 3810 2996 3866; x_wconf 83' lang='lat' dir='ltr'><strong>l-lnmbertus</strong></span> <span class='ocrx_word' id='word_1_624' title='bbox 3043 3811 3366 3878; x_wconf 87' lang='lat' dir='ltr'><strong>cardinalis,</strong></span> <span class='ocrx_word' id='word_1_625' title='bbox 3417 3812 3706 3880; x_wconf 84' lang='lat' dir='ltr'><strong>episc0pus</strong></span> <span class='ocrx_word' id='word_1_626' title='bbox 3751 3808 3980 3920; x_wconf 49' lang='lat' dir='ltr'><strong>Szlvaé-</strong></span> 
     </span>
     <span class='ocr_line' id='line_1_86' title="bbox 2361 3879 3980 3920; baseline 0 0"><span class='ocrx_word' id='word_1_627' title='bbox 2361 3879 2612 3920; x_wconf 69' lang='grc' dir='ltr'>Πειιιήξιίιιι</span> <span class='ocrx_word' id='word_1_628' title='bbox 2690 3881 2766 3920; x_wconf 74' lang='lat' dir='ltr'><strong>liii</strong></span> <span class='ocrx_word' id='word_1_629' title='bbox 2821 3899 2854 3920; x_wconf 83' lang='grc' dir='ltr'><strong>ιι</strong></span> <span class='ocrx_word' id='word_1_630' title='bbox 2919 3879 3521 3920; x_wconf 55' lang='grc' dir='ltr'><strong>ηΛνιονεηιΩόιηηηῐημηε</strong></span> <span class='ocrx_word' id='word_1_631' title='bbox 3589 3896 3689 3920; x_wconf 73' lang='lat' dir='ltr'><strong>nnn</strong></span> <span class='ocrx_word' id='word_1_632' title='bbox 3749 3880 3822 3920; x_wconf 62' lang='lat'><strong>.1,</strong></span> <span class='ocrx_word' id='word_1_633' title='bbox 3909 3884 3980 3920; x_wconf 67' lang='lat' dir='ltr'><strong>nil</strong></span> 
     </span>
    </p>
   </div>
   <div class='ocr_carea' id='block_1_86' title="bbox 2359 3879 3988 3949">
    <p class='ocr_par' dir='ltr' id='par_1_86' title="bbox 2359 3879 3988 3949">
     <span class='ocr_line' id='line_1_87' title="bbox 2359 3879 3988 3949; baseline 0 -13"><span class='ocrx_word' id='word_1_634' title='bbox 2359 3879 2644 3947; x_wconf 64' lang='lat' dir='ltr'><strong>Candidas,</strong></span> <span class='ocrx_word' id='word_1_635' title='bbox 2690 3881 2784 3936; x_wconf 89' lang='lat' dir='ltr'><strong>lib.</strong></span> <span class='ocrx_word' id='word_1_636' title='bbox 2821 3899 2889 3946; x_wconf 89' lang='lat' dir='ltr'><strong>tt,</strong></span> <span class='ocrx_word' id='word_1_637' title='bbox 2919 3882 3162 3936; x_wconf 85' lang='lat' dir='ltr'><strong>adversus</strong></span> <span class='ocrx_word' id='word_1_638' title='bbox 3193 3879 3540 3944; x_wconf 27' lang='lat' dir='ltr'><strong>Simoniac&#39;os,</strong></span> <span class='ocrx_word' id='word_1_639' title='bbox 3589 3896 3708 3949; x_wconf 87' lang='lat' dir='ltr'><strong>cap.</strong></span> <span class='ocrx_word' id='word_1_640' title='bbox 3749 3879 3824 3934; x_wconf 69' lang='grc'><strong>42</strong></span> <span class='ocrx_word' id='word_1_641' title='bbox 3848 3923 3863 3945; x_wconf 87' lang='grc'><strong>,</strong></span> <span class='ocrx_word' id='word_1_642' title='bbox 3906 3884 3988 3937; x_wconf 73' lang='lat' dir='ltr'><strong>ait</strong></span> 
     </span>
    </p>
   </div>
   <div class='ocr_carea' id='block_1_87' title="bbox 2360 3953 3987 4025">
    <p class='ocr_par' dir='ltr' id='par_1_87' title="bbox 2360 3953 3987 4025">
     <span class='ocr_line' id='line_1_88' title="bbox 2360 3953 3987 4025; baseline -0.001 -18"><span class='ocrx_word' id='word_1_643' title='bbox 2360 3954 2623 4008; x_wconf 89' lang='lat' dir='ltr'><strong>latronem</strong></span> <span class='ocrx_word' id='word_1_644' title='bbox 2672 3953 2818 4008; x_wconf 91' lang='lat' dir='ltr'><strong>illum</strong></span> <span class='ocrx_word' id='word_1_645' title='bbox 2851 3953 2938 4022; x_wconf 91' lang='lat' dir='ltr'><strong>qui</strong></span> <span class='ocrx_word' id='word_1_646' title='bbox 2971 3955 3185 4025; x_wconf 84' lang='lat' dir='ltr'><strong>agnovit</strong></span> <span class='ocrx_word' id='word_1_647' title='bbox 3229 3953 3539 4025; x_wconf 83' lang='lat' dir='ltr'><strong>Christum,</strong></span> <span class='ocrx_word' id='word_1_648' title='bbox 3582 3968 3649 4025; x_wconf 80' lang='lat' dir='ltr'><strong>ex</strong></span> <span class='ocrx_word' id='word_1_649' title='bbox 3692 3967 3849 4025; x_wconf 36' lang='lat' dir='ltr'><strong>p‘arna</strong></span> <span class='ocrx_word' id='word_1_650' title='bbox 3902 3955 3987 4006; x_wconf 83' lang='lat' dir='ltr'><strong>la-</strong></span> 
     </span>
    </p>
   </div>
   <div class='ocr_carea' id='block_1_88' title="bbox 2363 4021 3982 4094">
    <p class='ocr_par' dir='ltr' id='par_1_88' title="bbox 2363 4021 3982 4094">
     <span class='ocr_line' id='line_1_89' title="bbox 2363 4021 3982 4094; baseline 0.001 -16"><span class='ocrx_word' id='word_1_651' title='bbox 2363 4025 2532 4078; x_wconf 86' lang='lat' dir='ltr'><strong>tronis</strong></span> <span class='ocrx_word' id='word_1_652' title='bbox 2573 4026 2822 4080; x_wconf 89' lang='lat' dir='ltr'><strong>meritum</strong></span> <span class='ocrx_word' id='word_1_653' title='bbox 2865 4021 3359 4094; x_wconf 49' lang='lat' dir='ltr'><strong>esse&#39;triumphnm</strong></span> <span class='ocrx_word' id='word_1_654' title='bbox 3393 4024 3661 4094; x_wconf 81' lang='lat' dir='ltr'><strong>martyrii.</strong></span> <span class='ocrx_word' id='word_1_655' title='bbox 3699 4021 3982 4080; x_wconf 68' lang='lat' dir='ltr'><strong>Ctesarius</strong></span> 
     </span>
    </p>
   </div>
   <div class='ocr_carea' id='block_1_89' title="bbox 2362 4095 3986 4166">
    <p class='ocr_par' dir='ltr' id='par_1_89' title="bbox 2362 4095 3986 4166">
     <span class='ocr_line' id='line_1_90' title="bbox 2362 4095 3986 4166; baseline 0 -16"><span class='ocrx_word' id='word_1_656' title='bbox 2362 4096 2917 4159; x_wconf 87' lang='lat' dir='ltr'><strong>iletsterbachcensls,</strong></span> <span class='ocrx_word' id='word_1_657' title='bbox 2945 4096 3040 4151; x_wconf 88' lang='lat' dir='ltr'><strong>lib.</strong></span> <span class='ocrx_word' id='word_1_658' title='bbox 3062 4113 3172 4161; x_wconf 86' lang='lat' dir='ltr'><strong>vm,</strong></span> <span class='ocrx_word' id='word_1_659' title='bbox 3198 4111 3317 4166; x_wconf 84' lang='lat' dir='ltr'><strong>Cap.</strong></span> <span class='ocrx_word' id='word_1_660' title='bbox 3337 4096 3403 4151; x_wconf 72' lang='lat' dir='ltr'><strong>6i</strong></span> <span class='ocrx_word' id='word_1_661' title='bbox 3426 4115 3439 4150; x_wconf 88' lang='lat'><strong>:</strong></span> <span class='ocrx_word' id='word_1_662' title='bbox 3465 4095 3653 4160; x_wconf 84' lang='lat' dir='ltr'><strong>Causa,</strong></span> <span class='ocrx_word' id='word_1_663' title='bbox 3677 4110 3774 4166; x_wconf 76' lang='lat' dir='ltr'><strong>non</strong></span> <span class='ocrx_word' id='word_1_664' title='bbox 3799 4111 3986 4161; x_wconf 68' lang='lat' dir='ltr'><strong>praua,</strong></span> 
     </span>
    </p>
   </div>
   <div class='ocr_carea' id='block_1_90' title="bbox 2363 4165 3989 4240">
    <p class='ocr_par' dir='ltr' id='par_1_90' title="bbox 2363 4165 3989 4240">
     <span class='ocr_line' id='line_1_91' title="bbox 2363 4165 3989 4240; baseline 0.001 -20"><span class='ocrx_word' id='word_1_665' title='bbox 2363 4168 2487 4240; x_wconf 79' lang='lat' dir='ltr'><strong>facit</strong></span> <span class='ocrx_word' id='word_1_666' title='bbox 2529 4179 2799 4240; x_wconf 81' lang='lat' dir='ltr'><strong>martyres.</strong></span> <span class='ocrx_word' id='word_1_667' title='bbox 2845 4169 2959 4221; x_wconf 90' lang='lat' dir='ltr'><strong>Duo</strong></span> <span class='ocrx_word' id='word_1_668' title='bbox 2996 4170 3129 4221; x_wconf 87' lang='lat' dir='ltr'><strong>enim</strong></span> <span class='ocrx_word' id='word_1_669' title='bbox 3173 4169 3396 4240; x_wconf 78' lang='lat' dir='ltr'><strong>latrones</strong></span> <span class='ocrx_word' id='word_1_670' title='bbox 3438 4166 3644 4221; x_wconf 85' lang='lat' dir='ltr'><strong>Christo</strong></span> <span class='ocrx_word' id='word_1_671' title='bbox 3683 4165 3823 4240; x_wconf 63' lang='lat' dir='ltr'><strong>amari</strong></span> <span class='ocrx_word' id='word_1_672' title='bbox 3856 4177 3989 4222; x_wconf 73' lang='lat' dir='ltr'><strong>sunt</strong></span> 
     </span>
    </p>
   </div>
   <div class='ocr_carea' id='block_1_91' title="bbox 2363 4238 3987 4310">
    <p class='ocr_par' dir='ltr' id='par_1_91' title="bbox 2363 4238 3987 4310">
     <span class='ocr_line' id='line_1_92' title="bbox 2363 4238 3987 4310; baseline 0.002 -19"><span class='ocrx_word' id='word_1_673' title='bbox 2363 4239 2483 4291; x_wconf 87' lang='lat' dir='ltr'><strong>hinc</strong></span> <span class='ocrx_word' id='word_1_674' title='bbox 2511 4250 2558 4294; x_wconf 85' lang='lat' dir='ltr'><strong>et</strong></span> <span class='ocrx_word' id='word_1_675' title='bbox 2588 4238 2742 4293; x_wconf 81' lang='lat' dir='ltr'><strong>inde:</strong></span> <span class='ocrx_word' id='word_1_676' title='bbox 2771 4256 2902 4293; x_wconf 84' lang='lat' dir='ltr'><strong>unus</strong></span> <span class='ocrx_word' id='word_1_677' title='bbox 2933 4253 3127 4310; x_wconf 80' lang='lat' dir='ltr'><strong>martyr</strong></span> <span class='ocrx_word' id='word_1_678' title='bbox 3155 4238 3366 4306; x_wconf 75' lang='lat' dir='ltr'><strong>e/fectus</strong></span> <span class='ocrx_word' id='word_1_679' title='bbox 3394 4250 3466 4292; x_wconf 85' lang='lat' dir='ltr'><strong>est</strong></span> <span class='ocrx_word' id='word_1_680' title='bbox 3499 4247 3707 4307; x_wconf 86' lang='lat' dir='ltr'><strong>prapter</strong></span> <span class='ocrx_word' id='word_1_681' title='bbox 3736 4239 3987 4294; x_wconf 82' lang='lat' dir='ltr'><strong>virtutem</strong></span> 
     </span>
    </p>
   </div>
   <div class='ocr_carea' id='block_1_92' title="bbox 2363 4310 3988 4394">
    <p class='ocr_par' dir='ltr' id='par_1_92' title="bbox 2363 4310 3988 4394">
     <span class='ocr_line' id='line_1_93' title="bbox 2363 4310 3988 4394; baseline -0.001 -31"><span class='ocrx_word' id='word_1_682' title='bbox 2363 4311 2728 4394; x_wconf 46' lang='lat' dir='ltr'><strong>confessionis:</strong></span> <span class='ocrx_word' id='word_1_683' title='bbox 2753 4311 2901 4393; x_wconf 76' lang='lat' dir='ltr'><strong>alteri</strong></span> <span class='ocrx_word' id='word_1_684' title='bbox 2931 4326 3080 4394; x_wconf 57' lang='lat' dir='ltr'><strong>ptent;</strong></span> <span class='ocrx_word' id='word_1_685' title='bbox 3107 4328 3201 4365; x_wconf 82' lang='lat' dir='ltr'><strong>sua</strong></span> <span class='ocrx_word' id='word_1_686' title='bbox 3230 4311 3557 4394; x_wconf 58' lang='lat' dir='ltr'><strong>fuitinitium</strong></span> <span class='ocrx_word' id='word_1_687' title='bbox 3585 4310 3988 4394; x_wconf 66' lang='lat' dir='ltr'><strong>wtet&#39;rttz_t1nrn-</strong></span> 
     </span>
    </p>
   </div>
   <div class='ocr_carea' id='block_1_93' title="bbox 2368 4380 3989 4452">
    <p class='ocr_par' dir='ltr' id='par_1_93' title="bbox 2368 4380 3989 4452">
     <span class='ocr_line' id='line_1_94' title="bbox 2368 4380 3989 4452; baseline 0.001 -18"><span class='ocrx_word' id='word_1_688' title='bbox 2368 4380 2607 4435; x_wconf 81' lang='lat' dir='ltr'><strong>untionis.</strong></span> <span class='ocrx_word' id='word_1_689' title='bbox 2629 4381 2764 4437; x_wconf 82' lang='lat' dir='ltr'><strong>Vide</strong></span> <span class='ocrx_word' id='word_1_690' title='bbox 2787 4385 2944 4435; x_wconf 83' lang='lat' dir='ltr'><strong>etiam</strong></span> <span class='ocrx_word' id='word_1_691' title='bbox 2968 4382 3201 4452; x_wconf 88' lang='lat' dir='ltr'><strong>glossam</strong></span> <span class='ocrx_word' id='word_1_692' title='bbox 3226 4384 3417 4451; x_wconf 88' lang='lat' dir='ltr'><strong>capitis</strong></span> <span class='ocrx_word' id='word_1_693' title='bbox 3439 4380 3761 4446; x_wconf 82' lang='lat' dir='ltr'><strong>Intportuno.</strong></span> <span class='ocrx_word' id='word_1_694' title='bbox 3784 4380 3917 4434; x_wconf 84' lang='lat' dir='ltr'><strong>dist.</strong></span> <span class='ocrx_word' id='word_1_695' title='bbox 3945 4397 3989 4446; x_wconf 85' lang='lat' dir='ltr'><strong>t,</strong></span> 
     </span>
    </p>
   </div>
   <div class='ocr_carea' id='block_1_94' title="bbox 2367 4452 3984 4521">
    <p class='ocr_par' dir='ltr' id='par_1_94' title="bbox 2367 4452 3984 4521">
     <span class='ocr_line' id='line_1_95' title="bbox 2367 4452 3984 4521; baseline 0.001 -15"><span class='ocrx_word' id='word_1_696' title='bbox 2367 4454 2430 4506; x_wconf 85' lang='lat' dir='ltr'><strong>de</strong></span> <span class='ocrx_word' id='word_1_697' title='bbox 2451 4453 2775 4515; x_wconf 76' lang='lat' dir='ltr'><strong>Paenitentia,</strong></span> <span class='ocrx_word' id='word_1_698' title='bbox 2797 4469 2846 4508; x_wconf 88' lang='lat' dir='ltr'><strong>et</strong></span> <span class='ocrx_word' id='word_1_699' title='bbox 2867 4454 3122 4508; x_wconf 78' lang='lat' dir='ltr'><strong>Rutilium</strong></span> <span class='ocrx_word' id='word_1_700' title='bbox 3150 4452 3500 4517; x_wconf 83' lang='lat' dir='ltr'><strong>Benzonium,</strong></span> <span class='ocrx_word' id='word_1_701' title='bbox 3527 4454 3619 4506; x_wconf 89' lang='lat' dir='ltr'><strong>lib.</strong></span> <span class='ocrx_word' id='word_1_702' title='bbox 3640 4467 3708 4514; x_wconf 90' lang='grc' dir='ltr'><strong>ιι,</strong></span> <span class='ocrx_word' id='word_1_703' title='bbox 3733 4466 3852 4520; x_wconf 86' lang='lat' dir='ltr'><strong>cap.</strong></span> <span class='ocrx_word' id='word_1_704' title='bbox 3882 4452 3984 4521; x_wconf 69' lang='lat'><strong>43,</strong></span> 
     </span>
    </p>
   </div>
   <div class='ocr_carea' id='block_1_95' title="bbox 671 4503 3986 4596">
    <p class='ocr_par' dir='ltr' id='par_1_95' title="bbox 671 4503 3986 4596">
     <span class='ocr_line' id='line_1_96' title="bbox 671 4503 3986 4596; baseline -0.001 -18"><span class='ocrx_word' id='word_1_705' title='bbox 671 4526 737 4579; x_wconf 87' lang='lat' dir='ltr'><strong>iis</strong></span> <span class='ocrx_word' id='word_1_706' title='bbox 767 4527 854 4594; x_wconf 83' lang='lat' dir='ltr'><strong>qui</strong></span> <span class='ocrx_word' id='word_1_707' title='bbox 883 4528 936 4581; x_wconf 89' lang='lat' dir='ltr'><strong>in</strong></span> <span class='ocrx_word' id='word_1_708' title='bbox 963 4503 1345 4596; x_wconf 43' lang='lat' dir='ltr'><strong>ips&#39;a&#39;Eceiesia</strong></span> <span class='ocrx_word' id='word_1_709' title='bbox 1371 4503 1633 4579; x_wconf 65' lang='lat' dir='ltr'><strong>nccnitmtrt</strong></span> <span class='ocrx_word' id='word_1_710' title='bbox 1660 4525 1905 4579; x_wconf 74' lang='lat' dir='ltr'><strong>hteresim</strong></span> <span class='ocrx_word' id='word_1_711' title='bbox 1931 4503 2152 4578; x_wconf 36' lang='lat' dir='ltr'><strong>fo&#39;ven‘t:</strong></span> <span class='ocrx_word' id='word_1_712' title='bbox 2291 4503 2341 4563; x_wconf 82' lang='lat' dir='ltr'><strong>D</strong></span> <span class='ocrx_word' id='word_1_713' title='bbox 3691 4503 3857 4596; x_wconf 68' lang='lat' dir='ltr'><strong>istoin</strong></span> <span class='ocrx_word' id='word_1_714' title='bbox 3883 4503 3986 4575; x_wconf 53' lang='lat' dir='ltr'><strong>lio-&#39;-</strong></span> 
     </span>
    </p>
   </div>
   <div class='ocr_carea' id='block_1_96' title="bbox 671 4596 2262 4722">
    <p class='ocr_par' dir='ltr' id='par_1_96' title="bbox 671 4596 2262 4722">
     <span class='ocr_line' id='line_1_97' title="bbox 671 4596 2262 4722; baseline 0 -72"><span class='ocrx_word' id='word_1_715' title='bbox 671 4598 813 4722; x_wconf 58' lang='lat' dir='ltr'><strong>snitu</strong></span> <span class='ocrx_word' id='word_1_716' title='bbox 847 4613 945 4654; x_wconf 87' lang='lat' dir='ltr'><strong>nec</strong></span> <span class='ocrx_word' id='word_1_717' title='bbox 975 4598 1272 4668; x_wconf 86' lang='lat' dir='ltr'><strong>baptismus</strong></span> <span class='ocrx_word' id='word_1_718' title='bbox 1300 4597 1576 4667; x_wconf 79' lang='lat' dir='ltr'><strong>sanguinis</strong></span> <span class='ocrx_word' id='word_1_719' title='bbox 1609 4596 1846 4666; x_wconf 77' lang='lat' dir='ltr'><strong>proderit</strong></span> <span class='ocrx_word' id='word_1_720' title='bbox 1885 4597 1986 4649; x_wconf 89' lang='lat' dir='ltr'><strong>nisi</strong></span> <span class='ocrx_word' id='word_1_721' title='bbox 2021 4611 2262 4651; x_wconf 84' lang='lat' dir='ltr'><strong>errorem</strong></span> 
     </span>
     <span class='ocr_line' id='line_1_98' title="bbox 711 4680 961 4722; baseline 0 0"><span class='ocrx_word' id='word_1_722' title='bbox 711 4680 961 4722; x_wconf 80' lang='lat' dir='ltr'><strong>coenant.</strong></span> 
     </span>
    </p>
   </div>
   <div class='ocr_carea' id='block_1_97' title="bbox 711 4680 961 4737">
    <p class='ocr_par' dir='ltr' id='par_1_97' title="bbox 711 4680 961 4737">
     <span class='ocr_line' id='line_1_99' title="bbox 711 4680 961 4737; baseline 0.012 -15"><span class='ocrx_word' id='word_1_723' title='bbox 711 4680 961 4737; x_wconf 84' lang='lat' dir='ltr'><strong>cpnnant.</strong></span> 
     </span>
    </p>
   </div>
   <div class='ocr_carea' id='block_1_98' title="bbox 744 4738 2265 4808">
    <p class='ocr_par' dir='ltr' id='par_1_98' title="bbox 744 4738 2265 4808">
     <span class='ocr_line' id='line_1_100' title="bbox 744 4738 2265 4808; baseline -0.001 -16"><span class='ocrx_word' id='word_1_724' title='bbox 744 4739 1006 4806; x_wconf 85' lang='lat' dir='ltr'><strong>Pro/icere</strong></span> <span class='ocrx_word' id='word_1_725' title='bbox 1027 4741 1094 4794; x_wconf 85' lang='lat' dir='ltr'><strong>ad</strong></span> <span class='ocrx_word' id='word_1_726' title='bbox 1115 4740 1348 4794; x_wconf 81' lang='lat' dir='ltr'><strong>salutem.</strong></span> <span class='ocrx_word' id='word_1_727' title='bbox 1375 4739 1521 4795; x_wconf 85' lang='lat' dir='ltr'><strong>Unus</strong></span> <span class='ocrx_word' id='word_1_728' title='bbox 1545 4739 1888 4808; x_wconf 59' lang='lat' dir='ltr'><strong>liemigiauus</strong></span> <span class='ocrx_word' id='word_1_729' title='bbox 1908 4758 1921 4789; x_wconf 90' lang='lat'><strong>.:</strong></span> <span class='ocrx_word' id='word_1_730' title='bbox 1947 4738 2026 4791; x_wconf 80' lang='lat' dir='ltr'><strong>Ad</strong></span> <span class='ocrx_word' id='word_1_731' title='bbox 2047 4741 2265 4791; x_wconf 82' lang='lat' dir='ltr'><strong>salutent</strong></span> 
     </span>
    </p>
   </div>
   <div class='ocr_carea' id='block_1_99' title="bbox 671 4809 2265 4882">
    <p class='ocr_par' dir='ltr' id='par_1_99' title="bbox 671 4809 2265 4882">
     <span class='ocr_line' id='line_1_101' title="bbox 671 4809 2265 4882; baseline 0 -19"><span class='ocrx_word' id='word_1_732' title='bbox 671 4811 911 4880; x_wconf 79' lang='lat' dir='ltr'><strong>prodesse</strong></span> <span class='ocrx_word' id='word_1_733' title='bbox 934 4823 1092 4881; x_wconf 78' lang='lat' dir='ltr'><strong>potest</strong></span> <span class='ocrx_word' id='word_1_734' title='bbox 1133 4813 1256 4882; x_wconf 84' lang='lat' dir='ltr'><strong>quia</strong></span> <span class='ocrx_word' id='word_1_735' title='bbox 1277 4813 1417 4866; x_wconf 77' lang='lat' dir='ltr'><strong>salus</strong></span> <span class='ocrx_word' id='word_1_736' title='bbox 1442 4822 1584 4865; x_wconf 67' lang='lat' dir='ltr'><strong>extra</strong></span> <span class='ocrx_word' id='word_1_737' title='bbox 1606 4809 1897 4865; x_wconf 76' lang='lat' dir='ltr'><strong>Ecclesium</strong></span> <span class='ocrx_word' id='word_1_738' title='bbox 1920 4827 2024 4865; x_wconf 81' lang='lat' dir='ltr'><strong>esse</strong></span> <span class='ocrx_word' id='word_1_739' title='bbox 2049 4825 2148 4863; x_wconf 84' lang='lat' dir='ltr'><strong>non</strong></span> <span class='ocrx_word' id='word_1_740' title='bbox 2174 4827 2265 4880; x_wconf 84' lang='lat' dir='ltr'><strong>po-</strong></span> 
     </span>
    </p>
   </div>
   <div class='ocr_carea' id='block_1_100' title="bbox 672 4883 1669 4940">
    <p class='ocr_par' dir='ltr' id='par_1_100' title="bbox 672 4883 1669 4940">
     <span class='ocr_line' id='line_1_102' title="bbox 672 4883 1669 4940; baseline 0.001 -6"><span class='ocrx_word' id='word_1_741' title='bbox 672 4892 786 4937; x_wconf 82' lang='lat' dir='ltr'><strong>test.</strong></span> <span class='ocrx_word' id='word_1_742' title='bbox 822 4883 897 4940; x_wconf 88' lang='lat' dir='ltr'><strong>lta</strong></span> <span class='ocrx_word' id='word_1_743' title='bbox 925 4886 1083 4939; x_wconf 85' lang='lat' dir='ltr'><strong>etiam</strong></span> <span class='ocrx_word' id='word_1_744' title='bbox 1117 4883 1284 4938; x_wconf 86' lang='lat' dir='ltr'><strong>ferme</strong></span> <span class='ocrx_word' id='word_1_745' title='bbox 1318 4884 1669 4937; x_wconf 71' lang='lat' dir='ltr'><strong>Divioneusis.</strong></span> 
     </span>
    </p>
   </div>
   <div class='ocr_carea' id='block_1_101' title="bbox 744 4951 2267 5025">
    <p class='ocr_par' dir='ltr' id='par_1_101' title="bbox 744 4951 2267 5025">
     <span class='ocr_line' id='line_1_103' title="bbox 744 4951 2267 5025; baseline -0.001 -17"><span class='ocrx_word' id='word_1_746' title='bbox 744 4953 908 5011; x_wconf 67' lang='lat' dir='ltr'><strong>XXII.</strong></span> <span class='ocrx_word' id='word_1_747' title='bbox 934 4987 1004 4998; x_wconf 91' lang='lat'><strong>-—</strong></span> <span class='ocrx_word' id='word_1_748' title='bbox 1031 4955 1110 5010; x_wconf 67' lang='lat' dir='ltr'><strong>lix</strong></span> <span class='ocrx_word' id='word_1_749' title='bbox 1131 4971 1266 5025; x_wconf 83' lang='lat' dir='ltr'><strong>aqua</strong></span> <span class='ocrx_word' id='word_1_750' title='bbox 1295 4955 1454 5019; x_wconf 85' lang='lat' dir='ltr'><strong>prius.</strong></span> <span class='ocrx_word' id='word_1_751' title='bbox 1481 4955 1666 5008; x_wconf 76' lang='lat' dir='ltr'><strong>Codex</strong></span> <span class='ocrx_word' id='word_1_752' title='bbox 1699 4954 1974 5025; x_wconf 82' lang='lat' dir='ltr'><strong>Eiigianus</strong></span> <span class='ocrx_word' id='word_1_753' title='bbox 1996 4998 2008 5021; x_wconf 92' lang='lat'><strong>,</strong></span> <span class='ocrx_word' id='word_1_754' title='bbox 2041 4969 2099 5006; x_wconf 89' lang='lat' dir='ltr'><strong>eo</strong></span> <span class='ocrx_word' id='word_1_755' title='bbox 2130 4951 2267 5023; x_wconf 83' lang='lat' dir='ltr'><strong>quod</strong></span> 
     </span>
    </p>
   </div>
   <div class='ocr_carea' id='block_1_102' title="bbox 670 5027 1846 5098">
    <p class='ocr_par' dir='ltr' id='par_1_102' title="bbox 670 5027 1846 5098">
     <span class='ocr_line' id='line_1_104' title="bbox 670 5027 1846 5098; baseline 0 -20"><span class='ocrx_word' id='word_1_756' title='bbox 670 5042 733 5080; x_wconf 67' lang='lat' dir='ltr'><strong>ex</strong></span> <span class='ocrx_word' id='word_1_757' title='bbox 759 5043 890 5094; x_wconf 83' lang='lat' dir='ltr'><strong>aqua</strong></span> <span class='ocrx_word' id='word_1_758' title='bbox 916 5039 961 5082; x_wconf 83' lang='lat' dir='ltr'><strong>et</strong></span> <span class='ocrx_word' id='word_1_759' title='bbox 995 5029 1194 5098; x_wconf 79' lang='lat' dir='ltr'><strong>Spiritu</strong></span> <span class='ocrx_word' id='word_1_760' title='bbox 1226 5028 1376 5098; x_wconf 72' lang='lat' dir='ltr'><strong>prius</strong></span> <span class='ocrx_word' id='word_1_761' title='bbox 1399 5041 1499 5079; x_wconf 87' lang='lat' dir='ltr'><strong>non</strong></span> <span class='ocrx_word' id='word_1_762' title='bbox 1525 5027 1590 5098; x_wconf 83' lang='lat' dir='ltr'><strong>sit</strong></span> <span class='ocrx_word' id='word_1_763' title='bbox 1620 5039 1846 5098; x_wconf 78' lang='lat' dir='ltr'><strong>renatus.</strong></span> 
     </span>
    </p>
   </div>
   <div class='ocr_carea' id='block_1_103' title="bbox 742 5096 2263 5154">
    <p class='ocr_par' dir='ltr' id='par_1_103' title="bbox 742 5096 2263 5154">
     <span class='ocr_line' id='line_1_105' title="bbox 742 5096 2263 5154; baseline -0.002 -2"><span class='ocrx_word' id='word_1_764' title='bbox 742 5098 985 5154; x_wconf 75' lang='lat' dir='ltr'><strong>Ecclesia:</strong></span> <span class='ocrx_word' id='word_1_765' title='bbox 1015 5096 1294 5152; x_wconf 82' lang='lat' dir='ltr'><strong>veritatem.</strong></span> <span class='ocrx_word' id='word_1_766' title='bbox 1326 5096 1416 5152; x_wconf 83' lang='lat' dir='ltr'><strong>Sic</strong></span> <span class='ocrx_word' id='word_1_767' title='bbox 1443 5097 1609 5152; x_wconf 89' lang='lat' dir='ltr'><strong>edidit</strong></span> <span class='ocrx_word' id='word_1_768' title='bbox 1652 5097 1930 5151; x_wconf 82' lang='lat' dir='ltr'><strong>Era-mus.</strong></span> <span class='ocrx_word' id='word_1_769' title='bbox 1980 5096 2052 5149; x_wconf 89' lang='lat' dir='ltr'><strong>ita</strong></span> <span class='ocrx_word' id='word_1_770' title='bbox 2099 5097 2263 5151; x_wconf 89' lang='lat' dir='ltr'><strong>etiam</strong></span> 
     </span>
    </p>
   </div>
   <div class='ocr_carea' id='block_1_104' title="bbox 671 5168 2262 5241">
    <p class='ocr_par' dir='ltr' id='par_1_104' title="bbox 671 5168 2262 5241">
     <span class='ocr_line' id='line_1_106' title="bbox 671 5168 2262 5241; baseline 0.001 -21"><span class='ocrx_word' id='word_1_771' title='bbox 671 5169 778 5224; x_wconf 70' lang='lat' dir='ltr'><strong>vidi</strong></span> <span class='ocrx_word' id='word_1_772' title='bbox 810 5176 1066 5241; x_wconf 84' lang='lat' dir='ltr'><strong>scriptum</strong></span> <span class='ocrx_word' id='word_1_773' title='bbox 1095 5170 1148 5223; x_wconf 86' lang='lat' dir='ltr'><strong>in</strong></span> <span class='ocrx_word' id='word_1_774' title='bbox 1179 5168 1435 5224; x_wconf 72' lang='lat' dir='ltr'><strong>tredecim</strong></span> <span class='ocrx_word' id='word_1_775' title='bbox 1467 5170 1859 5238; x_wconf 75' lang='lat' dir='ltr'><strong>exemplaribus</strong></span> <span class='ocrx_word' id='word_1_776' title='bbox 1893 5168 2091 5222; x_wconf 72' lang='lat' dir='ltr'><strong>nostris</strong></span> <span class='ocrx_word' id='word_1_777' title='bbox 2123 5179 2179 5223; x_wconf 90' lang='lat' dir='ltr'><strong>et</strong></span> <span class='ocrx_word' id='word_1_778' title='bbox 2211 5170 2262 5222; x_wconf 90' lang='lat' dir='ltr'><strong>in</strong></span> 
     </span>
    </p>
   </div>
   <div class='ocr_carea' id='block_1_105' title="bbox 669 5241 2266 5313">
    <p class='ocr_par' dir='ltr' id='par_1_105' title="bbox 669 5241 2266 5313">
     <span class='ocr_line' id='line_1_107' title="bbox 669 5241 2266 5313; baseline 0 -19"><span class='ocrx_word' id='word_1_779' title='bbox 669 5256 760 5296; x_wconf 72' lang='lat' dir='ltr'><strong>ses</strong></span> <span class='ocrx_word' id='word_1_780' title='bbox 796 5245 1122 5313; x_wconf 80' lang='lat' dir='ltr'><strong>Anglicanis.</strong></span> <span class='ocrx_word' id='word_1_781' title='bbox 1164 5243 1299 5295; x_wconf 78' lang='lat' dir='ltr'><strong>infra</strong></span> <span class='ocrx_word' id='word_1_782' title='bbox 1332 5243 1384 5294; x_wconf 94' lang='lat' dir='ltr'><strong>in</strong></span> <span class='ocrx_word' id='word_1_783' title='bbox 1419 5243 1518 5294; x_wconf 83' lang='lat' dir='ltr'><strong>hac.</strong></span> <span class='ocrx_word' id='word_1_784' title='bbox 1550 5244 1662 5309; x_wconf 80' lang='lat' dir='ltr'><strong>ipsa</strong></span> <span class='ocrx_word' id='word_1_785' title='bbox 1695 5241 1920 5309; x_wconf 58' lang='lat' dir='ltr'><strong>epistola</strong></span> <span class='ocrx_word' id='word_1_786' title='bbox 1941 5284 1954 5304; x_wconf 90' lang='grc'><strong>,</strong></span> <span class='ocrx_word' id='word_1_787' title='bbox 1987 5241 2089 5294; x_wconf 81' lang='lat' dir='ltr'><strong>nisi</strong></span> <span class='ocrx_word' id='word_1_788' title='bbox 2122 5243 2266 5313; x_wconf 82' lang='lat' dir='ltr'><strong>prius</strong></span> 
     </span>
    </p>
   </div>
   <div class='ocr_carea' id='block_1_106' title="bbox 669 5312 2264 5368">
    <p class='ocr_par' dir='ltr' id='par_1_106' title="bbox 669 5312 2264 5368">
     <span class='ocr_line' id='line_1_108' title="bbox 669 5312 2264 5368; baseline -0.001 -3"><span class='ocrx_word' id='word_1_789' title='bbox 669 5312 894 5368; x_wconf 84' lang='lat' dir='ltr'><strong>venerint</strong></span> <span class='ocrx_word' id='word_1_790' title='bbox 916 5314 984 5368; x_wconf 83' lang='lat' dir='ltr'><strong>ad</strong></span> <span class='ocrx_word' id='word_1_791' title='bbox 1016 5313 1264 5368; x_wconf 73' lang='lat' dir='ltr'><strong>Ecclesia:</strong></span> <span class='ocrx_word' id='word_1_792' title='bbox 1293 5313 1568 5366; x_wconf 81' lang='lat' dir='ltr'><strong>veritatem.</strong></span> <span class='ocrx_word' id='word_1_793' title='bbox 1589 5313 1736 5368; x_wconf 82' lang='lat' dir='ltr'><strong>Hane</strong></span> <span class='ocrx_word' id='word_1_794' title='bbox 1761 5314 2043 5367; x_wconf 83' lang='lat' dir='ltr'><strong>lectionem</strong></span> <span class='ocrx_word' id='word_1_795' title='bbox 2068 5312 2264 5368; x_wconf 85' lang='lat' dir='ltr'><strong>contir-</strong></span> 
     </span>
    </p>
   </div>
   <div class='ocr_carea' id='block_1_107' title="bbox 667 5385 1622 5456">
    <p class='ocr_par' dir='ltr' id='par_1_107' title="bbox 667 5385 1622 5456">
     <span class='ocr_line' id='line_1_109' title="bbox 667 5385 1622 5456; baseline 0 -18"><span class='ocrx_word' id='word_1_796' title='bbox 667 5396 818 5439; x_wconf 88' lang='lat' dir='ltr'><strong>mant</strong></span> <span class='ocrx_word' id='word_1_797' title='bbox 843 5386 947 5441; x_wconf 81' lang='lat' dir='ltr'><strong>alia</strong></span> <span class='ocrx_word' id='word_1_798' title='bbox 969 5402 1184 5456; x_wconf 70' lang='lat' dir='ltr'><strong>(ltitique</strong></span> <span class='ocrx_word' id='word_1_799' title='bbox 1204 5385 1456 5456; x_wconf 77' lang='lat' dir='ltr'><strong>Cypriani</strong></span> <span class='ocrx_word' id='word_1_800' title='bbox 1487 5386 1622 5439; x_wconf 71' lang='lat' dir='ltr'><strong>ioca;</strong></span> 
     </span>
    </p>
   </div>
   <div class='ocr_carea' id='block_1_108' title="bbox 743 5453 2268 5524">
    <p class='ocr_par' dir='ltr' id='par_1_108' title="bbox 743 5453 2268 5524">
     <span class='ocr_line' id='line_1_110' title="bbox 743 5453 2268 5524; baseline -0.003 -14"><span class='ocrx_word' id='word_1_801' title='bbox 743 5457 960 5524; x_wconf 77' lang='lat' dir='ltr'><strong>Quando</strong></span> <span class='ocrx_word' id='word_1_802' title='bbox 987 5453 1055 5511; x_wconf 77' lang='lat' dir='ltr'><strong>ad</strong></span> <span class='ocrx_word' id='word_1_803' title='bbox 1082 5453 1350 5511; x_wconf 74' lang='lat' dir='ltr'><strong>latronem.</strong></span> <span class='ocrx_word' id='word_1_804' title='bbox 1376 5453 1517 5511; x_wconf 86' lang='lat' dir='ltr'><strong>Cttal</strong></span> <span class='ocrx_word' id='word_1_805' title='bbox 1544 5455 1685 5510; x_wconf 88' lang='lat' dir='ltr'><strong>hunc</strong></span> <span class='ocrx_word' id='word_1_806' title='bbox 1713 5456 1887 5508; x_wconf 85' lang='lat' dir='ltr'><strong>locum</strong></span> <span class='ocrx_word' id='word_1_807' title='bbox 1918 5465 2134 5510; x_wconf 85' lang='lat' dir='ltr'><strong>sanctus</strong></span> <span class='ocrx_word' id='word_1_808' title='bbox 2162 5457 2268 5508; x_wconf 85' lang='lat' dir='ltr'><strong>Att-</strong></span> 
     </span>
    </p>
   </div>
   <div class='ocr_carea' id='block_1_109' title="bbox 665 5527 2269 5597">
    <p class='ocr_par' dir='ltr' id='par_1_109' title="bbox 665 5527 2269 5597">
     <span class='ocr_line' id='line_1_111' title="bbox 665 5527 2269 5597; baseline -0.002 -15"><span class='ocrx_word' id='word_1_809' title='bbox 665 5540 910 5594; x_wconf 58' lang='lat' dir='ltr'><strong>gusunus</strong></span> <span class='ocrx_word' id='word_1_810' title='bbox 939 5532 1029 5584; x_wconf 89' lang='lat' dir='ltr'><strong>lib.</strong></span> <span class='ocrx_word' id='word_1_811' title='bbox 1062 5545 1134 5593; x_wconf 81' lang='lat' dir='ltr'><strong>tv,</strong></span> <span class='ocrx_word' id='word_1_812' title='bbox 1165 5546 1283 5597; x_wconf 88' lang='lat' dir='ltr'><strong>cap.</strong></span> <span class='ocrx_word' id='word_1_813' title='bbox 1317 5528 1416 5592; x_wconf 72' lang='lat'><strong>9.2,</strong></span> <span class='ocrx_word' id='word_1_814' title='bbox 1445 5529 1506 5583; x_wconf 89' lang='lat' dir='ltr'><strong>de</strong></span> <span class='ocrx_word' id='word_1_815' title='bbox 1531 5531 1680 5582; x_wconf 80' lang='lat' dir='ltr'><strong>unico</strong></span> <span class='ocrx_word' id='word_1_816' title='bbox 1713 5527 1993 5595; x_wconf 75' lang='lat' dir='ltr'><strong>Baptismo,</strong></span> <span class='ocrx_word' id='word_1_817' title='bbox 2027 5529 2269 5580; x_wconf 78' lang='lat' dir='ltr'><strong>adversus</strong></span> 
     </span>
    </p>
   </div>
   <div class='ocr_carea' id='block_1_110' title="bbox 665 5599 2264 5670">
    <p class='ocr_par' dir='ltr' id='par_1_110' title="bbox 665 5599 2264 5670">
     <span class='ocr_line' id='line_1_112' title="bbox 665 5599 2264 5670; baseline -0.002 -18"><span class='ocrx_word' id='word_1_818' title='bbox 665 5599 986 5657; x_wconf 77' lang='lat' dir='ltr'><strong>Donatistas.</strong></span> <span class='ocrx_word' id='word_1_819' title='bbox 1015 5602 1164 5656; x_wconf 91' lang='lat' dir='ltr'><strong>iinnc</strong></span> <span class='ocrx_word' id='word_1_820' title='bbox 1190 5602 1454 5655; x_wconf 81' lang='lat' dir='ltr'><strong>latronem</strong></span> <span class='ocrx_word' id='word_1_821' title='bbox 1487 5602 1698 5670; x_wconf 89' lang='lat' dir='ltr'><strong>quidam</strong></span> <span class='ocrx_word' id='word_1_822' title='bbox 1730 5612 1919 5652; x_wconf 79' lang='lat' dir='ltr'><strong>vocant</strong></span> <span class='ocrx_word' id='word_1_823' title='bbox 1953 5610 2264 5670; x_wconf 85' lang='lat' dir='ltr'><strong>martyrem,</strong></span> 
     </span>
    </p>
   </div>
   <div class='ocr_carea' id='block_1_111' title="bbox 663 5669 2267 5740">
    <p class='ocr_par' dir='ltr' id='par_1_111' title="bbox 663 5669 2267 5740">
     <span class='ocr_line' id='line_1_113' title="bbox 663 5669 2267 5740; baseline -0.001 -17"><span class='ocrx_word' id='word_1_824' title='bbox 663 5673 788 5740; x_wconf 84' lang='lat' dir='ltr'><strong>quia</strong></span> <span class='ocrx_word' id='word_1_825' title='bbox 831 5675 1104 5729; x_wconf 85' lang='lat' dir='ltr'><strong>Christum</strong></span> <span class='ocrx_word' id='word_1_826' title='bbox 1135 5671 1417 5726; x_wconf 74' lang='lat' dir='ltr'><strong>confessus</strong></span> <span class='ocrx_word' id='word_1_827' title='bbox 1447 5669 1561 5737; x_wconf 85' lang='lat' dir='ltr'><strong>est,</strong></span> <span class='ocrx_word' id='word_1_828' title='bbox 1595 5673 1682 5740; x_wconf 90' lang='lat' dir='ltr'><strong>qui</strong></span> <span class='ocrx_word' id='word_1_829' title='bbox 1724 5673 1771 5725; x_wconf 92' lang='lat' dir='ltr'><strong>ei</strong></span> <span class='ocrx_word' id='word_1_830' title='bbox 1815 5671 2065 5725; x_wconf 87' lang='lat' dir='ltr'><strong>morienti</strong></span> <span class='ocrx_word' id='word_1_831' title='bbox 2096 5669 2267 5739; x_wconf 85' lang='lat' dir='ltr'><strong>polli-</strong></span> 
     </span>
    </p>
   </div>
   <div class='ocr_carea' id='block_1_112' title="bbox 664 5741 2267 5814">
    <p class='ocr_par' dir='ltr' id='par_1_112' title="bbox 664 5741 2267 5814">
     <span class='ocr_line' id='line_1_114' title="bbox 664 5741 2267 5814; baseline -0.001 -20"><span class='ocrx_word' id='word_1_832' title='bbox 664 5745 803 5798; x_wconf 87' lang='lat' dir='ltr'><strong>citus</strong></span> <span class='ocrx_word' id='word_1_833' title='bbox 841 5753 926 5799; x_wconf 87' lang='lat' dir='ltr'><strong>est</strong></span> <span class='ocrx_word' id='word_1_834' title='bbox 968 5744 1294 5814; x_wconf 83' lang='lat' dir='ltr'><strong>paradisum.</strong></span> <span class='ocrx_word' id='word_1_835' title='bbox 1331 5744 1453 5797; x_wconf 80' lang='lat' dir='ltr'><strong>Fuit</strong></span> <span class='ocrx_word' id='word_1_836' title='bbox 1482 5759 1610 5798; x_wconf 85' lang='lat' dir='ltr'><strong>sane</strong></span> <span class='ocrx_word' id='word_1_837' title='bbox 1643 5747 1866 5812; x_wconf 91' lang='lat' dir='ltr'><strong>martyr,</strong></span> <span class='ocrx_word' id='word_1_838' title='bbox 1902 5742 1952 5814; x_wconf 85' lang='lat' dir='ltr'><strong>id</strong></span> <span class='ocrx_word' id='word_1_839' title='bbox 1996 5741 2267 5814; x_wconf 10' lang='lat' dir='ltr'><strong>estrtestis</strong></span> 
     </span>
    </p>
   </div>
   <div class='ocr_carea' id='block_1_113' title="bbox 669 5812 2265 5883">
    <p class='ocr_par' dir='ltr' id='par_1_113' title="bbox 669 5812 2265 5883">
     <span class='ocr_line' id='line_1_115' title="bbox 669 5812 2265 5883; baseline 0.001 -22"><span class='ocrx_word' id='word_1_840' title='bbox 669 5815 934 5878; x_wconf 83' lang='lat' dir='ltr'><strong>passionis</strong></span> <span class='ocrx_word' id='word_1_841' title='bbox 963 5812 1188 5869; x_wconf 84' lang='lat' dir='ltr'><strong>Christi.</strong></span> <span class='ocrx_word' id='word_1_842' title='bbox 1234 5814 1592 5883; x_wconf 81' lang='lat' dir='ltr'><strong>Hieronymus</strong></span> <span class='ocrx_word' id='word_1_843' title='bbox 1633 5815 1686 5867; x_wconf 90' lang='lat' dir='ltr'><strong>in</strong></span> <span class='ocrx_word' id='word_1_844' title='bbox 1733 5813 1956 5880; x_wconf 73' lang='lat' dir='ltr'><strong>epistola</strong></span> <span class='ocrx_word' id='word_1_845' title='bbox 1988 5815 2052 5867; x_wconf 88' lang='lat' dir='ltr'><strong>ad</strong></span> <span class='ocrx_word' id='word_1_846' title='bbox 2086 5812 2265 5866; x_wconf 83' lang='lat' dir='ltr'><strong>Pauli-</strong></span> 
     </span>
    </p>
   </div>
   <div class='ocr_carea' id='block_1_114' title="bbox 667 5883 2268 5940">
    <p class='ocr_par' dir='ltr' id='par_1_114' title="bbox 667 5883 2268 5940">
     <span class='ocr_line' id='line_1_116' title="bbox 667 5883 2268 5940; baseline -0.001 -4"><span class='ocrx_word' id='word_1_847' title='bbox 667 5895 794 5936; x_wconf 87' lang='lat' dir='ltr'><strong>num</strong></span> <span class='ocrx_word' id='word_1_848' title='bbox 835 5884 902 5936; x_wconf 89' lang='lat' dir='ltr'><strong>de</strong></span> <span class='ocrx_word' id='word_1_849' title='bbox 942 5884 1282 5939; x_wconf 88' lang='lat' dir='ltr'><strong>institutione</strong></span> <span class='ocrx_word' id='word_1_850' title='bbox 1313 5887 1591 5940; x_wconf 88' lang='lat' dir='ltr'><strong>monachi:</strong></span> <span class='ocrx_word' id='word_1_851' title='bbox 1633 5883 1676 5937; x_wconf 86' lang='lat' dir='ltr'><em>E</em></span> <span class='ocrx_word' id='word_1_852' title='bbox 1705 5887 1961 5938; x_wconf 83' lang='lat' dir='ltr'><strong>contrario</strong></span> <span class='ocrx_word' id='word_1_853' title='bbox 1995 5885 2126 5939; x_wconf 76' lang='lat' dir='ltr'><strong>(utro</strong></span> <span class='ocrx_word' id='word_1_854' title='bbox 2157 5900 2268 5937; x_wconf 87' lang='lat' dir='ltr'><strong>cru-</strong></span> 
     </span>
    </p>
   </div>
   <div class='ocr_carea' id='block_1_115' title="bbox 2375 4595 3978 4666">
    <p class='ocr_par' dir='ltr' id='par_1_115' title="bbox 2375 4595 3978 4666">
     <span class='ocr_line' id='line_1_117' title="bbox 2375 4595 3978 4666; baseline -0.002 -17"><span class='ocrx_word' id='word_1_855' title='bbox 2375 4613 2560 4651; x_wconf 88' lang='lat' dir='ltr'><strong>norcm</strong></span> <span class='ocrx_word' id='word_1_856' title='bbox 2588 4599 2633 4650; x_wconf 92' lang='lat' dir='ltr'><strong>ei</strong></span> <span class='ocrx_word' id='word_1_857' title='bbox 2665 4598 2822 4649; x_wconf 88' lang='lat' dir='ltr'><strong>tribui</strong></span> <span class='ocrx_word' id='word_1_858' title='bbox 2855 4612 3034 4666; x_wconf 82' lang='lat' dir='ltr'><strong>posse,</strong></span> <span class='ocrx_word' id='word_1_859' title='bbox 3066 4600 3211 4661; x_wconf 85' lang='lat' dir='ltr'><strong>quia,</strong></span> <span class='ocrx_word' id='word_1_860' title='bbox 3244 4608 3298 4649; x_wconf 91' lang='lat' dir='ltr'><strong>ut</strong></span> <span class='ocrx_word' id='word_1_861' title='bbox 3323 4600 3396 4648; x_wconf 89' lang='lat' dir='ltr'><strong>ait</strong></span> <span class='ocrx_word' id='word_1_862' title='bbox 3428 4597 3573 4666; x_wconf 67' lang='lat' dir='ltr'><strong>litigo</strong></span> <span class='ocrx_word' id='word_1_863' title='bbox 3602 4595 3978 4662; x_wconf 82' lang='lat' dir='ltr'><strong>archiepisco-</strong></span> 
     </span>
    </p>
   </div>
   <div class='ocr_carea' id='block_1_116' title="bbox 2374 4665 3982 4738">
    <p class='ocr_par' dir='ltr' id='par_1_116' title="bbox 2374 4665 3982 4738">
     <span class='ocr_line' id='line_1_118' title="bbox 2374 4665 3982 4738; baseline -0.002 -17"><span class='ocrx_word' id='word_1_864' title='bbox 2374 4683 2472 4738; x_wconf 88' lang='lat' dir='ltr'><strong>pus</strong></span> <span class='ocrx_word' id='word_1_865' title='bbox 2502 4665 2984 4738; x_wconf 81' lang='lat' dir='ltr'><strong>Rmhomagensis,</strong></span> <span class='ocrx_word' id='word_1_866' title='bbox 3041 4668 3126 4720; x_wconf 91' lang='lat' dir='ltr'><strong>lib.</strong></span> <span class='ocrx_word' id='word_1_867' title='bbox 3166 4683 3217 4729; x_wconf 86' lang='lat' dir='ltr'><strong>v,</strong></span> <span class='ocrx_word' id='word_1_868' title='bbox 3253 4683 3367 4735; x_wconf 88' lang='lat' dir='ltr'><strong>cap.</strong></span> <span class='ocrx_word' id='word_1_869' title='bbox 3403 4667 3436 4720; x_wconf 85' lang='lat'><strong>9</strong></span> <span class='ocrx_word' id='word_1_870' title='bbox 3480 4665 3818 4736; x_wconf 85' lang='lat' dir='ltr'><strong>Dialogorum</strong></span> <span class='ocrx_word' id='word_1_871' title='bbox 3853 4683 3982 4719; x_wconf 86' lang='lat' dir='ltr'><strong>suo-</strong></span> 
     </span>
    </p>
   </div>
   <div class='ocr_carea' id='block_1_117' title="bbox 2371 4741 3980 4808">
    <p class='ocr_par' dir='ltr' id='par_1_117' title="bbox 2371 4741 3980 4808">
     <span class='ocr_line' id='line_1_119' title="bbox 2371 4741 3980 4808; baseline 0 -16"><span class='ocrx_word' id='word_1_872' title='bbox 2371 4754 2520 4804; x_wconf 84' lang='lat' dir='ltr'><strong>rutn,</strong></span> <span class='ocrx_word' id='word_1_873' title='bbox 2568 4756 2742 4808; x_wconf 79' lang='lat' dir='ltr'><strong>neque</strong></span> <span class='ocrx_word' id='word_1_874' title='bbox 2788 4741 3060 4794; x_wconf 81' lang='lat' dir='ltr'><strong>Dantismo</strong></span> <span class='ocrx_word' id='word_1_875' title='bbox 3099 4750 3448 4808; x_wconf 77' lang='lat' dir='ltr'><strong>regeneratus</strong></span> <span class='ocrx_word' id='word_1_876' title='bbox 3491 4749 3641 4800; x_wconf 90' lang='lat' dir='ltr'><strong>erat,</strong></span> <span class='ocrx_word' id='word_1_877' title='bbox 3678 4753 3778 4790; x_wconf 89' lang='lat' dir='ltr'><strong>nec</strong></span> <span class='ocrx_word' id='word_1_878' title='bbox 3811 4752 3980 4808; x_wconf 72' lang='lat' dir='ltr'><strong>causa</strong></span> 
     </span>
    </p>
   </div>
   <div class='ocr_carea' id='block_1_118' title="bbox 2370 4807 3978 4880">
    <p class='ocr_par' dir='ltr' id='par_1_118' title="bbox 2370 4807 3978 4880">
     <span class='ocr_line' id='line_1_120' title="bbox 2370 4807 3978 4880; baseline 0.001 -18"><span class='ocrx_word' id='word_1_879' title='bbox 2370 4811 2568 4864; x_wconf 87' lang='lat' dir='ltr'><strong>Christi</strong></span> <span class='ocrx_word' id='word_1_880' title='bbox 2599 4807 2838 4865; x_wconf 84' lang='lat' dir='ltr'><strong>incruce</strong></span> <span class='ocrx_word' id='word_1_881' title='bbox 2864 4810 3035 4864; x_wconf 87' lang='lat' dir='ltr'><strong>fuerat</strong></span> <span class='ocrx_word' id='word_1_882' title='bbox 3057 4807 3267 4864; x_wconf 78' lang='lat' dir='ltr'><strong>afﬁxus.</strong></span> <span class='ocrx_word' id='word_1_883' title='bbox 3295 4808 3448 4865; x_wconf 88' lang='lat' dir='ltr'><strong>Unde</strong></span> <span class='ocrx_word' id='word_1_884' title='bbox 3474 4811 3802 4880; x_wconf 77' lang='lat' dir='ltr'><strong>sequebatur</strong></span> <span class='ocrx_word' id='word_1_885' title='bbox 3826 4807 3978 4864; x_wconf 87' lang='lat' dir='ltr'><strong>illum</strong></span> 
     </span>
    </p>
   </div>
   <div class='ocr_carea' id='block_1_119' title="bbox 2371 4881 3979 4954">
    <p class='ocr_par' dir='ltr' id='par_1_119' title="bbox 2371 4881 3979 4954">
     <span class='ocr_line' id='line_1_121' title="bbox 2371 4881 3979 4954; baseline -0.001 -19"><span class='ocrx_word' id='word_1_886' title='bbox 2371 4898 2478 4954; x_wconf 84' lang='lat' dir='ltr'><strong>non</strong></span> <span class='ocrx_word' id='word_1_887' title='bbox 2521 4898 2642 4937; x_wconf 63' lang='lat' dir='ltr'><strong>esse</strong></span> <span class='ocrx_word' id='word_1_888' title='bbox 2686 4899 2800 4954; x_wconf 76' lang='lat' dir='ltr'><strong>utar</strong></span> <span class='ocrx_word' id='word_1_889' title='bbox 2829 4898 2998 4954; x_wconf 78' lang='lat' dir='ltr'><strong>yrem.</strong></span> <span class='ocrx_word' id='word_1_890' title='bbox 3046 4882 3111 4954; x_wconf 84' lang='lat' dir='ltr'><strong>Et</strong></span> <span class='ocrx_word' id='word_1_891' title='bbox 3153 4893 3328 4935; x_wconf 87' lang='lat' dir='ltr'><strong>tamen</strong></span> <span class='ocrx_word' id='word_1_892' title='bbox 3371 4881 3890 4954; x_wconf 75' lang='lat' dir='ltr'><strong>Rupertnsiih._ttt,</strong></span> <span class='ocrx_word' id='word_1_893' title='bbox 3918 4884 3979 4954; x_wconf 71' lang='lat' dir='ltr'><strong>in</strong></span> 
     </span>
    </p>
   </div>
   <div class='ocr_carea' id='block_1_120' title="bbox 2374 4950 3967 5024">
    <p class='ocr_par' dir='ltr' id='par_1_120' title="bbox 2374 4950 3967 5024">
     <span class='ocr_line' id='line_1_122' title="bbox 2374 4950 3967 5024; baseline -0.001 -18"><span class='ocrx_word' id='word_1_894' title='bbox 2374 4950 2968 5024; x_wconf 73' lang='lat' dir='ltr'><strong>EvangeliumJoannis,</strong></span> <span class='ocrx_word' id='word_1_895' title='bbox 2993 4953 3201 5006; x_wconf 80' lang='lat' dir='ltr'><strong>videtur</strong></span> <span class='ocrx_word' id='word_1_896' title='bbox 3227 4953 3565 5007; x_wconf 81' lang='lat' dir='ltr'><strong>existimasse</strong></span> <span class='ocrx_word' id='word_1_897' title='bbox 3596 4950 3746 5024; x_wconf 83' lang='lat' dir='ltr'><strong>illum</strong></span> <span class='ocrx_word' id='word_1_898' title='bbox 3783 4950 3967 5024; x_wconf 75' lang='lat' dir='ltr'><strong>bapti-</strong></span> 
     </span>
    </p>
   </div>
   <div class='ocr_carea' id='block_1_121' title="bbox 2371 5021 3962 5094">
    <p class='ocr_par' dir='ltr' id='par_1_121' title="bbox 2371 5021 3962 5094">
     <span class='ocr_line' id='line_1_123' title="bbox 2371 5021 3962 5094; baseline -0.002 -16"><span class='ocrx_word' id='word_1_899' title='bbox 2371 5021 2546 5079; x_wconf 76' lang='lat' dir='ltr'><strong>z:itum</strong></span> <span class='ocrx_word' id='word_1_900' title='bbox 2578 5026 2743 5079; x_wconf 71' lang='lat' dir='ltr'><strong>fuisse</strong></span> <span class='ocrx_word' id='word_1_901' title='bbox 2767 5030 2818 5078; x_wconf 86' lang='lat' dir='ltr'><strong>in</strong></span> <span class='ocrx_word' id='word_1_902' title='bbox 2842 5041 2979 5093; x_wconf 90' lang='lat' dir='ltr'><strong>aqua</strong></span> <span class='ocrx_word' id='word_1_903' title='bbox 3009 5041 3128 5094; x_wconf 77' lang='lat' dir='ltr'><strong>qua:</strong></span> <span class='ocrx_word' id='word_1_904' title='bbox 3161 5025 3314 5078; x_wconf 80' lang='lat' dir='ltr'><strong>tinxit</strong></span> <span class='ocrx_word' id='word_1_905' title='bbox 3341 5023 3407 5076; x_wconf 83' lang='lat' dir='ltr'><strong>de</strong></span> <span class='ocrx_word' id='word_1_906' title='bbox 3439 5023 3606 5094; x_wconf 78' lang='lat' dir='ltr'><strong>latere</strong></span> <span class='ocrx_word' id='word_1_907' title='bbox 3630 5021 3862 5076; x_wconf 87' lang='lat' dir='ltr'><strong>Christi.</strong></span> <span class='ocrx_word' id='word_1_908' title='bbox 3893 5023 3962 5077; x_wconf 85' lang='lat' dir='ltr'><strong>R.</strong></span> 
     </span>
    </p>
   </div>
   <div class='ocr_carea' id='block_1_122' title="bbox 2370 5093 3968 5164">
    <p class='ocr_par' dir='ltr' id='par_1_122' title="bbox 2370 5093 3968 5164">
     <span class='ocr_line' id='line_1_124' title="bbox 2370 5093 3968 5164; baseline -0.003 -15"><span class='ocrx_word' id='word_1_909' title='bbox 2370 5096 2429 5149; x_wconf 84' lang='lat' dir='ltr'><strong>P.</strong></span> <span class='ocrx_word' id='word_1_910' title='bbox 2460 5097 2770 5152; x_wconf 86' lang='lat' dir='ltr'><strong>Edmuntlns</strong></span> <span class='ocrx_word' id='word_1_911' title='bbox 2798 5093 3040 5152; x_wconf 79' lang='lat' dir='ltr'><strong>Martcne</strong></span> <span class='ocrx_word' id='word_1_912' title='bbox 3066 5114 3115 5149; x_wconf 92' lang='grc' dir='ltr'><strong>ιιι</strong></span> <span class='ocrx_word' id='word_1_913' title='bbox 3146 5097 3504 5164; x_wconf 80' lang='lat' dir='ltr'><strong>descriptione</strong></span> <span class='ocrx_word' id='word_1_914' title='bbox 3528 5093 3735 5148; x_wconf 79' lang='lat' dir='ltr'><strong>Itineris</strong></span> <span class='ocrx_word' id='word_1_915' title='bbox 3757 5095 3842 5145; x_wconf 81' lang='lat' dir='ltr'><strong>sui</strong></span> <span class='ocrx_word' id='word_1_916' title='bbox 3872 5111 3968 5164; x_wconf 79' lang='lat' dir='ltr'><strong>per</strong></span> 
     </span>
    </p>
   </div>
   <div class='ocr_carea' id='block_1_123' title="bbox 2372 5165 3971 5239">
    <p class='ocr_par' dir='ltr' id='par_1_123' title="bbox 2372 5165 3971 5239">
     <span class='ocr_line' id='line_1_125' title="bbox 2372 5165 3971 5239; baseline 0.001 -22"><span class='ocrx_word' id='word_1_917' title='bbox 2372 5167 2600 5229; x_wconf 80' lang='lat' dir='ltr'><strong>Callias,</strong></span> <span class='ocrx_word' id='word_1_918' title='bbox 2656 5183 2772 5239; x_wconf 84' lang='lat' dir='ltr'><strong>pag.</strong></span> <span class='ocrx_word' id='word_1_919' title='bbox 2823 5170 2926 5235; x_wconf 70' lang='lat' dir='ltr'><strong>EH,</strong></span> <span class='ocrx_word' id='word_1_920' title='bbox 2973 5177 3199 5222; x_wconf 88' lang='lat' dir='ltr'><strong>testatur</strong></span> <span class='ocrx_word' id='word_1_921' title='bbox 3236 5168 3461 5237; x_wconf 85' lang='lat' dir='ltr'><strong>singulis</strong></span> <span class='ocrx_word' id='word_1_922' title='bbox 3501 5168 3654 5239; x_wconf 65' lang='lat' dir='ltr'><strong>annis</strong></span> <span class='ocrx_word' id='word_1_923' title='bbox 3698 5165 3971 5219; x_wconf 80' lang='lat' dir='ltr'><strong>celebrari</strong></span> 
     </span>
    </p>
   </div>
   <div class='ocr_carea' id='block_1_124' title="bbox 2373 5237 3970 5294">
    <p class='ocr_par' dir='ltr' id='par_1_124' title="bbox 2373 5237 3970 5294">
     <span class='ocr_line' id='line_1_126' title="bbox 2373 5237 3970 5294; baseline -0.001 0"><span class='ocrx_word' id='word_1_924' title='bbox 2373 5240 2588 5294; x_wconf 63' lang='lat' dir='ltr'><strong>missam</strong></span> <span class='ocrx_word' id='word_1_925' title='bbox 2631 5242 2698 5294; x_wconf 90' lang='lat' dir='ltr'><strong>de</strong></span> <span class='ocrx_word' id='word_1_926' title='bbox 2729 5237 2924 5294; x_wconf 78' lang='lat' dir='ltr'><strong>sancto</strong></span> <span class='ocrx_word' id='word_1_927' title='bbox 2955 5239 3181 5294; x_wconf 87' lang='lat' dir='ltr'><strong>Latrone</strong></span> <span class='ocrx_word' id='word_1_928' title='bbox 3211 5239 3260 5292; x_wconf 90' lang='lat' dir='ltr'><strong>in</strong></span> <span class='ocrx_word' id='word_1_929' title='bbox 3293 5239 3520 5293; x_wconf 84' lang='lat' dir='ltr'><strong>ecclesia</strong></span> <span class='ocrx_word' id='word_1_930' title='bbox 3554 5237 3878 5292; x_wconf 85' lang='lat' dir='ltr'><strong>Biturirensi</strong></span> <span class='ocrx_word' id='word_1_931' title='bbox 3915 5239 3970 5292; x_wconf 85' lang='lat' dir='ltr'><strong>in</strong></span> 
     </span>
    </p>
   </div>
   <div class='ocr_carea' id='block_1_125' title="bbox 2371 5311 3970 5381">
    <p class='ocr_par' dir='ltr' id='par_1_125' title="bbox 2371 5311 3970 5381">
     <span class='ocr_line' id='line_1_127' title="bbox 2371 5311 3970 5381; baseline -0.002 -17"><span class='ocrx_word' id='word_1_932' title='bbox 2371 5312 2454 5365; x_wconf 82' lang='lat' dir='ltr'><strong>die</strong></span> <span class='ocrx_word' id='word_1_933' title='bbox 2482 5312 2685 5365; x_wconf 61' lang='lat' dir='ltr'><strong>sabbati</strong></span> <span class='ocrx_word' id='word_1_934' title='bbox 2716 5314 2909 5367; x_wconf 88' lang='lat' dir='ltr'><strong>sancti.</strong></span> <span class='ocrx_word' id='word_1_935' title='bbox 2937 5311 3208 5381; x_wconf 88' lang='lat' dir='ltr'><strong>Reliquias</strong></span> <span class='ocrx_word' id='word_1_936' title='bbox 3234 5311 3402 5364; x_wconf 89' lang='lat' dir='ltr'><strong>sancti</strong></span> <span class='ocrx_word' id='word_1_937' title='bbox 3432 5311 3655 5363; x_wconf 86' lang='lat' dir='ltr'><strong>latronis</strong></span> <span class='ocrx_word' id='word_1_938' title='bbox 3684 5311 3970 5363; x_wconf 75' lang='lat' dir='ltr'><strong>exstitisse</strong></span> 
     </span>
    </p>
   </div>
   <div class='ocr_carea' id='block_1_126' title="bbox 2371 5382 3969 5439">
    <p class='ocr_par' dir='ltr' id='par_1_126' title="bbox 2371 5382 3969 5439">
     <span class='ocr_line' id='line_1_128' title="bbox 2371 5382 3969 5439; baseline -0.001 -3"><span class='ocrx_word' id='word_1_939' title='bbox 2371 5384 2496 5437; x_wconf 79' lang='lat' dir='ltr'><strong>olim</strong></span> <span class='ocrx_word' id='word_1_940' title='bbox 2528 5393 2580 5438; x_wconf 86' lang='lat' dir='ltr'><strong>et</strong></span> <span class='ocrx_word' id='word_1_941' title='bbox 2606 5384 2848 5438; x_wconf 73' lang='lat' dir='ltr'><strong>fortassis</strong></span> <span class='ocrx_word' id='word_1_942' title='bbox 2877 5383 3051 5439; x_wconf 85' lang='lat' dir='ltr'><strong>adhuc</strong></span> <span class='ocrx_word' id='word_1_943' title='bbox 3079 5392 3295 5437; x_wconf 77' lang='lat' dir='ltr'><strong>exstare</strong></span> <span class='ocrx_word' id='word_1_944' title='bbox 3326 5384 3376 5435; x_wconf 89' lang='lat' dir='ltr'><strong>in</strong></span> <span class='ocrx_word' id='word_1_945' title='bbox 3409 5383 3636 5437; x_wconf 84' lang='lat' dir='ltr'><strong>ecclesia</strong></span> <span class='ocrx_word' id='word_1_946' title='bbox 3671 5382 3969 5434; x_wconf 75' lang='lat' dir='ltr'><strong>Careasso-</strong></span> 
     </span>
    </p>
   </div>
   <div class='ocr_carea' id='block_1_127' title="bbox 2373 5454 3969 5522">
    <p class='ocr_par' dir='ltr' id='par_1_127' title="bbox 2373 5454 3969 5522">
     <span class='ocr_line' id='line_1_129' title="bbox 2373 5454 3969 5522; baseline -0.003 -14"><span class='ocrx_word' id='word_1_947' title='bbox 2373 5457 2522 5508; x_wconf 73' lang='lat' dir='ltr'><strong>ncnsi</strong></span> <span class='ocrx_word' id='word_1_948' title='bbox 2553 5455 2708 5508; x_wconf 85' lang='lat' dir='ltr'><strong>docet</strong></span> <span class='ocrx_word' id='word_1_949' title='bbox 2734 5465 2888 5510; x_wconf 82' lang='lat' dir='ltr'><strong>vetns</strong></span> <span class='ocrx_word' id='word_1_950' title='bbox 2915 5456 3269 5508; x_wconf 84' lang='lat' dir='ltr'><strong>inventarium</strong></span> <span class='ocrx_word' id='word_1_951' title='bbox 3298 5455 3642 5522; x_wconf 47' lang='lat' dir='ltr'><strong>reiit‘iuiarutn</strong></span> <span class='ocrx_word' id='word_1_952' title='bbox 3671 5469 3738 5522; x_wconf 91' lang='lat' dir='ltr'><strong>qn</strong></span> <span class='ocrx_word' id='word_1_953' title='bbox 3759 5471 3790 5502; x_wconf 70' lang='grc' dir='ltr'>ιε</span> <span class='ocrx_word' id='word_1_954' title='bbox 3825 5454 3874 5503; x_wconf 93' lang='lat' dir='ltr'><strong>in</strong></span> <span class='ocrx_word' id='word_1_955' title='bbox 3907 5466 3969 5504; x_wconf 79' lang='lat' dir='ltr'><strong>ea</strong></span> 
     </span>
    </p>
   </div>
   <div class='ocr_carea' id='block_1_128' title="bbox 2372 5523 3962 5591">
    <p class='ocr_par' dir='ltr' id='par_1_128' title="bbox 2372 5523 3962 5591">
     <span class='ocr_line' id='line_1_130' title="bbox 2372 5523 3962 5591; baseline -0.001 -13"><span class='ocrx_word' id='word_1_956' title='bbox 2372 5529 2748 5591; x_wconf 82' lang='lat' dir='ltr'><strong>Servabantur,</strong></span> <span class='ocrx_word' id='word_1_957' title='bbox 2773 5529 2973 5581; x_wconf 84' lang='lat' dir='ltr'><strong>editum</strong></span> <span class='ocrx_word' id='word_1_958' title='bbox 3019 5542 3046 5580; x_wconf 87' lang='lat' dir='ltr'><strong>a</strong></span> <span class='ocrx_word' id='word_1_959' title='bbox 3088 5525 3329 5581; x_wconf 80' lang='lat' dir='ltr'><strong>Gerardo</strong></span> <span class='ocrx_word' id='word_1_960' title='bbox 3372 5525 3438 5580; x_wconf 83' lang='lat' dir='ltr'><strong>tle</strong></span> <span class='ocrx_word' id='word_1_961' title='bbox 3469 5523 3564 5578; x_wconf 85' lang='lat' dir='ltr'><strong>Vic</strong></span> <span class='ocrx_word' id='word_1_962' title='bbox 3609 5524 3659 5577; x_wconf 93' lang='lat' dir='ltr'><strong>in</strong></span> <span class='ocrx_word' id='word_1_963' title='bbox 3685 5523 3962 5577; x_wconf 71' lang='lat' dir='ltr'><strong>Chronico</strong></span> 
     </span>
    </p>
   </div>
   <div class='ocr_carea' id='block_1_129' title="bbox 2371 5595 3965 5670">
    <p class='ocr_par' dir='ltr' id='par_1_129' title="bbox 2371 5595 3965 5670">
     <span class='ocr_line' id='line_1_131' title="bbox 2371 5595 3965 5670; baseline -0.004 -18"><span class='ocrx_word' id='word_1_964' title='bbox 2371 5599 2743 5670; x_wconf 83' lang='lat' dir='ltr'><strong>episcoporum</strong></span> <span class='ocrx_word' id='word_1_965' title='bbox 2787 5600 3316 5670; x_wconf 71' lang='lat' dir='ltr'><strong>Carcasstinensium.</strong></span> <span class='ocrx_word' id='word_1_966' title='bbox 3362 5598 3554 5652; x_wconf 85' lang='lat' dir='ltr'><strong>Petrus</strong></span> <span class='ocrx_word' id='word_1_967' title='bbox 3583 5611 3611 5648; x_wconf 93' lang='lat' dir='ltr'><strong>a</strong></span> <span class='ocrx_word' id='word_1_968' title='bbox 3651 5595 3834 5670; x_wconf 73' lang='lat' dir='ltr'><strong>Valle.</strong></span> <span class='ocrx_word' id='word_1_969' title='bbox 3868 5610 3965 5664; x_wconf 78' lang='lat' dir='ltr'><strong>pa-</strong></span> 
     </span>
    </p>
   </div>
   <div class='ocr_carea' id='block_1_130' title="bbox 2374 5667 3962 5738">
    <p class='ocr_par' dir='ltr' id='par_1_130' title="bbox 2374 5667 3962 5738">
     <span class='ocr_line' id='line_1_132' title="bbox 2374 5667 3962 5738; baseline -0.004 -15"><span class='ocrx_word' id='word_1_970' title='bbox 2374 5667 2555 5725; x_wconf 79' lang='lat' dir='ltr'><strong>tricius</strong></span> <span class='ocrx_word' id='word_1_971' title='bbox 2591 5669 2896 5736; x_wconf 79' lang='lat' dir='ltr'><strong>Romanus,</strong></span> <span class='ocrx_word' id='word_1_972' title='bbox 2957 5671 3008 5723; x_wconf 91' lang='lat' dir='ltr'><strong>in</strong></span> <span class='ocrx_word' id='word_1_973' title='bbox 3059 5669 3282 5738; x_wconf 84' lang='lat' dir='ltr'><strong>epistola</strong></span> <span class='ocrx_word' id='word_1_974' title='bbox 3327 5685 3422 5723; x_wconf 70' lang='lat' dir='ltr'><strong>xm</strong></span> <span class='ocrx_word' id='word_1_975' title='bbox 3473 5667 3962 5737; x_wconf 80' lang='lat' dir='ltr'><strong>peregrinationum</strong></span> 
     </span>
    </p>
   </div>
   <div class='ocr_carea' id='block_1_131' title="bbox 2372 5739 3964 5807">
    <p class='ocr_par' dir='ltr' id='par_1_131' title="bbox 2372 5739 3964 5807">
     <span class='ocr_line' id='line_1_133' title="bbox 2372 5739 3964 5807; baseline -0.005 -12"><span class='ocrx_word' id='word_1_976' title='bbox 2372 5753 2588 5796; x_wconf 79' lang='lat' dir='ltr'><strong>Suarum</strong></span> <span class='ocrx_word' id='word_1_977' title='bbox 2613 5743 3065 5796; x_wconf 88' lang='lat' dir='ltr'><strong>traditostensum</strong></span> <span class='ocrx_word' id='word_1_978' title='bbox 3098 5743 3196 5794; x_wconf 86' lang='lat' dir='ltr'><strong>sibi</strong></span> <span class='ocrx_word' id='word_1_979' title='bbox 3228 5741 3391 5796; x_wconf 82' lang='lat' dir='ltr'><strong>fuisse</strong></span> <span class='ocrx_word' id='word_1_980' title='bbox 3417 5739 3556 5794; x_wconf 88' lang='lat' dir='ltr'><strong>haud</strong></span> <span class='ocrx_word' id='word_1_981' title='bbox 3586 5741 3773 5807; x_wconf 88' lang='lat' dir='ltr'><strong>procul</strong></span> <span class='ocrx_word' id='word_1_982' title='bbox 3799 5739 3964 5792; x_wconf 82' lang='lat' dir='ltr'><strong>Rama</strong></span> 
     </span>
    </p>
   </div>
   <div class='ocr_carea' id='block_1_132' title="bbox 2375 5807 3963 5884">
    <p class='ocr_par' dir='ltr' id='par_1_132' title="bbox 2375 5807 3963 5884">
     <span class='ocr_line' id='line_1_134' title="bbox 2375 5807 3963 5884; baseline -0.001 -18"><span class='ocrx_word' id='word_1_983' title='bbox 2375 5813 2545 5867; x_wconf 82' lang='lat' dir='ltr'><strong>\icmn</strong></span> <span class='ocrx_word' id='word_1_984' title='bbox 2590 5814 2875 5880; x_wconf 84' lang='lat' dir='ltr'><strong>quemdam</strong></span> <span class='ocrx_word' id='word_1_985' title='bbox 2918 5829 2982 5868; x_wconf 74' lang='lat' dir='ltr'><strong>ex</strong></span> <span class='ocrx_word' id='word_1_986' title='bbox 3023 5829 3132 5884; x_wconf 81' lang='lat' dir='ltr'><strong>quo</strong></span> <span class='ocrx_word' id='word_1_987' title='bbox 3175 5823 3324 5869; x_wconf 88' lang='lat' dir='ltr'><strong>ortus</strong></span> <span class='ocrx_word' id='word_1_988' title='bbox 3352 5823 3466 5868; x_wconf 87' lang='lat' dir='ltr'><strong>erat</strong></span> <span class='ocrx_word' id='word_1_989' title='bbox 3506 5813 3680 5868; x_wconf 77' lang='lat' dir='ltr'><strong>lienus</strong></span> <span class='ocrx_word' id='word_1_990' title='bbox 3708 5812 3846 5866; x_wconf 89' lang='lat' dir='ltr'><strong>latro</strong></span> <span class='ocrx_word' id='word_1_991' title='bbox 3875 5807 3963 5878; x_wconf 84' lang='lat' dir='ltr'><strong>qui</strong></span> 
     </span>
    </p>
   </div>
   <div class='ocr_carea' id='block_1_133' title="bbox 2374 5886 3180 5942">
    <p class='ocr_par' dir='ltr' id='par_1_133' title="bbox 2374 5886 3180 5942">
     <span class='ocr_line' id='line_1_135' title="bbox 2374 5886 3180 5942; baseline 0.004 -3"><span class='ocrx_word' id='word_1_992' title='bbox 2374 5887 2658 5940; x_wconf 71' lang='lat' dir='ltr'><strong>cruciﬁxus</strong></span> <span class='ocrx_word' id='word_1_993' title='bbox 2687 5894 2768 5941; x_wconf 85' lang='lat' dir='ltr'><strong>est</strong></span> <span class='ocrx_word' id='word_1_994' title='bbox 2795 5901 2915 5941; x_wconf 84' lang='lat' dir='ltr'><strong>cum</strong></span> <span class='ocrx_word' id='word_1_995' title='bbox 2948 5886 3180 5942; x_wconf 83' lang='lat' dir='ltr'><strong>Christo.</strong></span> 
     </span>
    </p>
   </div>
  </div>
