4262 6236
653 125 792 186 ’1151

1505 117 1553 184 Ξῖ
1595 122 1937 184 EPISTOLA
1977 124 2037 184 S.
2078 122 2410 187 CYPRIANI‘
2461 121 2558 184 AD
2591 119 2976 192 POMPEIUM,

3806 120 3944 180 11⁸5⁸2

654 251 861 313 stupore
887 240 1053 298 elatus
1081 244 1183 306 est,
1217 237 1348 295 nihil
1377 238 1573 308 sciens,
1607 241 1809 298 discede
1851 241 1914 296 ab
1945 239 2240 313 ltujusutadi
2265 241 2320 306 Α
2347 254 2452 296 non
2477 240 2722 311 potuisse
2747 240 3060 312 percipere;
3092 237 3248 310 quasi
3276 238 3446 310 possit
3472 246 3568 294 aut
3595 237 3713 294 sine
3736 236 3943 312 Spiritu

657 334 702 406 (ι
736 334 870 390 Tim.
903 351 980 402 ιί,
1006 331 1086 406 3).

728 429 818 484 IV.
851 427 1120 484 Praeclara
1161 443 1294 486 sane
1325 438 1380 488 et
1415 429 1655 503 legitima
1700 429 1940 496 traditio,
1971 430 2250 502 Stephano

655 525 822 582 fratre
841 532 1029 580 nostro
1057 523 1309 591 docente,
1341 526 1682 596 proponitur,
1711 540 1835 596 qua:
1861 524 2242 584 auctoritatem

655 620 812 677 nobis
841 618 1088 676 idoneam
1120 619 1379 690 praebeat.
1409 619 1544 676 Nam
1574 621 1628 676 in
1667 620 1862 678 eodem
1891 619 2012 676 loco
2040 618 2243 689 episto-

652 715 721 770 lae
747 729 860 769 sua:
888 713 1094 770 addidit
1120 725 1175 770 et
1209 713 1407 784 adjecit
1435 730 1454 768 :
1479 731 1598 770 cum
1642 714 1744 780 ipsi
1780 713 2005 770 lueretici
2040 711 2246 782 proprie

650 809 954 864 alterutrum
980 807 1049 863 ad
1075 824 1129 864 se
1158 809 1410 864 venientes
1440 823 1541 864 non
1568 807 1824 877 baptimt
1845 851 1862 872 ,
1893 807 1983 861 sed
2010 820 2243 860 rotamu-

650 903 816 960 nicent
868 911 1086 956 tantum.
1123 899 1206 957 Ad
1247 899 1352 956 hoc
1396 899 1539 956 enim
1573 900 1840 956 malorum
1878 896 2131 955 devoluta
2163 903 2250 954 est

652 995 897 1052 Ecclesia
927 993 1020 1050 Dei
1048 1004 1103 1051 et
1126 1009 1326 1065 sponsa
1355 993 1556 1050 Christi
1579 1002 1639 1049 ut
1663 992 2042 1049 haereticorum
2061 1003 2244 1046 exem-

651 1088 739 1158 pla
764 1094 1021 1154 sectetur,
1070 1095 1128 1142 ut
1155 1086 1222 1141 ad
1260 1085 1585 1142 celebranda
1616 1092 1954 1140 sacramenta
1999 1081 2244 1142 emlestia

650 1178 993 1250 disciplinam
1025 1178 1120 1234 lux
1167 1177 1234 1234 de
1268 1178 1508 1236 tenebris
1531 1186 1826 1244 mutuetur,
1871 1185 1928 1232 et
1956 1175 2010 1231 id
2043 1173 2246 1232 faciant

647 1273 937 1330 Christiani
975 1273 1116 1345 quod
1165 1273 1469 1328 antichristi
1527 1272 1746 1328 faciunt.
1800 1273 1931 1338 Quae
1974 1285 2107 1327 vero
2157 1277 2245 1326 est

647 1366 814 1426 animi
844 1367 1084 1433 cazcitas,
1119 1381 1243 1438 qua:
1285 1366 1542 1440 pravitas,
1575 1365 1700 1424 ﬁdei
1744 1367 2006 1422 unitatem
2033 1363 2103 1421 de
2129 1363 2242 1420 Deo

643 1472 796 1532 patre
835 1470 890 1517 et
927 1458 996 1516 de
1038 1459 1168 1517 Jesu
1192 1458 1394 1516 Christi
1422 1459 1636 1515 Domini
1665 1468 1719 1514 et
1741 1459 1835 1515 Dei
1866 1458 2040 1514 nostri
2071 1455 2241 1512 tradi-

644 1557 793 1612 tione
837 1555 1148 1611 venientcm
1192 1554 1348 1610 nolle.
1380 1553 1758 1623 cognoscere?
1798 1550 1932 1608 Nam
1965 1551 2010 1608 si
2039 1549 2246 1606 idcirco

2351 331 2602 392 Christus
2630 332 2803 401 indui,
2831 341 2926 390 aut
2949 348 2982 388 a
3005 330 3224 389 Christo
3253 331 3487 404 Spiritus
3512 333 3779 405 separari.
3811 333 3945 390 illud

2349 441 2562 498 quoque
2587 443 2745 498 quam
2778 427 3016 499 ineptum
3041 436 3146 494 est,
3188 437 3246 483 ut
3279 443 3402 484 cum
3432 428 3683 484 nativitas
3705 429 3942 485 secunda

2349 521 2606 593 spiritalis
2633 522 2733 590 sit,
2763 537 2867 594 qua
2895 522 2950 578 in
2970 521 3188 578 Christo
3211 537 3310 594 per
3335 521 3616 584 lavacrum
3644 537 3939 594 regenera-

2350 616 2512 672 tionis
2537 615 2830 682 nascimur,
2861 614 3046 671 dicant
3079 614 3228 687 quod
3252 617 3426 686 possit
3451 615 3574 686 quis
3597 615 3739 686 apud
3767 615 3944 672 luere-

2351 709 2486 766 ticos
2529 707 2842 780 spiritaliter
2895 707 3062 775 nasci,
3103 709 3193 765 ubi
3240 708 3497 778 Spiritum
3556 718 3752 780 negant
3800 723 3943 766 esse.

2351 801 2581 860 Peccata
2603 802 2748 858 enim
2774 817 3005 874 purgare
3036 810 3096 858 et
3134 801 3406 858 hominem
3453 803 3792 860 sanctiﬁcare
3810 818 3948 873 aqua

2348 898 2463 953 sola
2510 911 2616 954 non
2665 906 2862 968 potest,
2896 897 3004 953 nisi
3034 896 3234 954 habeat
3258 907 3314 954 et
3366 898 3632 966 Spiritum
3676 907 3946 954 sanctum.

2349 991 2530 1059 Quare
2571 1000 2663 1047 aut
2706 991 2964 1062 Spiritum
3009 1000 3254 1048 sanctum
3296 1005 3521 1048 necesse
3543 999 3629 1047 est
3652 991 3951 1048 concedant

2349 1099 2472 1141 esse
2498 1084 2608 1139 illic
2634 1084 2725 1140 ubi
2753 1084 3021 1156 baptisma
3048 1098 3170 1140 esse
3209 1083 3413 1152 dicunt,
3439 1093 3532 1140 aut
3557 1098 3658 1140 nec
3683 1083 3948 1154 baptisma

2347 1186 2432 1234 est
2459 1177 2552 1233 ubi
2579 1177 2810 1248 Spiritus
2848 1187 3066 1234 sanctus
3091 1191 3197 1234 non
3225 1188 3342 1246 est,
3383 1178 3506 1249 quia
3534 1177 3796 1249 baptisma
3826 1190 3952 1233 esse

2349 1275 2470 1330 sine
2500 1274 2705 1344 Spiritu
2734 1282 2922 1330 sancto
2966 1289 3073 1330 non
3104 1283 3299 1344 potest.

2421 1365 2506 1422 Vl.
2539 1366 2711 1435 Quale
2751 1373 2835 1422 est
2869 1376 3049 1423 autem
3087 1381 3332 1424 asserere
3359 1375 3416 1423 et
3443 1365 3776 1424 contendere
3796 1365 3945 1437 quod

2350 1475 2473 1519 esse
2519 1463 2726 1532 possint
2770 1461 2867 1517 ﬁlii
2904 1461 3001 1518 Dei
3025 1463 3118 1534 qui
3146 1477 3254 1519 non
3283 1463 3392 1518 sint
3422 1464 3476 1518 in
3508 1463 3744 1522 Ecclesia
3793 1461 3952 1517 nati?

2350 1557 2624 1627 Baptisma
2666 1557 2814 1613 enim
2864 1571 2985 1613 esse
3034 1558 3086 1612 in
3129 1573 3238 1630 quo
3265 1557 3429 1613 homo
3454 1566 3607 1612 vetus
3634 1556 3871 1612 moritur
3901 1565 3954 1612 et

642 1649 783 1720 apud
806 1648 1093 1704 haereticos
1110 1647 1355 1704 Ecclesia
1373 1662 1479 1702 non
1501 1657 1604 1710 est,
1625 1646 1752 1717 quia
1769 1661 1876 1700 una
1895 1653 1978 1700 est
1994 1653 2050 1700 et
2068 1642 2239 1702 dividi
2270 1647 2322 1708 Β
2347 1668 2524 1708 novus
2551 1653 2790 1708 nascitur
2815 1651 3134 1708 manifestat
3155 1661 3210 1708 et
3229 1652 3420 1723 prohat
3444 1650 3636 1714 beatus
3657 1650 3954 1720 Apostolus

642 1756 754 1800 non
783 1751 992 1813 potest,
1016 1750 1070 1798 et
1097 1741 1143 1796 si
1174 1740 1296 1797 ideo
1327 1740 1440 1796 illic
1474 1739 1710 1810 Spiritus
1735 1746 1958 1794 sanctus
1983 1751 2090 1791 non
2131 1743 2234 1802 est,

642 1836 767 1906 quia
805 1850 946 1892 unus
977 1844 1077 1899 est,
1123 1842 1178 1891 et
1217 1847 1339 1889 esse
1364 1832 1506 1903 apud
1560 1829 1816 1902 profanos
1851 1838 1907 1886 et
1946 1838 2238 1885 extraneos

648 1944 755 1983 non
783 1936 982 1998 potest,
1013 1927 1195 1997 utique
1229 1935 1284 1982 et
1323 1924 1590 1995 baptisma
1609 1964 1626 1991 ,
1659 1921 1803 1993 quod
1829 1923 1882 1980 in
1906 1921 2096 1978 eadem
2120 1919 2239 1976 uni-

645 2033 757 2080 tate
785 2022 1054 2088 consistit,
1086 2036 1209 2078 esse
1236 2020 1381 2088 apud
1417 2019 1705 2076 hmreticos
1734 2033 1842 2074 non
1873 2025 2069 2088 potest,
2112 2017 2238 2087 quia

640 2117 882 2188 separari
914 2131 1088 2187 neque
1131 2116 1199 2171 ab
1240 2113 1482 2171 Ecclesia
1520 2129 1697 2186 neque
1740 2128 1772 2169 a
1799 2111 2004 2184 Spiritu
2029 2111 2234 2168 Sancto

639 2218 834 2280 potest.

711 2302 775 2359 ν.
811 2303 917 2360 Αιιι
967 2303 1014 2358 si
1062 2301 1311 2360 elIectum
1369 2301 1620 2373 baptismi
1679 2299 1950 2371 majestati
1999 2298 2241 2357 nominis

643 2398 904 2462 tribuunt,
938 2405 998 2454 ut
1024 2395 1116 2467 qui
1146 2397 1197 2450 in
1216 2395 1436 2450 nomine
1455 2394 1583 2450 Jesu
1605 2393 1806 2450 Christi
1834 2393 2157 2463 ubicumque
2181 2401 2240 2448 et

643 2488 1148 2564 quomodocumque
1176 2487 1539 2560 baptizantur,
1575 2487 1817 2546 innovati
1837 2495 1892 2543 et
1919 2486 2239 2543 sanetiﬁcati

635 2583 964 2656 iudicentur,
991 2597 1088 2638 cur
1122 2596 1228 2636 non
1257 2581 1311 2636 in
1343 2580 1586 2651 ejusdem
1613 2580 1818 2638 Christi
1860 2579 2082 2640 nomine
2129 2578 2240 2634 illic

646 2691 704 2735 et
729 2691 920 2734 manus
946 2675 1214 2746 haptizato
1245 2674 1541 2744 imponitur
1566 2673 1633 2731 ad
1658 2672 2035 2744 accipiendum
2061 2671 2235 2744 Spiri-

641 2782 754 2830 tum
781 2779 1048 2838 sanctum,
1094 2783 1192 2830 cur
1231 2767 1420 2826 eadem
1451 2768 1696 2840 ejusdem
1721 2769 1982 2840 maiestas
2002 2767 2240 2826 nominis

640 2881 748 2926 non
778 2863 1037 2936 prmvalet
1084 2863 1140 2917 in
1177 2876 1370 2918 manus
1411 2862 1758 2933 impositione
1798 2877 1962 2934 quam
2002 2860 2239 2920 valuisse

635 2959 968 3016 contendunt
994 2958 1047 3013 in
1075 2956 1326 3026 baptismi
1365 2956 1835 3014 sanctiﬁcatione?
1871 2956 2008 3015 Nam
2047 2957 2097 3013 si
2133 2970 2238 3028 po-

2343 1747 2532 1804 dicens
2562 1765 2577 1802 :
2605 1747 2838 1802 Servavit
2856 1764 2950 1802 nos
2977 1763 3067 1815 per
3097 1746 3354 1800 lavmrum
3376 1743 3778 1818 regenerationis
3809 1742 3946 1815 (Tit.

2342 1859 2420 1910 ιιι,
2450 1844 2528 1913 li).
2574 1843 2629 1899 Si
2669 1851 2847 1898 autem
2875 1843 2929 1898 in
2974 1843 3221 1907 lavacro,
3255 1841 3308 1896 id
3335 1849 3417 1897 est
3446 1841 3504 1896 in
3533 1841 3832 1911 Baptismo,
3867 1847 3952 1895 est

2342 1935 2706 2006 regeneratio,
2758 1933 3030 2006 quomodo
3070 1948 3330 2005 generare
3373 1933 3511 1988 ﬁlios
3564 1933 3678 1988 Deo
3725 1932 3953 1988 hau-esis

2343 2045 2440 2100 per
2477 2029 2754 2086 Christum
2793 2039 2993 2101 potest,
3035 2045 3156 2102 quae
3201 2029 3401 2086 Christi
3449 2043 3650 2100 sponsa
3698 2042 3803 2083 non
3833 2028 3956 2083 est?

2342 2123 2586 2178 Ecclesia
2635 2133 2717 2179 est
2761 2123 2906 2179 enim
2955 2121 3070 2178 sola
3124 2136 3247 2194 quae
3295 2120 3515 2177 Christo
3557 2119 3842 2190 conjuncta
3892 2128 3949 2175 et

2344 2217 2576 2273 adunata
2621 2217 2936 2287 spiritaliter
2978 2216 3119 2273 ﬁlios
3164 2223 3403 2288 generat,
3457 2214 3651 2272 eodem
3685 2213 3951 2286 Apostolo

2343 2326 2528 2367 rursus
2557 2310 2771 2366 dicente
2805 2327 2820 2364 :
2851 2310 3084 2366 Christus
3108 2309 3291 2365 dilexit
3317 2307 3604 2363 Ecclesium
3627 2317 3742 2363 etse
3769 2309 3949 2376 ipsum

2343 2404 2562 2458 tradidit
2597 2420 2688 2474 pro
2715 2421 2777 2460 ea
2800 2413 2860 2457 ut
2877 2419 2990 2458 eam
3021 2403 3390 2473 sanctiﬁcaret,
3419 2418 3652 2474 purgans
3671 2417 3789 2456 eam
3816 2403 3953 2457 lava.

2343 2515 2434 2552 cro
2456 2512 2603 2566 aqua
2626 2497 2842 2568 (Ephu.
2871 2512 2927 2564 v,
2955 2496 3048 2562 25,
3070 2495 3184 2567 26).
3228 2495 3287 2552 Si
3314 2495 3475 2568 igitur
3494 2495 3613 2551 haec
3636 2506 3722 2551 est
3747 2495 3954 2552 dilecta

2349 2599 2404 2645 et
2433 2605 2630 2661 sponsa
2656 2606 2776 2660 quae
2801 2589 2916 2645 sola
2943 2604 2974 2643 a
2999 2588 3220 2644 Christo
3246 2589 3613 2645 sanctiﬁcatur
3637 2597 3692 2644 et
3722 2589 3950 2644 lavacro

2342 2684 2459 2756 ejus
2512 2685 2623 2739 sola
2663 2694 2937 2756 purgatur,
2984 2683 3329 2739 manifestum
3370 2692 3453 2740 est
3499 2683 3752 2739 haeresim
3778 2724 3797 2750 ,
3830 2697 3954 2754 quae

2343 2793 2544 2850 sponsa
2583 2777 2781 2834 Christi
2808 2793 2917 2834 non
2963 2779 3054 2842 sit,
3089 2792 3192 2834 nec
3234 2778 3448 2850 purgari
3479 2791 3579 2833 nec
3615 2775 3952 2833 sanetilcari

2348 2874 2563 2929 lavacro
2590 2872 2708 2944 ejus
2733 2887 2920 2944 posse,
2954 2871 3094 2928 ﬁlios
3125 2873 3236 2928 Deo
3259 2886 3520 2943 generare
3549 2886 3658 2926 non
3679 2886 3872 2942 posse.

2416 2966 2530 3021 Vli.
2563 2966 2736 3021 Porro
2787 2975 2968 3021 autem
3009 2979 3117 3020 non
3167 2980 3264 3036 per
3306 2979 3497 3020 manus
3536 2964 3946 3036 impositionem

647 3062 754 3110 test
796 3053 916 3122 quis
942 3058 1094 3106 extra
1122 3047 1422 3107 Ecclesium
1460 3058 1641 3116 natus,
1669 3048 1936 3120 templum
1974 3049 2068 3106 Dei
2099 3051 2242 3118 ﬁeri,
2268 3045 2321 3110 C
2348 3061 2468 3134 quis
2495 3059 2734 3115 nascitur
2752 3058 2968 3128 quando
2993 3058 3192 3128 accipi;
3231 3057 3492 3128 spimum
3519 3065 3767 3113 sanctum
3796 3099 3811 3124 ,
3854 3055 3954 3112 sed

641 3165 738 3209 cur
762 3163 870 3204 non
909 3147 1078 3218 possit
1116 3161 1277 3218 super
1314 3146 1576 3216 templum
1622 3155 1678 3201 et
1734 3143 1968 3215 Spiritus
2029 3155 2246 3202 sanctus

637 3240 880 3300 infundi?
924 3241 1028 3309 Qui
1077 3241 1223 3297 enim
1271 3242 1508 3310 peccatis
1557 3239 1612 3295 in
1659 3238 1934 3309 baptismo
1979 3240 2246 3309 expositis

639 3337 1004 3395 sanctiﬁcatus
1049 3345 1131 3391 est
1175 3345 1229 3390 et
1271 3335 1325 3389 in
1368 3350 1574 3390 novum
1607 3334 1885 3389 hominem
1923 3334 2245 3404 spiritaliter

646 3429 986 3494 reformatus,
1023 3426 1088 3482 ad
1133 3427 1506 3496 accipiendum
1538 3427 1799 3497 Spiritum
1831 3436 2076 3486 sanctum
2127 3427 2245 3482 ido-

641 3535 779 3576 neus
806 3519 976 3574 lactus
1005 3528 1108 3583 est,
1139 3518 1355 3588 quando
1373 3519 1670 3590 Apostolus
1695 3517 1872 3573 dicat:
1906 3519 2161 3590 Quotquot
2191 3521 2243 3574 in

645 3613 849 3670 Christo
874 3613 1120 3683 baptismi
1137 3612 1555 3680 «tigillum
1575 3611 1977 3682 induistis(6al.
2013 3629 2088 3681 ιιι,
2121 3614 2242 3685 27),

644 3709 736 3780 qui
778 3716 953 3779 potest
993 3705 1133 3778 apud
1177 3705 1464 3762 haereticos
1495 3705 1802 3776 baptizatus
1846 3706 2124 3763 Christum
2164 3707 2248 3762 in-

645 3802 832 3868 duere,
864 3800 1033 3856 multo
1062 3801 1233 3871 magis
1260 3808 1436 3870 potest
1485 3799 1746 3870 Spiritum
1788 3811 2054 3868 sanctum,
2084 3817 2244 3872 quem

645 3894 892 3952 Christus
935 3892 1102 3960 misit,
1144 3891 1414 3962 accipere.
1470 3889 1738 3962 Cancrum
1779 3892 1956 3962 major
1990 3894 2096 3949 erit
2121 3893 2248 3948 mit-

647 3997 792 4044 teme
839 3987 929 4058 qui
985 3985 1182 4041 missus
1229 3993 1332 4052 est,
1392 3993 1449 4038 ut
1501 3985 1723 4055 incipiat
1778 3985 1909 4040 foris
1950 3985 2248 4058 baptizatus

645 4079 917 4138 Christum
968 4077 1184 4151 quidem
1233 4076 1504 4144 induisse,
1556 4076 1652 4134 sed
1692 4077 1952 4150 Spiritum
2001 4092 2244 4140 sanctum

2348 3156 2404 3212 in
2433 3155 2686 3211 Ecclesiae
2725 3153 3014 3223 baptismo,
3073 3160 3130 3207 ut
3155 3151 3414 3220 Spiritum
3443 3159 3692 3206 sanctum
3716 3151 3832 3222 jam
3862 3164 3966 3205 na-

2351 3257 2439 3304 tus
2463 3247 2710 3316 accipiat,
2741 3245 2883 3301 sicut
2907 3245 2960 3300 in
2989 3244 3166 3315 primo
3194 3242 3412 3298 homine
3442 3243 3613 3300 Adam
3638 3243 3839 3300 factum
3874 3250 3967 3298 est

2347 3341 2504 3412 (Gai.
2554 3337 2638 3411 tt).
2667 3341 2807 3395 Ante
2831 3339 2974 3395 enim
3023 3338 3168 3393 Deus
3206 3352 3328 3392 eum
3365 3337 3670 3408 plasmauit,
3714 3343 3771 3392 et
3823 3345 3969 3391 tunc

2349 3433 2640 3498 iusuiﬁavit
2670 3433 2725 3488 in
2753 3431 2946 3488 l‘aciem
2980 3430 3096 3501 ejus
3124 3430 3308 3485 ﬂatum
3335 3431 3480 3486 vitae.
3521 3429 3628 3485 Nec
3670 3427 3815 3483 enim
3846 3443 3961 3498 po-

2352 3535 2458 3583 test
2496 3525 2667 3591 accipi
2711 3523 2963 3593 Spiritus,
3000 3523 3103 3578 nisi
3145 3523 3295 3592 prius
3346 3522 3510 3578 fuerit
3553 3523 3641 3594 qui
3693 3521 3965 3591 accipiat.

2349 3618 2488 3674 Cum
2514 3628 2695 3673 autem
2719 3616 2972 3672 nativitas
2999 3613 3432 3671 Christianorum
3462 3616 3515 3671 in
3545 3615 3818 3686 baptismo
3847 3614 3929 3670 sit
3948 3657 3966 3682 ,

2351 3713 2606 3784 Baptismi
2638 3722 2816 3768 autem
2843 3711 3120 3784 generatio
3149 3720 3202 3767 et
3228 3708 3583 3766 sanctiﬁcatio
3609 3709 3752 3786 apud
3786 3708 3978 3765 solam

2351 3821 2604 3876 sponsam
2646 3804 2848 3860 Christi
2886 3805 2977 3871 sit,
3006 3821 3126 3875 quae
3157 3820 3346 3874 parere
3369 3802 3688 3876 Spiritaliter
3708 3811 3766 3857 et
3794 3819 3975 3875 gene-

2351 3914 2473 3954 rare
2495 3898 2634 3952 ﬁlios
2664 3899 2772 3952 Deo
2800 3897 2989 3968 possit,
3022 3897 3112 3954 ubi
3151 3907 3204 3953 et
3252 3913 3320 3952 ex
3349 3913 3452 3968 qua
3478 3905 3535 3952 et
3560 3897 3648 3954 cui
3674 3906 3842 3956 natus
3890 3906 3984 3955 est

2355 3992 2443 4062 qui
2476 3991 2617 4047 ﬁlius
2663 3989 2918 4046 Ecclesiae
2965 4005 3070 4046 non
3106 3999 3208 4052 est,
3267 4001 3324 4045 ιιι
3365 3991 3565 4048 habere
3612 3992 3734 4062 quis
3786 3993 3975 4064 possit

2353 4086 2519 4142 Deum
2577 4093 2781 4160 patrem
2832 4093 2955 4140 ante
3011 4084 3306 4142 Ecclesium
3338 4085 3606 4146 matrem?
3650 4083 3802 4144 Cum
3839 4099 3980 4143 vero

1883 4195 2125 4252 STEPH.
2170 4199 2437 4257 BALUZII
2475 4198 2707 4255 NOTAE}.

723 4293 816 4368 ιγ’,
841 4323 908 4332 .-
933 4289 1192 4368 Ρνοῖιιιιοε
1222 4298 1268 4368 et
1298 4301 1582 4368 extraneos.
1612 4288 1800 4368 Codex
1844 4291 2014 4368 sancti
2042 4294 2241 4349 Arnul-
2267 4295 2322 4357 D
2347 4310 2470 4368 esse
2496 4293 2706 4368 A_vi_t_um
2725 4291 3090 4368 _V_iennensetn
3115 4293 3285 4368 liquet
3305 4310 3370 4368 ex
3395 4295 3629 4352 secunda
3659 4296 3789 4366 ejus
3813 4298 3986 4368 Episs

655 4367 745 4440 phi
760 4359 1052 4440 extrarios.
1073 4359 1162 4440 Sic
1192 4361 1351 4440 etiam
1383 4360 1616 4440 habebat
1650 4359 1999 4418 Veronensis.

732 4439 793 4494 V.
816 4467 886 4477 —
907 4434 1010 4489 Cur
1037 4433 1212 4488 eadem
1241 4433 1501 4502 majestas.
1528 4431 1669 4503 Lege
1699 4449 1790 4486 cur
1812 4449 1917 4487 non
1941 4434 2116 4488 cadent
2140 4454 2250 4492 ma-

651 4511 830 4580 jcstas.
863 4503 1252 4580 Istudexcidit.
1285 4505 1450 4580 Error
1479 4503 1730 4580 inductus
1757 4512 1844 4558 est
1875 4519 1904 4558 a
1938 4504 2169 4577 Rigaltio
2196 4520 2252 4565 et

656 4575 998 4637 continuatus
1026 4578 1076 4630 in
1106 4575 1340 4632 editione
1368 4576 1679 4645 Anglicana.

731 4650 925 4732 Factus
952 4659 1021 4702 est
1052 4647 1130 4700 ,ιιι
1159 4647 1483 4732 ςόὲἰοιιίειιιδ
1515 4647 1809 4732 ErasmLet
1831 4645 2100 4732 ΔΙξῐοινιξιιὶζ,
2132 4665 2252 4732 qua!

659 4724 827 4796 magis
867 4721 1184 4796 placuerunt
1219 4718 1457 4796 Pamelio
1500 4733 1660 4788 quam
1701 4717 2008 4796 Manliana,
2059 4717 2252 4792 legitur

661 4788 824 4868 facias
852 4807 952 4845 non
981 4800 1074 4846 est.
1112 4789 1304 4868 Verum
1336 4788 1456 4868 libri
1485 4800 1694 4844 veteres
1722 4805 1828 4844 non
1863 4790 2062 4868 habent
2093 4788 2254 4862 nega-

659 4859 888 4927 iionem,
923 4879 1041 4930 qua)
1073 4859 1316 4931 profecto
1344 4860 1555 4916 videtur
1583 4875 1702 4916 esse
1733 4862 2005 4918 contraria
2036 4859 2255 4920 senten-

664 4942 751 4994 tim
783 4934 953 4991 sancti
981 4933 1254 5004 Cypriani.

734 5007 821 5064 V’l.
836 5036 909 5047 -—-
924 5002 1172 5062 Servavit.
1204 5002 1460 5060 Erasmus
1481 5004 1660 5076 posuit
1680 5003 1917 5060 saluauit.
1945 5005 2074 5074 Qum
2096 5006 2256 5064 lectio

662 5090 837 5140 exstat
858 5080 909 5132 in
934 5075 1144 5131 duobus
1170 5075 1803 5146 exemplaribusnostris,
1821 5086 1874 5133 et
1897 5078 1946 5131 in
1963 5077 2256 5133 Cambero-

658 5155 810 5210 nensi
832 5194 846 5216 ,
880 5159 937 5204 ut
968 5156 1190 5203 testatur
1222 5147 1506 5203 Pamelius.
1543 5150 1612 5202 At
1639 5145 1745 5203 alia
1778 5149 2036 5204 tredecim
2073 5160 2254 5205 nostra

660 5226 859 5282 habent
897 5219 1128 5274 servavit.
1176 5218 1241 5274 Et
1282 5227 1456 5276 tamen
1494 5220 1653 5275 lectio
1685 5219 1901 5275 inducta
1931 5221 1999 5276 ab
2031 5220 2258 5276 Erasmo

661 5293 940 5369 praevaluit
978 5291 1236 5369 hactenus
1279 5290 1330 5345 in
1359 5291 1621 5369 omnibus
1665 5292 2016 5369 editionibus.
2061 5291 2258 5348 Ctelius

658 5361 1039 5435 Calcagninus,
1075 5361 1147 5415 lib
1194 5379 1260 5427 ll,
1287 5363 1444 5432 epist.
1468 5365 1518 5428 9,
1547 5373 1734 5419 censet
1761 5363 2107 5420 scribendum
2140 5379 2258 5420 esse

657 5448 985 5496 servatorem
1003 5479 1018 5499 ,
1049 5449 1154 5487 non
1183 5435 1524 5488 salvatorem.

731 5507 838 5562 VII.
875 5538 944 5548 —
969 5507 1271 5577 lusu/ﬂavit.
1304 5505 1399 5560 llic
1421 5505 1570 5566 locus
1599 5521 1666 5562 ex
1693 5507 1872 5578 capite
1893 5507 2133 5564 secundo
2156 5507 2260 5563 Ge-

657 5592 850 5637 ncseos
878 5579 1191 5644 desumptus
1215 5578 1442 5634 refertur
1455 5578 1760 5644 secundum
1790 5577 2097 5638 versionem
2118 5579 2257 5635 anti-

649 5663 807 5721 quam
823 5664 924 5720 qua
941 5656 1158 5707 sanctus
1174 5648 1465 5722 Cyprianus
1489 5655 1772 5725 "labatur,
1797 5666 1902 5722 qua
1922 5651 2082 5705 etiam
2105 5665 2260 5712 usum

2351 4367 2459 4439 tola
2487 4365 2554 4419 ad
2569 4364 2974 4439 Cundobadum.
3009 4364 3375 4439 Reprehendit
3401 4378 3580 4423 autem
3614 4364 3823 4426 Avitus
3859 4364 3986 4427 illos

2351 4438 2441 4504 qui
2475 4437 2758 4508 utebantur
2787 4453 2848 4492 ea
2883 4437 3132 4493 versione
3167 4453 3269 4508 qua
3301 4453 3400 4493 nos
3431 4439 3592 4494 hodie
3622 4439 3874 4498 utimur.
3920 4443 3988 4497 Et

2353 4519 2532 4584 tamen
2551 4507 2911 4564 Tertulliauus
2926 4507 3076 4584 hunc
3098 4507 3273 4584 locum
3303 4507 3465 4584 refert
3482 4526 3548 4568 eo
3567 4511 3737 4584 modo
3762 4531 3885 4584 quo
3909 4516 3987 4570 illi

2355 4581 2642 4656 utebantur
2671 4595 2804 4656 quos
2842 4579 3030 4656 Avitus
3071 4581 3399 4656 perstringit.
3434 4580 3488 4656 In
3517 4583 3757 4656 epistola
3785 4579 3988 4656 'cujus-

2355 4651 2477 4706 dam
2519 4651 2729 4724 therti
2773 4650 2838 4724 de
2883 4653 3029 4724 obitu
3072 4650 3307 4723 Hugonis
3350 4650 3656 4724 deSnnCto
3705 4650 3986 4724 Victdre,

2356 4739 2514 4792 quam
2544 4721 2691 4800 R._P.
2724 4723 3033 4800 Edtnondus
3061 4721 3298 4800 Martene
3326 4723 3494 4779 edidit
3519 4727 3575 4800 i_n_
3599 4735 3760 4782 tomn
3787 4721 3990 4800 quinto

2346 4808 2582 4869 ‘suorum
2609 4795 3040 4869 Anecdutorum,
3087 4796 3350 4869 scriptum
3400 4805 3483 4869 est
3534 4795 3832 4868 Hugonerﬁ
3889 4801 3993 4857 sub

2358 4865 2465 4921 ictu
2511 4866 2730 4945 mortis,
2771 4881 2892 4945 cum
2931 4863 3267 4945 quaesivisset
3304 4867 3372 4922 ab
3401 4863 3730 4945 Otherto'an
3783 4874 3992 4945 aliquis

2359 4947 2556 5008 praeter
2594 4939 2763 5006 ipsum
2807 4937 2925 4992 hcic
2958 4937 3181 4994 adesset
3219 4950 3272 4993 et
3314 4954 3380 4992 an
3412 4955 3478 4993 eo
3507 4940 3596 4996 die
3624 4937 3996 5001 celebrasset

2359 5011 2609 5073 missam,
2646 5009 2734 5063 illo
2764 5010 3123 5077 restiondente
3155 5011 3424 5066 neminem
3457 5011 3618 5066 alium
3652 5013 3734 5068 ibi
3773 5031 3912 5073 esse
3939 5026 3994 5072 et

2359 5095 2419 5153 se
2448 5095 2513 5136 eo
2540 5079 2625 5134 die
2652 5081 2988 5153 celebrasse,
3018 5079 3294 5152 ﬂugonem
3314 5124 3328 5148 ,
3360 5083 3609 5153 inquam,
3639 5087 3688 5139 ei
3728 5087 3988 5144 dixisse:

2362 5152 2552 5224 Accede
2577 5159 2624 5205 et
2649 5152 2896 5224 insuﬂlate
2921 5153 2973 5205 in
2999 5154 3181 5222 {aciem
3206 5170 3370 5207 meam
3395 5152 3448 5207 in
3475 5156 3682 5209 modum
3718 5163 3910 5216 crucis
3939 5170 3994 5213 ut

2359 5223 2608 5304 accipiant
2640 5221 2894 5304 Spiritum
2945 5221 3193 5304 amictum.
3228 5225 3412 5298 Magna
3442 5224 3574 5304 ﬁdes
3599 5226 3870 5304 ﬁngentis
3895 5248 3996 5304 0p—

2363 5296 2523 5349 tantis
2564 5293 2826 5350 insulﬁari
2869 5295 2920 5350 in
2965 5293 3153 5350 faciem
3195 5293 3378 5358 suam,
3412 5307 3468 5351 ut
3497 5299 3540 5352 si
3571 5293 3766 5358 minus
3802 5293 3994 5362 imita-

2362 5367 2508 5446 tione
2540 5377 2715 5446 posset
2743 5366 2986 5446 accipere
3033 5367 3287 5446 Spiritum
3327 5380 3615 5446 sanctum,
3645 5384 3820 5446 certe
3864 5394 3994 5446 pro-

2363 5436 2504 5508 xime
2531 5436 2840 5508 accederet,
2867 5436 2929 5494 et
2959 5437 3029 5492 ita
3059 5436 3298 5496 securior
3325 5441 3425 5495 iret
3453 5440 3528 5496 ad
3550 5436 3874 5508 Christum:

2437 5506 2679 5583 _Flatum_._
2712 5506 3081 5583 Unus‘codex
3126 5511 3303 5583 regius
3353 5511 3705 5581 spiraculum,
3742 5506 3906 5579 sicut
3938 5524 3996 5579 in

2361 5579 2446 5635 vul
2485 5589 2571 5636 ata
2598 5580 2832 5636 editione
2857 5579 3147 5639 Geneseos.

2437 5595 2564 5706 inte
2594 5649 2877 5706 Ecclesium
2904 5663 3138 5706 matrem.

2484 5662 2564 5706 nte
2594 5649 2877 5710 Ecclesiam
2904 5663 3138 5710 matrem.
3168 5653 3426 5717 Uttdecim
3458 5656 3580 5716 libri
3605 5667 3841 5724 veteres
3861 5710 3877 5735 ,
3908 5670 3994 5726 Ιιιι-
