4262 6236
337 99 476 167 “5.3

833 97 842 121 ⁵
893 92 1167 161 CONTRA
1206 99 1587 165 EPISTOLAM
1625 101 1968 159 STEPHANI
2006 102 2095 159 DE
2133 98 2519 165 ll/EllETIClS
2548 94 3018 158 BAPTIZANDIS.
3064 96 3082 149 ζ

3474 98 3613 155 1154

336 215 481 271 nulla
530 212 750 270 omnino
787 211 1029 281 haeresis,
1070 213 1164 275 sed
1206 230 1379 287 neque
1417 214 1634 286 aliquod
1682 215 1917 270 scbisma
1944 215 1998 277 Α
2024 215 2223 271 militia:
2271 224 2605 271 sacramenta
2647 215 2940 282 solvantur,
2982 219 3277 270 castrorum
3319 213 3617 271 cmlestium

333 307 534 364 habere
561 307 807 365 salutaris
835 307 1085 377 baptismi
1125 309 1605 365 sanctificationem
1637 309 1766 365 foris
1794 325 1920 381 pos-

332 400 425 468 sit,
453 416 548 456 cur
571 400 621 453 in
664 409 865 454 tantum
913 400 1169 469 Stephani
1199 402 1378 456 fratris
1427 403 1595 458 nostri
1633 402 1923 458 obstinatio

333 492 469 549 dura
497 492 733 564 prorupit
762 502 819 548 ut
848 493 1005 551 etiam
1037 492 1103 550 de
1141 493 1421 550 Marcionis
1447 494 1716 566 baptismo
1737 538 1752 559 ,
1796 496 1923 552 item

339 587 602 645 Valentini
628 597 681 644 et
704 587 980 657 Apelletis,
1008 597 1061 644 et
1082 598 1397 645 cmterorum
1428 588 1916 659 blasphemantium

332 680 387 737 in
418 680 584 736 Deum
620 680 828 735 Patrem
860 679 1147 736 contendat
1176 682 1312 737 filios
1347 683 1457 737 Deo
1507 684 1678 750 nasci,
1710 692 1765 738 et
1814 683 1927 739 illic

330 775 387 834 in
415 774 631 832 nomine
651 773 777 831 Jesu
799 773 995 830 Christi
1024 773 1163 830 dicat
1190 775 1556 831 remissionem
1586 784 1927 847 peccatorum

331 872 449 929 dari
470 871 561 927 ubi
579 870 979 942 blasphematur
1003 871 1056 925 in
1082 870 1291 927 Patrem
1312 880 1366 928 et
1380 870 1433 926 in
1451 870 1733 927 Dominum
1758 871 1927 929 Deum

334 967 609 1023 Christum
627 966 651 1021 ?

408 1059 545 1117 Vlll.
575 1059 693 1127 Quo
732 1060 784 1114 in
824 1058 943 1114 loco
971 1058 1421 1115 considerandum
1472 1067 1575 1127 est,
1610 1057 1774 1114 frater
1805 1058 1931 1115 cba-

335 1156 566 1225 rissime,
589 1170 687 1228 pro
702 1155 807 1211 fide
828 1164 883 1211 et
906 1155 1163 1225 religione
1179 1155 1280 1215 loci
1294 1155 1662 1222 sacerdotalis,
1678 1170 1784 1227 quo
1810 1154 1931 1211 fun-

335 1254 534 1325 gimur,
572 1267 641 1307 an
689 1259 936 1308 constare
987 1250 1251 1307 sacerdoti
1278 1250 1371 1306 Dei
1401 1251 1534 1306 ratio
1563 1250 1615 1305 in
1641 1249 1726 1305 die
1749 1249 1935 1320 judicii

336 1347 774 1420 possitasserenti
786 1355 841 1402 et
854 1346 1103 1417 probanti
1120 1356 1173 1403 et
1187 1347 1239 1402 in
1253 1355 1529 1417 acceptum
1552 1346 1802 1402 referenti
1822 1344 1936 1400 bla-

335 1444 732 1517 sphemantium
775 1442 1115 1513 baptismate,
1148 1457 1269 1498 cum
1299 1441 1555 1498 Dominus
1579 1440 1937 1497 comminetur

335 1546 395 1594 et
420 1537 562 1593 dicat
588 1554 604 1591 :
634 1534 703 1591 Et
736 1550 872 1590 nunc
897 1542 1208 1606 praeceptum
1237 1533 1331 1588 hoc
1370 1533 1438 1588 ad
1465 1550 1550 1590 vos
1576 1542 1681 1600 est,
1711 1549 1741 1587 ο
1766 1548 1939 1587 sacer-

2026 309 2174 380 sigua
2199 308 2511 380 prodantur,
2540 308 2854 364 succumbat
2886 316 2942 363 et
2981 306 3133 363 cedat
3173 304 3411 361 Ecclesia
3443 306 3618 362 luere-

2029 403 2167 468 ticis,
2201 404 2286 458 lux
2315 403 2570 469 tenebris,
2601 401 2733 458 ﬁdes
2764 402 3028 473 perfidiis,
3064 416 3187 471 spes
3219 400 3613 472 dcsperationi,

2028 494 2164 550 ratio
2190 496 2382 563 errori,
2413 494 2784 549 immortalitas
2812 492 2991 560 morti,
3016 490 3247 548 Charitas
3262 491 3404 557 odio,
3422 492 3621 548 veritas

2030 589 2331 656 mendacio,
2359 588 2608 644 Christus
2637 587 2975 643 antichristo.
3008 585 3193 642 Merito
3224 595 3277 641 et
3307 586 3384 640 sic
3426 586 3478 640 in
3507 586 3623 641 dies

2030 684 2268 755 singulos
2296 684 2587 739 schismata
2617 692 2671 738 et
2698 683 2932 737 hmreses
2974 691 3221 753 surgunt,
3266 680 3507 735 crebrius
3544 689 3624 735 at—

2031 795 2133 850 que
2161 780 2380 834 uberius
2406 786 2748 846 excrescunt,
2776 787 2831 834 et
2873 776 3191 847 serpentinis
3233 776 3469 831 crinibus
3506 776 3627 847 pul-

2034 873 2263 930 lulantes
2304 872 2565 930 adversus
2617 869 2915 928 Ecclesiam
2965 869 3060 924 Dei
3103 867 3395 935 majoribus
3427 868 3629 923 viribus

2032 981 2360 1022 veneronum
2388 980 2605 1021 suorum
2629 965 2773 1019 virus
2797 970 3139 1035 expromunt,
3165 962 3288 1015 dum
3324 958 3430 1014 illis
3460 959 3629 1015 advo-

2034 1063 2244 1119 catione
2265 1060 2617 1133 quorumdam
2630 1068 2683 1116 et
2701 1058 2992 1114 auctoritas
3014 1066 3295 1128 praestatur
3315 1066 3365 1110 et
3384 1054 3625 1121 firmitas,

2037 1155 2162 1210 dum
2194 1154 2459 1224 baptisma
2484 1169 2672 1210 eorum
2693 1151 3019 1219 defenditur,
3052 1149 3179 1204 dum
3207 1148 3361 1217 fides,
3393 1147 3518 1202 dum
3542 1163 3635 1202 ven

2037 1250 2168 1305 ritas
2216 1248 2478 1320 proditur,
2526 1248 2653 1303 dum
2698 1246 2752 1302 id
2788 1245 2929 1317 quod
2964 1254 3152 1301 contra
3179 1243 3470 1299 Ecclesiam
3504 1241 3635 1298 foris

2039 1342 2240 1413 geritur
2264 1340 2407 1395 intus
2430 1340 2483 1394 in
2512 1340 2628 1410 ipsa
2652 1338 2897 1394 Ecclesia
2928 1337 3250 1394 vindicatur.

2113 1436 2203 1492 ιχ.
2235 1435 2388 1503 Quod
2428 1437 2474 1490 si
2508 1444 2594 1491 est
2632 1434 2771 1504 apud
2798 1449 2918 1502 nos,
2948 1433 3112 1490 frater
3133 1432 3499 1498 dilectissime,
3540 1432 3641 1489 Dei

2045 1532 2224 1596 timor,
2262 1531 2309 1586 si
2338 1538 2494 1586 tenor
2524 1530 2781 1600 praevalet
2819 1527 2974 1595 fidei,
3008 1529 3053 1584 si
3086 1528 3415 1584 custodimus
3441 1526 3644 1583 Christi

337 1630 501 1697 dotes,
532 1625 576 1685 si
608 1644 710 1683 non
766 1627 1049 1694 audieritis,
1100 1636 1148 1681 et
1184 1628 1355 1682 sinon
1383 1627 1652 1699 posueritis
1698 1627 1751 1680 in
1784 1625 1937 1681 corde
1964 1624 2013 1685 B
2039 1632 2336 1696 prmcepta,
2366 1624 2413 1679 si
2436 1623 2813 1693 incorruptam
2854 1632 3015 1691 atque
3064 1621 3379 1676 inviolatam
3430 1636 3646 1692 Sponsae

338 1733 502 1781 vestro
544 1730 599 1777 ut
632 1721 764 1777 detis
804 1721 1048 1777 honorem
1092 1720 1290 1775 nomini
1333 1737 1466 1785 meo,
1512 1720 1633 1775 dicit
1685 1718 1936 1774 Dominus

339 1818 680 1887 omnipotens,
711 1817 979 1871 immittam
1009 1816 1065 1870 in
1108 1831 1196 1870 vos
1227 1814 1670 1880 maledictionem,
1703 1824 1750 1868 et
1779 1815 1937 1869 male-

340 1914 509 1969 dicam
545 1911 940 1971 benedictione»:
980 1920 1202 1967 vestram
1254 1909 1508 1981 (Malach.
1554 1926 1611 1976 ιι,
1642 1910 1693 1977 1,
1722 1909 1801 1981 2).
1841 1909 1939 1964 Dat

342 2008 602 2063 honorem
634 2006 745 2061 Deo
769 2005 860 2076 qui
901 2004 1186 2061 Marcionis
1232 2003 1496 2073 baptismo
1543 2000 1939 2057 communicat?

345 2101 445 2157 Dat
473 2100 737 2157 honorem
768 2099 878 2154 Deo
903 2097 996 2169 qui
1021 2096 1162 2167 apud
1182 2110 1277 2151 eos
1300 2096 1391 2166 qui
1411 2095 1464 2151 in
1491 2095 1657 2150 Deum
1689 2093 1939 2165 blasphe-

342 2204 492 2251 mant
521 2193 896 2250 remissionem
927 2200 1272 2261 peccatorum
1301 2188 1415 2245 dari
1439 2187 1681 2261 judicat?
1712 2186 1812 2242 Dat
1843 2187 1941 2241 ho-

344 2304 533 2347 norem
564 2288 673 2343 Deo
704 2287 794 2358 qui
826 2285 955 2342 foris
985 2285 1054 2339 de
1097 2283 1337 2343 adultera
1365 2290 1421 2337 et
1462 2280 1748 2336 fornicaria
1794 2278 1941 2334 nasci

345 2383 461 2439 Deo
488 2381 627 2438 filios
654 2378 961 2439 asseverat?
1001 2378 1103 2433 Dat
1132 2375 1395 2432 honorem
1423 2372 1537 2429 Deo
1563 2374 1653 2443 qui
1683 2371 1944 2428 unitatem

345 2484 403 2532 et
428 2474 705 2531 veritatem
749 2470 819 2527 de
863 2469 1041 2531 divina
1081 2468 1201 2538 lege
1248 2466 1559 2522 venientem
1598 2480 1704 2520 non
1754 2472 1944 2519 tenens

347 2569 587 2625 haereses
604 2574 793 2622 contra
812 2562 1105 2619 Ecclesiam
1130 2559 1403 2617 vindicat?
1436 2559 1533 2614 Dat
1554 2557 1815 2615 honorem
1833 2556 1945 2611 Deo

344 2662 439 2734 qui
480 2660 860 2717 hereticorum
896 2656 1102 2711 amicus
1141 2661 1196 2709 et
1239 2652 1488 2707 inimicus
1516 2650 1943 2707 Christianorum

344 2754 655 2813 sacerdotes
682 2751 775 2807 Dei
794 2749 1071 2811 veritatem
1100 2744 1302 2809 Christi
1326 2752 1381 2801 et
1408 2742 1663 2799 Ecclesiae
1691 2742 1948 2796 unitatem

295 2878 299 2882 ~
349 2856 563 2904 tuentes
589 2841 939 2903 abstinendos
988 2840 1176 2913 putat?
1203 2838 1260 2894 Si
1308 2838 1387 2893 sic
1423 2836 1596 2893 honor
1628 2836 1738 2891 Deo
1768 2834 1945 2901 datur,

347 2941 395 2997 si
429 2942 505 2997 sic
532 2956 561 2994 a
592 2938 890 2996 cultoribus
921 2944 978 2991 et
1016 2932 1386 2989 sacerdotibus
1412 2931 1529 3002 ejus
1573 2929 1669 2985 Dei
1712 2931 1871 2985 timor
1896 2936 1952 2985 et

2038 1716 2155 1787 ejus
2181 1715 2517 1771 sanctitatem
2548 1722 2780 1779 tuemur,
2804 1715 2849 1769 si
2876 1713 3081 1769 haerent
3107 1714 3353 1769 sensibus
3382 1724 3435 1768 et
3462 1714 3643 1769 cordi-

2041 1808 2142 1864 bus
2167 1808 2366 1863 nostris
2395 1807 2559 1863 verba
2602 1792 2815 1861 Domini
2840 1806 3104 1865 dicentis:
3134 1804 3299 1861 Putas
3320 1824 3436 1861 cum
3459 1808 3649 1862 venerit

2043 1902 2183 1972 ﬁlius
2212 1900 2453 1968 Ιιοηιὶηἱδ,
2500 1900 2718 1955 inveniet
2743 1900 2898 1970 fidem
2926 1895 2981 1955 in
3009 1909 3146 1955 terra
3185 1899 3338 1975 (Luc.
3363 1917 3514 1969 xvm,
3546 1903 3601 1971 5)
3628 1900 3654 1955 ἳ

2044 1995 2168 2067 quia
2197 1995 2386 2050 fideles
2418 1993 2515 2049 Dei
2543 1992 2764 2059 milites,
2798 1994 2887 2064 qui
2911 1994 3020 2047 Deo
3048 1991 3154 2048 fide
3184 2001 3239 2047 et
3266 1992 3525 2063 religione
3546 1993 3657 2048 sin-

2049 2104 2177 2144 cera
2198 2088 2512 2152 militamus,
2536 2086 2825 2141 commissa
2849 2084 3005 2140 nobis
3030 2079 3284 2140 divinitus
3311 2093 3486 2140 castra
3519 2084 3652 2141 fide-

2046 2184 2083 2238 li
2110 2183 2310 2237 virtute
2340 2194 2638 2237 servemus.
2666 2178 2775 2235 Nec
2802 2176 3137 2234 consuetudo
3166 2192 3287 2249 quae
3311 2177 3451 2248 apud
3482 2192 3649 2248 quos-

2048 2274 2171 2329 dam
2228 2274 2546 2342 obrepserat
2594 2271 2857 2342 impedire
2905 2270 3065 2326 debet
3116 2270 3405 2341 quominus
3450 2272 3651 2327 veritas

2049 2366 2339 2438 praevaleat
2384 2373 2438 2422 et
2480 2364 2676 2419 vincat.
2720 2362 2851 2418 Nam
2892 2360 3228 2417 consuetudo
3278 2362 3394 2417 sine
3425 2363 3655 2420 veritate

2050 2470 2287 2518 vetustas
2312 2460 2513 2515 erroris
2533 2468 2632 2514 est.
2663 2457 2893 2529 Propter
2923 2458 3088 2530 quod,
3112 2458 3301 2513 relicto
3325 2473 3530 2526 errore,
3561 2475 3651 2515 se-

2050 2570 2275 2627 quamur
2301 2553 2604 2620 veritatem,
2638 2552 2869 2607 scientes
2899 2553 3024 2624 quia
3053 2562 3106 2607 et
3133 2552 3275 2623 apud
3300 2553 3523 2609 Esdram
3558 2570 3655 2610 ve-

2050 2649 2181 2703 ritas
2202 2647 2369 2702 vincit
2394 2688 2407 2710 ,
2436 2646 2573 2701 sicut
2599 2644 2854 2715 scriptum
2883 2654 2967 2699 est
2996 2662 3010 2699 :
3052 2643 3252 2700 Veritas
3296 2656 3465 2701 manet
3492 2656 3538 2702 et
3572 2648 3654 2703 in-

2050 2739 2255 2795 valescit
2283 2740 2337 2793 in
2365 2749 2609 2794 wternum
2637 2747 2683 2791 et
2712 2736 2826 2791 vivit
2870 2748 2918 2791 et
2943 2735 3129 2791 obtinet
3170 2738 3223 2791 in
3262 2738 3453 2792 stecula
3488 2728 3652 2793 saecu—

2054 2834 2240 2889 lorum.
2278 2830 2392 2885 Nec
2425 2839 2496 2887 est
2523 2832 2666 2901 apud
2692 2846 2803 2885 eam
2833 2831 3062 2902 accipere
3088 2846 3361 2902 personam
3383 2847 3473 2885 nec
3504 2830 3655 2900 diﬁ'e-

2052 2927 2266 2992 rentias,
2291 2925 2379 2982 sed
2404 2940 2517 2997 quae
2536 2932 2651 2977 sunt
2668 2924 2817 2992 justa
2842 2924 2999 2994 facit,
3030 2940 3119 2978 nec
3150 2933 3223 2978 est
3247 2923 3301 2979 in
3316 2925 3519 2996 judicio
3547 2927 3657 2996 ejus

346 3035 630 3108 disciplina
671 3040 934 3097 servatur,
982 3027 1299 3100 abjiciamus
1345 3040 1515 3091 arma,
1543 3039 1732 3079 manus
1761 3023 2024 3088 demusC
2057 3021 2310 3092 iniquum,
2357 3018 2447 3073 sed
2493 3015 2774 3087 fortitudo,
2825 3025 2873 3071 et
2923 3033 3155 3088 regnum,
3188 3026 3235 3071 et
3284 3018 3557 3087 majestas,
3611 3025 3660 3071 et

350 3132 407 3188 in
432 3129 817 3202 captivitatem,
841 3123 1113 3181 tradamus
1134 3120 1349 3177 diabolo
1370 3119 1759 3175 ordinationem
1780 3118 1953 3174 Evan-

350 3226 499 3299 gelii,
530 3220 937 3294 dispositionem
963 3215 1196 3284 Christi,
1228 3213 1563 3286 majestatem
1596 3211 1727 3277 Dei,
1751 3210 1946 3266 divinae

2061 3124 2283 3187 potestas
2305 3112 2533 3167 omnium
2553 3110 2879 3165 steculorum.
2911 3108 3214 3165 Benedictus
3236 3108 3491 3165 Dominus
3519 3110 3661 3165 Deus

2053 3210 2279 3265 veritatis
2309 3204 2410 3280 (ιιι
2440 3203 2596 3261 Esdr.
2623 3220 2698 3271 ιν,
2731 3203 2948 3276 5440).
2978 3203 3151 3273 Quam
3194 3202 3475 3260 veritatem
3505 3202 3662 3260 nobis

1557 3325 1639 3386 ST
1643 3324 1798 3382 EPH.
1828 3324 1913 3379 BA
1924 3320 2105 3380 LUZII
2142 3320 2372 3378 ΝΟΤΔΕ.

355 3454 469 3511 beat
508 3461 627 3509 ante
665 3448 949 3508 Ecclesium
980 3453 1211 3501 matrem.
1244 3444 1353 3499 Sed
1379 3456 1481 3496 vos
1511 3440 1695 3495 habeat
1720 3437 1959 3511 deestgin

355 3508 533 3583 tribus
560 3524 748 3581 itidem
778 3520 1013 3589 antiquis
1042 3529 1098 3575 et
1127 3518 1183 3573 in
1204 3514 1545 3589 editionibus
1574 3511 1826 3580 antiquis.
1862 3508 1962 3589 S_u—

357 3582 459 3671 Pl‘a
481 3598 640 3671 69381.
664 3614 730 3666 ι,
757 3610 877 3668 pag.
905 3582 1008 3648 20:
1039 3590 1167 3644 Ante
1194 3586 1401 3643 Domini
1430 3600 1605 3655 pacem
1632 3594 1791 3637 mater
1817 3582 1959 3653 prior

357 3680 545 3726 sumat.

432 3723 685 3814 Stephani
721 3738 901 3814 fratris
923 3734 1101 3814 nostri
1141 3730 1433 3814 obstinatio.
1468 3726 1786 3814 Vincentius
1821 3723 1961 3814 [siri-

359 3796 566 3880 nensis,
616 3829 664 3868 c.
710 3796 802 3875 ἐτι,
828 3809 963 3880 dixit
996 3814 1135 3880 tanta
1166 3804 1442 3880 adamante
1473 3798 1799 3880 pertinaciae:
1832 3796 1962 3880 Cas-

360 3865 640 3945 deﬁnias;
652 3865 756 3937 lib.
783 3865 852 3944 ιν,
883 3877 1041 3948 epist.
1071 3874 1331 3948 5,_cru_da
1359 3865 1724 3948 obstination_e._
1748 3865 1961 3948 Consti-

362 3938 499 4013 tutio
524 3938 778 4012 Gratiani
818 3938 873 4006 et
897 3938 1258 4006 Valentiniani
1290 3945 1342 3998 in
1376 3941 1529 3997 titulo
1556 3940 1758 4013 codicis
1785 3938 1966 4013 Τυθὼ

363 4010 575 4084 dosiani
596 4025 666 4082 de
686 4023 975 4085 haereticis,
998 4016 1309 4073 consuetudo
1334 4011 1691 4085 obstinationis
1708 4010 1958 4085 pertinax.

363 4082 567 4156 Contra
607 4094 899 4167 pertinacia
942 4082 1153 4167 virtutis
1194 4087 1335 4167 apud
1365 4086 1636 4167 Valerium
1676 4082 1966 4167 Manimum

366 4152 463 4227 lib.
488 4152 580 4238 ﬁt“,
606 4152 725 4240 cap.
744 4168 799 4221 2.
823 4163 1188 4240 Pertinaciam.
1206 4152 1350 4240 enim
1376 4154 1665 4227 aliquando
1690 4155 1745 4236 in
1770 4152 1967 4235 bonam

365 4227 877 4314 partem-acceptam
906 4251 1042 4314 esse
1082 4249 1112 4286 a
1152 4231 1387 4314 Duronio
1427 4244 1527 4284 nos
1566 4227 1872 4283 monuimus
1914 4227 1967 4277 in

366 4302 511 4370 notis
536 4313 603 4368 ad
629 4302 1322 4380 Cap-ittxlaria,_DQS-_11u-
1466 4372 1477 4380 ,
1667 4370 1677 4380 ,
1760 4378 1768 4380 μ
1890 4367 1901 4377 .

438 4370 949 4441 Vill.——Sacerdoti
980 4370 1100 4431 Dei:
1124 4375 1200 4430 Ita
1232 4389 1325 4430 sex
1358 4371 1478 4427 libri
1512 4370 1681 4425 nostri
1722 4378 1777 4441 et
1813 4370 1972 4441 quiu-

367 4438 476 4530 que
492 4438 804 4530 fdinglicani.
839 4455 1010 4530 Antea
1041 4448 1349 4530 legebatur:
1385 4442 1685 4530 Sacerdotis
1839 4438 1971 4492 ratio

368 4513 423 4583 in
453 4529 539 4582 die
553 4513 740 4597 jridicii
771 4513 1224 4597 possitasserEntis
1251 4528 1298 4597 et
1329 4513 1682 4585 prwsumentis
1710 4522 1756 4566 et
1783 4513 1835 4565 in
1880 4526 1971 4563 ac-

370 4590 575 4671 ceptum
602 4590 868 4671 referentis
898 4590 1380 4671 blasphema‘ritium.‘

446 4655 884 4725 Divinm'militia:
908 4655 1083 4718 sacrm.
1119 4659 1260 4715 Infra
1291 4661 1342 4713 in
1375 4658 1514 4713 libro
1545 4656 1609 4710 de
1636 4655 1813 4725 Lapis,
1850 4668 1970 4723 pag.

374 4724 515 4800 183:
550 4739 741 4794 Christi
767 4746 1139 4791 sacramentum
1168 4732 1449 4785 temeritate
1472 4724 1723 4800 praecipiti
1750 4724 1972 4800 solvere-

375 4796 478 4869 iiii.
520 4813 743 4869 Sumpta
784 4808 883 4862 ista
923 4824 989 4861 ex
1028 4804 1304 4869 disciplina
1347 4801 1585 4855 militari.
1623 4798 1752 4853 Vide
1777 4796 1976 4852 Godes-

374 4885 622 4942 chalcum
650 4870 1013 4939 Stewecbium
1039 4876 1103 4929 ad
1125 4870 1403 4945 Vegetiurn
1421 4915 1441 4945 ,ί
1462 4872 1549 4925 ubi
1575 4879 1721 4945 recte
1748 4870 1975 4923 formam

376 4956 703 5012 sacramenti
743 4952 967 5007 militum
1007 4942 1314 5017 explicavit.
1351 4943 1484 4999 Vide
1523 4942 1683 5017 etiam
1726 4948 1974 5017 sanctum

377 5010 640 5084 Joannem
669 5010 1115 5095 Chrysostomum
1141 5019 1193 5073 in
1218 5017 1373 5073 initio
1402 5012 1653 5071 secundae
1685 5010 1977 5083 parmnesis

378 5101 445 5155 ad
473 5097 817 5155 Theodorqu
848 5096 1074 5163 lapsum.

449 5171 749 5227 Castrorum
788 5156 1084 5220 caelestium.
1133 5163 1302 5215 Antea
1350 5156 1634 5229 legebatur
1675 5167 1973 5229 sacrorum,

382 5223 542 5299 nullo
576 5223 755 5298 Sensu.
808 5234 1161 5293 Restituimus
1200 5247 1385 5287 veram
1408 5223 1717 5285 'leetionem
1759 5242 1825 5281 ex
1874 5223 1977 5277 fide

384 5316 569 5371 decem
596 5324 832 5368 veterem
858 5307 1262 5375 exemplarium.
1373 5374 1381 5376 _
1539 5373 1548 5376 _
1820 5366 1847 5376 γ’
1932 5363 1943 5374 ι

458 5386 691 5442 Uberius.
726 5384 871 5436 Hanc
898 5373 1183 5434 lectionem
1207 5374 1509 5429 invenimus
1538 5373 1589 5424 in
1619 5384 1711 5442 seu
1741 5373 1977 5442 antiquis

388 5436 903 5514 codicibusinostris
947 5460 1002 5506 et
1046 5449 1098 5504 in
1146 5448 1379 5517 quinque
1424 5440 1753 5518 Anglicanis.
1780 5436 1978 5518 .Antea

389 5509 1177 5601 sold—ptumierat‘liberiusnﬁic'
1213 5522 1263 5601 in
1294 5509 1453 5570 calce
1487 5509 1972 5601 istiushf'ipi‘stollgm,

392 5580 525 5673 ᾖξ’έῖ
539 5580 845 5673 ἶῌξιῄίιὶο
878 5593 1083 5651 librarii
1118 5590 1355 5673 positum
1383 5593 1510 5673 ριν-ε
1546 5580 1979 5673 ἰιιᾉγιιιιὲξοιιίςε

390 5653 684 5743 advideri.
714 5669 943 5727 libertate
971 5681 1067 5737 pro
1098 5653 1345 5720 ubertate.
1383 5657 1440 5715 In
1471 5653 1825 5727 Burgundico
1872 5668 1973 5707 re—

2062 3438 2178 3508 peri
2205 3436 2259 3490 in
2287 3434 2426 3491 libro
2453 3434 2518 3488 de
2546 3431 2742 3508 Habitu
2776 3431 3065 3508 Virginum,
3094 3447 3216 3504 pag.
3225 3430 3382 3508 _i75:
3412 3430 3665 3508 Εαειιιια..

2062 3504 2170 3563 ium
2210 3508 2439 3577 libertate
2478 3505 2754 3577 locupletes
2794 3521 2905 3577 pro
2934 3506 3180 3577 ubertate.
3225 3504 3379 3577 EtAin
3418 3506 3560 3563 libro
3598 3510 3664 3565 de

2067 3579 2313 3634 Oratione
2344 3575 2638 3643 Dominica,
2674 3592 2794 3647 pag.
2825 3576 2952 3643 ‘207,
2985 3576 3037 3629 in
3070 3576 3258 3631 codice
3289 3575 3574 3647 Pithmano
3612 3592 3669 3636 et

2064 3651 2116 3706 lu
2161 3650 2384 3706 Thuano
2426 3650 2663 3721 bonitatis
2705 3648 2909 3721 libertas
2944 3662 3048 3721 pro
3073 3647 3294 3721 ubertas.
3324 3646 3383 3702 In
3416 3650 3518 3705 hac
3550 3653 3668 3721 ipsa

2066 3722 2305 3794 Epistola
2323 3736 2483 3794 Lxxrv
2502 3720 2565 3773 ad
2584 3719 2921 3794 Pompeium,
2942 3719 2993 3771 in
3013 3718 3201 3773 codice
3216 3719 3477 3787 Lamonii,
3502 3718 3665 3792 paulo

2068 3789 2189 3866 post
2219 3810 2353 3860 aqua
2380 3790 2592 3866 collecta
2621 3790 2797 3866 eadem
2827 3789 3054 3842 libertate
3097 3789 3519 3866 repraesentetur:
3544 3796 3667 3850 [Pro

2067 3860 2175 3937 quo
2202 3866 2291 3919 alii
2318 3862 2533 3937 codices
2558 3871 2615 3937 et
2638 3861 2905 3937 editiones
2932 3869 3079 3937 recte
3106 3860 3306 3937 habent
3333 3863 3575 3937 ubertate.
3604 3866 3667 3921 In

2070 3930 2210 3992 libro
2239 3937 2303 3989 de
2327 3932 2503 3987 Laude
2545 3931 2787 4002 Martyrii
2827 3932 2879 4005 in
2920 3930 3157 3985 editione
3190 3930 3428 4005 biorellii
3471 3934 3664 4005 legitur

2070 4008 2271 4062 uberius
2300 4015 2447 4073 atque
2476 4005 2795 4072 propensius.
2842 4002 2947 4056 Pro
2976 4018 3084 4071 quo
3112 4003 3328 4073 quidam
3362 4004 3484 4059 libri
3514 4002 3663 4063 vete-

2073 4095 2160 4134 res
2190 4078 2387 4132 habent
2418 4074 2643 4128 liberius.

2146 4150 2402 4205 Crinibus.
2435 4146 2692 4214 Quamvis
2728 4146 2843 4200 baec
2881 4144 3041 4200 lectio
3084 4160 3189 4199 non
3230 4147 3529 4214 reperiatur
3560 4150 3667 4205 nisi

2074 4224 2130 4278 in
2153 4223 2385 4292 quinque
2409 4217 2827 4292 exemplaribus,
2851 4233 2954 4292 non
2978 4215 3165 4292 dubito
3189 4220 3511 4292 tamen_quiu
3536 4236 3666 4290 pra:-

1996 4304 2049 4364 ι)
2076 4287 2315 4349 ἴθι-ὁπόθ’
2338 4291 2408 4364 sit
2439 4292 2493 4364 ei
2525 4306 2644 4364 quin
2669 4288 2984 4364 jamdudum
3014 4288 3332 4364 invaluerat.
3362 4287 3479 4364 Non
3505 4287 3663 4348 video

2076 4367 2220 4422 enim
2252 4362 2378 4435 quid
2407 4362 2711 4435 significent
2734 4359 3073 4435 hzecverba,
3107 4361 3407 4430 serpentinis
3437 4364 3662 4435 crinibus

2078 4432 2413 4511 pullulantes.
2439 4434 2667 4511 Agnovit
2684 4432 2945 4511 Rigaltius
2962 4434 3063 4486 hoc
3080 4446 3201 4511 esse
3219 4447 3433 4511 verum.
3448 4434 3500 4490 In
3518 4451 3664 4511 erra-

2076 4503 2144 4565 iis
2172 4510 2313 4564 enim
2344 4503 2551 4559 monuit
2572 4503 2948 4575 reponendum
2973 4518 3093 4575 esse
3118 4503 3361 4575 crinibus.
3390 4503 3661 4573 Horatius,

2075 4581 2171 4636 lib.
2204 4595 2290 4647 ιιι,
2317 4576 2419 4632 ode
2441 4577 2529 4632 διε
2558 4574 2771 4630 Intbrtis
2791 4574 2993 4647 capillis
3014 4574 3355 4647 Eumenidum
3374 4588 3667 4632 recreantur

2077 4645 2289 4725 angues.
2314 4650 2471 4725 [dent
2486 4648 2789 4725 epodon_v_:
2814 4645 3031 4725 Canidia
3054 4645 3666 4725 brevibus_impli_catu_vi—

2079 4716 2214 4797 peris
2233 4725 2416 4797 crines.
2440 4716 2843 4797 Sciteca_hledea
2864 4735 2877 4770 :
2898 4718 3083 4797 Adeste
3118 4716 3319 4797 sceleris
3338 4720 3543 4797 ultrices
3558 4721 3666 4775 dea:

2079 4787 2269 4851 crinem
2297 4793 2478 4847 solutis
2500 4791 2747 4861 squalida:
2776 4789 3105 4861 serpentibus.
3128 4787 3387 4861 Lucanus
3413 4791 3508 4845 lib.
3538 4807 3590 4844 v1
3614 4810 3627 4845 :

2233 4865 2295 4914 Et
2326 4876 2465 4913 coma
2496 4858 2715 4925 vipereis
2746 4860 3095 4925 substringitur
3128 4858 3323 4907 horrida
3354 4864 3522 4925 sertis.

2079 4929 2383 4985 Ludovicus
2410 4922 2607 4980 Caelius
2638 4922 2990 4991 Rhodiginus,
3028 4923 3120 4976 lib.
3151 4937 3201 4987 ι,
3233 4936 3350 4991 cap.
3376 4922 3467 4990 40,
3502 4923 3669 4978 refert

2081 5018 2145 5057 ex
2168 5003 2442 5055 Avicenna
2466 5003 2745 5066 serpentes
2768 5009 2834 5047 ex
2859 4995 3142 5048 mulierum
3170 4994 3438 5063 prascipue
3457 4995 3669 5064 capillis

2079 5073 2309 5140 concipi.
2336 5069 2577 5123 Similem
2603 5080 2844 5140 errorem
2868 5067 3168 5120 notavimus
3187 5066 3241 5119 in
3264 5073 3408 5121 tomo
3429 5067 3667 5122 secundo

2080 5136 2486 5211 Capitularium,
2511 5154 2624 5208 pag.
2648 5136 2772 5211 987_.

2154 5205 2245 5268 ix.
2270 5205 2690 5264 -1ηυίοίαιὶιηι,
2723 5206 2904 5261 Codex
2938 5205 3198 5263 Fuxensis
3217 5250 3232 5276 ,
3264 5209 3667 5265 immaculatum.

2153 5282 2474 5341 Consuetudo
2497 5283 2606 5336 sine
2627 5280 2854 5334 veritate.
2873 5276 3015 5334 Citat
3039 5278 3175 5333 hunc
3201 5281 3374 5335 locum
3393 5322 3410 5347 ,
3436 5283 3532 5337 sed
3560 5300 3668 5338 non

2083 5357 2353 5413 nominato
2374 5354 2660 5423 Cypriano,
2690 5350 2936 5423 Angelus
2951 5349 3253 5423 Politianus
3268 5353 3319 5406 in
3352 5354 3669 5423 praefatione

2082 5420 2546 5485 miscellaneorum
2593 5438 2831 5477 suorum.
2876 5420 2964 5476 Ait
3001 5422 3175 5475 enim:
3218 5420 3443 5479 Pulchre
3482 5426 3555 5479 sic
3596 5427 3671 5478 ait

2082 5501 2323 5567 quidam:
2355 5496 2675 5551 Consuetudo
2705 5494 2811 5567 sine
2842 5494 3048 5567 veritate
3074 5503 3292 5567 vetustas
3341 5498 3530 5550 erroris
3569 5506 3661 5553 est.

2084 5565 2226 5629 Citat
2254 5571 2415 5625 etiam
2442 5567 2730 5624 Gratianus
2757 5566 2881 5620 dist.
2912 5565 2946 5620 8
2966 5607 2981 5629 ,
3010 5578 3130 5635 cap.
3164 5565 3511 5623 Consuetudo.
3540 5568 3677 5625 Vide

2086 5653 2240 5703 notas
2265 5642 2330 5698 ad
2356 5638 2639 5711 epistolam
2672 5652 2835 5703 um,
2867 5651 2967 5709 pag
3017 5636 3143 5695 498.
