4216 6262
690 454 830 511 1159

1757 453 2087 520 EPISTOLA
2132 462 2191 515 ς.
2233 458 2553 517 CYPRIANI
2595 459 2686 514 AD
2724 457 3033 529 MAGNUM,

3843 461 3977 517 1140

690 584 747 632 et
771 572 1116 630 antichristos
1144 583 1169 609 εί
1194 586 1383 629 omnes
1409 587 1530 631 esse
1554 587 1687 645 quos
1718 580 1929 630 constet
1954 590 1981 628 a
2013 575 2279 634 charitate

2390 578 2477 632 ciet
2501 576 2775 649 Lbaptisma
2803 577 2849 644 (Ι
2878 574 2998 632 Ρει.
3047 592 3126 645 ιιι,
3155 566 3248 646 20,
3279 576 3399 649 2i),
3428 574 3663 648 probans
3692 586 3716 613 ε
3746 583 3803 632 et
3846 591 3975 632 con-

693 677 857 738 atque
913 665 981 722 ab
1027 666 1229 722 unitate
1280 667 1538 723 Ecclesim
1588 666 1866 723 catholicae
1912 669 2203 725 recessisse
2230 669 2279 728 1’.

692 758 887 816 Adhuc
908 775 1119 833 quoque
1152 760 1410 815 Dominus
1426 759 1478 814 in
1509 760 1802 832 Evangelia
1826 776 1926 817 suo
1961 764 2106 835 ponit
2126 773 2180 819 et
2198 763 2278 820 di-

693 850 769 905 cit
795 869 808 906 :
833 851 894 907 Si
916 868 1032 907 vero
1060 862 1105 907 et
1134 851 1417 906 Ecclesium
1437 854 1813 923 contempserit,
1836 855 1900 908 sit
1922 854 2008 908 tibi
2024 866 2283 927 tamquam
2306 890 2307 893 η

688 946 923 1001 ethnicus
977 957 1023 1000 et
1078 946 1380 1017 publicanus
1410 946 1625 1017 (Matth.
1677 963 1825 1012 ινιιι,
1864 948 1975 1020 i7).
2019 947 2074 1004 Si
2104 957 2280 1005 autem

693 1040 786 1112 qui
820 1040 1118 1097 Ecclesiam
1167 1051 1522 1096 contemnunt
1568 1040 1767 1097 ethnici
1813 1051 1866 1097 et
1899 1042 2159 1111 publicani
2189 1041 2284 1098 ha-

688 1133 909 1201 bentur,
942 1134 1111 1189 multo
1152 1135 1320 1205 magis
1349 1134 1532 1205 utique
1580 1135 1808 1189 rebelles
1838 1145 1892 1191 et
1918 1133 2102 1189 hostes
2152 1135 2281 1191 falsa

692 1229 883 1283 altaria
915 1238 968 1284 et
996 1229 1176 1283 illicita
1227 1227 1527 1283 sacerdotia
1559 1238 1613 1284 et
1642 1228 1901 1283 sacrilicia
1942 1230 2202 1301 sacrilega
2231 1240 2285 1285 et

692 1321 914 1377 nomina
956 1321 1256 1376 adulterata
1279 1320 1540 1393 ﬁngentes
1583 1321 1724 1376 inter
1754 1321 2001 1377 ethnicos
2029 1331 2082 1377 et
2109 1321 2284 1392 publi-

692 1428 859 1470 canos
889 1430 1111 1470 necesse
1140 1425 1224 1471 est
1260 1422 1661 1486 computentur,
1693 1415 1908 1486 quando
1936 1416 2140 1470 minora
2160 1432 2285 1488 pec-

690 1517 877 1563 cantes
915 1515 970 1561 et
998 1514 1202 1561 tantum
1251 1507 1507 1563 Ecclesiae
1553 1517 1956 1581 contemptores
2000 1506 2205 1564 ethnici
2230 1518 2285 1565 et

692 1599 969 1670 publicani
993 1601 1257 1655 sententia
1283 1600 1493 1655 Domini
1520 1599 1853 1671 judicentur.

769 1691 833 1747 ll.
857 1692 1011 1759 Quod
1038 1703 1215 1748 autem
1246 1691 1487 1748 Ecclesia
1511 1709 1614 1748 una
1636 1694 1706 1749 sit
1724 1692 1964 1749 declarat
1990 1692 2041 1747 in
2067 1693 2287 1749 Cantico

693 1784 1029 1841 canticorum
1075 1784 1305 1855 Spiritus
1353 1796 1569 1841 sanctus
1610 1801 1674 1841 ex
1708 1800 1934 1856 persona
1977 1784 2179 1841 Christi
2206 1784 2288 1840 di-

695 1896 827 1935 cens
862 1897 875 1933 :
909 1878 1024 1935 Una
1047 1890 1120 1935 est
1137 1881 1367 1935 columba
1390 1898 1519 1946 mea,
1552 1882 1773 1951 perfecta
1796 1896 1926 1945 mea,
1950 1898 2053 1934 una
2074 1890 2147 1935 est
2170 1897 2282 1934 ma-

2387 678 2591 726 testans
2637 685 2796 725 unam
2824 684 3003 724 arcam
3031 668 3146 725 Noe
3186 679 3372 743 typum
3413 669 3581 727 fuisse
3605 671 3763 728 unius
3792 670 3977 728 Eccle-

2386 765 2500 819 siae.
2535 763 2591 819 Si
2620 763 2792 835 potuit
2818 773 2943 818 tunc
2976 763 3030 817 in
3071 764 3164 817 illo
3192 764 3390 834 expiati
3415 762 3435 801 τ
3471 762 3735 835 purificati
3792 764 3975 820 mundi

2386 858 2653 929 baptismo
2680 857 2863 912 salvus
2887 872 2984 928 per
3009 872 3202 924 aquam
3237 857 3351 913 fieri
3380 857 3471 928 qui
3502 858 3553 912 in
3583 872 3709 912 arca
3735 854 3849 913 Noe
3869 875 3970 912 non

2387 950 2509 1018 fuit,
2541 959 2720 1022 potest
2774 961 2829 1005 et
2870 965 3013 1005 nunc
3038 948 3301 1007 viviﬁcari
3353 965 3450 1022 per
3497 949 3762 1023 baptisma
3788 952 3880 1021 qui
3927 953 3975 1005 in

2388 1043 2628 1099 Ecclesia
2658 1058 2761 1097 non
2808 1052 2912 1111 est,
2951 1043 3038 1098 cui
3077 1043 3176 1099 soli
3235 1042 3499 1113 baptisma
3526 1058 3842 1098 concessum
3874 1053 3976 1098 est.

2388 1137 2493 1192 Sed
2521 1147 2572 1192 et
2602 1136 2800 1191 Paulus
2838 1136 3112 1206 apostolus
3158 1136 3262 1191 hoc
3289 1135 3428 1190 idem
3457 1134 3633 1191 adhuc
3661 1138 3899 1206 apertius
3925 1147 3981 1192 et

2388 1231 2588 1287 clarius
2620 1240 2643 1277 ε
2674 1230 3023 1285 manifestans
3060 1229 3124 1283 ad
3159 1228 3423 1299 Ephesios
3473 1230 3663 1285 scribit
3708 1237 3765 1285 et
3802 1229 3933 1285 dicit
3962 1249 3975 1283 :

2389 1323 2621 1379 Christus
2661 1324 2839 1378 dilexit
2870 1322 3175 1389 Ecclesium,
3202 1332 3248 1376 et
3275 1339 3326 1377 se
3347 1324 3513 1392 ipsum
3536 1324 3748 1378 tradidit
3772 1339 3869 1395 pro
3898 1341 3973 1388 ea,

2387 1425 2445 1469 ut
2485 1432 2596 1469 eam
2640 1415 3021 1482 sanctiﬁcaret,
3076 1430 3302 1485 purgans
3354 1430 3465 1468 eam
3530 1416 3732 1469 lauacro
3785 1414 3977 1485 aquae

2392 1508 2609 1582 (Ephes.
2639 1523 2691 1572 ν,
2722 1508 2814 1570 25,
2839 1509 2957 1579 26).
2990 1507 3145 1574 Quod
3175 1507 3219 1562 si
3254 1520 3355 1561 una
3398 1516 3481 1563 est
3506 1507 3773 1576 Ecclesia,
3804 1524 3926 1579 qua:
3951 1525 3979 1563 a

2388 1599 2605 1655 Christo
2629 1600 2867 1671 diligitur
2891 1610 2945 1655 et
2984 1601 3194 1655 lavacro
3242 1600 3360 1671 ejus
3386 1600 3499 1654 sola
3542 1609 3819 1672 purgatur,
3854 1617 3955 1672 quo

2390 1692 2551 1748 modo
2579 1692 2668 1763 qui
2698 1693 2748 1746 in
2781 1691 3018 1747 Ecclesia
3047 1708 3150 1747 non
3174 1700 3257 1747 est
3286 1701 3376 1746 aut
3396 1692 3545 1763 diligi
3574 1708 3604 1746 a
3636 1692 3860 1749 Christo
3890 1705 3979 1748 aut

2390 1786 2531 1840 ablui
2557 1794 2611 1841 et
2640 1786 2853 1856 purgari
2882 1786 3095 1839 lavacro
3120 1784 3237 1855 ejus
3265 1792 3443 1855 potest
3467 1784 3490 1836 ?

2462 1878 2792 1947 lll.Pr0pter
2820 1877 2962 1945 quod
2996 1892 3117 1932 cum
3147 1876 3261 1931 sola
3291 1877 3533 1932 Ecclesia
3558 1877 3758 1932 habeat
3785 1890 3982 1949 aquam

700 1974 767 2027 tri
790 1988 897 2027 sua:
920 1973 1079 2027 electa
1098 1973 1332 2044 genitrici
1358 1989 1464 2027 sua:
1486 1972 1658 2045 (Cant.
1689 1989 1761 2040 Vl,
1795 1972 1850 2043 9)
1878 1990 1892 2038 ;
1916 1972 1983 2028 de
2014 1987 2119 2045 qua
2158 1972 2285 2028 item
2316 1981 2363 2041 B
2392 1972 2606 2027 vitalem
2635 1980 2687 2024 et
2710 1969 3012 2040 baptizandi
3061 1979 3222 2039 atque
3248 1967 3499 2024 abluendi
3537 1970 3771 2025 hominis
3797 1979 3983 2040 potes-

694 2063 875 2120 denuo
926 2064 1055 2118 dicit
1093 2079 1106 2116 :
1145 2063 1340 2118 Hortus
1388 2064 1677 2130 conclusus,
1726 2081 1872 2119 soror
1910 2082 2043 2135 meo,
2076 2082 2284 2139 sponsa,

696 2162 815 2229 fans
864 2158 1094 2229 signatus
1129 2199 1144 2224 ,
1194 2168 1373 2227 puteus
1425 2174 1572 2228 aqua:
1616 2159 1741 2213 viva:
1772 2157 1944 2231 (Cant.
1977 2174 2049 2225 Iv,
2086 2155 2196 2231 i2).
2231 2158 2290 2215 Si

700 2258 884 2305 autem
915 2247 1103 2304 hortus
1145 2248 1431 2304 conclusus
1460 2260 1543 2304 est
1572 2264 1769 2321 sponsa
1800 2248 2025 2316 Christi,
2056 2266 2175 2319 quae
2205 2258 2289 2305 est

695 2342 964 2411 Ecclesia,
997 2350 1181 2413 patere
1208 2356 1297 2397 res
1337 2342 1519 2397 clausa
1553 2352 1574 2379 ο
1603 2340 1795 2396 alienis
1825 2350 1882 2397 et
1911 2339 2149 2411 profanis
2178 2357 2285 2396 non

701 2443 901 2507 potest.
922 2435 987 2489 Et
1017 2432 1061 2488 si
1079 2432 1198 2489 fons
1224 2434 1463 2503 signatus
1488 2442 1591 2500 est,
1624 2448 1798 2503 neque
1826 2431 2011 2488 bibere
2037 2432 2159 2488 inde
2190 2449 2284 2488 ne-

696 2546 802 2603 que
848 2530 1153 2600 consignari
1200 2537 1384 2601 potest
1412 2528 1496 2583 cui
1548 2527 1678 2583 foris
1713 2528 1887 2599 posito
1927 2543 2176 2583 accessus
2219 2528 2285 2583 ad

695 2622 901 2679 fontem
949 2639 1053 2677 non
1094 2632 1198 2678 est.
1233 2623 1431 2678 Potens
1480 2638 1692 2694 quoque
1718 2638 1870 2693 aqua:
1911 2622 2044 2676 vivaa
2075 2623 2118 2678 si
2152 2640 2290 2678 unus

697 2728 804 2787 est,
845 2717 1095 2790 idemque
1140 2717 1285 2772 intus
1313 2726 1415 2785 est,
1447 2715 1704 2771 vivificari
1728 2726 1781 2771 et
1805 2714 2130 2771 sanetiiicari
2157 2716 2291 2771 foris

694 2810 902 2884 positus
933 2828 1000 2867 ex
1030 2811 1119 2866 illa
1168 2826 1306 2882 aqua
1350 2826 1454 2865 non
1500 2816 1677 2880 potest
1703 2824 1770 2865 ex
1798 2824 1900 2881 qua
1928 2808 2057 2864 solis
2082 2806 2161 2863 eis
2201 2807 2290 2879 qui

696 2905 842 2959 intus
872 2915 995 2960 sunt
1027 2918 1156 2958 usus
1183 2904 1360 2959 omnis
1399 2911 1453 2957 et
1499 2911 1658 2973 potus
1689 2916 1978 2956 concessus
2001 2910 2100 2955 est.
2136 2900 2291 2969 Quod

694 3008 749 3053 et
776 2999 964 3053 Petrus
992 2997 1287 3052 ostendens
1305 3011 1466 3051 unam
1490 2996 1786 3051 Ecclesiam
1816 3009 1935 3050 esse
1956 3004 2008 3048 et
2031 2995 2174 3049 solos
2195 3004 2291 3049 eos

695 3089 787 3159 qui
816 3091 867 3143 in
897 3090 1141 3145 Ecclesia
1173 3091 1281 3145 sint
1308 3090 1564 3158 baptizari
1598 3103 1776 3159 posse,
1810 3090 1989 3159 posuit
2014 3099 2069 3145 et
2108 3088 2243 3144 dixit
2274 3108 2288 3143 :

698 3181 769 3236 In
796 3198 919 3235 arca
943 3181 1059 3237 Noe
1086 3184 1259 3253 pauci,
1289 3182 1342 3235 id
1370 3193 1462 3247 est,
1492 3192 1605 3236 octo
1633 3184 1820 3236 anima:
1849 3184 2111 3236 hominum
2135 3181 2291 3236 salva:

2391 2071 2575 2129 tatem,
2609 2063 2700 2133 qui
2753 2061 2883 2116 dioit
2910 2061 3049 2132 apud
3093 2060 3449 2116 Novatianum
3490 2060 3748 2130 baptizari
3772 2070 3827 2116 et
3858 2076 3985 2115 san-

2389 2156 2609 2212 ctificari
2636 2155 2869 2226 aliquem
2900 2170 3075 2225 posse,
3112 2156 3259 2225 prius
3286 2154 3537 2209 ostendat
3564 2164 3619 2210 et
3648 2154 3837 2209 doceat
3861 2154 3988 2209 No-

2388 2249 2660 2302 vatianum
2693 2247 2745 2302 in
2793 2247 3031 2302 Ecclesia
3065 2262 3189 2303 esse
3219 2230 3322 2302 aut
3361 2240 3618 2302 Ecclesia:
3668 2247 3987 2317 praesidere.

2390 2340 2632 2396 Ecclesia
2661 2340 2804 2395 enim
2838 2354 2942 2393 una
2965 2348 3067 2404 est,
3098 2355 3217 2410 qua
3236 2354 3340 2393 una
3376 2348 3431 2393 et
3460 2339 3603 2393 intus
3631 2353 3751 2394 esse
3776 2348 3833 2394 et
3856 2338 3990 2395 foris

2390 2452 2496 2492 non
2522 2446 2718 2506 potest.
2740 2435 2797 2491 Si
2817 2436 2962 2489 enim
2989 2435 3130 2504 apud
3151 2434 3505 2489 Novatianum
3533 2442 3641 2497 est,
3672 2433 3816 2503 apud
3848 2432 3981 2489 Cor-

2391 2531 2590 2586 nelium
2646 2545 2750 2585 non
2782 2527 2899 2584 fuit.
2926 2527 2981 2584 Si
3014 2542 3140 2583 vero
3196 2527 3335 2597 apud
3386 2527 3692 2583 Cornelium
3739 2527 3861 2593 fuit,
3885 2529 3980 2597 qui

2360 2620 2630 2677 ‘Fabiauo
2659 2622 2912 2694 episcopo
2943 2620 3176 2692 legitima
3228 2618 3566 2675 ordinatione
3610 2621 3895 2686 successit,
3930 2632 3987 2677 et

2394 2732 2550 2789 quem
2593 2726 2789 2786 praeter
2819 2713 3100 2769 sacerdotii
3149 2711 3410 2769 honorem
3464 2714 3726 2784 martyrio
3764 2728 3983 2784 quoque

2397 2809 2654 2864 Dominus
2678 2806 3013 2880 glorificavit,
3034 2806 3361 2861 Novatianus
3386 2806 3440 2861 in
3471 2804 3711 2861 Ecclesia
3740 2821 3848 2861 non
3879 2817 3987 2873 est,

2396 2917 2495 2958 nec
2532 2903 2815 2973 episcopus
2847 2901 3141 2970 computari
3174 2909 3347 2971 potest
3382 2898 3423 2964 ί,
3454 2901 3565 2970 qui,
3597 2899 3905 2983 evangelica
3934 2911 3989 2956 et

2394 2993 2686 3067 apostolica
2713 2993 2996 3049 traditione
3022 3003 3350 3062 contempta,
3378 2995 3577 3049 nemini
3610 2995 3927 3058 succedens,
3951 3012 3981 3048 a

2394 3104 2453 3143 se
2485 3089 2602 3158 ipso
2637 3096 2786 3141 ortus
2819 3095 2919 3141 est.
2955 3086 3159 3141 [labere
3191 3096 3422 3157 namque
3456 3096 3547 3140 aut
3571 3096 3757 3143 tenere
3787 3086 3990 3143 Eccle-

2394 3180 2527 3234 siam
2574 3178 2717 3233 nullo
2772 3177 2932 3233 modo
2983 3187 3155 3248 petest
3181 3177 3271 3249 qui
3310 3175 3591 3234 ordinatus
3636 3178 3688 3233 in
3745 3177 3990 3234 Ecclesia

696 3280 850 3346 facta:
869 3287 985 3331 sunt
1008 3293 1097 3347 per
1124 3293 1324 3347 aquam,
1350 3276 1486 3345 quod
1516 3286 1561 3330 et
1588 3292 1673 3329 vos
1700 3273 1724 3311 ἀ
1753 3275 1989 3329 similiter
2009 3273 2175 3329 salvos
2198 3276 2287 3345 [ιι-ι
2314 3262 2360 3327 C
2395 3289 2501 3328 non
2529 3281 2632 3327 est.

1919 3412 2301 3471 LECTIONES
2340 3407 2747 3469 VARIANTES.

759 3559 784 3587 ⁸
814 3557 898 3607 Sic
932 3554 1056 3618 Bod.
1082 3558 1128 3618 1,
1157 3558 1203 3607 2.
1234 3555 1336 3608 Litt.
1366 3556 1500 3604 Laut.
1531 3553 1673 3605 Ebor.
1700 3556 1807 3608 NG.
1834 3556 1878 3615 1,
1906 3557 1952 3605 2.
1979 3553 2171 3606 Domini
2197 3568 2284 3604 an-

690 3620 939 3685 tichristus
962 3617 1069 3685 Rig_.

756 3680 784 3718 δ
821 3680 1273 3733 υιιὶιειιρἙοοΙρςὶω
1297 3682 1566 3730 recessisse
1594 3681 1726 3729 Lam.

687 3797 692 3806 ,
756 3750 780 3775 ε
816 3744 1025 3794 Reclusa
1064 3742 1170 3793 Lin.

759 3808 786 3847 τι
822 3807 960 3865 Quod
985 3817 1036 3857 et
1058 3821 1146 3857 nos
1170 3806 1294 3858 Bod.
1332 3811 1380 3857 5.

760 3876 783 3902 ο
820 3870 1040 3919 Proliaus
1065 3870 1254 3921 scilicet
1280 3872 1413 3920 Lam.
1442 3866 1566 3919 Bod.
1596 3872 1643 3920 2.
1670 3867 1815 3919 Ebor.
1852 3869 1960 3920 NC.
1989 3870 2035 3919 'l.

2456 3549 2475 3587 τ
2510 3550 2751 3611 Expiatus
2776 3553 2829 3597 et
2850 3546 3147 3611 purificatus,
3173 3546 3336 3596 mundi
3362 3547 3607 3610 baptismo
3634 3549 3763 3598 Lam.
3795 3548 3915 3600 Bod.
3946 3551 3991 3600 2.

2388 3612 2531 3664 Ebor.
2560 3614 2667 3665 ΝΟ,
2698 3614 2742 3661 1.

2454 3680 2481 3717 ε
2515 3676 2699 3727 Clarius
2723 3681 2775 3723 et
2797 3673 3102 3723 manifestius
3129 3675 3261 3723 Lam.
3292 3673 3413 3722 Bod.
3439 3677 3488 3725 2.

2452 3739 2482 3777 ιι
2517 3739 2740 3800 Purgaus
2763 3735 2955 3785 lavacro
2982 3737 3112 3787 Lam.
3140 3734 3262 3785 Bod.
3291 3739 3336 3786 2.
3365 3735 3507 3800 Ebor.
3539 3734 3647 3800 N_C.
3678 3738 3722 3786 i.

2460 3802 2473 3842 i
2516 3796 2903 3864 Νεόρρὶδεοριις
2924 3801 3189 3862 computari
3216 3804 3376 3863 potest
3403 3796 3509 3849 Lin.
3541 3797 3683 3850 Ebor.

1965 3994 2209 4053 STEPH.
2250 3995 2524 4055 BALUZII
2564 3995 2793 4053 NOTAE.

768 4113 913 4169 ll.—
931 4112 1173 4167 Declarat
1189 4112 1241 4166 in
1269 4110 1498 4166 Cantica.
1517 4111 1641 4166 Haec
1658 4125 1827 4182 pauca
1850 4118 2067 4166 exstant
2089 4125 2219 4165 sane
2236 4111 2288 4165 in

689 4179 833 4241 ’lbro
885 4186 948 4239 de
980 4184 1186 4239 Unitate
1214 4182 1490 4248 Ecclesiae,
1526 4179 1800 4252 pagfi95.
1834 4182 1939 4238 Sed
1975 4193 2151 4237 tamen
2183 4198 2288 4237 non

691 4257 820 4313 inde
848 4258 1026 4325 colligi
1054 4264 1231 4326 potest
1261 4263 1473 4323 sumpta
1493 4268 1614 4309 esse
1634 4270 1701 4308 ex
1732 4255 1833 4311 hoc
1860 4255 2017 4308 libro.

771 4328 966 4382 Hortus
1031 4328 1321 4381 conclusus.
1380 4326 1738 4395 Hieronymus
1794 4327 1845 4379 in
1917 4326 2153 4395 Epistola
2222 4327 2290 4381 ad

771 4341 966 4382 Hortus
1031 4341 1321 4381 conclusus.
1380 4341 1576 4380 Hieron
1623 4342 1738 4381 inus
1794 4343 1845 4379 In
1917 4341 2153 4395 Epismla
2222 4341 2289 4381 aa

694 4400 983 4455 Damasum
1012 4398 1079 4452 de
1104 4399 1272 4451 tribus
1304 4341 1706 4465 liypostasihns,
1741 4396 1808 4452 Ut
1835 4400 1967 4450 inter
1996 4398 2136 4450 lacus
2164 4414 2289 4451 con-

694 4474 859 4536 tritas,
886 4472 971 4539 qui
996 4485 1179 4540 aquam
1203 4485 1304 4521 non
1332 4468 1536 4531 habent,
1567 4470 1650 4538 dif
1649 4469 1783 4533 [icilc
1809 4468 1893 4520 ubi
1923 4468 2039 4540 fons
2060 4469 2290 4540 signatus

693 4554 745 4596 et
770 4544 944 4596 hortus
988 4539 1078 4595 ille
1116 4540 1383 4593 conclusus
1430 4541 1494 4592 sit
1533 4541 1691 4609 possit
1722 4540 1958 4608 intelligi.
2015 4539 2077 4592 Et
2112 4539 2287 4594 infra:

2394 4128 2496 4183 qua
2526 4110 2827 4184 Cyprianus
2854 4110 3125 4184 utebatur.

2478 4181 2744 4248 Vici/icore
2769 4192 2815 4235 et
2842 4182 3183 4249 sancti/icore.
3224 4181 3365 4237 Citat
3389 4182 3533 4240 hunc
3558 4184 3737 4240 locum
3776 4197 4002 4243 sanctus

2394 4254 2723 4326 Augustinus
2752 4255 2846 4309 lib.
2892 4270 2984 4309 vn.
3034 4254 3102 4308 dc
3149 4255 3425 4324 Baptismo
3454 4266 3643 4313 contra
3673 4258 3995 4315 Donatistas

2394 4342 2513 4392 cap.
2544 4328 2634 4381 50.

2467 4395 2697 4452 Ecclesia
2723 4414 2824 4450 una
2852 4406 2934 4450 et:
2967 4395 3109 4451 Citat
3159 4397 3302 4453 hunc
3333 4398 3532 4463 locum,
3570 4399 3665 4454 sed
3722 4404 4003 4467 mutilum,

2396 4470 2671 4525 Gerochus
2731 4469 3271 4540 Reiclierspergensis
3328 4470 3380 4525 in
3444 4480 3673 4526 tractatu
3730 4475 4002 4529 adversus

2396 4542 2720 4615 simoniacos
2741 4556 2862 4610 cap.
2885 4539 2992 4615 37.
3019 4539 3107 4595 Eo
3129 4557 3259 4615 uero
3288 4558 3419 4597 usus
3436 4555 3516 4597 ρει
3536 4542 3776 4599 Joannes
3804 4544 4005 4615 Capis.

694 4613 810 4685 Ego
833 4624 1004 4667 autem
1028 4614 1226 4666 nullum
1260 4614 1480 4685 primum
1508 4611 1606 4685 nisi
1638 4610 1897 4685 Christum
1926 4627 2135 4681 sequens
2166 4615 2281 4665 bea-
2308 4620 2362 4680 1)
2388 4622 2571 4685 tranus
2601 4613 2858 4685 adversus
2885 4612 3117 4667 Felicem
3145 4612 3183 4667 V
3208 4613 3437 4667 electum
3465 4629 3654 4685 papam
3684 4632 3712 4670 a
3752 4610 4004 4673 concilio

693 4680 898 4738 titudini
927 4695 1026 4738 tua:
1064 4694 1111 4737 et
1157 4681 1411 4737 cathedra:
1441 4680 1581 4734 Petri
1610 4682 1963 4734 communione
1996 4680 2276 4737 consocior.

695 4758 866 4824 Super
891 4756 1033 4809 illam
1060 4764 1255 4825 petram
1297 4752 1605 4819 ludiﬁcatam
1654 4752 1936 4825 Ecclesium
1985 4756 2108 4805 scio.
2156 4754 2284 4819 Qui-

694 4843 907 4893 cumque
932 4837 1077 4881 extra
1108 4827 1238 4879 hanc
1264 4825 1472 4877 domum
1506 4840 1693 4893 agnum
1720 4824 1993 4878 comederit
2034 4826 2283 4895 profanus

693 4908 789 4953 est.
823 4897 886 4951 Si
917 4899 1030 4963 quis
1073 4898 1125 4951 in
1164 4913 1284 4950 arca
1318 4894 1431 4949 Noe
1457 4912 1559 4949 non
1607 4897 1780 4964 fuerit,
1816 4896 1994 4964 peribit
2043 4894 2285 4963 regnante

694 4969 908 5023 diluuia.
932 4969 1171 5037 Respicit
1196 4968 1262 5022 ad
1295 4967 1605 5037 dignitatem
1627 4977 1682 5022 et
1706 4968 2077 5022 auctoritatem
2100 4968 2285 5024 Eccle-

694 5042 792 5097 site
808 5040 1137 5111 principalis.

769 5111 966 5166 Puteus
990 5110 1138 5181 aqute
1166 5112 1309 5166 vivae.
1338 5112 1500 5165 Recte
1547 5122 1766 5167 monent
1794 5111 1947 5181 Angli
1979 5110 2096 5165 haec
2120 5112 2282 5168 verba

693 5197 804 5239 non
832 5184 1056 5252 reperiri
1086 5185 1136 5238 in
1168 5198 1324 5238 sacro
1358 5192 1525 5238 textu.
1545 5184 1754 5253 Quippe
1784 5199 1890 5238 non
1907 5194 2122 5238 exstant
2153 5199 2284 5238 con-

697 5266 989 5326 sequenter
1017 5267 1133 5322 post
1165 5260 1279 5327 fons
1300 5256 1550 5325 signatus,
1580 5257 1671 5311 sed
1722 5256 1882 5325 paulo
1913 5254 2071 5319 infra,
2103 5266 2285 5325 puteus

696 5344 946 5397 aquarum
998 5328 1288 5381 viventium.
1343 5330 1643 5398 Cyprianus
1683 5328 1827 5384 hunc
1868 5327 2043 5381 IOcum
2094 5328 2285 5383 eodem

699 5399 860 5453 modo
886 5399 1069 5453 retulit
1092 5399 1143 5453 in
1168 5400 1389 5469 epistola
1414 5415 1590 5454 uxnv.
1622 5400 1686 5453 ad
1704 5399 2015 5469 Pompeium
2036 5414 2133 5469 pag
2159 5401 2283 5455 ιη.

696 5470 788 5525 Sic
813 5471 973 5524 etiam
1004 5468 1233 5526 refertur
1260 5471 1329 5524 ab
1359 5473 1661 5540 Augustino
1687 5471 1781 5525 lib.
1815 5487 1869 5525 ιιι
1898 5471 1964 5524 de
1992 5468 2187 5526 Genesi
2219 5471 2286 5526 ad

698 5541 935 5596 litteram
964 5556 1085 5605 cap.
1114 5541 1204 5607 2i,
1238 5542 1334 5597 lib.
1380 5559 1431 5594 ν.
1481 5543 1544 5596 de
1595 5542 1862 5608 Baptismo
1891 5553 2078 5597 contra
2113 5543 2288 5597 Dona-

696 5612 853 5668 tistas
879 5627 997 5681 cap.
1027 5612 1119 5673 27.
1144 5626 1194 5667 et
1226 5613 1318 5667 lib.
1350 5628 1410 5668 II.
1458 5624 1645 5669 contra
1673 5611 2019 5669 Cresconium
2047 5629 2165 5681 cap.
2197 5616 2284 5680 i5,

698 5692 755 5736 et
784 5684 941 5753 epist.
975 5700 1059 5736 ιν.
1094 5683 1197 5739 Sed
1241 5684 1397 5737 aliter
1420 5686 1558 5753 apud
1587 5684 1927 5753 Ambrosium
1948 5724 1961 5747 ,
1993 5686 2080 5753 qui
2126 5684 2217 5737 lib.
2270 5702 2287 5740 I

704 5753 769 5801 de
799 5752 1291 5823 Virginibuscap.8,
1316 5762 1371 5805 et
1398 5752 1613 5823 inlibro
1636 5754 1698 5806 de
1720 5752 2026 5822 Virginitate
2053 5770 2171 5823 cap.
2196 5756 2285 5821 15,

703 5828 759 5867 et
785 5820 943 5882 epist.
970 5821 1037 5869 ad
1060 5821 1311 5871 Sabinum
1335 5821 1575 5875 referens
1607 5823 1748 5875 hunc
1781 5820 1955 5877 locum
1994 5842 2100 5879 non
2123 5820 2291 5880 addit

706 5892 885 5962 puteus
912 5890 1204 5962 (φωρ-έναι
1230 5898 1349 5962 post
1375 5889 1490 5953 fons
1512 5892 1763 5962 signatus.
1793 5890 1946 5955 Quod
1972 5908 2291 5962 argumento

707 5959 827 5999 esse
855 5960 1028 6014 potest
1064 5952 1213 6003 illum
1259 5952 1637 6009 alia'versio'ne
1664 5952 1837 6013 usum'
1872 5974 1996 6016 esse
2023 5952 2184 6028 quam
2225 5983 2288 6021 ea

2392 4683 2706 4757 Basileensi.
2735 4684 2869 4738 Vide
2928 4694 3212 4739 tractatum
3242 4685 3361 4753 ejus
3406 4685 3473 4741 de
3500 4683 3650 4757 papa:
3679 4699 3731 4742 et
3777 4691 4005 4747 concilii

2388 4756 2723 4809 Auctoritate
2754 4764 2905 4823 parte
2932 4757 2987 4811 3.

2457 4827 2621 4881 lll.—
2645 4828 2705 4881 Si
2724 4828 2854 4881 enim
2875 4827 3013 4897 apud
3042 4825 3391 4882 Novatianum
3412 4839 3505 4889 est.
3528 4832 3667 4899 apud
3696 4830 4003 4886 Cornelium

2388 4915 2487 4951 non
2520 4901 2638 4967 fuit.
2674 4900 2894 4953 Disertis
2931 4901 3111 4954 verbis
3149 4900 3308 4955 ducet
3349 4900 3611 4956 Ecclesiae
3654 4913 3842 4957 notam
3872 4921 4004 4960 esse

2387 4969 2678 5040 legitimam
2738 4970 3138 5043 successionem
3200 4971 3568 5027 Romanorum
3636 4976 4003 5043 pontificum,

2388 5051 2573 5108 utpote
2590 5058 2750 5109 quum
2775 5041 2916 5096 dicat
2934 5085 2946 5103 ,
2972 5042 3109 5111 apud
3133 5042 3443 5097 Cornelium
3474 5041 4005 5111 litisseEcclesiam.

2389 5114 2509 5179 quia
2560 5113 2794 5182 legitima
2848 5112 3187 5168 ordinatione
3241 5114 3479 5170 Fabiano
3520 5119 3806 5183 successit,
3851 5121 4007 5183 apud

2388 5184 2747 5259 Novatianuni
2768 5202 2871 5259 non
2896 5200 3037 5259 esse,
3061 5187 3183 5255 quia
3208 5186 3409 5241 nemini
3435 5187 3731 5244 succedens
3756 5208 3787 5239 a
3812 5190 4011 5259 seipse

2389 5266 2538 5311 ortus
2564 5265 2665 5311 est.
2698 5257 2902 5311 Similia
2926 5257 3062 5311 dixit
3083 5274 3242 5325 supra
3270 5260 3493 5327 cpistola
3517 5260 3584 5312 ad
3617 5257 4009 5315 Antonianum.

2391 5331 2565 5394 Atque
2640 5331 2763 5383 hinc
2815 5339 2917 5387 est.
2961 5327 3102 5395 quod
3154 5328 3270 5383 aliis
3318 5346 3529 5399 quoque
3580 5340 3795 5385 veteres
3848 5334 4009 5388 illam

2386 5399 2849 5472 judicaruntcsse
2881 5399 3174 5472 Ecclesiam
3205 5400 3547 5461 catholicam.
3584 5403 3635 5456 in
3660 5420 3763 5472 qua
3787 5401 4007 5458 Roma-

2392 5486 2493 5527 nus
2546 5470 2785 5539 pontifex
2831 5470 3165 5535 prrosideret.
3223 5472 3332 5535 Sic,
3385 5482 3523 5527 teste
3580 5475 3643 5528 D.
3675 5470 4007 5539 Ambrosio,

2397 5542 2540 5597 Orat.
2571 5542 2790 5613 funebri,
2826 5543 3048 5612 Satyrus
3076 5543 3192 5611 ejus
3224 5544 3389 5596 frater
3437 5548 3902 5614 percunctabatur
3936 5550 4008 5601 ab

2391 5616 2643 5685 episc0po
2672 5614 2924 5684 quodam.
2957 5623 3261 5686 utrumnam
3311 5629 3433 5670 cum
3478 5618 3748 5686 cpiscoiiis
3802 5619 4008 5672 catho—

2392 5687 2531 5751 licis,
2564 5689 2613 5739 iu
2647 5696 2865 5741 estcuin
2899 5686 3138 5740 Romana
3172 5685 3411 5740 Ecclesia
3435 5685 3775 5745 conveniret.
3807 5691 3901 5745 Sic
3938 5692 4003 5744 ll.

2393 5758 2611 5830 Hieron.
2640 5758 2869 5830 epistola
2902 5757 2970 5810 ad
3024 5756 3327 5821 Damasum,
3358 5758 3561 5815 fontem
3615 5761 3889 5830 signatum
3949 5772 4007 5816 et

2394 5828 2608 5881 hortum
2639 5828 2892 5883 Ecclesiae
2920 5830 3235 5883 Conclttsum
3270 5832 3321 5883 iu
3376 5831 3520 5885 Petri
3572 5828 3836 5887 cathedra
3864 5848 4006 5889 esse

2394 5898 2572 5973 (locet,
2614 5907 2667 5951 et
2689 5909 2847 5973 extra
2900 5915 3018 5954 eain
3054 5899 3352 5956 Ecclesiam
3409 5904 3499 5971 qui
3549 5917 3748 5973 agnum
3806 5920 4006 5961 come-

2393 5966 2553 6029 derit,
2584 5968 2860 6037 profanum
2877 5974 3028 6041 esse;
3059 5974 3103 6025 si
3134 5974 3252 6041 quis
3291 5974 3345 6027 in
3374 5966 3461 6027 illa
3488 5975 3561 6028 uti
3586 5966 3664 6029 ἰη
3692 5988 3816 6031 arca
3846 5974 4001 6039 Noe.
