4262 6236
328 328 463 385 illi

1428 321 1517 380 DE
1554 318 2007 382 BAPTIZANDIS
2034 322 2468 383 NOVATIANIS.
2517 334 2525 351 ’

3485 333 3625 388 1H9.

400 442 492 500 IV.
515 440 672 498 Foris
695 440 841 497 enim
862 455 970 497 non
997 453 1120 498 esse
1148 440 1443 498 Ecclesiam
1476 454 1580 497 nec
1610 441 1783 496 scindi
1827 439 1924 495 ad-
1948 442 2004 503 Α
2029 441 2371 498 ordinatione
2418 442 2753 500 succedanea
2803 445 3147 515 praesidente,
3199 447 3400 503 nemini
3438 463 3624 506 succe-

330 552 549 594 versum
580 550 639 591 se
668 542 761 591 aut
798 533 963 590 dividi
1008 548 1186 605 posse,
1220 535 1318 590 sed
1364 532 1739 605 inseparabilis
1765 544 1926 605 atque

332 632 628 688 individua:
653 628 846 706 domus
875 630 1134 685 unitatem
1164 639 1351 685 tenere
1400 627 1709 683 manifestat
1740 626 1928 698 Scrip-

330 736 465 783 turae
479 724 677 780 divinae
698 722 979 790 ﬁdes,cum
1000 723 1069 779 de
1087 730 1427 779 sacramento
1450 721 1671 777 PaSCllIB
1692 731 1748 777 et
1767 721 1927 793 Agni,

326 826 419 895 qui
457 835 631 894 agnus
675 818 951 876 Christum
997 818 1360 889 designabat,
1393 819 1655 889 scriptum
1704 818 1777 873 sit
1809 835 1823 872 :
1858 818 1929 872 In

328 921 477 974 domo
498 931 604 971 una
629 915 936 982 comedetur,
960 930 1061 968 non
1091 914 1305 985 ejicietis
1350 912 1415 966 de
1443 912 1594 966 domo
1616 924 1817 966 carnem
1848 914 1929 981 fo-

326 1030 413 1070 ras
445 1013 606 1087 (Eam.
655 1024 754 1078 xu,
785 1008 903 1081 46).
928 1009 1081 1078 Quod
1123 1010 1251 1064 item
1278 1007 1422 1063 circa
1468 1006 1636 1074 Raab,
1664 1022 1783 1078 quae
1811 1006 1926 1077 ipsa

328 1121 546 1178 quoque
577 1111 763 1176 typum
799 1102 1042 1172 portabat
1086 1100 1367 1166 Ecclesiae,
1399 1112 1717 1169 expressum
1770 1098 1924 1153 vide-

328 1198 497 1255 mus?
517 1198 604 1252 cui
636 1195 925 1251 mandatur
945 1202 973 1231 ιι
1002 1203 1056 1249 et
1084 1193 1313 1248 dicitur:
1343 1190 1555 1245 Patrem
1582 1200 1723 1245 tuum
1744 1199 1789 1245 et
1817 1207 1929 1245 ma-

329 1302 462 1347 trem
490 1299 627 1343 tuam
654 1298 703 1344 et
731 1292 916 1361 fratres
967 1298 1082 1340 tuos
1130 1296 1178 1339 et
1210 1294 1369 1339 totam
1418 1284 1624 1339 domum
1652 1285 1813 1355 patris
1855 1286 1930 1339 tui

326 1387 539 1457 colliges
568 1384 635 1437 ad
657 1393 704 1438 te
722 1384 888 1453 ipsam
914 1384 969 1437 in
996 1382 1204 1436 domum
1228 1392 1389 1446 tuam,
1420 1389 1465 1436 et
1492 1382 1655 1436 omnis
1680 1383 1768 1453 qui
1787 1383 1930 1436 exie-

327 1481 393 1534 rit
419 1481 606 1533 ostium
626 1476 807 1530 domus
829 1486 931 1530 tua:
950 1476 1089 1545 foras
1120 1488 1235 1529 rens
1262 1474 1357 1527 sibi
1385 1474 1481 1527 erit
1511 1472 1785 1545 (Josue.tt,
1811 1474 1924 1546 18).

328 1571 449 1639 Quo
475 1575 816 1626 sacramento
859 1566 1167 1623 declaratur
1209 1567 1263 1621 in
1294 1580 1453 1621 unam
1481 1565 1704 1621 domum
1734 1567 1929 1639 solam,

331 1665 388 1722 id
415 1672 522 1732 est,
554 1664 607 1718 in
665 1661 966 1717 Ecclesiam
1003 1661 1263 1728 victuros,
1315 1669 1369 1715 et
1407 1660 1473 1715 ab
1501 1659 1717 1715 interitu
1746 1660 1931 1718 mundi

330 1771 589 1816 evasuros
618 1754 798 1827 colligi
823 1762 1092 1826 oportere,
1116 1753 1359 1825 quisquis
1388 1762 1571 1809 autem
1596 1754 1664 1810 de
1688 1755 1931 1812 collectis

2034 537 2192 603 deus,
2222 547 2275 593 et
2312 553 2342 593 a
2372 553 2431 594 se
2478 540 2598 610 ipso
2626 540 2890 611 incipiens
2916 538 2966 607 ά,
2996 542 3203 597 alienus
3234 541 3294 598 ﬁt
3344 551 3397 599 et
3449 545 3629 616 profa-

2035 646 2161 698 nus,
2186 632 2469 688 dominica:
2496 635 2640 704 pacis
2665 649 2729 689 ac
2759 634 2954 689 divina:
2986 636 3203 691 unitatis
3224 637 3493 706 inimicus,
3514 655 3623 695 non

2034 726 2284 782 habitans
2314 728 2367 782 in
2396 727 2560 782 domo
2590 728 2705 791 Dei,
2736 728 2786 783 id
2812 736 2912 791 est,
2946 729 3000 783 in
3032 728 3271 784 Ecclesia
3300 730 3415 797 Dei,
3438 731 3491 785 in
3521 747 3625 801 qua

2034 835 2147 877 non
2176 821 2276 875 nisi
2302 820 2600 876 concordes
2622 828 2783 893 atque
2802 822 3084 877 unanimes
3099 822 3360 888 habitant,
3376 825 3630 896 loquente

2035 915 2089 969 in
2125 914 2351 970 Psalmis
2382 913 2585 985 Spiritu
2611 924 2798 969 sancto
2823 924 2879 971 et
2922 917 3136 971 dicente
3164 934 3177 969 :
3204 916 3341 973 Deus
3368 918 3456 988 qui
3481 919 3631 973 inha-

2036 1008 2195 1061 bitare
2222 1008 2346 1078 facit
2368 1010 2639 1063 unanimes
2658 1010 2712 1063 in
2731 1010 2881 1064 domo
2911 1009 3084 1078 (Psal.
3112 1026 3278 1080 van,
3311 1013 3388 1081 6).

2113 1100 2194 1155 Vl.
2231 1100 2470 1171 Denique
2499 1102 2902 1158 unanimitatem
2925 1106 3269 1161 christianam
3296 1106 3449 1163 ﬁrma
3474 1118 3497 1145 ε
3523 1108 3627 1164 sibi

2034 1208 2199 1269 atque
2229 1198 2572 1269 inseparabili
2600 1199 2861 1256 charitate
2885 1216 3189 1258 connexam
3218 1205 3379 1258 etiam
3403 1204 3516 1275 ipsa
3538 1204 3635 1260 do-
3698 1180 3706 1189 ‘

2037 1290 2231 1346 minica
2280 1292 2538 1347 sacriﬁcia
2582 1291 2874 1348 declarant.
2926 1292 3058 1348 Nam
3105 1294 3319 1365 quando
3372 1296 3631 1352 Dominus

2037 1398 2235 1455 corpus
2281 1400 2435 1439 suum
2481 1400 2671 1456 panem
2702 1395 2855 1441 vocat
2903 1387 2970 1442 de
3018 1387 3311 1444 multorum
3338 1405 3629 1462 granorum

2041 1478 2368 1533 adunatione
2394 1488 2730 1549 congestum,
2763 1480 3016 1551 pupulum
3042 1491 3287 1538 nostrum
3317 1500 3477 1556 quem
3509 1498 3634 1555 por-

2040 1572 2191 1627 tabat
2219 1572 2419 1628 lndicat
2448 1572 2740 1628 adunatum
2766 1592 2780 1639 ;
2811 1583 2865 1628 et
2886 1573 3100 1645 quando
3123 1580 3436 1647 sanguinem
3479 1592 3631 1633 suum

2038 1666 2220 1720 vinum
2264 1664 2497 1737 appellat
2526 1663 2594 1721 de
2655 1667 2825 1723 botris
2871 1677 3033 1738 atque
3063 1670 3231 1723 acinis
3255 1670 3497 1741 plurimis
3527 1688 3627 1727 ex-

2040 1769 2287 1827 pressum
2318 1768 2479 1827 atque
2518 1757 2570 1811 in
2602 1770 2764 1812 unum
2810 1767 3077 1827 coactum,
3111 1768 3328 1832 gregem
3357 1762 3483 1817 item
3530 1779 3630 1819 no-

329 1855 473 1910 i‘oras
511 1850 741 1916 exierit,
774 1847 827 1903 id
872 1856 990 1917 est,
1035 1850 1078 1901 si
1111 1847 1266 1919 quis,
1298 1848 1545 1917 quamvis
1595 1847 1651 1902 in
1681 1846 1928 1907 Ecclesia
1957 1842 2007 1906 B
2035 1855 2207 1904 atrum
2251 1849 2518 1920 signiﬁcat
2562 1850 2948 1907 commixtione
2999 1850 3232 1909 adunate
3270 1854 3625 1911 multitudinis

330 1943 558 2016 gratiam
600 1952 943 2009 consecutus,
988 1942 1278 1998 recesserit
1303 1946 1357 1996 et
1403 1941 1472 1996 ab
1509 1940 1751 1996 Ecclesia
1776 1942 1929 1997 exle-

327 2039 423 2106 rit,
453 2054 602 2093 reum
631 2038 734 2093 sibi
754 2038 1010 2103 futurum,
1036 2037 1088 2092 id
1114 2045 1219 2103 est,
1245 2038 1419 2106 ipsum
1448 2035 1549 2089 sibi
1576 2035 1717 2105 quod
1747 2044 1933 2105 pereat

330 2133 736 2203 impntaturum.
756 2130 907 2200 Quod
926 2130 1204 2202 apostolus
1229 2129 1427 2183 Paulus
1443 2128 1696 2198 explanat
1726 2128 1933 2186 docens

333 2236 390 2282 et
416 2225 730 2297 praecipiens
755 2224 1073 2281 luereticuni
1092 2221 1364 2278 vitandum
1388 2236 1509 2277 esse
1531 2230 1590 2276 ut
1612 2234 1930 2291 perversum

337 2328 395 2375 et
423 2330 757 2388 peccatorem
777 2325 828 2376 et
850 2334 879 2372 a
909 2317 1201 2388 semetipso
1221 2315 1527 2370 damnatum
1553 2314 1680 2387 (Tit.
1706 2331 1785 2378 Ill,
1813 2316 1928 2385 l0).

332 2411 437 2467 Hic
464 2411 605 2467 enim
628 2426 752 2467 reus
777 2410 806 2449 δ
826 2410 930 2467 sibi
954 2411 1059 2467 erit
1087 2410 1176 2479 qui
1206 2423 1312 2463 non
1331 2409 1399 2461 ab
1425 2409 1680 2480 episcopo
1700 2410 1930 2479 eiectus,

332 2504 431 2561 sed
464 2515 655 2577 sponte
682 2506 748 2561 de
774 2505 1015 2561 Ecclesia
1042 2503 1322 2576 profugus,
1346 2501 1598 2558 lueretica
1628 2514 1929 2574 praesump-

334 2598 485 2654 tione
514 2613 543 2653 a
565 2598 857 2669 semetipso
884 2597 1189 2652 damnatus.

409 2692 473 2747 Ἴ.
508 2692 577 2748 Ει
624 2693 828 2748 idcirco
870 2691 1132 2746 Dominus
1162 2691 1440 2745 insinuans
1487 2689 1643 2745 nobis
1663 2690 1931 2746 unitatem

333 2784 406 2841 de
446 2784 626 2841 divina
671 2782 991 2840 auctoritate
1020 2783 1322 2839 venientem
1352 2781 1502 2851 ponit
1533 2789 1587 2836 et
1609 2781 1739 2837 dicit
1768 2795 1783 2834 :
1816 2781 1931 2854 Ego

332 2888 387 2933 et
414 2889 557 2950 pater
602 2896 759 2934 unum
805 2895 978 2934 sumus
1009 2878 1188 2951 (Joan.
1220 2894 1273 2945 κ,
1308 2877 1421 2949 50).
1454 2876 1536 2932 At]
1567 2888 1726 2947 quam
1757 2878 1933 2933 unita-

327 2984 445 3030 tem
480 2974 727 3045 redigens
772 2974 1064 3030 Ecclesiam
1110 2986 1262 3028 suam
1310 2971 1487 3028 denuo
1516 2970 1690 3027 dicit:
1722 2968 1791 3025 Et
1838 2973 1933 3026 erit

325 3084 467 3122 unus
488 3084 612 3140 grex
635 3078 657 3107 ε
690 3076 736 3121 et
775 3082 904 3121 unus
941 3076 1116 3138 pastor
1145 3063 1306 3139 (Ibid.
1344 3063 1458 3138 l6).
1490 3064 1545 3121 Si
1576 3074 1756 3121 autem
1799 3080 1930 3137 grex

325 3174 475 3215 unus
495 3168 595 3228 est,
614 3160 885 3231 quomodo
905 3168 1083 3231 potest
1102 3159 1249 3230 gregi
1272 3160 1617 3214 annumerari
1639 3158 1729 3230 qui
1753 3160 1807 3214 in
1834 3172 1930 3214 nu-

2037 1943 2365 2013 c0pulatum.
2397 1943 2455 1999 Si
2502 1942 2833 2001 Horatianus
2880 1944 3004 2001 huic
3050 1947 3174 2017 pani
3227 1946 3499 2004 dominico
3530 1950 3629 2005 ad-

2036 2045 2236 2091 unatus
2281 2045 2383 2102 est,
2416 2037 2461 2091 si
2507 2034 2704 2091 Christi
2735 2037 2933 2107 populo
2960 2048 3013 2093 et
3039 2039 3153 2109 ipse
3180 2042 3505 2097 commixtus
3526 2051 3631 2111 est,

2038 2128 2237 2199 poterit
2282 2128 2457 2183 videri
2486 2136 2542 2183 et
2572 2129 2715 2184 unici
2746 2130 3099 2187 ecclesiastici
3130 2131 3387 2204 Baptismi
3435 2133 3639 2192 habere

2038 2219 2268 2290 gratiam
2298 2232 2477 2289 posse,
2506 2219 2552 2273 si
2602 2235 2724 2275 eum
2758 2222 3062 2277 constiterit
3088 2221 3348 2280 Ecclesia:
3374 2226 3635 2282 unitatem

2043 2321 2248 2367 tenere.
2273 2312 2515 2382 Denique
2537 2326 2696 2381 quam
2726 2312 2796 2367 sit
2826 2314 3185 2384 inseparabile
3204 2317 3427 2372 unitatis
3452 2332 3635 2374 sacra-

2040 2414 2304 2472 mentum,
2346 2412 2402 2459 et
2429 2418 2591 2474 quam
2618 2404 2737 2460 sine
2765 2420 2861 2475 spe
2890 2406 2998 2460 sint
3036 2415 3092 2461 et
3118 2408 3476 2476 perditionem
3523 2411 3627 2467 sibi

2038 2497 2329 2551 maximam
2357 2496 2425 2551 de
2457 2495 2825 2567 indignatione
2854 2498 2949 2554 Dei
2976 2501 3259 2570 acquirant
3278 2505 3371 2573 qui
3396 2502 3633 2560 schisma

2040 2590 2262 2656 faciunt,
2286 2601 2340 2647 et
2378 2590 2569 2646 relicto
2598 2591 2874 2661 episcopo,
2898 2592 3062 2648 alium
3091 2594 3195 2649 sibi
3240 2594 3372 2650 l‘uris
3402 2597 3635 2668 pseudo-

2036 2686 2350 2755 cpiscopum
2396 2685 2748 2751 constituunt,
2778 2683 3020 2741 declarat
3046 2686 3100 2741 in
3150 2687 3300 2743 libris
3328 2689 3638 2761 Regnorum

2042 2782 2323 2852 Scriptura
2347 2779 2656 2846 divina,ubi
2680 2795 2707 2834 a
2736 2779 2881 2835 tribu
2903 2779 3041 2836 Juda
3063 2790 3119 2836 et
3145 2781 3421 2853 Beniamin
3451 2785 3640 2842 decem

2037 2874 2210 2930 tribus
2230 2874 2412 2929 scissae
2432 2884 2577 2942 sunt,
2605 2882 2661 2930 et
2690 2874 2881 2929 relicto
2922 2888 3050 2946 rege
3076 2889 3175 2931 suo
3198 2874 3244 2944 τ,
3273 2877 3501 2933 alterum
3533 2880 3635 2935 sibi

2039 2968 2175 3024 foris
2204 2968 2601 3023 constituerunt
2633 2983 2647 3021 :
2675 2966 2745 3021 Et
2774 2968 3071 3039 indignatus
3110 2979 3205 3038 est,
3236 2969 3429 3039 inquit,
3458 2969 3636 3026 Domi-

2038 3079 2138 3117 nus
2174 3062 2228 3116 in
2258 3062 2397 3115 omni
2432 3062 2623 3116 semine
2650 3071 2675 3109 ε
2703 3059 2889 3129 Israel,
2920 3072 2965 3115 et
2990 3061 3199 3116 dimovit
3227 3061 3253 3098 δ
3276 3078 3382 3129 eos,
3406 3071 3457 3117 et
3490 3064 3632 3119 dedit

2039 3172 2123 3212 eos
2148 3156 2202 3210 in
2233 3156 2568 3225 direptionem
2597 3154 2757 3209 donec
2787 3154 3028 3226 abjiceret
3061 3171 3147 3211 eos
3172 3171 3203 3209 a
3225 3157 3357 3228 facie
3382 3172 3494 3223 sua,
3517 3157 3637 3225 quia

321 3267 484 3309 mero
513 3253 690 3324 gregis
719 3268 822 3307 non
853 3253 969 3309 est?
988 3259 1081 3306 aut
1107 3260 1289 3321 pastor
1313 3250 1499 3306 haberi
1525 3252 1797 3322 quomodo
1825 3268 1923 3324 po-
1956 3238 2002 3303 C
2035 3251 2315 3321 dissipatus
2355 3260 2428 3305 est
2474 3248 2642 3305 Israel
2687 3264 2719 3304 a
2745 3249 2897 3304 domo
2943 3248 3135 3317 David,
3187 3258 3235 3305 et
3263 3253 3636 3307 constituerunt

318 3356 436 3405 test
457 3348 570 3419 qui,
600 3356 852 3404 manente
896 3362 1027 3403 vero
1058 3355 1295 3418 pastore,
1348 3356 1402 3403 et
1458 3348 1509 3402 in
1556 3346 1796 3403 Ecclesia
1822 3349 1919 3405 Dei

2031 3351 2125 3407 sibi
2154 3362 2323 3422 regem
2352 3344 2660 3401 Hieroboam
2687 3343 2852 3413 lilium
2874 3343 3085 3399 Ναθαιή
3108 3343 3173 3415 (ll
3203 3344 3334 3416 Reg.
3372 3360 3505 3412 xxn,
3534 3343 3627 3411 20,

1548 3466 1932 3530 LECTIONES
1968 3464 2389 3530 VARIANTES.

389 3587 417 3615 ει
455 3584 543 3637 Cui
567 3584 612 3634 id
636 3584 890 3635 mandatur
910 3584 1041 3633 Lam.
1071 3580 1212 3633 Ebor.
1241 3581 1350 3633 ΝΟ.
1376 3583 1421 3632 1.

374 3644 417 3724 ,1)
454 3646 546 3724 ῌίε
572 3654 649 3698 est
674 3649 805 3696 enim
830 3648 912 3710 qui
936 3659 1055 3695 rens
1077 3645 1171 3694 sibi
1198 3646 1312 3707 erit,
1356 3658 1453 3695 non
1482 3644 1601 3695 Bod.
1631 3640 1676 3708 i,
1706 3649 1751 3696 2.
1779 3644 1908 3697 Ebor

315 3713 437 3764 Lin.
469 3712 603 3761 Lam.

388 3777 412 3805 ε
450 3774 513 3824 Ει
536 3778 680 3822 erunt
702 3785 827 3821 unus
850 3785 975 3833 grex
1006 3770 1128 3820 Bod.
1157 3774 1202 3821 2.

386 3836 415 3877 (ἰ
452 3837 552 3887 Sed
576 3850 601 3885 a
626 3848 682 3885 se
704 3837 808 3897 ipso
834 3832 967 3884 Lam.
997 3835 1104 3886 ΝΕ.
1135 3836 1180 3884 1.
1206 3832 1353 3883 Ebor.
1379 3832 1504 3883 Bod.
1532 3835 1579 3883 2.

2077 3586 2121 3658 ,ε
2159 3581 2480 3634 Christianam
2520 3576 2705 3627 ﬁrmam
2746 3576 2869 3627 Bod.
2898 3578 2943 3624 2.
2992 3576 3124 3626 Lam.
3162 3574 3309 3626 Ebor.
3356 3575 3465 3627 Nc.
3508 3576 3629 3637 1,2,

2031 3646 2780 3775 Ltgdlelictoregesuojﬂmq
2795 3702 2997 3775 Bod._§.
3028 3700 3134 3775 ng;

2092 3774 2119 3813 8
2153 3772 2209 3820 In
2231 3770 2362 3817 omni
2387 3762 2577 3817 sémine
2605 3763 2730 3814 Bod.
2763 3766 2809 3826 l,
2838 3768 2882 3815 2.
2914 3762 3018 3814 Lin.
3050 3764 3161 3814 NG.
3188 3764 3233 3813 1.
3262 3762 3406 3814 Ebor.

2091 3831 2123 3872 h
2154 3830 2429 3883 Demolivit
2454 3828 2557 3877 Lin.
2588 3827 2695 3880 ΝΟ.
2722 3829 2768 3877 2.

1540 3937 1782 3995 STEPH.
1827 3937 2103 3997 BALUZII
2141 3935 2373 3992 ΝΟΤιΕ.

301 4078 429 4119 non
454 4060 635 4125 fuerit,
669 4059 967 4130 periturum
998 4057 1221 4130 diluvio,
1282 4054 1526 4130 alludens
1578 4052 1720 4130 haud
1754 4052 1919 4130 dubie

295 4135 381 4189 ad
418 4134 561 4186 hunc
599 4144 651 4187 et
670 4126 928 4203 Cypriani
957 4130 1163 4203 similes
1190 4128 1359 4203 locos.
1385 4126 1534 4203 idem
1572 4126 1916 4203 ad_em_ndem

296 4221 438 4273 seq.
474 4197 738 4273 epistola?
759 4197 825 4258 Si
869 4204 999 4271 quis,
1025 4201 1042 4271 (
1071 4197 1274 4271 inquit)
1316 4198 1586 4273 Cathedra:
1618 4197 1763 4252 Petri
1792 4200 1920 4269 jun-

295 4271 479 4349 gitur,
512 4271 651 4349 i_neus
678 4286 769 4328 est.
800 4274 905 4349 Sic
923 4274 982 4326 D.
1007 4278 1143 4349 Aug.
1164 4281 1350 4349 contra
1378 4271 1658 4349 epistolam
1681 4273 1914 4349 fundam.

292 4339 355 4405 ξ.
398 4339 473 4402 4.
512 4345 666 4400 Tenet
712 4363 789 4399 me
817 4388 830 4408 ,
895 4339 1113 4413 inquit;
1156 4344 1209 4396 in
1265 4340 1495 4395 Ecclesia
1527 4339 1587 4393 ab
1640 4340 1777 4413 ipsa
1803 4341 1921 4395 sede

290 4418 540 4490 apostoli
588 4418 725 4471 Petri
773 4417 837 4469 ad
878 4411 1170 4490 prrcsentcm
1222 4416 1567 4482 episcopatum
1598 4411 1921 4490 sacerdotum

2023 4048 2851 4124 Fuxensis;ggbotris_atque_uvis.
2885 4047 3251 4124 Corbeicnsis,
3301 4049 3433 4124 bolis
3471 4062 3622 4124 atque

2025 4125 2261 4181 racemis.
2294 4118 2475 4179 ’Vetus
2518 4121 2890 4195 Remigiunus,
2953 4118 3110 4174 botris
3149 4122 3451 4195 unionibus'
3476 4118 3627 4195 atque

2026 4198 2211 4262 acinis,
2248 4195 2337 4250 ubi
2369 4193 2613 4249 fortassis
2643 4191 2926 4263 legendum
2949 4201 3094 4245 esset
3140 4192 3449 4263 botrionibus
3474 4191 3626 4263 atque

2026 4269 2209 4323 acinis.
2234 4266 2369 4322 Nam
2398 4265 2655 4320 Martialis
2676 4262 2770 4319 lib.
2802 4280 2876 4319 χι.
2910 4265 3170 4333 epigratn.
3194 4262 3285 4317 28.
3311 4265 3480 4321 dixit:
3514 4262 3626 4321 Nec

2027 4342 2238 4410 dignum
2267 4346 2370 4392 toto
2399 4345 2446 4391 te
2471 4336 2717 4410 botryone
2745 4344 2911 4410 putat.
2938 4335 3393 4410 Palladiusetiam
3420 4337 3527 4393 bib.
3563 4354 3621 4393 ll.

2027 4408 2099 4466 de
2130 4412 2206 4466 Re
2243 4411 2433 4464 rustica
2481 4422 2599 4478 cap.
2650 4408 2757 4473 33:
2787 4408 2877 4462 lib.
2911 4422 2965 4471 ι,
2998 4420 3115 4476 cap.
3170 4408 3259 4473 i7,
3298 4417 3351 4463 et
3377 4410 3468 4465 lib.
3524 4424 3620 4464 xu.

288 4478 588 4554 successio.
620 4490 706 4545 Sic
737 4478 886 4542 idem"
908 4489 959 4541 in
990 4488 1202 4540 Psalmo
1227 4478 1404 4538 contra
1452 4494 1646 4553 portent
1698 4481 1910 4546 Donati,
1938 4482 1992 4543 D
2018 4498 2136 4553 cap.
2163 4481 2414 4554 12,7dixit
2442 4478 2726 4554 botryones.
2776 4479 3100 4554 Prudentius
3146 4478 3619 4554 in_bagmartigenia

287 4574 357 4621 et
404 4563 632 4631 epistula
687 4561 811 4623 165,
859 4575 920 4613 ac
971 4558 1197 4631 Optatus
1245 4557 1464 4631 Milevit.
1501 4566 1678 4631 contra
1732 4554 1910 4631 Parin.

288 4637 336 4690 Ι.
376 4626 782 4698 n,Donatistas
814 4630 1137 4684 convincunt
1168 4628 1409 4681 doctrina
1434 4628 1691 4681 continuo
1724 4626 1915 4680 tradita

282 4708 352 4763 in
385 4705 623 4759 ecclesia
654 4705 894 4759 Romana
922 4717 1017 4770 per
1044 4700 1332 4770 legitimam
1358 4699 1677 4770 Ponliiicutn
1702 4710 1918 4752 succes-

280 4782 549 4840 sionem,
604 4787 658 4831 et
711 4774 899 4830 eodem
923 4767 1249 4841 argntnento
1276 4786 1388 4825 sua:
1420 4771 1591 4823 :etatis
1632 4767 1919 4823 hxcreticos

277 4852 372 4905 im
383 4858 617 4919 pugnat,
645 4847 941 4919 praesertim
968 4844 1061 4919 lib.
1082 4859 1167 4919 _tn,
1185 4858 1303 4919 cap.
1320 4843 1372 4895 5.
1398 4841 1727 4919 lrenaius,_et
1745 4841 1917 4919 ipsum

273 4912 564 4979 imitaius
596 4912 823 4974 Tertull.
857 4918 946 4970 lib.
980 4916 1044 4968 de
1075 4913 1348 4984 Prtescrip.
1374 4913 1617 4967 adversus
1654 4912 1919 4966 literaticos

271 5010 354 5048 ac
388 4991 665 5059 Origenes
704 4991 795 5044 lii).
830 5005 866 5043 ι.
898 4986 1165 5059 Periarclt.
1198 4985 1403 5059 Putes.

375 5064 456 5115 V.
490 5056 558 5102 ὲ
584 5061 911 5117 Succednnea
936 5059 1104 5113 Antea
1132 5058 1253 5111 istic
1277 5058 1535 5125 scriptum
1557 5056 1919 5110 eratsuccida-

269 5153 424 5193 nea.
458 5134 588 5199 Qua:
616 5135 772 5189 lectio
790 5142 874 5187 est
887 5132 1109 5199 optima.
1136 5128 1240 5183 Sed
1260 5129 1423 5197 quicn
1450 5141 1609 5196 quam
1638 5142 1739 5199 nos
1765 5141 1923 5199 repo—

266 5196 528 5266 suimus
572 5208 769 5275 optima
802 5196 961 5259 etiam
1003 5210 1105 5265 est,
1155 5210 1208 5275 et
1257 5196 1309 5254 in
1342 5198 1733 5275 omnibus‘l'ere
1772 5196 1921 5252 libris

264 5276 590 5337 veteribus
610 5266 909 5345 reperitur,
938 5288 1057 5328 eam
1082 5272 1320 5345 retinere
1339 5271 1556 5345 placuit.
1594 5266 1743 5325 Unus
1770 5278 1920 5322 meus

261 5362 476 5408 vetus
512 5348 666 5403 habet
685 5340 953 5402 'mendose
978 5343 1241 5409 succidua,
1276 5343 1412 5396 alius
1432 5340 1713 5395 subitanca.

355 5422 677 5477 ﬂaminicae
732 5420 906 5491 pacis:
961 5416 1144 5471 Codex
1205 5414 1378 5469 sancti
1431 5412 1696 5482 Arnuiphi
1762 5409 1924 5465 habet

257 5493 593 5574 passionis.

350 5564 600 5623 Alienas
629 5564 720 5632 ﬁt:
747 5560 889 5616 Cilat
927 5560 1069 5615 hunc
1117 5559 1293 5632 locum
1328 5563 1564 5632 sanctus
1592 5552 1951 5632 Augustinus

250 5642 382 5702 lib.
418 5648 537 5689 vn.
558 5626 921 5705 de'Baptismn
939 5642 1123 5705 contra
1153 5628 1458 5705 Donatistas
1477 5641 1596 5694 cap.
1621 5626 1707 5681 50.

355 5694 667 5765 Dominica
712 5694 1001 5772 sacriﬁcia:
1035 5703 1150 5758 Duo
1199 5699 1320 5754 libri
1368 5709 1582 5753 veteres
1632 5694 1925 5767 prmlerunt

261 5788 669 5846 gacramenta.

352 5847 553 5912 Botis
580 5860 727 5917 atque
756 5848 953 5921 acinis:
994 5844 1178 5903 Codex
1209 5844 1397 5919 .gsancti
1447 5840 1711 5913 Arnulpbi
1764 5839 1927 5897 [τοινωί

2022 4549 2204 4609 vallem
2250 4553 2509 4623 botryonis
2555 4549 2821 4623 opimam.
2852 4549 3157 4623 Ludovicus
3183 4549 3381 4623 Caelius
3413 4549 3617 4608 Rhodi—

2023 4628 2178 4695 ginus
2201 4623 2294 4680 lib.
2329 4621 2419 4679 vit.
2449 4640 2567 4693 cap.
2591 4621 2698 4677 45:
2725 4621 2944 4695 Quidam
2971 4622 3135 4676 dictus
3173 4622 3498 4695 philobotrgx
3523 4634 3614 4691 est,

2023 4694 2261 4766 quoniam
2277 4698 2388 4751 uvis
2409 4697 2705 4766 afﬁceretur
2731 4694 3014 4766 insigniter.

2028 4764 2044 4803 ί
2096 4768 2187 4824 Vl.
2215 4798 2287 4809 -—
2309 4764 2586 4839 .4bjiceret.
2617 4764 2766 4839 Unus
2790 4764 3109 4839 liber__meus
3139 4777 3294 4822 vetus
3326 4765 3485 4825 habet
3513 4768 3627 4823 abi-

2023 4851 2178 4912 geret.
2203 4841 2292 4896 Sic
2316 4836 2477 4912 eti’am
2508 4838 2561 4891 in
2591 4836 3112 4912 Gratianopolitano.

2093 4911 2319 4966 Alterura
2345 4910 2437 4965 sibi
2461 4908 2895 4981 regem._S_eptem
2925 4906 3046 4981 libri
3077 4918 3286 4965 veteres
3314 4918 3368 4964 et
3388 4911 3623 4981 antiqua:

2024 4982 2289 5039 editiones
2345 4978 2544 5036 habent
2599 4979 2910 5032 adulterum.
2972 4978 3230 5035 Erasmus
3293 4978 3622 5039 emendavit.

2025 5053 2473 5109 Emendationem
2515 5048 2728 5104 Erasmi
2763 5049 3087 5105 conﬁrmant
3125 5068 3317 5106 novem
3363 5054 3484 5107 libri
3528 5070 3624 5110 ve-

2025 5136 2167 5179 teres
2185 5166 2200 5191 ,
2236 5126 2286 5179 in
2322 5122 2505 5192 primis
2529 5137 2661 5177 vero
2684 5121 3065 5192 Seguieranus.
3098 5123 3434 5179 Conﬁrmant
3458 5126 3621 5180 etiam

2025 5196 2174 5251 illam
2203 5191 2364 5251 verba
2396 5194 2647 5265 Cypriani
2683 5191 2842 5262 paulo
2866 5201 3025 5265 ante,
3057 5204 3103 5247 et
3132 5194 3308 5249 relicto
3334 5212 3452 5265 rege
3490 5196 3620 5251 alte-

2024 5283 2138 5321 rum
2167 5267 2262 5320 sibi
2292 5267 2416 5335 foris
2442 5262 2833 5318 constituerunt.
2866 5262 2943 5337 Et
2963 5274 3140 5337 tamen
3174 5262 3443 5337 Panic-lius
3470 5268 3624 5337 sequi

2025 5338 2213 5393 maluit
2231 5334 2564 5407 Scripturam
2593 5343 2847 5407 veterum
2862 5334 3182 5389 editionum.
3205 5335 3503 5392 Pamelium
3530 5334 3621 5394 se-

2026 5411 2135 5465 cuti
2164 5416 2292 5464 sunt
2320 5403 2667 5480 Rigaltius_et
2692 5403 3043 5480 iteinhartus.
3071 5406 3237 5480 AAngli
3279 5417 3426 5464 recte
3464 5425 3625 5480 repo-

2026 5489 2255 5538 suerunt
2297 5476 2533 5534 alterum.
2580 5476 2781 5531 Similis
2820 5491 2974 5531 error
3018 5476 3287 5535 admissus
3329 5480 3380 5534 in
3411 5476 3623 5539 canone

2026 5567 2173 5609 nono
2201 5550 2427 5606 Concilii
2473 5545 2788 5603 Eliberitani
2828 5548 3144 5604 emendatus
3184 5565 3215 5605 a
3260 5551 3415 5606 nobis
3444 5546 3623 5608 estad

2028 5625 2364 5694 Reginonem
2394 5622 2483 5676 lib.
2514 5636 2549 5675 ll
2570 5659 2585 5686 ,
2610 5619 2898 5694 cap._10_3,_
2918 5616 2981 5673 de
3006 5616 3305 5694 Dtsciplinis
3334 5619 3629 5679 Ecclesias-

2029 5689 2163 5751 ticis.
2190 5695 2393 5750 Contra
2424 5694 2476 5748 in
2504 5689 2796 5761 capite”,
2824 5691 3058 5764 Liberag
3075 5732 3091 5758 ,
3123 5689 3219 5762 pro
3235 5707 3316 5764 eo
3342 5694 3485 5764 quod
3513 5694 3628 5749 edi-

2030 5769 2207 5823 tiones
2247 5774 2396 5822 recte
2434 5758 2644 5836 habent
2669 5778 2814 5831 quem
2834 5763 2988 5836 jussit
3017 5758 3193 5818 Zenon
3221 5758 3515 5836 imperator
3545 5781 3637 5819 ea:-

2030 5839 2153 5909 pelli
2180 5849 2436 5909 tamquam
2466 5834 2765 5895 Itwreticum
2780 5845 2825 5891 et
2843 5833 3161 5905 adulterum,
3182 5833 3398 5897 veteres
3422 5836 3643 5898 codices
