4262 6236
671 305 694 358 I
708 306 809 366 145

1739 305 2068 364 RPIS’I‘OLA
2113 312 2169 372 5..
2213 306 2536 367 CYPRIANI
2577 309 2672 364 AD
2708 308 3020 377 MAGNUM,

3816 317 3952 374 HM

667 422 782 485 21).
809 422 1140 491 ludignatum
1170 437 1290 479 esse
1315 421 1600 479 Dominum
1625 423 1757 478 dicit
1789 434 1813 460 τι
1839 435 1892 478 et
1922 438 2018 479 eos
2049 425 2100 478 in
2124 438 2246 493 per-
2275 425 2327 486 Λ
2351 419 2528 478 Credis
2550 424 2898 480 remissionem
2941 436 3280 497 peccatorum,
3311 438 3356 483 et
3395 433 3547 484 vitam
3590 440 3834 486 aeternam
3859 449 3951 504 per

671 513 927 568 ditionem
959 513 1171 570 dedisse
1217 515 1360 587 quod
1405 516 1475 569 ab
1521 517 1722 571 unitate
1745 515 1771 555 λ’
1805 516 2048 583 dissipati
2076 526 2263 571 es>ent

667 617 826 677 atque
849 609 1075 662 alterum
1109 610 1208 664 sibi
1241 621 1262 648 ο
1320 625 1497 680 regem
1545 611 1970 666 constituissent.
2015 610 2080 665 Et
2114 619 2256 664 tanta

677 699 976 770 indignatio
1031 701 1240 756 Domini
1289 703 1395 758 exii
1427 706 1456 756 il
1492 704 1747 758 adversus
1778 703 1894 757 illos
1915 704 2002 774 qui
2026 704 2258 758 scbisma

674 790 938 858 fecerant,
967 804 1024 847 ttt
1049 793 1210 849 etiam
1234 810 1354 849 cum
1380 795 1540 849 homo
1570 796 1660 850 Dei
1685 797 1751 849 ad
1786 796 2104 850 Hicrohoam
2133 797 2259 850 tuis-

661 901 756 940 sus
780 896 924 941 esset
948 888 1037 957 qui
1061 889 1109 942 ci
1139 905 1299 958 pecca
1326 905 1354 943 a
1397 905 1489 944 sua
1514 891 1884 957 caprobraret,
1914 899 2072 960 atque
2096 891 2256 944 ultio-

669 995 792 1037 nem
823 982 1053 1036 tuturam
1097 983 1438 1054 pra'diceret.
1489 1000 1678 1052 panem
1707 999 1919 1053 quoque
1949 983 2087 1052 apud
2137 983 2258 1038 illos

667 1073 832 1129 edere
861 1085 910 1126 ct
958 1090 1149 1144 aquam
1177 1076 1361 1130 bibere
1399 1084 1687 1128 vetaretur.
1707 1074 1857 1141 Quod
1886 1090 2005 1128 rum
2034 1089 2138 1128 non
2166 1090 2260 1128 cu-

672 1166 926 1222 stodisset
954 1180 1002 1222 et
1037 1177 1224 1223 contra
1256 1177 1580 1237 prtereptum
1615 1167 1702 1220 Dei
1737 1166 2059 1237 pl‘alIdISrel,
2078 1166 2256 1221 statim

674 1261 867 1317 divinae
891 1274 1133 1314 censurae
1163 1260 1443 1328 majesmtc
1497 1273 1783 1328 percussus
1808 1269 1911 1322 est,
1939 1269 1994 1312 ut
2024 1259 2147 1312 inde
2175 1275 2260 1314 re-

667 1352 920 1424 grediens
966 1353 1166 1422 impetu
1209 1348 1235 1387 ἀ
1275 1367 1338 1406 ac
1367 1366 1546 1406 morsu
1579 1351 1750 1405 leonis
1780 1352 2007 1405 intincre
2039 1366 2261 1407 necare-

665 1456 774 1500 tttr.
813 1445 873 1500 Et
897 1445 1058 1499 audet
1097 1446 1374 1515 quisquam
1409 1444 1587 1498 dicere
1613 1459 1805 1513 aquam
1837 1443 2090 1513 Baptismi
2119 1443 2260 1498 salu-

665 1551 832 1596 tarem
863 1552 910 1594 et
942 1523 1164 1609 gratiam
1188 1539 1461 1594 caeli-stem
1481 1553 1821 1591 communem
1848 1552 1967 1590 cum
1993 1537 2259 1592 schisma-

667 1635 785 1690 ticis
807 1649 929 1690 esse
961 1650 1135 1702 pthsc,
1167 1649 1286 1686 cum
1315 1631 1507 1700 quibus
1538 1645 1635 1684 nec
1679 1631 1947 1683 terrestris
1975 1630 2129 1684 cibus
2159 1644 2258 1684 nec

663 1727 941 1786 stocularis
965 1737 1120 1795 potus
1142 1726 1302 1779 debet
1327 1739 1447 1778 esse
1473 1723 1810 1778 communis?
1829 1722 1999 1777 Satiat
2027 1723 2205 1779 adhuc
2230 1735 2253 1762 ο

2363 526 2591 571 sanctam
2642 515 2923 572 Ecclesium
2950 561 2965 582 ,
3021 520 3355 576 mentiuntur
3401 521 3453 577 iu
3505 523 3946 593 interrogatione,

2363 609 2577 678 quando
2626 625 2729 664 non
2760 609 2992 665 habeant
3041 611 3358 668 Eccle-iam.
3392 613 3541 670 Tunc
3589 614 3789 672 deinde
3829 631 3957 673 voce

2362 717 2455 758 sua
2509 705 2610 773 ipsi
2664 705 2993 760 conliteutur
3043 707 3414 763 remis.-ionem
3470 719 3811 780 peccatorum
3839 725 3946 767 non

2361 798 2476 854 dari
2508 800 2606 854 nisi
2633 816 2728 870 per
2742 809 2980 857 sanctam
3007 802 3297 858 Ecclesiam
3323 819 3481 873 posse
3505 821 3521 870 ;
3543 821 3701 874 quam
3728 821 3834 860 non
3861 807 3956 862 ba-

2363 894 2575 959 bentes,
2601 897 2894 951 ostendunt
2923 897 3123 952 remitti
3148 897 3254 952 illic
3284 908 3498 968 peccata
3530 914 3634 954 non
3662 913 3842 972 posse.

2436 987 2568 1042 VIII.
2598 987 2750 1056 Quod
2797 1004 2924 1043 vero
2969 988 3218 1044 eumdem
3245 1004 3404 1060 quem
3437 1000 3493 1045 et
3535 1007 3633 1046 nos
3661 992 3822 1046 [leum
3852 991 3956 1048 Pa-

2364 1089 2521 1146 trem,
2550 1081 2795 1135 eumdt-m
2840 1081 3032 1136 Filium
3080 1079 3374 1148 Christum,
3402 1084 3650 1140 eumdem
3689 1083 3953 1154 Spiritum

2362 1185 2606 1254 sanctum
2635 1189 2796 1228 nosse
2823 1174 3095 1237 dicuntur.
3139 1190 3238 1228 nec
3269 1173 3371 1230 ltoc
3396 1176 3652 1245 adjuvare
3681 1177 3813 1232 tales
3861 1193 3958 1248 po-

2365 1277 2486 1323 test.
2521 1265 2653 1321 Nam
2684 1277 2737 1322 et
2763 1265 2941 1322 Chore
2983 1277 3036 1322 et
3070 1268 3273 1323 [tathan
3299 1278 3353 1324 et
3379 1268 3583 1324 Abiron
3615 1285 3741 1324 cum
3772 1285 3956 1326 sacer-

2363 1360 2489 1415 dote
2518 1362 2693 1414 Aaron
2727 1368 2783 1414 et
2822 1358 3003 1424 Moyse
3045 1359 3292 1414 eumdem
3337 1360 3502 1416 Deum
3530 1371 3815 1426 noverant,
3843 1365 3958 1434 pari

2365 1452 2482 1522 lege
2511 1451 2527 1489 ί
2562 1465 2615 1508 et
2655 1452 2916 1522 religione
2968 1453 3228 1516 viventes,
3263 1468 3424 1507 untnn
3469 1463 3522 1508 et
3549 1467 3737 1508 verum
3769 1458 3954 1522 l:eum,

2365 1550 2453 1618 qui
2484 1548 2745 1603 colendus
2793 1558 2954 1614 atque
3003 1546 3335 1602 ittvocaudus
3382 1547 3586 1610 luerat,
3616 1548 3955 1603 invocabant.

2366 1639 2569 1696 Tamen
2599 1639 2722 1711 quia
2751 1639 2852 1694 loci
2882 1639 2964 1694 sui
3010 1639 3366 1695 ministerium
3419 1641 3739 1714 transgressi
3767 1651 3958 1698 contra

2367 1736 2545 1790 Aaron
2569 1733 2903 1790 sacerdotem
2941 1734 3030 1804 qui
3059 1734 3418 1790 sacerdotium
3451 1734 3745 1806 legitimum
3768 1735 3957 1808 digna-

663 1826 718 1881 iu
752 1821 1045 1892 Erangclio
1070 1836 1168 1876 suo
1201 1820 1455 1873 Dominus
1485 1829 1536 1872 et
1584 1818 1842 1886 majorem
1890 1817 2255 1888 intelligentia:
2288 1828 2336 1890 Β
2365 1827 2513 1882 tione
2541 1827 2633 1882 De;
2662 1837 2823 1897 atque
2851 1825 3192 1882 οηιίηαιίυηε
3246 1826 3454 1881 numini
3496 1836 3830 1898 perceperat.
3860 1843 3951 1883 sa-

669 1919 844 1975 lucem
868 1915 1166 1971 manifestat
1187 1913 1326 1984 quod
1357 1913 1516 1967 iidem
1542 1913 1629 1979 qui
1660 1927 1717 1966 se
1743 1921 1868 1966 tunc
1896 1928 1924 1964 a
1955 1911 2094 1966 tribu
2119 1911 2254 1967 Juda

665 2023 720 2070 et
744 2011 1018 2081 Benjamin
1051 2009 1341 2070 sciderant.
1366 2018 1419 2062 et
1442 2006 1830 2078 Hierosolymis
1859 2007 2134 2062 derelictis
2159 2005 2257 2062 Sa-
2296 2086 2298 2088 ν

664 2109 885 2164 mariam
913 2114 1272 2168 scrcswraut,
1308 2102 1448 2157 inter
1473 2099 1730 2171 profanos
1752 2109 1807 2154 et
1850 2101 2079 2170 gentiles
2107 2115 2257 2155 com-

664 2209 1001 2272 putareutur.
1030 2199 1163 2256 Nam
1191 2214 1312 2253 cmn
1346 2196 1576 2266 primum
1608 2193 1903 2265 discipulos
1923 2208 2052 2249 suos
2081 2194 2134 2248 in
2158 2194 2257 2248 mi-

665 2295 943 2350 nisterium
967 2293 1156 2349 salutis
1184 2292 1440 2355 mitteret,
1462 2287 1734 2342 mandavit
1756 2296 1808 2341 et
1827 2285 1962 2340 dixit
1992 2304 2006 2341 :
2037 2284 2100 2339 In
2123 2287 2256 2340 viam

664 2389 926 2443 nationum
960 2386 978 2423 ί
1004 2403 1066 2439 ne
1091 2385 1348 2449 abieritis,
1368 2393 1412 2437 et
1442 2383 1496 2436 in
1525 2381 1776 2435 civitatem
1799 2378 2246 2434 Samaritanorum

664 2501 728 2539 ne
769 2481 1081 2538 iutroien‘tis.
1116 2479 1195 2534 Ad
1226 2476 1442 2532 .Iudzros
1478 2486 1501 2523 Β
1556 2475 1702 2544 prius
1757 2473 1997 2531 mittens.
2028 2472 2254 2542 gentiles

665 2579 842 2636 adlmc
870 2577 1125 2648 prieteriri
1178 2575 1352 2644 jubet.
1386 2571 1649 2629 Addendo
1684 2583 1862 2625 autem
1891 2579 1942 2624 et
1975 2569 2252 2624 civitatem

669 2671 1130 2729 Samaritanorum
1154 2668 1354 2722 debere
1381 2665 1573 2727 omitti,
1611 2665 1701 2720 ubi
1721 2675 1873 2720 erant
1902 2662 2250 2729 scbismatici,

660 2763 897 2820 Ostendit
924 2762 1300 2817 schi~mattcos
1319 2759 1610 2830 gentilibus
1637 2757 1929 2824 adaequari.

736 2856 846 2912 VII.
877 2856 1029 2924 Quod
1061 2856 1102 2907 si
1127 2853 1321 2924 aliquis
1347 2852 1472 2907 illud
1518 2853 1741 2923 opponit
1767 2862 1824 2906 ut
1846 2851 1987 2906 dicat
2007 2850 2251 2907 eamdem

658 2951 1012 3007 Novatimum
1071 2949 1239 3013 legem
1291 2955 1474 3002 tenere
1514 2960 1671 3015 quam
1713 2945 1974 3001 catholica
2011 2944 2250 3000 Ecclesia

661 3053 862 3105 teneat,
900 3042 1086 3095 eodem
1118 3039 1374 3112 Symbolo
1401 3055 1507 3109 quo
1559 3050 1608 3092 et
1643 3053 1740 3092 nos
1787 3038 2076 3104 baptizare,
2098 3052 2253 3093 eum-

661 3137 783 3193 dem
813 3151 973 3191 nosse
1003 3135 1165 3190 Deum
1197 3135 1426 3196 I’atrem,
1455 3133 1702 3188 eumdem
1733 3133 1927 3188 Filium
1951 3131 2249 3199 Christum,

2363 1918 2638 1975 criﬁcandi
2662 1919 2760 1973 sibi
2785 1918 3056 1973 licentiam
3079 1917 3503 1981 vindicaverunt,
3530 1919 3786 1974 divinitus
3809 1935 3934 1988 per-

2362 2013 2508 2068 cussi
2539 2027 2725 2083 pinnas
2753 2014 2935 2067 statim
2993 2028 3088 2081 pro
3144 2012 3344 2067 illicitis
3373 2013 3656 2068 conatibus
3682 2013 3955 2084 pepende-

2361 2115 2490 2160 runt
2515 2116 2560 2166 t.
2593 2120 2692 2159 nec
2720 2115 3016 2175 potuerunt
3048 2114 3159 2160 rata
3205 2121 3328 2160 esse
3376 2117 3431 2161 et
3465 2106 3722 2176 prolicere
3745 2107 3957 2162 sacriﬁ-

2359 2197 2442 2254 cia
2476 2197 2775 2268 irreligiose
2797 2207 2852 2252 et
2883 2198 3068 2253 illicite
3089 2208 3274 2253 eontra
3297 2197 3388 2268 jus
3413 2199 3610 2254 divinae
3638 2199 3951 2269 dispositio—

2362 2292 2446 2346 llis
2476 2292 2675 2346 oblata.
2703 2291 2994 2347 Thuribula
3021 2307 3235 2362 quoque
3267 2293 3400 2362 ipsa,
3436 2292 3488 2346 in
3538 2292 3733 2362 quibus
3771 2292 3961 2350 incen-

2361 2400 2480 2440 smn
2511 2386 2697 2440 itlicite
2740 2386 2911 2440 fuerat
2936 2385 3196 2450 oblatmn,
3225 2400 3293 2440 ne
3324 2387 3374 2439 in
3406 2400 3502 2439 usu
3548 2385 3616 2441 de
3641 2397 3843 2442 caetero
3865 2403 3955 2444 es-

2361 2489 2482 2534 sent
2523 2477 2912 2543 sacerdotibus,
2947 2479 3040 2533 sed
3071 2479 3250 2548 potius
3299 2477 3683 2549 indignationis
3707 2489 3764 2536 et
3794 2479 3955 2538 ultio-

2362 2576 2446 2629 nis
2489 2573 2684 2627 divina)
2733 2575 3044 2627 memoriam
3098 2571 3433 2643 corrigendis
3481 2574 3712 2641 posmris
3739 2573 3958 2630 exhibe-

2357 2676 2485 2724 ri-nt
2507 2665 2557 2732 1‘,
2583 2666 2735 2736 jussu
2783 2666 2992 2721 υοιυίιιί
3021 2664 3248 2721 conﬂata
3291 2675 3450 2730 atque
3500 2667 3620 2737 igne
3650 2676 3870 2737 purgata
3903 2666 3957 2721 in

2358 2761 2588 2820 laminas
2613 2759 2843 2813 ductiles
2874 2760 3244 2829 producuntur
3266 2767 3320 2812 et
3346 2757 3636 2827 afliguntnr
3661 2757 3841 2815 altari.
3870 2773 3958 2814 se-

2359 2852 2591 2908 cundum
2643 2850 2785 2921 quod
2815 2850 3048 2922 loquitur
3073 2850 3348 2920 Scriptura
3395 2851 3597 2905 divina.
3631 2850 3955 2920 Jlemoriale,

2358 2944 2551 3014 inquit,
2584 2943 2705 3012 [iliis
2735 2941 2899 2997 Israel
2931 2953 2984 2996 ut
3010 2959 3110 2996 non
3134 2942 3343 2996 accedat
3372 2942 3638 3012 quicquam
3663 2942 3955 3016 alienigena

2357 3039 2444 3109 qui
2473 3055 2572 3091 non
2603 3046 2674 3091 est
2701 3052 2764 3090 ea:
2803 3037 2992 3090 semine
3041 3037 3211 3090 Aaron
3254 3035 3519 3107 imponere
3545 3037 3806 3091 incensum
3835 3048 3955 3092 ante

2359 3131 2653 3197 Dominum,
2674 3140 2841 3183 utnon
2870 3130 2934 3182 sit
2959 3129 3086 3183 sicut
3105 3125 3368 3184 Chore.El
3400 3137 3580 3184 tamen
3611 3130 3686 3183 illi
3710 3129 3946 3186 Schisina

659 3230 908 3286 emndcm
937 3227 1193 3298 Spiritum
1222 3239 1485 3289 sanctum,
1518 3241 1581 3281 ac
1623 3239 1839 3296 prapter
1861 3227 1962 3282 hoc
1988 3243 2252 3298 nsitrpare
2279 3223 2325 3287 C
2360 3240 2463 3280 non
2496 3226 2751 3285 fecerant.
2775 3237 2872 3276 nec
2918 3221 3059 3278 foras
3086 3221 3288 3291 egressi
3315 3263 3331 3284 ,
3358 3232 3544 3277 contra
3578 3222 3669 3277 Dei
3701 3222 3956 3278 sacerdo-

662 3338 784 3377 eum
817 3330 1133 3391 potestatem
1177 3319 1476 3385 baptizandi
1525 3334 1682 3389 posse
1729 3319 1869 3390 quod
1920 3319 2164 3374 videatur
2192 3320 2244 3375 in

661 3415 1082 3482 inteirogatiouc
1109 3411 1135 3449 ιι
1180 3412 1432 3481 Baptismi
1475 3428 1504 3464 a
1561 3411 1714 3466 nobis
1760 3428 1863 3466 nou
1913 3412 2240 3483 discrepare,

661 3509 797 3566 sciat
820 3508 1062 3579 quisquis
1106 3507 1208 3561 hoc
1247 3505 1624 3575 Oppoueudum
1675 3515 1824 3576 putat
1877 3507 2106 3576 primum
2140 3523 2246 3562 non

663 3617 784 3658 esse
813 3617 970 3655 uuam
999 3601 1154 3656 nobis
1183 3609 1236 3655 et
1265 3600 1626 3655 schismaticis
1656 3601 1895 3672 Symboli
1921 3602 2116 3672 legem,
2151 3617 2248 3658 ne-

659 3711 765 3770 que
813 3693 1057 3752 eamdem
1108 3695 1606 3766 interrogationem.
1658 3691 1790 3748 Nam
1839 3708 1960 3749 cum
2005 3695 2242 3750 dicunt:

2353 3326 2434 3372 tes
2463 3314 2802 3384 impudenter
2847 3312 2864 3351 ι
2891 3324 3051 3384 atque
3075 3312 3342 3368 hostiliter
3369 3314 3780 3377 rebellaverant,
3805 3314 3950 3384 quod

2355 3425 2498 3467 nunc
2525 3409 2577 3464 hi
2614 3405 2909 3464 Ecclesiam
2931 3405 3241 3460 scindentes
3262 3415 3318 3460 et
3346 3418 3528 3461 contra
3563 3423 3747 3477 pacem
3787 3421 3952 3483 atque

2350 3509 2607 3563 unitatem
2630 3502 2824 3558 Christi
2846 3499 3075 3558 rebelles
3091 3502 3400 3556 cathedram
3423 3503 3523 3559 sibi
3542 3505 3872 3563 constituere
3891 3519 3952 3564 et

2351 3604 2643 3671 primatum
2689 3610 2969 3652 assumere
2993 3603 3032 3631 ιη
3056 3603 3111 3649 et
3141 3594 3441 3666 baptizandi
3493 3608 3653 3667 atque
3691 3596 3955 3656 oll‘erendi

2355 3694 2627 3753 licentiam
2652 3689 2926 3746 vindicare
2946 3697 3196 3743 conatur.
3230 3687 3516 3756 Quomodo
3547 3690 3807 3760 perﬁcere
3831 3708 3955 3765 qua:

1873 3864 2253 3922 LECTIONES
2319 3859 2735 3920 VARIANTES.

724 4012 751 4039 ³
784 4006 1043 4057 Dominum
1067 4007 1190 4058 dixit
1217 4008 1348 4056 Lam.
1377 4006 1521 4056 Ebor.
1552 4007 1655 4055 Lm.
1685 4007 1793 4057 ΝΟ.
1822 4007 1866 4059 1,
1893 4008 1936 4056 2.

721 4069 750 4108 1v
785 4071 1033 4134 Quotquot
1057 4075 1118 4118 ab
1143 4071 1329 4134 unitate
1350 4071 1488 4134 Lam.
1523 4068 1625 4134 Bod
1672 4069 1702 4134 2
1748 4068 1889 4134 Elim:
1918 4068 2100 4134 ,να-σι.

723 4138 745 4166 ε
789 4129 873 4185 Sic
915 4129 1046 4183 llam.
1087 4131 1268 4182 Bened.
1306 4130 1412 4182 Lin.
1450 4133 1574 4182 Bod.
1600 4133 1646 4187 1,
1681 4133 1729 4182 2.
1766 4129 1909 4181 Ehor.
1959 4131 2068 4183 NF.
2112 4131 2158 4190 1,
2200 4133 2246 4180 ‘2.

657 4197 946 4262 Adulterum
973 4195 1080 4262 βίῃ.

723 4258 750 4298 (ι
789 4257 1100 4320 “egrediens
1123 4270 1284 4308 morsu
1313 4257 1438 4320 Bod.
1465 4260 1511 4308 1.

723 4330 748 4354 υ
781 4317 995 4372 ,ςὶόΒοα
1036 4323 1082 4378 1,
1108 4325 1152 4371 ‘2.
1185 4321 1314 4370 Lam.
1345 4319 1486 4370 Elia".
1515 4321 1622 4371 ΝΟ.
1645 4321 1690 4374 1,
1716 4323 1746 4370 2
1784 4317 1886 4369 Lin.
1911 4319 2065 4368 Sonat
2089 4320 2244 4371 Oxon.

727 4386 747 4422 ι’
789 4385 840 4433 In
867 4387 989 4433 viam
1015 4384 1236 4445 gentium
1263 4382 1382 4433 Bod.
1410 4387 1454 4434 2.
1483 4385 1617 4434 Lam.
1647 4381 1791 4445 Ebur.
1823 4383 1930 4434 ΝΟ.
1960 4383 2006 4432 1.

725 4452 750 4490 8
785 4445 857 4498 Ad
880 4444 1077 4497 .ludaebs
1099 4447 1310 4511 primum
1338 4447 1472 4496 Laut.
1501 4446 1609 4498 NG.
1637 4447 1681 4497 1.
1707 4444 1852 4496 Ebor.

2417 4002 2448 4041 ιι
2480 4001 2716 4054 Videntur
2755 3999 3140 4062 interrogatione
3165 4010 3193 4044 a
3216 3997 3359 4047 nobis
3384 3999 3519 4049 Lam.
3561 4001 3685 4050 Bod.
3725 4002 3756 4050 2
3798 3999 3952 4053 Ebur.

2360 4067 2449 4168 Ni:
2477 4067 2617 4193 [iege
2645 4134 2698 4193 et
2721 4124 2997 4193 conditione
3021 4126 3205 4193 m1}.
3307 4184 3351 4193 Η

2424 4192 2438 4243 i
2481 4185 2580 4242 SiE
2596 4191 2712 4242 Bod.
2741 4192 2788 4250 1,
2815 4191 2862 4247 2,
2887 4193 2936 4239 3.
2969 4190 3102 4238 Lam.
3126 4185 3266 4237 Ebur.
3298 4185 3404 4236 Lin.
3435 4187 3541 4238 ΝΟ.
3585 4189 3630 4248 1,
3665 4191 3711 4239 2.
3747 4187 3956 4240 Pende-

2355 4263 2465 4306 runt
2495 4256 2656 4306 ann.

2419 4321 2446 4358 ll
2479 4317 2846 4368 Exhiberentur
2881 4312 3004 4364 Bod.
3032 4318 3080 4362 5.

2419 4380 2441 4420 ι
2483 4381 2564 4438 Im,
2585 4381 2796 4430 udenter
2834 4378 2965 4426 Lmn.
2995 4374 3136 4428 Ebur.
3165 4375 3292 4427 Bod.
3319 4378 3366 4439 1,
3392 4377 3437 4426 2.
3467 4374 3566 4426 Lin.
3596 4376 3704 4428 ΝΟ.
3734 4378 3778 4438 1,
3803 4379 3850 4429 2.

2274 4425 2328 4487 D
2416 4445 2454 4472 π’
2483 4425 2818 4506 anticipatio]
2844 4425 2984 4491 Cora.

1855 4573 2095 4631 STEPll.
2140 4571 2416 4656 mcum
2453 4572 2684 4630 nam.

659 4701 906 4758 ecclesim
937 4699 1333 4754 Bcllovacensis
1363 4706 1418 4752 et
1446 4695 1756 4752 monasterii
1785 4693 2128 4750 Corbeiensis
2157 4694 2251 4749 ha-

660 4775 786 4829 bent
812 4772 1057 4838 alterum,
1087 4779 1239 4825 certo
1266 4784 1466 4825 errore.

735 4844 1052 4899 Prandisset.
1100 4845 1245 4896 llanc
1285 4843 1570 4897 lectionem
1599 4838 2124 4911 prml‘eruntialiquot
2153 4853 2248 4893 ve-

660 4928 772 4972 tera
805 4915 1155 4981 (‘Xt'lllltliIrIiL
1188 4913 1302 4968 Alia
1336 4914 1532 4968 habent
1575 4909 1848 4980 prmisisset
1903 4909 2035 4964 Vide
2069 4924 2190 4976 qua:
2217 4925 2249 4964 a

658 4989 817 5044 nobis
831 4987 1114 5042 observata
1136 4997 1254 5039 sunt
1280 4986 1345 5040 ad
1369 4996 1515 5058 gesta
1539 4983 1750 5039 concilii
1771 4981 2247 5050 Chalcedonensis,

695 5076 778 5115 aa.
807 5059 935 5114 1051

727 5076 778 5114 oo
878 5097 887 5111 σ

658 5076 935 5187 Ρεὲιιῖἱϊῗι
962 5129 1278 5185 Necessario
1322 5127 1695 5184 remeavimus
1737 5126 1873 5181 hanc
1916 5125 2239 5188 lectionem',

656 5207 779 5276 quia
805 5212 980 5255 exstat.
1010 5205 1059 5254 in
1092 5201 1342 5276 omnibus
1371 5202 1605 5276 antiquis
1628 5199 1955 5276 ctlitinntbtts
1974 5210 2028 5251 et
2061 5199 2240 5276 in_x_|_x

652 5268 930 5331 codicibus
961 5274 1357 5344 manusrriptis.
1410 5268 1934 5344 I’atizelinstnutavit
1976 5280 2030 5324 et
2074 5268 2241 5323 edidit

651 5355 800 5401 sonat
827 5363 891 5400 ex
922 5345 1024 5399 lide
1053 5341 1252 5399 codici;
1284 5341 1752 5397 Camhernnensis.
1796 5341 1884 5396 Ait
1923 5351 2101 5394 autem
2145 5355 2241 5392 vo-

651 5433 770 5471 cem
797 5418 950 5470 smiat
966 5459 981 5480 ,
1005 5433 1122 5486 quae
1145 5415 1360 5470 habetur
1387 5414 1438 5468 in
1460 5415 1581 5469 ali~s
1597 5412 2033 5486 codicibus._esse
2053 5425 2240 5486 corru-

650 5497 796 5558 ptam
847 5488 902 5544 Io
934 5482 1040 5541 uno
1071 5505 1190 5540 tum
1219 5487 1410 5543 lenitur
1435 5488 1584 5556 [Vivet-
1624 5484 1790 5558 Satiat
1827 5482 2241 5558 istic_signil_ic:it

648 5554 881 5622 probare
906 5575 970 5613 ex
1004 5558 1329 5613 abundantia
1354 5554 1494 5624 quod
1520 5569 1610 5616 aut
1629 5573 1680 5612 ea
1709 5557 1908 5611 diotnm
1943 5555 2038 5608 fuit
2059 5595 2073 5616 ,
2103 5554 2241 5607 sicut

647 5626 849 5696 Plinio.
877 5632 967 5685 lib.
1006 5645 1057 5690 v,
1086 5644 1202 5696 cap.
1237 5633 1293 5694 9,
1328 5627 1453 5681 dicit
1484 5634 1664 5692 Nilum
1695 5629 1996 5684 increscere
2027 5635 2183 5693 prout
2209 5640 2237 5676 a

641 5692 951 5770 Mauritmoa
986 5707 1130 5770 nives
1154 5692 1434 5770 'imbresve
1460 5701 1818 5770 satiaverit“,
1863 5696 1910 5750 id
1951 5692 2038 5770 est
2072 5699 2242 5754 abun-

636 5761 898 5852 daveil-i..t.
939 5772 1000 5821 Et
1022 5769 1271 5852 'I‘ertttl_lia
1286 5781 1345 5852 Its.
1370 5767 1416 5821 in
1435 5761 1627 5852 3:511)
1647 5785 1740 5827 ace
1762 5772 1831 5828 ait
1857 5767 1999 5838 quod
2021 5770 2071 5852 si
2092 5783 2239 5827 sror-

613 5834 713 5892 Ρ¹⁰
733 5836 952 5908 Ρίιιραιη
977 5841 1220 5902 satiaverit
1237 5881 1258 5906 ,
1297 5834 1342 5888 id
1364 5834 1655 5932 ergata
1677 5857 1825 5902 Virus
1849 5834 2011 5897 sitqu
2037 5840 2095 5902 iu
2122 5852 2247 5907 eam

2354 4693 2634 4759 etl'nderit,
2689 4695 2869 4749 statim
2919 4694 3177 4763 pristinos
3202 4707 3395 4748 sensus
3438 4704 3834 4762 retropescere.
3889 4695 3956 4753 In

2355 4766 2606 4822 eumdem
2626 4781 2848 4838 sensum
2862 4767 3182 4838 Cyprianus,
3205 4767 3257 4817 in
3281 4766 3419 4820 libro
3434 4767 3503 4838 de
3523 4766 3700 4836 Opere
3711 4779 3761 4820 et
3790 4765 3959 4823 Elec-

2356 4837 2616 4908 mosynis,
2651 4853 2769 4906 pag.
2797 4837 2921 4904 “359,
2953 4839 3025 4891 ait
3050 4837 3465 4907 deprecationcs
3489 4840 3632 4892 solas
3664 4855 3851 4907 parum
3879 4842 3958 4896 ad

2355 4909 2748 4980 impetrandum
2789 4910 2968 4964 valere
3005 4910 3105 4963 nisi
3135 4911 3401 4980 l‘artormn
3429 4919 3484 4964 et
3510 4924 3733 4977 cperam
3761 4925 3958 4968 acces—

2352 4978 2812 5054 sio—uersatientur.
2839 4980 3092 5054 Ovidius,
3113 4982 3204 5034 lib.
3229 4995 3305 5044 III,
3325 4978 3591 5049 Tristium,
3617 4981 3755 5054 eleg.
3789 4999 3830 5050 t,
3856 4983 3954 5038 di-

2352 5054 2459 5108 xit:
2490 5051 2616 5105 Cum
2645 5054 2748 5115 iam
2779 5053 3036 5106 satiaverit
3064 5054 3218 5106 iram.

2431 5123 2676 5196 Majorem
2699 5124 3105 5196 intelligentiam.
3135 5123 3318 5179 Codex
3343 5124 3515 5180 sancti
3540 5124 3806 5196 Arnulpbi
3833 5144 3961 5183 ma-

2338 5195 2832 5268 joreiintelligentire
2864 5195 2994 5251 luce.

2419 5267 2606 5323 VII.—
2626 5267 3008 5322 Remissionem.
3037 5267 3284 5339 Plerique
3313 5267 3433 5324 libri
3459 5277 3672 5325 veteres
3700 5269 3908 5327 habent
3936 5291 3954 5328 :

2345 5337 2520 5394 Credis
2547 5340 2599 5392 in
2627 5339 2992 5394 remissionem.

2418 5411 2544 5466 VIII.
2573 5440 2644 5451 —
2678 5408 3053 5478 Pependernnt.
3077 5411 3153 5466 Ita
3193 5410 3491 5468 duodecim
3524 5413 3650 5467 libri
3698 5424 3948 5472 veteres.

2343 5481 2714 5556 Alii_qttittqtte
2745 5493 2793 5536 et
2824 5483 2991 5536 editio
3025 5483 3339 5556 blorelliana
3368 5487 3732 5556 rependerem.

2416 5553 2527 5608 Nec
2559 5563 2824 5622 potuerunt
2859 5565 2992 5608 rata.
3037 5553 3186 5627 Unus
3218 5555 3385 5610 Codex
3416 5553 3596 5627 regius
3625 5558 3816 5620 habet,
3853 5576 3962 5614 nec

2342 5627 2504 5700 potuit
2539 5637 2703 5678 rotant
2729 5641 2838 5700 esse
2873 5637 2919 5700 et
2965 5626 3209 5700 proﬁcere
3237 5626 3549 5694 sam/icium
3584 5628 3877 5700 irretigiose
3903 5644 3964 5688 et

2340 5699 2516 5752 illicito
2542 5709 2718 5750 contra
2735 5698 2827 5765 jus
2855 5698 3041 5753 divina:
3065 5697 3414 5766 dispositionis
3439 5699 3686 5754 oblatum.

2421 5767 2700 5821 Prinmtum
2731 5785 3006 5841 assumere
3048 5771 3185 5836 Quid
3227 5771 3345 5824 istic
3371 5770 3639 5837 signiticet
3677 5772 3962 5841 primatus

2349 5855 2457 5902 non
2477 5842 2605 5897 satis
2631 5854 2909 5912 assequar.
2940 5839 3154 5898 Etenim
3187 5857 3293 5898 non
3318 5856 3536 5910 possum
3558 5839 3803 5901 assentiri
3831 5843 3955 5902 Pa-
