  <div class='ocr_page' id='page_1' title='image "/cluster/home/n/w/nwhite01/storage/ocr_20150623/3/hvd.32044054086798/622.png"; bbox 0 0 4262 6236; ppageno 0'>
   <div class='ocr_carea' id='block_1_1' title="bbox 374 316 510 374">
    <p class='ocr_par' dir='ltr' id='par_1_1' title="bbox 374 316 510 374">
     <span class='ocr_line' id='line_1_1' title="bbox 374 316 510 374; baseline 0.015 -2"><span class='ocrx_word' id='word_1_1' title='bbox 374 316 510 374; x_wconf 68' lang='lat' dir='ltr'><strong>Nili</strong></span> 
     </span>
    </p>
   </div>
   <div class='ocr_carea' id='block_1_2' title="bbox 1471 309 2549 371">
    <p class='ocr_par' dir='ltr' id='par_1_2' title="bbox 1471 309 2549 371">
     <span class='ocr_line' id='line_1_2' title="bbox 1471 309 2549 371; baseline -0.005 -2"><span class='ocrx_word' id='word_1_2' title='bbox 1471 314 1557 370; x_wconf 79' lang='lat' dir='ltr'><strong>DE</strong></span> <span class='ocrx_word' id='word_1_3' title='bbox 1594 310 2041 371; x_wconf 66' lang='lat' dir='ltr'><strong>BAI‘TIZANDIS</strong></span> <span class='ocrx_word' id='word_1_4' title='bbox 2076 309 2507 366; x_wconf 74' lang='lat' dir='ltr'><strong>NOVATIANIS.</strong></span> <span class='ocrx_word' id='word_1_5' title='bbox 2548 336 2549 339; x_wconf 53' lang='grc' dir='ltr'><strong>η</strong></span> 
     </span>
    </p>
   </div>
   <div class='ocr_carea' id='block_1_3' title="bbox 3510 303 3646 362">
    <p class='ocr_par' dir='ltr' id='par_1_3' title="bbox 3510 303 3646 362">
     <span class='ocr_line' id='line_1_3' title="bbox 3510 303 3646 362; baseline -0.022 -1"><span class='ocrx_word' id='word_1_6' title='bbox 3510 303 3646 362; x_wconf 79' lang='lat' dir='ltr'><strong>mc</strong></span> 
     </span>
    </p>
   </div>
   <div class='ocr_carea' id='block_1_4' title="bbox 366 416 3650 506">
    <p class='ocr_par' dir='ltr' id='par_1_4' title="bbox 366 416 3650 506">
     <span class='ocr_line' id='line_1_4' title="bbox 366 416 3650 506; baseline -0.005 -15"><span class='ocrx_word' id='word_1_7' title='bbox 366 444 529 506; x_wconf 80' lang='lat' dir='ltr'><strong>agunt</strong></span> <span class='ocrx_word' id='word_1_8' title='bbox 581 444 673 490; x_wconf 87' lang='lat' dir='ltr'><strong>aut</strong></span> <span class='ocrx_word' id='word_1_9' title='bbox 718 435 1004 505; x_wconf 88' lang='lat' dir='ltr'><strong>impetrare</strong></span> <span class='ocrx_word' id='word_1_10' title='bbox 1047 430 1249 503; x_wconf 88' lang='lat' dir='ltr'><strong>aliquid</strong></span> <span class='ocrx_word' id='word_1_11' title='bbox 1292 432 1491 487; x_wconf 77' lang='lat' dir='ltr'><strong>illicitis</strong></span> <span class='ocrx_word' id='word_1_12' title='bbox 1518 431 1802 486; x_wconf 80' lang='lat' dir='ltr'><strong>conatibus</strong></span> <span class='ocrx_word' id='word_1_13' title='bbox 1832 430 1945 485; x_wconf 87' lang='lat' dir='ltr'><strong>Deo</strong></span> <span class='ocrx_word' id='word_1_14' title='bbox 1972 428 2024 489; x_wconf 82' lang='grc' dir='ltr'><strong>Λ</strong></span> <span class='ocrx_word' id='word_1_15' title='bbox 2047 426 2292 497; x_wconf 86' lang='lat' dir='ltr'><strong>quamvis</strong></span> <span class='ocrx_word' id='word_1_16' title='bbox 2319 424 2490 481; x_wconf 81' lang='lat' dir='ltr'><strong>sciant</strong></span> <span class='ocrx_word' id='word_1_17' title='bbox 2520 424 2572 479; x_wconf 91' lang='lat' dir='ltr'><strong>id</strong></span> <span class='ocrx_word' id='word_1_18' title='bbox 2601 422 2742 494; x_wconf 87' lang='lat' dir='ltr'><strong>quod</strong></span> <span class='ocrx_word' id='word_1_19' title='bbox 2779 423 2982 479; x_wconf 82' lang='lat' dir='ltr'><strong>faciunt</strong></span> <span class='ocrx_word' id='word_1_20' title='bbox 3008 434 3116 476; x_wconf 88' lang='lat' dir='ltr'><strong>non</strong></span> <span class='ocrx_word' id='word_1_21' title='bbox 3164 420 3349 475; x_wconf 78' lang='lat' dir='ltr'><strong>licere.</strong></span> <span class='ocrx_word' id='word_1_22' title='bbox 3379 416 3517 477; x_wconf 85' lang='lat' dir='ltr'><strong>illud</strong></span> <span class='ocrx_word' id='word_1_23' title='bbox 3550 418 3650 475; x_wconf 87' lang='lat' dir='ltr'><strong>mi-</strong></span> 
     </span>
    </p>
   </div>
   <div class='ocr_carea' id='block_1_5' title="bbox 364 525 1951 600">
    <p class='ocr_par' dir='ltr' id='par_1_5' title="bbox 364 525 1951 600">
     <span class='ocr_line' id='line_1_5' title="bbox 364 525 1951 600; baseline -0.003 -20"><span class='ocrx_word' id='word_1_24' title='bbox 364 539 592 600; x_wconf 83' lang='lat' dir='ltr'><strong>possunt</strong></span> <span class='ocrx_word' id='word_1_25' title='bbox 640 528 727 599; x_wconf 90' lang='lat' dir='ltr'><strong>qui</strong></span> <span class='ocrx_word' id='word_1_26' title='bbox 777 537 961 583; x_wconf 88' lang='lat' dir='ltr'><strong>contra</strong></span> <span class='ocrx_word' id='word_1_27' title='bbox 1010 527 1201 591; x_wconf 87' lang='lat' dir='ltr'><strong>Deum.</strong></span> <span class='ocrx_word' id='word_1_28' title='bbox 1234 525 1373 598; x_wconf 90' lang='lat' dir='ltr'><strong>quod</strong></span> <span class='ocrx_word' id='word_1_29' title='bbox 1401 526 1479 580; x_wconf 76' lang='lat' dir='ltr'><strong>eis</strong></span> <span class='ocrx_word' id='word_1_30' title='bbox 1526 541 1629 579; x_wconf 88' lang='lat' dir='ltr'><strong>non</strong></span> <span class='ocrx_word' id='word_1_31' title='bbox 1658 525 1803 591; x_wconf 88' lang='lat' dir='ltr'><strong>licet,</strong></span> <span class='ocrx_word' id='word_1_32' title='bbox 1838 540 1951 578; x_wconf 83' lang='lat' dir='ltr'><strong>mo-</strong></span> 
     </span>
    </p>
   </div>
   <div class='ocr_carea' id='block_1_6' title="bbox 365 617 1946 692">
    <p class='ocr_par' dir='ltr' id='par_1_6' title="bbox 365 617 1946 692">
     <span class='ocr_line' id='line_1_6' title="bbox 365 617 1946 692; baseline -0.005 -12"><span class='ocrx_word' id='word_1_33' title='bbox 365 623 574 680; x_wconf 90' lang='lat' dir='ltr'><strong>liuntur</strong></span> <span class='ocrx_word' id='word_1_34' title='bbox 599 632 623 659; x_wconf 71' lang='grc' dir='ltr'><strong>δι</strong></span> <span class='ocrx_word' id='word_1_35' title='bbox 648 622 968 692; x_wconf 79' lang='lat' dir='ltr'><strong>?Quarequi</strong></span> <span class='ocrx_word' id='word_1_36' title='bbox 998 620 1291 676; x_wconf 83' lang='lat' dir='ltr'><strong>Novatiano</strong></span> <span class='ocrx_word' id='word_1_37' title='bbox 1313 619 1426 673; x_wconf 85' lang='lat' dir='ltr'><strong>sive</strong></span> <span class='ocrx_word' id='word_1_38' title='bbox 1452 618 1663 673; x_wconf 60' lang='lat' dir='ltr'><strong>caeteris</strong></span> <span class='ocrx_word' id='word_1_39' title='bbox 1683 617 1946 686; x_wconf 76' lang='lat' dir='ltr'><strong>ejusmodi</strong></span> 
     </span>
    </p>
   </div>
   <div class='ocr_carea' id='block_1_7' title="bbox 363 712 1950 784">
    <p class='ocr_par' dir='ltr' id='par_1_7' title="bbox 363 712 1950 784">
     <span class='ocr_line' id='line_1_7' title="bbox 363 712 1950 784; baseline -0.006 -11"><span class='ocrx_word' id='word_1_40' title='bbox 363 714 725 773; x_wconf 81' lang='lat' dir='ltr'><strong>schismaticis</strong></span> <span class='ocrx_word' id='word_1_41' title='bbox 751 714 777 753; x_wconf 72' lang='grc' dir='ltr'>δ</span> <span class='ocrx_word' id='word_1_42' title='bbox 803 716 1202 784; x_wconf 88' lang='lat' dir='ltr'><strong>patrociuantur</strong></span> <span class='ocrx_word' id='word_1_43' title='bbox 1245 713 1435 767; x_wconf 76' lang='lat' dir='ltr'><strong>frustra</strong></span> <span class='ocrx_word' id='word_1_44' title='bbox 1465 713 1792 767; x_wconf 87' lang='lat' dir='ltr'><strong>contendunt</strong></span> <span class='ocrx_word' id='word_1_45' title='bbox 1823 712 1950 781; x_wconf 90' lang='lat' dir='ltr'><strong>hap-</strong></span> 
     </span>
    </p>
   </div>
   <div class='ocr_carea' id='block_1_8' title="bbox 361 806 1947 876">
    <p class='ocr_par' dir='ltr' id='par_1_8' title="bbox 361 806 1947 876">
     <span class='ocr_line' id='line_1_8' title="bbox 361 806 1947 876; baseline -0.006 -9"><span class='ocrx_word' id='word_1_46' title='bbox 361 810 514 867; x_wconf 84' lang='lat' dir='ltr'><strong>tizari</strong></span> <span class='ocrx_word' id='word_1_47' title='bbox 546 820 599 864; x_wconf 87' lang='lat' dir='ltr'><strong>et</strong></span> <span class='ocrx_word' id='word_1_48' title='bbox 631 808 951 864; x_wconf 83' lang='lat' dir='ltr'><strong>sanctilicari</strong></span> <span class='ocrx_word' id='word_1_49' title='bbox 1002 808 1110 862; x_wconf 89' lang='lat' dir='ltr'><strong>illic</strong></span> <span class='ocrx_word' id='word_1_50' title='bbox 1139 807 1371 876; x_wconf 76' lang='lat' dir='ltr'><strong>aliquem</strong></span> <span class='ocrx_word' id='word_1_51' title='bbox 1421 806 1641 859; x_wconf 86' lang='lat' dir='ltr'><strong>salutari</strong></span> <span class='ocrx_word' id='word_1_52' title='bbox 1675 806 1947 874; x_wconf 82' lang='lat' dir='ltr'><strong>Baptismo</strong></span> 
     </span>
    </p>
   </div>
   <div class='ocr_carea' id='block_1_9' title="bbox 361 894 1945 976">
    <p class='ocr_par' dir='ltr' id='par_1_9' title="bbox 361 894 1945 976">
     <span class='ocr_line' id='line_1_9' title="bbox 361 894 1945 976; baseline -0.005 -17"><span class='ocrx_word' id='word_1_53' title='bbox 361 919 523 976; x_wconf 80' lang='lat' dir='ltr'><strong>posse</strong></span> <span class='ocrx_word' id='word_1_54' title='bbox 551 903 638 958; x_wconf 83' lang='lat' dir='ltr'><strong>tibi</strong></span> <span class='ocrx_word' id='word_1_55' title='bbox 667 911 875 958; x_wconf 70' lang='lat' dir='ltr'><strong>constet</strong></span> <span class='ocrx_word' id='word_1_56' title='bbox 902 901 1256 973; x_wconf 83' lang='lat' dir='ltr'><strong>baptizantem</strong></span> <span class='ocrx_word' id='word_1_57' title='bbox 1280 911 1301 939; x_wconf 74' lang='grc' dir='ltr'><em>ε</em></span> <span class='ocrx_word' id='word_1_58' title='bbox 1318 898 1619 971; x_wconf 78' lang='lat' dir='ltr'><strong>baptizmnli</strong></span> <span class='ocrx_word' id='word_1_59' title='bbox 1638 899 1901 954; x_wconf 87' lang='lat' dir='ltr'><strong>licentiam</strong></span> <span class='ocrx_word' id='word_1_60' title='bbox 1918 894 1945 934; x_wconf 76' lang='grc' dir='ltr'><strong>(ί</strong></span> 
     </span>
    </p>
   </div>
   <div class='ocr_carea' id='block_1_10' title="bbox 362 997 712 1055">
    <p class='ocr_par' dir='ltr' id='par_1_10' title="bbox 362 997 712 1055">
     <span class='ocr_line' id='line_1_10' title="bbox 362 997 712 1055; baseline -0.011 0"><span class='ocrx_word' id='word_1_61' title='bbox 362 1012 466 1055; x_wconf 86' lang='lat' dir='ltr'><strong>non</strong></span> <span class='ocrx_word' id='word_1_62' title='bbox 493 997 712 1052; x_wconf 85' lang='lat' dir='ltr'><strong>habere.</strong></span> 
     </span>
    </p>
   </div>
   <div class='ocr_carea' id='block_1_11' title="bbox 431 1086 1943 1160">
    <p class='ocr_par' dir='ltr' id='par_1_11' title="bbox 431 1086 1943 1160">
     <span class='ocr_line' id='line_1_11' title="bbox 431 1086 1943 1160; baseline -0.005 -13"><span class='ocrx_word' id='word_1_63' title='bbox 431 1090 524 1147; x_wconf 79' lang='lat' dir='ltr'><strong>IX.</strong></span> <span class='ocrx_word' id='word_1_64' title='bbox 547 1092 719 1156; x_wconf 86' lang='lat' dir='ltr'><strong>Atque</strong></span> <span class='ocrx_word' id='word_1_65' title='bbox 747 1099 801 1144; x_wconf 88' lang='lat' dir='ltr'><strong>ut</strong></span> <span class='ocrx_word' id='word_1_66' title='bbox 821 1091 988 1159; x_wconf 75' lang='lat' dir='ltr'><strong>magis</strong></span> <span class='ocrx_word' id='word_1_67' title='bbox 1014 1089 1233 1160; x_wconf 80' lang='lat' dir='ltr'><strong>intelligi</strong></span> <span class='ocrx_word' id='word_1_68' title='bbox 1264 1098 1446 1159; x_wconf 81' lang='lat' dir='ltr'><strong>posset</strong></span> <span class='ocrx_word' id='word_1_69' title='bbox 1464 1098 1648 1143; x_wconf 85' lang='lat' dir='ltr'><strong>contra</strong></span> <span class='ocrx_word' id='word_1_70' title='bbox 1678 1086 1943 1158; x_wconf 76' lang='lat' dir='ltr'><strong>ejusmodi</strong></span> 
     </span>
    </p>
   </div>
   <div class='ocr_carea' id='block_1_12' title="bbox 362 1180 1943 1251">
    <p class='ocr_par' dir='ltr' id='par_1_12' title="bbox 362 1180 1943 1251">
     <span class='ocr_line' id='line_1_12' title="bbox 362 1180 1943 1251; baseline -0.004 -10"><span class='ocrx_word' id='word_1_71' title='bbox 362 1185 640 1241; x_wconf 84' lang='lat' dir='ltr'><strong>audaciam</strong></span> <span class='ocrx_word' id='word_1_72' title='bbox 669 1200 787 1251; x_wconf 82' lang='lat' dir='ltr'><strong>qua:</strong></span> <span class='ocrx_word' id='word_1_73' title='bbox 841 1185 910 1237; x_wconf 87' lang='lat' dir='ltr'><strong>sit</strong></span> <span class='ocrx_word' id='word_1_74' title='bbox 937 1198 1164 1239; x_wconf 90' lang='lat' dir='ltr'><strong>censura</strong></span> <span class='ocrx_word' id='word_1_75' title='bbox 1193 1182 1392 1241; x_wconf 74' lang='lat' dir='ltr'><strong>divina.</strong></span> <span class='ocrx_word' id='word_1_76' title='bbox 1426 1182 1726 1238; x_wconf 82' lang='lat' dir='ltr'><strong>invenimus</strong></span> <span class='ocrx_word' id='word_1_77' title='bbox 1776 1182 1826 1236; x_wconf 92' lang='lat' dir='ltr'><strong>in</strong></span> <span class='ocrx_word' id='word_1_78' title='bbox 1855 1180 1943 1235; x_wconf 88' lang='lat' dir='ltr'><strong>tali</strong></span> 
     </span>
    </p>
   </div>
   <div class='ocr_carea' id='block_1_13' title="bbox 360 1273 1941 1346">
    <p class='ocr_par' dir='ltr' id='par_1_13' title="bbox 360 1273 1941 1346">
     <span class='ocr_line' id='line_1_13' title="bbox 360 1273 1941 1346; baseline -0.003 -14"><span class='ocrx_word' id='word_1_79' title='bbox 360 1276 601 1333; x_wconf 78' lang='lat' dir='ltr'><strong>facinore</strong></span> <span class='ocrx_word' id='word_1_80' title='bbox 632 1290 736 1330; x_wconf 91' lang='lat' dir='ltr'><strong>non</strong></span> <span class='ocrx_word' id='word_1_81' title='bbox 780 1274 952 1330; x_wconf 87' lang='lat' dir='ltr'><strong>solum</strong></span> <span class='ocrx_word' id='word_1_82' title='bbox 976 1275 1139 1330; x_wconf 86' lang='lat' dir='ltr'><strong>duces</strong></span> <span class='ocrx_word' id='word_1_83' title='bbox 1167 1284 1221 1330; x_wconf 90' lang='lat' dir='ltr'><strong>et</strong></span> <span class='ocrx_word' id='word_1_84' title='bbox 1250 1286 1495 1330; x_wconf 77' lang='lat' dir='ltr'><strong>auctores</strong></span> <span class='ocrx_word' id='word_1_85' title='bbox 1524 1275 1617 1331; x_wconf 78' lang='lat' dir='ltr'><strong>sed</strong></span> <span class='ocrx_word' id='word_1_86' title='bbox 1646 1286 1695 1330; x_wconf 90' lang='lat' dir='ltr'><strong>et</strong></span> <span class='ocrx_word' id='word_1_87' title='bbox 1725 1273 1941 1346; x_wconf 89' lang='lat' dir='ltr'><strong>partici-</strong></span> 
     </span>
    </p>
   </div>
   <div class='ocr_carea' id='block_1_14' title="bbox 356 1367 1940 1442">
    <p class='ocr_par' dir='ltr' id='par_1_14' title="bbox 356 1367 1940 1442">
     <span class='ocr_line' id='line_1_14' title="bbox 356 1367 1940 1442; baseline -0.002 -17"><span class='ocrx_word' id='word_1_88' title='bbox 356 1385 453 1442; x_wconf 85' lang='lat' dir='ltr'><strong>pes</strong></span> <span class='ocrx_word' id='word_1_89' title='bbox 483 1369 653 1437; x_wconf 68' lang='lat' dir='ltr'><strong>poenis</strong></span> <span class='ocrx_word' id='word_1_90' title='bbox 680 1367 958 1435; x_wconf 70' lang='lat' dir='ltr'><strong>destinari,</strong></span> <span class='ocrx_word' id='word_1_91' title='bbox 992 1367 1093 1423; x_wconf 90' lang='lat' dir='ltr'><strong>nisi</strong></span> <span class='ocrx_word' id='word_1_92' title='bbox 1121 1383 1181 1423; x_wconf 84' lang='lat' dir='ltr'><strong>se</strong></span> <span class='ocrx_word' id='word_1_93' title='bbox 1206 1384 1233 1420; x_wconf 88' lang='lat' dir='ltr'><strong>a</strong></span> <span class='ocrx_word' id='word_1_94' title='bbox 1263 1369 1639 1424; x_wconf 87' lang='lat' dir='ltr'><strong>communione</strong></span> <span class='ocrx_word' id='word_1_95' title='bbox 1681 1370 1940 1423; x_wconf 86' lang='lat' dir='ltr'><strong>malorum</strong></span> 
     </span>
    </p>
   </div>
   <div class='ocr_carea' id='block_1_15' title="bbox 354 1461 1941 1534">
    <p class='ocr_par' dir='ltr' id='par_1_15' title="bbox 354 1461 1941 1534">
     <span class='ocr_line' id='line_1_15' title="bbox 354 1461 1941 1534; baseline -0.003 -15"><span class='ocrx_word' id='word_1_96' title='bbox 354 1462 742 1533; x_wconf 69' lang='lat' dir='ltr'><strong>separavi-rint.</strong></span> <span class='ocrx_word' id='word_1_97' title='bbox 768 1463 1113 1533; x_wconf 55' lang='lat' dir='ltr'><strong>praecipiente</strong></span> <span class='ocrx_word' id='word_1_98' title='bbox 1142 1478 1235 1531; x_wconf 74' lang='lat' dir='ltr'><strong>per</strong></span> <span class='ocrx_word' id='word_1_99' title='bbox 1266 1461 1481 1534; x_wconf 77' lang='lat' dir='ltr'><strong>Moysen</strong></span> <span class='ocrx_word' id='word_1_100' title='bbox 1534 1463 1757 1517; x_wconf 81' lang='lat' dir='ltr'><strong>Domino</strong></span> <span class='ocrx_word' id='word_1_101' title='bbox 1778 1473 1832 1516; x_wconf 89' lang='lat' dir='ltr'><strong>et</strong></span> <span class='ocrx_word' id='word_1_102' title='bbox 1856 1462 1941 1515; x_wconf 91' lang='lat' dir='ltr'><strong>di-</strong></span> 
     </span>
    </p>
   </div>
   <div class='ocr_carea' id='block_1_16' title="bbox 352 1554 1941 1623">
    <p class='ocr_par' dir='ltr' id='par_1_16' title="bbox 352 1554 1941 1623">
     <span class='ocr_line' id='line_1_16' title="bbox 352 1554 1941 1623; baseline -0.001 -12"><span class='ocrx_word' id='word_1_103' title='bbox 352 1565 508 1611; x_wconf 87' lang='lat' dir='ltr'><strong>cente</strong></span> <span class='ocrx_word' id='word_1_104' title='bbox 541 1572 555 1608; x_wconf 89' lang='lat'><strong>:</strong></span> <span class='ocrx_word' id='word_1_105' title='bbox 590 1554 913 1623; x_wconf 85' lang='lat' dir='ltr'><strong>Separamini</strong></span> <span class='ocrx_word' id='word_1_106' title='bbox 960 1572 991 1609; x_wconf 89' lang='lat' dir='ltr'><strong>a</strong></span> <span class='ocrx_word' id='word_1_107' title='bbox 1040 1554 1376 1609; x_wconf 79' lang='lat' dir='ltr'><strong>tabernaculis</strong></span> <span class='ocrx_word' id='word_1_108' title='bbox 1419 1556 1678 1610; x_wconf 76' lang='lat' dir='ltr'><strong>hominum</strong></span> <span class='ocrx_word' id='word_1_109' title='bbox 1730 1558 1941 1610; x_wconf 88' lang='lat' dir='ltr'><strong>istarum</strong></span> 
     </span>
    </p>
   </div>
   <div class='ocr_carea' id='block_1_17' title="bbox 351 1645 1937 1718">
    <p class='ocr_par' dir='ltr' id='par_1_17' title="bbox 351 1645 1937 1718">
     <span class='ocr_line' id='line_1_17' title="bbox 351 1645 1937 1718; baseline 0.001 -17"><span class='ocrx_word' id='word_1_110' title='bbox 351 1647 756 1712; x_wconf 79' lang='lat' dir='ltr'><strong>durissimarum,</strong></span> <span class='ocrx_word' id='word_1_111' title='bbox 782 1657 827 1700; x_wconf 86' lang='lat' dir='ltr'><strong>et</strong></span> <span class='ocrx_word' id='word_1_112' title='bbox 853 1645 1007 1701; x_wconf 80' lang='lat' dir='ltr'><strong>nolite</strong></span> <span class='ocrx_word' id='word_1_113' title='bbox 1028 1657 1233 1716; x_wconf 86' lang='lat' dir='ltr'><strong>tangere</strong></span> <span class='ocrx_word' id='word_1_114' title='bbox 1253 1646 1317 1702; x_wconf 89' lang='lat' dir='ltr'><strong>ab</strong></span> <span class='ocrx_word' id='word_1_115' title='bbox 1336 1649 1566 1701; x_wconf 84' lang='lat' dir='ltr'><strong>omnibus</strong></span> <span class='ocrx_word' id='word_1_116' title='bbox 1579 1664 1692 1718; x_wconf 81' lang='lat' dir='ltr'><strong>qute</strong></span> <span class='ocrx_word' id='word_1_117' title='bbox 1713 1658 1828 1702; x_wconf 86' lang='lat' dir='ltr'><strong>sunt</strong></span> <span class='ocrx_word' id='word_1_118' title='bbox 1846 1648 1937 1712; x_wconf 88' lang='lat' dir='ltr'><strong>eis.</strong></span> 
     </span>
    </p>
   </div>
   <div class='ocr_carea' id='block_1_18' title="bbox 348 1740 1939 1813">
    <p class='ocr_par' dir='ltr' id='par_1_18' title="bbox 348 1740 1939 1813">
     <span class='ocr_line' id='line_1_18' title="bbox 348 1740 1939 1813; baseline -0.001 -15"><span class='ocrx_word' id='word_1_119' title='bbox 348 1744 574 1798; x_wconf 85' lang='lat' dir='ltr'><strong>nesimul</strong></span> <span class='ocrx_word' id='word_1_120' title='bbox 585 1743 864 1812; x_wconf 84' lang='lat' dir='ltr'><strong>percatisin</strong></span> <span class='ocrx_word' id='word_1_121' title='bbox 881 1752 1082 1812; x_wconf 83' lang='lat' dir='ltr'><strong>peccato</strong></span> <span class='ocrx_word' id='word_1_122' title='bbox 1104 1759 1273 1796; x_wconf 88' lang='lat' dir='ltr'><strong>eorum</strong></span> <span class='ocrx_word' id='word_1_123' title='bbox 1297 1740 1485 1813; x_wconf 84' lang='lat' dir='ltr'><strong>(Nunt.</strong></span> <span class='ocrx_word' id='word_1_124' title='bbox 1517 1741 1557 1796; x_wconf 86' lang='lat' dir='ltr'><strong>X</strong></span> <span class='ocrx_word' id='word_1_125' title='bbox 1572 1741 1671 1813; x_wconf 74' lang='grc' dir='ltr'><strong>η).</strong></span> <span class='ocrx_word' id='word_1_126' title='bbox 1709 1742 1773 1795; x_wconf 75' lang='lat' dir='ltr'><strong>Et</strong></span> <span class='ocrx_word' id='word_1_127' title='bbox 1798 1741 1939 1813; x_wconf 88' lang='lat' dir='ltr'><strong>quod</strong></span> 
     </span>
    </p>
   </div>
   <div class='ocr_carea' id='block_1_19' title="bbox 2052 511 3641 588">
    <p class='ocr_par' dir='ltr' id='par_1_19' title="bbox 2052 511 3641 588">
     <span class='ocr_line' id='line_1_19' title="bbox 2052 511 3641 588; baseline -0.003 -14"><span class='ocrx_word' id='word_1_128' title='bbox 2052 519 2278 574; x_wconf 88' lang='lat' dir='ltr'><strong>randum</strong></span> <span class='ocrx_word' id='word_1_129' title='bbox 2301 528 2383 573; x_wconf 90' lang='lat' dir='ltr'><strong>est</strong></span> <span class='ocrx_word' id='word_1_130' title='bbox 2404 517 2451 583; x_wconf 76' lang='grc' dir='ltr'><strong>ιι,</strong></span> <span class='ocrx_word' id='word_1_131' title='bbox 2471 518 2631 572; x_wconf 88' lang='lat' dir='ltr'><strong>immo</strong></span> <span class='ocrx_word' id='word_1_132' title='bbox 2650 516 3031 588; x_wconf 81' lang='lat' dir='ltr'><strong>indignandum</strong></span> <span class='ocrx_word' id='word_1_133' title='bbox 3053 514 3229 584; x_wconf 81' lang='lat' dir='ltr'><strong>potius</strong></span> <span class='ocrx_word' id='word_1_134' title='bbox 3248 520 3303 568; x_wconf 91' lang='lat' dir='ltr'><strong>et</strong></span> <span class='ocrx_word' id='word_1_135' title='bbox 3328 511 3641 580; x_wconf 76' lang='lat' dir='ltr'><strong>dolendum,</strong></span> 
     </span>
    </p>
   </div>
   <div class='ocr_carea' id='block_1_20' title="bbox 2052 606 3646 679">
    <p class='ocr_par' dir='ltr' id='par_1_20' title="bbox 2052 606 3646 679">
     <span class='ocr_line' id='line_1_20' title="bbox 2052 606 3646 679; baseline -0.003 -12"><span class='ocrx_word' id='word_1_136' title='bbox 2052 611 2389 667; x_wconf 85' lang='lat' dir='ltr'><strong>Christianos</strong></span> <span class='ocrx_word' id='word_1_137' title='bbox 2406 611 2735 667; x_wconf 87' lang='lat' dir='ltr'><strong>antichristis</strong></span> <span class='ocrx_word' id='word_1_138' title='bbox 2760 610 3015 665; x_wconf 70' lang='lat' dir='ltr'><strong>assistere</strong></span> <span class='ocrx_word' id='word_1_139' title='bbox 3037 618 3085 664; x_wconf 89' lang='lat' dir='ltr'><strong>et</strong></span> <span class='ocrx_word' id='word_1_140' title='bbox 3116 606 3556 679; x_wconf 72' lang='lat' dir='ltr'><strong>prievaricatores</strong></span> <span class='ocrx_word' id='word_1_141' title='bbox 3584 607 3646 662; x_wconf 83' lang='lat' dir='ltr'><strong>li-</strong></span> 
     </span>
    </p>
   </div>
   <div class='ocr_carea' id='block_1_21' title="bbox 2051 699 3641 777">
    <p class='ocr_par' dir='ltr' id='par_1_21' title="bbox 2051 699 3641 777">
     <span class='ocr_line' id='line_1_21' title="bbox 2051 699 3641 777; baseline -0.007 -15"><span class='ocrx_word' id='word_1_142' title='bbox 2051 707 2134 762; x_wconf 89' lang='lat' dir='ltr'><strong>dei</strong></span> <span class='ocrx_word' id='word_1_143' title='bbox 2166 719 2325 777; x_wconf 88' lang='lat' dir='ltr'><strong>atque</strong></span> <span class='ocrx_word' id='word_1_144' title='bbox 2357 706 2608 761; x_wconf 71' lang='lat' dir='ltr'><strong>Ecclesia:</strong></span> <span class='ocrx_word' id='word_1_145' title='bbox 2637 703 2939 773; x_wconf 85' lang='lat' dir='ltr'><strong>proditores</strong></span> <span class='ocrx_word' id='word_1_146' title='bbox 2966 704 3107 757; x_wconf 89' lang='lat' dir='ltr'><strong>intus</strong></span> <span class='ocrx_word' id='word_1_147' title='bbox 3131 704 3180 756; x_wconf 89' lang='lat' dir='ltr'><strong>in</strong></span> <span class='ocrx_word' id='word_1_148' title='bbox 3210 700 3324 767; x_wconf 88' lang='lat' dir='ltr'><strong>ipsa</strong></span> <span class='ocrx_word' id='word_1_149' title='bbox 3350 700 3585 755; x_wconf 83' lang='lat' dir='ltr'><strong>Ecclt-sia</strong></span> <span class='ocrx_word' id='word_1_150' title='bbox 3624 699 3641 739; x_wconf 68' lang='grc' dir='ltr'><strong>ί</strong></span> 
     </span>
    </p>
   </div>
   <div class='ocr_carea' id='block_1_22' title="bbox 2050 794 3647 865">
    <p class='ocr_par' dir='ltr' id='par_1_22' title="bbox 2050 794 3647 865">
     <span class='ocr_line' id='line_1_22' title="bbox 2050 794 3647 865; baseline -0.003 -11"><span class='ocrx_word' id='word_1_151' title='bbox 2050 809 2235 854; x_wconf 83' lang='lat' dir='ltr'><strong>eontra</strong></span> <span class='ocrx_word' id='word_1_152' title='bbox 2272 799 2563 854; x_wconf 76' lang='lat' dir='ltr'><strong>Ecclesium</strong></span> <span class='ocrx_word' id='word_1_153' title='bbox 2616 808 2778 851; x_wconf 81' lang='lat' dir='ltr'><strong>Stare.</strong></span> <span class='ocrx_word' id='word_1_154' title='bbox 2815 795 2914 864; x_wconf 85' lang='lat' dir='ltr'><strong>Qui</strong></span> <span class='ocrx_word' id='word_1_155' title='bbox 2945 837 2961 858; x_wconf 90' lang='lat'><strong>.</strong></span> <span class='ocrx_word' id='word_1_156' title='bbox 2993 810 3314 865; x_wconf 86' lang='lat' dir='ltr'><strong>quamquam</strong></span> <span class='ocrx_word' id='word_1_157' title='bbox 3346 794 3647 863; x_wconf 84' lang='lat' dir='ltr'><strong>pertinaces</strong></span> 
     </span>
    </p>
   </div>
   <div class='ocr_carea' id='block_1_23' title="bbox 2050 884 3639 954">
    <p class='ocr_par' dir='ltr' id='par_1_23' title="bbox 2050 884 3639 954">
     <span class='ocr_line' id='line_1_23' title="bbox 2050 884 3639 954; baseline -0.003 -9"><span class='ocrx_word' id='word_1_158' title='bbox 2050 892 2183 946; x_wconf 86' lang='lat' dir='ltr'><strong>alias</strong></span> <span class='ocrx_word' id='word_1_159' title='bbox 2224 904 2277 947; x_wconf 91' lang='lat' dir='ltr'><strong>et</strong></span> <span class='ocrx_word' id='word_1_160' title='bbox 2331 891 2586 947; x_wconf 88' lang='lat' dir='ltr'><strong>indociles</strong></span> <span class='ocrx_word' id='word_1_161' title='bbox 2610 932 2623 953; x_wconf 92' lang='lat'><strong>.</strong></span> <span class='ocrx_word' id='word_1_162' title='bbox 2659 891 2741 945; x_wconf 93' lang='lat' dir='ltr'><strong>vel</strong></span> <span class='ocrx_word' id='word_1_163' title='bbox 2776 891 2877 943; x_wconf 90' lang='lat' dir='ltr'><strong>hoc</strong></span> <span class='ocrx_word' id='word_1_164' title='bbox 2927 899 3102 943; x_wconf 90' lang='lat' dir='ltr'><strong>tamen</strong></span> <span class='ocrx_word' id='word_1_165' title='bbox 3132 888 3459 942; x_wconf 86' lang='lat' dir='ltr'><strong>conﬁtentur</strong></span> <span class='ocrx_word' id='word_1_166' title='bbox 3497 884 3639 954; x_wconf 89' lang='lat' dir='ltr'><strong>quod</strong></span> 
     </span>
    </p>
   </div>
   <div class='ocr_carea' id='block_1_24' title="bbox 2053 976 3649 1038">
    <p class='ocr_par' dir='ltr' id='par_1_24' title="bbox 2053 976 3649 1038">
     <span class='ocr_line' id='line_1_24' title="bbox 2053 976 3649 1038; baseline -0.004 0"><span class='ocrx_word' id='word_1_167' title='bbox 2053 984 2289 1038; x_wconf 80' lang='lat' dir='ltr'><strong>universi</strong></span> <span class='ocrx_word' id='word_1_168' title='bbox 2334 983 2448 1037; x_wconf 80' lang='lat' dir='ltr'><strong>sive</strong></span> <span class='ocrx_word' id='word_1_169' title='bbox 2486 982 2723 1037; x_wconf 67' lang='lat' dir='ltr'><strong>hirretici</strong></span> <span class='ocrx_word' id='word_1_170' title='bbox 2763 982 2877 1035; x_wconf 84' lang='lat' dir='ltr'><strong>sive</strong></span> <span class='ocrx_word' id='word_1_171' title='bbox 2910 978 3234 1036; x_wconf 77' lang='lat' dir='ltr'><strong>srhismatici</strong></span> <span class='ocrx_word' id='word_1_172' title='bbox 3281 993 3383 1034; x_wconf 86' lang='lat' dir='ltr'><strong>nou</strong></span> <span class='ocrx_word' id='word_1_173' title='bbox 3414 976 3649 1032; x_wconf 83' lang='lat' dir='ltr'><strong>habeant</strong></span> 
     </span>
    </p>
   </div>
   <div class='ocr_carea' id='block_1_25' title="bbox 2050 1072 3642 1147">
    <p class='ocr_par' dir='ltr' id='par_1_25' title="bbox 2050 1072 3642 1147">
     <span class='ocr_line' id='line_1_25' title="bbox 2050 1072 3642 1147; baseline -0.004 -15"><span class='ocrx_word' id='word_1_174' title='bbox 2050 1076 2309 1147; x_wconf 70' lang='lat' dir='ltr'><strong>Spiritum</strong></span> <span class='ocrx_word' id='word_1_175' title='bbox 2333 1086 2573 1129; x_wconf 78' lang='lat' dir='ltr'><strong>sanctum</strong></span> <span class='ocrx_word' id='word_1_176' title='bbox 2598 1117 2611 1142; x_wconf 93' lang='lat'><em>,</em></span> <span class='ocrx_word' id='word_1_177' title='bbox 2638 1084 2692 1129; x_wconf 89' lang='lat' dir='ltr'><strong>et</strong></span> <span class='ocrx_word' id='word_1_178' title='bbox 2712 1074 2831 1129; x_wconf 90' lang='lat' dir='ltr'><strong>ideo</strong></span> <span class='ocrx_word' id='word_1_179' title='bbox 2863 1072 3134 1143; x_wconf 74' lang='lat' dir='ltr'><strong>baptizare</strong></span> <span class='ocrx_word' id='word_1_180' title='bbox 3154 1072 3371 1143; x_wconf 88' lang='lat' dir='ltr'><strong>quidem</strong></span> <span class='ocrx_word' id='word_1_181' title='bbox 3402 1079 3642 1142; x_wconf 86' lang='lat' dir='ltr'><strong>possunt,</strong></span> 
     </span>
    </p>
   </div>
   <div class='ocr_carea' id='block_1_26' title="bbox 2048 1162 3646 1237">
    <p class='ocr_par' dir='ltr' id='par_1_26' title="bbox 2048 1162 3646 1237">
     <span class='ocr_line' id='line_1_26' title="bbox 2048 1162 3646 1237; baseline -0.004 -12"><span class='ocrx_word' id='word_1_182' title='bbox 2048 1170 2175 1225; x_wconf 88' lang='lat' dir='ltr'><strong>dare</strong></span> <span class='ocrx_word' id='word_1_183' title='bbox 2221 1176 2395 1223; x_wconf 88' lang='lat' dir='ltr'><strong>autem</strong></span> <span class='ocrx_word' id='word_1_184' title='bbox 2444 1169 2699 1237; x_wconf 75' lang='lat' dir='ltr'><strong>Spiritum</strong></span> <span class='ocrx_word' id='word_1_185' title='bbox 2747 1176 2989 1221; x_wconf 88' lang='lat' dir='ltr'><strong>sanctum</strong></span> <span class='ocrx_word' id='word_1_186' title='bbox 3040 1182 3143 1220; x_wconf 91' lang='lat' dir='ltr'><strong>non</strong></span> <span class='ocrx_word' id='word_1_187' title='bbox 3188 1174 3431 1235; x_wconf 88' lang='lat' dir='ltr'><strong>possunt.</strong></span> <span class='ocrx_word' id='word_1_188' title='bbox 3460 1162 3514 1218; x_wconf 91' lang='lat' dir='ltr'><strong>in</strong></span> <span class='ocrx_word' id='word_1_189' title='bbox 3545 1163 3646 1218; x_wconf 91' lang='lat' dir='ltr'><strong>hoc</strong></span> 
     </span>
    </p>
   </div>
   <div class='ocr_carea' id='block_1_27' title="bbox 2048 1259 3643 1337">
    <p class='ocr_par' dir='ltr' id='par_1_27' title="bbox 2048 1259 3643 1337">
     <span class='ocr_line' id='line_1_27' title="bbox 2048 1259 3643 1337; baseline -0.004 -17"><span class='ocrx_word' id='word_1_190' title='bbox 2048 1265 2163 1337; x_wconf 90' lang='lat' dir='ltr'><strong>ipso</strong></span> <span class='ocrx_word' id='word_1_191' title='bbox 2190 1281 2217 1317; x_wconf 90' lang='lat' dir='ltr'><strong>a</strong></span> <span class='ocrx_word' id='word_1_192' title='bbox 2262 1265 2417 1319; x_wconf 89' lang='lat' dir='ltr'><strong>nobis</strong></span> <span class='ocrx_word' id='word_1_193' title='bbox 2468 1271 2725 1317; x_wconf 78' lang='lat' dir='ltr'><strong>tenentur</strong></span> <span class='ocrx_word' id='word_1_194' title='bbox 2756 1272 2805 1315; x_wconf 90' lang='lat' dir='ltr'><strong>ut</strong></span> <span class='ocrx_word' id='word_1_195' title='bbox 2837 1261 3186 1317; x_wconf 79' lang='lat' dir='ltr'><strong>ostendamus</strong></span> <span class='ocrx_word' id='word_1_196' title='bbox 3232 1275 3330 1315; x_wconf 89' lang='lat' dir='ltr'><strong>nec</strong></span> <span class='ocrx_word' id='word_1_197' title='bbox 3368 1259 3643 1329; x_wconf 84' lang='lat' dir='ltr'><strong>baptizare</strong></span> 
     </span>
    </p>
   </div>
   <div class='ocr_carea' id='block_1_28' title="bbox 2046 1354 3642 1431">
    <p class='ocr_par' dir='ltr' id='par_1_28' title="bbox 2046 1354 3642 1431">
     <span class='ocr_line' id='line_1_28' title="bbox 2046 1354 3642 1431; baseline -0.005 -14"><span class='ocrx_word' id='word_1_198' title='bbox 2046 1362 2264 1417; x_wconf 90' lang='lat' dir='ltr'><strong>omnino</strong></span> <span class='ocrx_word' id='word_1_199' title='bbox 2294 1374 2387 1415; x_wconf 87' lang='lat' dir='ltr'><strong>eos</strong></span> <span class='ocrx_word' id='word_1_200' title='bbox 2434 1373 2596 1431; x_wconf 88' lang='lat' dir='ltr'><strong>posse</strong></span> <span class='ocrx_word' id='word_1_201' title='bbox 2642 1357 2730 1428; x_wconf 86' lang='lat' dir='ltr'><strong>qui</strong></span> <span class='ocrx_word' id='word_1_202' title='bbox 2779 1373 2882 1411; x_wconf 88' lang='lat' dir='ltr'><strong>non</strong></span> <span class='ocrx_word' id='word_1_203' title='bbox 2934 1355 3163 1411; x_wconf 76' lang='lat' dir='ltr'><strong>habeant</strong></span> <span class='ocrx_word' id='word_1_204' title='bbox 3207 1354 3464 1425; x_wconf 85' lang='lat' dir='ltr'><strong>Spiritum</strong></span> <span class='ocrx_word' id='word_1_205' title='bbox 3516 1367 3642 1409; x_wconf 82' lang='lat' dir='ltr'><strong>san-</strong></span> 
     </span>
    </p>
   </div>
   <div class='ocr_carea' id='block_1_29' title="bbox 2053 1466 2217 1511">
    <p class='ocr_par' dir='ltr' id='par_1_29' title="bbox 2053 1466 2217 1511">
     <span class='ocr_line' id='line_1_29' title="bbox 2053 1466 2217 1511; baseline -0.037 0"><span class='ocrx_word' id='word_1_206' title='bbox 2053 1466 2217 1511; x_wconf 83' lang='lat' dir='ltr'><strong>ClUlll.</strong></span> 
     </span>
    </p>
   </div>
   <div class='ocr_carea' id='block_1_30' title="bbox 2119 1542 3643 1614">
    <p class='ocr_par' dir='ltr' id='par_1_30' title="bbox 2119 1542 3643 1614">
     <span class='ocr_line' id='line_1_30' title="bbox 2119 1542 3643 1614; baseline -0.004 -13"><span class='ocrx_word' id='word_1_207' title='bbox 2119 1546 2210 1601; x_wconf 80' lang='lat' dir='ltr'><strong>Xl.</strong></span> <span class='ocrx_word' id='word_1_208' title='bbox 2242 1545 2373 1601; x_wconf 85' lang='lat' dir='ltr'><strong>Nam</strong></span> <span class='ocrx_word' id='word_1_209' title='bbox 2400 1560 2520 1600; x_wconf 89' lang='lat' dir='ltr'><strong>cum</strong></span> <span class='ocrx_word' id='word_1_210' title='bbox 2555 1544 2607 1600; x_wconf 90' lang='lat' dir='ltr'><strong>in</strong></span> <span class='ocrx_word' id='word_1_211' title='bbox 2638 1545 2912 1614; x_wconf 86' lang='lat' dir='ltr'><strong>Baptismo</strong></span> <span class='ocrx_word' id='word_1_212' title='bbox 2957 1542 3248 1612; x_wconf 79' lang='lat' dir='ltr'><strong>unicuique</strong></span> <span class='ocrx_word' id='word_1_213' title='bbox 3297 1549 3514 1613; x_wconf 88' lang='lat' dir='ltr'><strong>peccata</strong></span> <span class='ocrx_word' id='word_1_214' title='bbox 3545 1553 3643 1595; x_wconf 89' lang='lat' dir='ltr'><strong>sua</strong></span> 
     </span>
    </p>
   </div>
   <div class='ocr_carea' id='block_1_31' title="bbox 2046 1618 3641 1711">
    <p class='ocr_par' dir='ltr' id='par_1_31' title="bbox 2046 1618 3641 1711">
     <span class='ocr_line' id='line_1_31' title="bbox 2046 1618 3641 1711; baseline -0.004 -13"><span class='ocrx_word' id='word_1_215' title='bbox 2046 1644 2407 1703; x_wconf 76' lang='lat' dir='ltr'><strong>remittantur.</strong></span> <span class='ocrx_word' id='word_1_216' title='bbox 2429 1641 2618 1711; x_wconf 78' lang='lat' dir='ltr'><strong>probat</strong></span> <span class='ocrx_word' id='word_1_217' title='bbox 2646 1650 2701 1695; x_wconf 92' lang='lat' dir='ltr'><strong>et</strong></span> <span class='ocrx_word' id='word_1_218' title='bbox 2729 1640 2968 1694; x_wconf 89' lang='lat' dir='ltr'><strong>declarat</strong></span> <span class='ocrx_word' id='word_1_219' title='bbox 2994 1640 3045 1692; x_wconf 91' lang='lat' dir='ltr'><strong>in</strong></span> <span class='ocrx_word' id='word_1_220' title='bbox 3079 1618 3377 1708; x_wconf 79' lang='lat' dir='ltr'><strong>Evangelia</strong></span> <span class='ocrx_word' id='word_1_221' title='bbox 3405 1649 3506 1692; x_wconf 91' lang='lat' dir='ltr'><strong>suo</strong></span> <span class='ocrx_word' id='word_1_222' title='bbox 3540 1635 3641 1691; x_wconf 84' lang='lat' dir='ltr'><strong>Do-</strong></span> 
     </span>
    </p>
   </div>
   <div class='ocr_carea' id='block_1_32' title="bbox 2043 1730 3647 1806">
    <p class='ocr_par' dir='ltr' id='par_1_32' title="bbox 2043 1730 3647 1806">
     <span class='ocr_line' id='line_1_32' title="bbox 2043 1730 3647 1806; baseline -0.004 -14"><span class='ocrx_word' id='word_1_223' title='bbox 2043 1739 2220 1792; x_wconf 89' lang='lat' dir='ltr'><strong>minus</strong></span> <span class='ocrx_word' id='word_1_224' title='bbox 2243 1751 2336 1806; x_wconf 89' lang='lat' dir='ltr'><strong>per</strong></span> <span class='ocrx_word' id='word_1_225' title='bbox 2363 1751 2457 1790; x_wconf 82' lang='lat' dir='ltr'><strong>eos</strong></span> <span class='ocrx_word' id='word_1_226' title='bbox 2477 1735 2623 1791; x_wconf 77' lang='lat' dir='ltr'><strong>Solos</strong></span> <span class='ocrx_word' id='word_1_227' title='bbox 2647 1744 2859 1805; x_wconf 76' lang='lat' dir='ltr'><strong>peccata</strong></span> <span class='ocrx_word' id='word_1_228' title='bbox 2892 1749 3047 1804; x_wconf 85' lang='lat' dir='ltr'><strong>posse</strong></span> <span class='ocrx_word' id='word_1_229' title='bbox 3073 1733 3267 1787; x_wconf 88' lang='lat' dir='ltr'><strong>ditnitti</strong></span> <span class='ocrx_word' id='word_1_230' title='bbox 3294 1732 3381 1802; x_wconf 88' lang='lat' dir='ltr'><strong>qtti</strong></span> <span class='ocrx_word' id='word_1_231' title='bbox 3416 1730 3647 1786; x_wconf 75' lang='lat' dir='ltr'><strong>habeant</strong></span> 
     </span>
    </p>
   </div>
   <div class='ocr_carea' id='block_1_33' title="bbox 348 1824 3645 1907">
    <p class='ocr_par' dir='ltr' id='par_1_33' title="bbox 348 1824 3645 1907">
     <span class='ocr_line' id='line_1_33' title="bbox 348 1824 3645 1907; baseline -0.004 -16"><span class='ocrx_word' id='word_1_232' title='bbox 348 1837 704 1891; x_wconf 79' lang='lat' dir='ltr'><strong>comminatus</strong></span> <span class='ocrx_word' id='word_1_233' title='bbox 728 1852 842 1907; x_wconf 89' lang='lat' dir='ltr'><strong>per.</strong></span> <span class='ocrx_word' id='word_1_234' title='bbox 860 1835 1074 1907; x_wconf 81' lang='lat' dir='ltr'><strong>Moysen</strong></span> <span class='ocrx_word' id='word_1_235' title='bbox 1104 1834 1361 1890; x_wconf 86' lang='lat' dir='ltr'><strong>Dominus</strong></span> <span class='ocrx_word' id='word_1_236' title='bbox 1392 1834 1564 1889; x_wconf 87' lang='lat' dir='ltr'><strong>luerat</strong></span> <span class='ocrx_word' id='word_1_237' title='bbox 1593 1836 1852 1903; x_wconf 86' lang='lat' dir='ltr'><strong>implevit.</strong></span> <span class='ocrx_word' id='word_1_238' title='bbox 1877 1846 1935 1889; x_wconf 93' lang='lat' dir='ltr'><strong>ut</strong></span> <span class='ocrx_word' id='word_1_239' title='bbox 1967 1838 2012 1897; x_wconf 85' lang='grc' dir='ltr'><strong>Β</strong></span> <span class='ocrx_word' id='word_1_240' title='bbox 2040 1830 2295 1900; x_wconf 82' lang='lat' dir='ltr'><strong>Spiritum</strong></span> <span class='ocrx_word' id='word_1_241' title='bbox 2346 1842 2609 1884; x_wconf 85' lang='lat' dir='ltr'><strong>sanetum.</strong></span> <span class='ocrx_word' id='word_1_242' title='bbox 2652 1829 2780 1884; x_wconf 87' lang='lat' dir='ltr'><strong>Post</strong></span> <span class='ocrx_word' id='word_1_243' title='bbox 2831 1826 3280 1882; x_wconf 85' lang='lat' dir='ltr'><strong>resurrectionem</strong></span> <span class='ocrx_word' id='word_1_244' title='bbox 3308 1826 3451 1881; x_wconf 88' lang='lat' dir='ltr'><strong>enitn</strong></span> <span class='ocrx_word' id='word_1_245' title='bbox 3482 1824 3645 1880; x_wconf 90' lang='lat' dir='ltr'><strong>disci-</strong></span> 
     </span>
    </p>
   </div>
   <div class='ocr_carea' id='block_1_34' title="bbox 348 1925 1935 1998">
    <p class='ocr_par' dir='ltr' id='par_1_34' title="bbox 348 1925 1935 1998">
     <span class='ocr_line' id='line_1_34' title="bbox 348 1925 1935 1998; baseline -0.001 -16"><span class='ocrx_word' id='word_1_246' title='bbox 348 1928 589 1998; x_wconf 86' lang='lat' dir='ltr'><strong>quisqais</strong></span> <span class='ocrx_word' id='word_1_247' title='bbox 617 1944 676 1981; x_wconf 90' lang='lat' dir='ltr'><strong>se</strong></span> <span class='ocrx_word' id='word_1_248' title='bbox 696 1943 726 1982; x_wconf 91' lang='lat' dir='ltr'><strong>a</strong></span> <span class='ocrx_word' id='word_1_249' title='bbox 753 1925 930 1983; x_wconf 87' lang='lat' dir='ltr'><strong>Chare</strong></span> <span class='ocrx_word' id='word_1_250' title='bbox 963 1938 985 1963; x_wconf 68' lang='grc' dir='ltr'><strong>ιε</strong></span> <span class='ocrx_word' id='word_1_251' title='bbox 1009 1938 1062 1982; x_wconf 89' lang='lat' dir='ltr'><strong>et</strong></span> <span class='ocrx_word' id='word_1_252' title='bbox 1100 1925 1305 1981; x_wconf 89' lang='lat' dir='ltr'><strong>Dathan</strong></span> <span class='ocrx_word' id='word_1_253' title='bbox 1338 1936 1390 1981; x_wconf 87' lang='lat' dir='ltr'><strong>et</strong></span> <span class='ocrx_word' id='word_1_254' title='bbox 1412 1928 1615 1982; x_wconf 85' lang='lat' dir='ltr'><strong>Abiron</strong></span> <span class='ocrx_word' id='word_1_255' title='bbox 1647 1942 1755 1981; x_wconf 91' lang='lat' dir='ltr'><strong>non</strong></span> <span class='ocrx_word' id='word_1_256' title='bbox 1779 1942 1935 1996; x_wconf 87' lang='lat' dir='ltr'><strong>sepa-</strong></span> 
     </span>
    </p>
   </div>
   <div class='ocr_carea' id='block_1_35' title="bbox 347 2021 1941 2091">
    <p class='ocr_par' dir='ltr' id='par_1_35' title="bbox 347 2021 1941 2091">
     <span class='ocr_line' id='line_1_35' title="bbox 347 2021 1941 2091; baseline -0.001 -15"><span class='ocrx_word' id='word_1_257' title='bbox 347 2032 541 2084; x_wconf 86' lang='lat' dir='ltr'><strong>rasset,</strong></span> <span class='ocrx_word' id='word_1_258' title='bbox 571 2036 757 2091; x_wconf 72' lang='lat' dir='ltr'><strong>pmnas</strong></span> <span class='ocrx_word' id='word_1_259' title='bbox 783 2022 962 2075; x_wconf 89' lang='lat' dir='ltr'><strong>statim</strong></span> <span class='ocrx_word' id='word_1_260' title='bbox 1009 2036 1104 2090; x_wconf 90' lang='lat' dir='ltr'><strong>pro</strong></span> <span class='ocrx_word' id='word_1_261' title='bbox 1140 2021 1300 2089; x_wconf 88' lang='lat' dir='ltr'><strong>impia</strong></span> <span class='ocrx_word' id='word_1_262' title='bbox 1326 2022 1706 2075; x_wconf 86' lang='lat' dir='ltr'><strong>communione</strong></span> <span class='ocrx_word' id='word_1_263' title='bbox 1734 2021 1941 2089; x_wconf 78' lang='lat' dir='ltr'><strong>persol-</strong></span> 
     </span>
    </p>
   </div>
   <div class='ocr_carea' id='block_1_36' title="bbox 349 2115 1940 2186">
    <p class='ocr_par' dir='ltr' id='par_1_36' title="bbox 349 2115 1940 2186">
     <span class='ocr_line' id='line_1_36' title="bbox 349 2115 1940 2186; baseline 0 -17"><span class='ocrx_word' id='word_1_264' title='bbox 349 2125 516 2171; x_wconf 88' lang='lat' dir='ltr'><strong>veret.</strong></span> <span class='ocrx_word' id='word_1_265' title='bbox 549 2115 669 2184; x_wconf 82' lang='lat' dir='ltr'><strong>Quo</strong></span> <span class='ocrx_word' id='word_1_266' title='bbox 696 2116 949 2186; x_wconf 82' lang='lat' dir='ltr'><strong>exemplo</strong></span> <span class='ocrx_word' id='word_1_267' title='bbox 981 2115 1284 2169; x_wconf 86' lang='lat' dir='ltr'><strong>ostenditur</strong></span> <span class='ocrx_word' id='word_1_268' title='bbox 1312 2123 1365 2170; x_wconf 90' lang='lat' dir='ltr'><strong>ct</strong></span> <span class='ocrx_word' id='word_1_269' title='bbox 1396 2115 1649 2185; x_wconf 82' lang='lat' dir='ltr'><strong>probatur</strong></span> <span class='ocrx_word' id='word_1_270' title='bbox 1678 2115 1940 2170; x_wconf 79' lang='lat' dir='ltr'><strong>obnoxios</strong></span> 
     </span>
    </p>
   </div>
   <div class='ocr_carea' id='block_1_37' title="bbox 351 2208 1941 2280">
    <p class='ocr_par' dir='ltr' id='par_1_37' title="bbox 351 2208 1941 2280">
     <span class='ocr_line' id='line_1_37' title="bbox 351 2208 1941 2280; baseline -0.001 -13"><span class='ocrx_word' id='word_1_271' title='bbox 351 2225 540 2267; x_wconf 90' lang='lat' dir='ltr'><strong>omnes</strong></span> <span class='ocrx_word' id='word_1_272' title='bbox 568 2219 623 2266; x_wconf 87' lang='lat' dir='ltr'><strong>et</strong></span> <span class='ocrx_word' id='word_1_273' title='bbox 647 2211 819 2279; x_wconf 73' lang='lat' dir='ltr'><strong>culpa:</strong></span> <span class='ocrx_word' id='word_1_274' title='bbox 859 2220 913 2266; x_wconf 89' lang='lat' dir='ltr'><strong>et</strong></span> <span class='ocrx_word' id='word_1_275' title='bbox 937 2224 1109 2280; x_wconf 70' lang='lat' dir='ltr'><strong>pmna:</strong></span> <span class='ocrx_word' id='word_1_276' title='bbox 1136 2208 1348 2265; x_wconf 81' lang='lat' dir='ltr'><strong>futuros</strong></span> <span class='ocrx_word' id='word_1_277' title='bbox 1373 2211 1462 2280; x_wconf 88' lang='lat' dir='ltr'><strong>qui</strong></span> <span class='ocrx_word' id='word_1_278' title='bbox 1495 2226 1554 2264; x_wconf 88' lang='lat' dir='ltr'><strong>se</strong></span> <span class='ocrx_word' id='word_1_279' title='bbox 1583 2209 1941 2266; x_wconf 86' lang='lat' dir='ltr'><strong>schismaticis</strong></span> 
     </span>
    </p>
   </div>
   <div class='ocr_carea' id='block_1_38' title="bbox 348 2304 1939 2376">
    <p class='ocr_par' dir='ltr' id='par_1_38' title="bbox 348 2304 1939 2376">
     <span class='ocr_line' id='line_1_38' title="bbox 348 2304 1939 2376; baseline -0.001 -16"><span class='ocrx_word' id='word_1_280' title='bbox 348 2315 535 2360; x_wconf 88' lang='lat' dir='ltr'><strong>eontra</strong></span> <span class='ocrx_word' id='word_1_281' title='bbox 569 2305 888 2376; x_wconf 72' lang='lat' dir='ltr'><strong>prmpOsilos</strong></span> <span class='ocrx_word' id='word_1_282' title='bbox 936 2315 990 2360; x_wconf 86' lang='lat' dir='ltr'><strong>et</strong></span> <span class='ocrx_word' id='word_1_283' title='bbox 1038 2304 1343 2359; x_wconf 72' lang='lat' dir='ltr'><strong>Sacerdotes</strong></span> <span class='ocrx_word' id='word_1_284' title='bbox 1394 2304 1688 2375; x_wconf 84' lang='lat' dir='ltr'><strong>irreligiosa</strong></span> <span class='ocrx_word' id='word_1_285' title='bbox 1720 2305 1939 2359; x_wconf 87' lang='lat' dir='ltr'><strong>temeri-</strong></span> 
     </span>
    </p>
   </div>
   <div class='ocr_carea' id='block_1_39' title="bbox 350 2397 1938 2469">
    <p class='ocr_par' dir='ltr' id='par_1_39' title="bbox 350 2397 1938 2469">
     <span class='ocr_line' id='line_1_39' title="bbox 350 2397 1938 2469; baseline 0.001 -16"><span class='ocrx_word' id='word_1_286' title='bbox 350 2409 461 2454; x_wconf 83' lang='lat' dir='ltr'><strong>tate</strong></span> <span class='ocrx_word' id='word_1_287' title='bbox 487 2398 818 2455; x_wconf 86' lang='lat' dir='ltr'><strong>miscuerint.</strong></span> <span class='ocrx_word' id='word_1_288' title='bbox 837 2397 1165 2456; x_wconf 87' lang='lat' dir='ltr'><strong>Sicutetiam</strong></span> <span class='ocrx_word' id='word_1_289' title='bbox 1194 2414 1291 2469; x_wconf 89' lang='lat' dir='ltr'><strong>per</strong></span> <span class='ocrx_word' id='word_1_290' title='bbox 1310 2397 1448 2454; x_wconf 87' lang='lat' dir='ltr'><strong>Osee</strong></span> <span class='ocrx_word' id='word_1_291' title='bbox 1472 2398 1787 2469; x_wconf 81' lang='lat' dir='ltr'><strong>prophetam</strong></span> <span class='ocrx_word' id='word_1_292' title='bbox 1815 2398 1938 2469; x_wconf 88' lang='lat' dir='ltr'><strong>Spi-</strong></span> 
     </span>
    </p>
   </div>
   <div class='ocr_carea' id='block_1_40' title="bbox 348 2492 1939 2563">
    <p class='ocr_par' dir='ltr' id='par_1_40' title="bbox 348 2492 1939 2563">
     <span class='ocr_line' id='line_1_40' title="bbox 348 2492 1939 2563; baseline -0.001 -15"><span class='ocrx_word' id='word_1_293' title='bbox 348 2493 485 2548; x_wconf 83' lang='lat' dir='ltr'><strong>ritus</strong></span> <span class='ocrx_word' id='word_1_294' title='bbox 531 2503 745 2548; x_wconf 86' lang='lat' dir='ltr'><strong>sanctus</strong></span> <span class='ocrx_word' id='word_1_295' title='bbox 787 2502 1115 2548; x_wconf 86' lang='lat' dir='ltr'><strong>contestatur</strong></span> <span class='ocrx_word' id='word_1_296' title='bbox 1165 2502 1218 2547; x_wconf 81' lang='lat' dir='ltr'><strong>ct</strong></span> <span class='ocrx_word' id='word_1_297' title='bbox 1258 2492 1389 2548; x_wconf 87' lang='lat' dir='ltr'><strong>dicit</strong></span> <span class='ocrx_word' id='word_1_298' title='bbox 1416 2510 1428 2545; x_wconf 90' lang='lat'>:</span> <span class='ocrx_word' id='word_1_299' title='bbox 1454 2492 1725 2563; x_wconf 83' lang='lat' dir='ltr'><strong>Sacriﬁcia</strong></span> <span class='ocrx_word' id='word_1_300' title='bbox 1767 2509 1939 2547; x_wconf 86' lang='lat' dir='ltr'><strong>eorum</strong></span> 
     </span>
    </p>
   </div>
   <div class='ocr_carea' id='block_1_41' title="bbox 347 2584 1940 2657">
    <p class='ocr_par' dir='ltr' id='par_1_41' title="bbox 347 2584 1940 2657">
     <span class='ocr_line' id='line_1_41' title="bbox 347 2584 1940 2657; baseline 0.001 -19"><span class='ocrx_word' id='word_1_301' title='bbox 347 2594 615 2657; x_wconf 82' lang='lat' dir='ltr'><strong>tamquam</strong></span> <span class='ocrx_word' id='word_1_302' title='bbox 645 2586 793 2656; x_wconf 84' lang='lat' dir='ltr'><strong>panis</strong></span> <span class='ocrx_word' id='word_1_303' title='bbox 821 2586 1004 2652; x_wconf 88' lang='lat' dir='ltr'><strong>luctus,</strong></span> <span class='ocrx_word' id='word_1_304' title='bbox 1038 2601 1210 2640; x_wconf 86' lang='lat' dir='ltr'><strong>omnes</strong></span> <span class='ocrx_word' id='word_1_305' title='bbox 1236 2586 1320 2655; x_wconf 88' lang='lat' dir='ltr'><strong>qui</strong></span> <span class='ocrx_word' id='word_1_306' title='bbox 1347 2584 1651 2639; x_wconf 79' lang='lat' dir='ltr'><strong>manducent</strong></span> <span class='ocrx_word' id='word_1_307' title='bbox 1680 2602 1739 2639; x_wconf 85' lang='lat' dir='ltr'><strong>ea</strong></span> <span class='ocrx_word' id='word_1_308' title='bbox 1765 2596 1940 2640; x_wconf 89' lang='lat' dir='ltr'><strong>conta-</strong></span> 
     </span>
    </p>
   </div>
   <div class='ocr_carea' id='block_1_42' title="bbox 347 2678 1939 2750">
    <p class='ocr_par' dir='ltr' id='par_1_42' title="bbox 347 2678 1939 2750">
     <span class='ocr_line' id='line_1_42' title="bbox 347 2678 1939 2750; baseline 0.003 -18"><span class='ocrx_word' id='word_1_309' title='bbox 347 2678 683 2733; x_wconf 84' lang='lat' dir='ltr'><strong>miaabuutur</strong></span> <span class='ocrx_word' id='word_1_310' title='bbox 710 2678 887 2748; x_wconf 86' lang='lat' dir='ltr'><strong>(Osee,</strong></span> <span class='ocrx_word' id='word_1_311' title='bbox 919 2678 1031 2750; x_wconf 81' lang='lat' dir='ltr'><strong>lX),</strong></span> <span class='ocrx_word' id='word_1_312' title='bbox 1067 2679 1268 2734; x_wconf 82' lang='lat' dir='ltr'><strong>doceas</strong></span> <span class='ocrx_word' id='word_1_313' title='bbox 1313 2680 1517 2735; x_wconf 85' lang='lat' dir='ltr'><strong>scilicet</strong></span> <span class='ocrx_word' id='word_1_314' title='bbox 1568 2690 1620 2735; x_wconf 91' lang='lat' dir='ltr'><strong>et</strong></span> <span class='ocrx_word' id='word_1_315' title='bbox 1649 2681 1939 2736; x_wconf 70' lang='lat' dir='ltr'><strong>ostendens</strong></span> 
     </span>
    </p>
   </div>
   <div class='ocr_carea' id='block_1_43' title="bbox 348 2772 1939 2849">
    <p class='ocr_par' dir='ltr' id='par_1_43' title="bbox 348 2772 1939 2849">
     <span class='ocr_line' id='line_1_43' title="bbox 348 2772 1939 2849; baseline 0.001 -23"><span class='ocrx_word' id='word_1_316' title='bbox 348 2785 535 2828; x_wconf 88' lang='lat' dir='ltr'><strong>omnes</strong></span> <span class='ocrx_word' id='word_1_317' title='bbox 586 2773 808 2849; x_wconf 88' lang='lat' dir='ltr'><strong>omnino</strong></span> <span class='ocrx_word' id='word_1_318' title='bbox 855 2786 976 2827; x_wconf 90' lang='lat' dir='ltr'><strong>cunt</strong></span> <span class='ocrx_word' id='word_1_319' title='bbox 1035 2772 1342 2827; x_wconf 88' lang='lat' dir='ltr'><strong>auctoribus</strong></span> <span class='ocrx_word' id='word_1_320' title='bbox 1385 2773 1645 2843; x_wconf 84' lang='lat' dir='ltr'><strong>supplicio</strong></span> <span class='ocrx_word' id='word_1_321' title='bbox 1690 2772 1939 2845; x_wconf 82' lang='lat' dir='ltr'><strong>conjungi</strong></span> 
     </span>
    </p>
   </div>
   <div class='ocr_carea' id='block_1_44' title="bbox 347 2863 1516 2936">
    <p class='ocr_par' dir='ltr' id='par_1_44' title="bbox 347 2863 1516 2936">
     <span class='ocr_line' id='line_1_44' title="bbox 347 2863 1516 2936; baseline 0.003 -20"><span class='ocrx_word' id='word_1_322' title='bbox 347 2864 437 2935; x_wconf 87' lang='lat' dir='ltr'><strong>qui</strong></span> <span class='ocrx_word' id='word_1_323' title='bbox 469 2863 665 2919; x_wconf 85' lang='lat' dir='ltr'><strong>iuerint</strong></span> <span class='ocrx_word' id='word_1_324' title='bbox 693 2880 877 2919; x_wconf 89' lang='lat' dir='ltr'><strong>eorum</strong></span> <span class='ocrx_word' id='word_1_325' title='bbox 905 2876 1122 2936; x_wconf 88' lang='lat' dir='ltr'><strong>peccato</strong></span> <span class='ocrx_word' id='word_1_326' title='bbox 1149 2864 1516 2919; x_wconf 83' lang='lat' dir='ltr'><strong>eoataminati.</strong></span> 
     </span>
    </p>
   </div>
   <div class='ocr_carea' id='block_1_45' title="bbox 426 2956 1939 3029">
    <p class='ocr_par' dir='ltr' id='par_1_45' title="bbox 426 2956 1939 3029">
     <span class='ocr_line' id='line_1_45' title="bbox 426 2956 1939 3029; baseline 0.002 -16"><span class='ocrx_word' id='word_1_327' title='bbox 426 2957 497 3013; x_wconf 78' lang='grc' dir='ltr'>Χ.</span> <span class='ocrx_word' id='word_1_328' title='bbox 527 2956 658 3026; x_wconf 84' lang='lat' dir='ltr'><strong>Quae</strong></span> <span class='ocrx_word' id='word_1_329' title='bbox 714 2973 844 3029; x_wconf 78' lang='lat' dir='ltr'><strong>ergo</strong></span> <span class='ocrx_word' id='word_1_330' title='bbox 898 2958 1036 3029; x_wconf 85' lang='lat' dir='ltr'><strong>apud</strong></span> <span class='ocrx_word' id='word_1_331' title='bbox 1089 2973 1183 3013; x_wconf 88' lang='lat' dir='ltr'><strong>eos</strong></span> <span class='ocrx_word' id='word_1_332' title='bbox 1224 2962 1411 3014; x_wconf 87' lang='lat' dir='ltr'><strong>merita</strong></span> <span class='ocrx_word' id='word_1_333' title='bbox 1444 2975 1562 3014; x_wconf 61' lang='lat' dir='ltr'><strong>esse</strong></span> <span class='ocrx_word' id='word_1_334' title='bbox 1606 2961 1745 3015; x_wconf 87' lang='lat' dir='ltr'><strong>circa</strong></span> <span class='ocrx_word' id='word_1_335' title='bbox 1775 2961 1939 3017; x_wconf 92' lang='lat' dir='ltr'><strong>Deum</strong></span> 
     </span>
    </p>
   </div>
   <div class='ocr_carea' id='block_1_46' title="bbox 352 3050 1945 3123">
    <p class='ocr_par' dir='ltr' id='par_1_46' title="bbox 352 3050 1945 3123">
     <span class='ocr_line' id='line_1_46' title="bbox 352 3050 1945 3123; baseline 0.003 -21"><span class='ocrx_word' id='word_1_336' title='bbox 352 3061 577 3123; x_wconf 88' lang='lat' dir='ltr'><strong>possunt</strong></span> <span class='ocrx_word' id='word_1_337' title='bbox 606 3051 800 3122; x_wconf 85' lang='lat' dir='ltr'><strong>quibus</strong></span> <span class='ocrx_word' id='word_1_338' title='bbox 838 3050 1098 3121; x_wconf 90' lang='lat' dir='ltr'><strong>supplicia</strong></span> <span class='ocrx_word' id='word_1_339' title='bbox 1148 3051 1403 3107; x_wconf 87' lang='lat' dir='ltr'><strong>divinitus</strong></span> <span class='ocrx_word' id='word_1_340' title='bbox 1461 3052 1809 3123; x_wconf 80' lang='lat' dir='ltr'><strong>irrogantnr?</strong></span> <span class='ocrx_word' id='word_1_341' title='bbox 1840 3056 1945 3107; x_wconf 83' lang='lat' dir='ltr'><strong>Aul.</strong></span> 
     </span>
    </p>
   </div>
   <div class='ocr_carea' id='block_1_47' title="bbox 346 3142 1940 3215">
    <p class='ocr_par' dir='ltr' id='par_1_47' title="bbox 346 3142 1940 3215">
     <span class='ocr_line' id='line_1_47' title="bbox 346 3142 1940 3215; baseline 0.001 -17"><span class='ocrx_word' id='word_1_342' title='bbox 346 3142 619 3215; x_wconf 90' lang='lat' dir='ltr'><strong>quomodo</strong></span> <span class='ocrx_word' id='word_1_343' title='bbox 671 3144 805 3200; x_wconf 88' lang='lat' dir='ltr'><strong>tales</strong></span> <span class='ocrx_word' id='word_1_344' title='bbox 851 3142 1147 3213; x_wconf 82' lang='lat' dir='ltr'><strong>justiticare</strong></span> <span class='ocrx_word' id='word_1_345' title='bbox 1196 3154 1249 3200; x_wconf 91' lang='lat' dir='ltr'><strong>et</strong></span> <span class='ocrx_word' id='word_1_346' title='bbox 1275 3145 1612 3201; x_wconf 88' lang='lat' dir='ltr'><strong>sanctilicare</strong></span> <span class='ocrx_word' id='word_1_347' title='bbox 1639 3146 1940 3215; x_wconf 77' lang='lat' dir='ltr'><strong>baptizatos</strong></span> 
     </span>
    </p>
   </div>
   <div class='ocr_carea' id='block_1_48' title="bbox 2042 1923 3646 2001">
    <p class='ocr_par' dir='ltr' id='par_1_48' title="bbox 2042 1923 3646 2001">
     <span class='ocr_line' id='line_1_48' title="bbox 2042 1923 3646 2001; baseline -0.001 -22"><span class='ocrx_word' id='word_1_348' title='bbox 2042 1931 2200 2001; x_wconf 84' lang='lat' dir='ltr'><strong>palos</strong></span> <span class='ocrx_word' id='word_1_349' title='bbox 2227 1944 2355 1983; x_wconf 89' lang='lat' dir='ltr'><strong>suos</strong></span> <span class='ocrx_word' id='word_1_350' title='bbox 2377 1930 2596 1984; x_wconf 79' lang='lat' dir='ltr'><strong>mittens</strong></span> <span class='ocrx_word' id='word_1_351' title='bbox 2624 1928 2858 1996; x_wconf 87' lang='lat' dir='ltr'><strong>loquitur</strong></span> <span class='ocrx_word' id='word_1_352' title='bbox 2881 1926 2947 1981; x_wconf 89' lang='lat' dir='ltr'><strong>ad</strong></span> <span class='ocrx_word' id='word_1_353' title='bbox 2978 1940 3072 1979; x_wconf 72' lang='lat' dir='ltr'><strong>eos</strong></span> <span class='ocrx_word' id='word_1_354' title='bbox 3101 1934 3158 1979; x_wconf 90' lang='lat' dir='ltr'><strong>ct</strong></span> <span class='ocrx_word' id='word_1_355' title='bbox 3183 1924 3344 1979; x_wconf 84' lang='lat' dir='ltr'><strong>dicit:</strong></span> <span class='ocrx_word' id='word_1_356' title='bbox 3372 1923 3521 1978; x_wconf 67' lang='lat' dir='ltr'><strong>Sicut</strong></span> <span class='ocrx_word' id='word_1_357' title='bbox 3550 1924 3646 1978; x_wconf 84' lang='lat' dir='ltr'><strong>mi-</strong></span> 
     </span>
    </p>
   </div>
   <div class='ocr_carea' id='block_1_49' title="bbox 2043 2015 3643 2091">
    <p class='ocr_par' dir='ltr' id='par_1_49' title="bbox 2043 2015 3643 2091">
     <span class='ocr_line' id='line_1_49' title="bbox 2043 2015 3643 2091; baseline -0.003 -16"><span class='ocrx_word' id='word_1_358' title='bbox 2043 2025 2107 2076; x_wconf 80' lang='lat' dir='ltr'><strong>sit</strong></span> <span class='ocrx_word' id='word_1_359' title='bbox 2129 2037 2208 2075; x_wconf 89' lang='lat' dir='ltr'><strong>me</strong></span> <span class='ocrx_word' id='word_1_360' title='bbox 2236 2020 2413 2087; x_wconf 85' lang='lat' dir='ltr'><strong>Pater,</strong></span> <span class='ocrx_word' id='word_1_361' title='bbox 2443 2032 2487 2073; x_wconf 85' lang='lat' dir='ltr'><strong>et</strong></span> <span class='ocrx_word' id='word_1_362' title='bbox 2517 2036 2607 2091; x_wconf 84' lang='lat' dir='ltr'><strong>ego</strong></span> <span class='ocrx_word' id='word_1_363' title='bbox 2638 2022 2779 2072; x_wconf 86' lang='lat' dir='ltr'><strong>mitto</strong></span> <span class='ocrx_word' id='word_1_364' title='bbox 2808 2035 2913 2072; x_wconf 84' lang='lat' dir='ltr'><strong>vos.</strong></span> <span class='ocrx_word' id='word_1_365' title='bbox 2952 2015 3061 2070; x_wconf 84' lang='lat' dir='ltr'><strong>Hoc</strong></span> <span class='ocrx_word' id='word_1_366' title='bbox 3078 2033 3193 2070; x_wconf 85' lang='lat' dir='ltr'><strong>cum</strong></span> <span class='ocrx_word' id='word_1_367' title='bbox 3224 2016 3450 2081; x_wconf 74' lang='lat' dir='ltr'><strong>dixisset,</strong></span> <span class='ocrx_word' id='word_1_368' title='bbox 3480 2016 3643 2086; x_wconf 76' lang='lat' dir='ltr'><strong>insuf-</strong></span> 
     </span>
    </p>
   </div>
   <div class='ocr_carea' id='block_1_50' title="bbox 2042 2110 3645 2188">
    <p class='ocr_par' dir='ltr' id='par_1_50' title="bbox 2042 2110 3645 2188">
     <span class='ocr_line' id='line_1_50' title="bbox 2042 2110 3645 2188; baseline -0.003 -18"><span class='ocrx_word' id='word_1_369' title='bbox 2042 2118 2182 2188; x_wconf 67' lang='lat' dir='ltr'><strong>ﬂauit</strong></span> <span class='ocrx_word' id='word_1_370' title='bbox 2210 2126 2256 2169; x_wconf 86' lang='lat' dir='ltr'><strong>et</strong></span> <span class='ocrx_word' id='word_1_371' title='bbox 2280 2116 2351 2169; x_wconf 83' lang='lat' dir='ltr'><strong>ait</strong></span> <span class='ocrx_word' id='word_1_372' title='bbox 2378 2116 2481 2169; x_wconf 80' lang='lat' dir='ltr'><strong>illis</strong></span> <span class='ocrx_word' id='word_1_373' title='bbox 2505 2131 2524 2168; x_wconf 88' lang='lat'><strong><em>:</em></strong></span> <span class='ocrx_word' id='word_1_374' title='bbox 2550 2115 2775 2186; x_wconf 83' lang='lat' dir='ltr'><strong>Accipite</strong></span> <span class='ocrx_word' id='word_1_375' title='bbox 2818 2113 3074 2184; x_wconf 84' lang='lat' dir='ltr'><strong>Spiritum</strong></span> <span class='ocrx_word' id='word_1_376' title='bbox 3099 2121 3352 2167; x_wconf 83' lang='lat' dir='ltr'><strong>sanctum.</strong></span> <span class='ocrx_word' id='word_1_377' title='bbox 3387 2110 3448 2167; x_wconf 90' lang='lat' dir='ltr'><strong>Si</strong></span> <span class='ocrx_word' id='word_1_378' title='bbox 3493 2111 3645 2183; x_wconf 81' lang='lat' dir='ltr'><strong>cujus</strong></span> 
     </span>
    </p>
   </div>
   <div class='ocr_carea' id='block_1_51' title="bbox 2040 2205 3641 2278">
    <p class='ocr_par' dir='ltr' id='par_1_51' title="bbox 2040 2205 3641 2278">
     <span class='ocr_line' id='line_1_51' title="bbox 2040 2205 3641 2278; baseline -0.003 -14"><span class='ocrx_word' id='word_1_379' title='bbox 2040 2210 2335 2264; x_wconf 85' lang='lat' dir='ltr'><strong>remiseritis</strong></span> <span class='ocrx_word' id='word_1_380' title='bbox 2365 2218 2592 2278; x_wconf 85' lang='lat' dir='ltr'><strong>peccata,</strong></span> <span class='ocrx_word' id='word_1_381' title='bbox 2627 2209 2952 2262; x_wconf 75' lang='lat' dir='ltr'><strong>remittantur</strong></span> <span class='ocrx_word' id='word_1_382' title='bbox 2975 2205 3057 2260; x_wconf 89' lang='lat' dir='ltr'><strong>illi</strong></span> <span class='ocrx_word' id='word_1_383' title='bbox 3080 2223 3099 2270; x_wconf 88' lang='lat'><strong><em>;</em></strong></span> <span class='ocrx_word' id='word_1_384' title='bbox 3120 2205 3165 2259; x_wconf 88' lang='lat' dir='ltr'><strong>si</strong></span> <span class='ocrx_word' id='word_1_385' title='bbox 3195 2206 3344 2277; x_wconf 83' lang='lat' dir='ltr'><strong>cujus</strong></span> <span class='ocrx_word' id='word_1_386' title='bbox 3364 2205 3641 2269; x_wconf 82' lang='lat' dir='ltr'><strong>tenueritis.</strong></span> 
     </span>
    </p>
   </div>
   <div class='ocr_carea' id='block_1_52' title="bbox 2044 2298 3640 2376">
    <p class='ocr_par' dir='ltr' id='par_1_52' title="bbox 2044 2298 3640 2376">
     <span class='ocr_line' id='line_1_52' title="bbox 2044 2298 3640 2376; baseline -0.003 -18"><span class='ocrx_word' id='word_1_387' title='bbox 2044 2302 2557 2376; x_wconf 84' lang='lat' dir='ltr'><strong>tenebuntur(.loan.,</strong></span> <span class='ocrx_word' id='word_1_388' title='bbox 2589 2304 2700 2374; x_wconf 75' lang='lat' dir='ltr'><strong>xx).</strong></span> <span class='ocrx_word' id='word_1_389' title='bbox 2720 2308 2837 2370; x_wconf 78' lang='lat' dir='ltr'><strong>Qua</strong></span> <span class='ocrx_word' id='word_1_390' title='bbox 2868 2305 2918 2356; x_wconf 91' lang='lat' dir='ltr'><strong>in</strong></span> <span class='ocrx_word' id='word_1_391' title='bbox 2939 2304 3058 2356; x_wconf 90' lang='lat' dir='ltr'><strong>loco</strong></span> <span class='ocrx_word' id='word_1_392' title='bbox 3077 2299 3447 2355; x_wconf 87' lang='lat' dir='ltr'><strong>ostettditeum</strong></span> <span class='ocrx_word' id='word_1_393' title='bbox 3468 2298 3640 2354; x_wconf 66' lang='lat' dir='ltr'><strong>stilum</strong></span> 
     </span>
    </p>
   </div>
   <div class='ocr_carea' id='block_1_53' title="bbox 2043 2390 3643 2468">
    <p class='ocr_par' dir='ltr' id='par_1_53' title="bbox 2043 2390 3643 2468">
     <span class='ocr_line' id='line_1_53' title="bbox 2043 2390 3643 2468; baseline -0.003 -17"><span class='ocrx_word' id='word_1_394' title='bbox 2043 2412 2203 2468; x_wconf 86' lang='lat' dir='ltr'><strong>posse</strong></span> <span class='ocrx_word' id='word_1_395' title='bbox 2232 2396 2503 2466; x_wconf 79' lang='lat' dir='ltr'><strong>baptizare</strong></span> <span class='ocrx_word' id='word_1_396' title='bbox 2525 2404 2579 2449; x_wconf 85' lang='lat' dir='ltr'><strong>et</strong></span> <span class='ocrx_word' id='word_1_397' title='bbox 2607 2394 2979 2449; x_wconf 87' lang='lat' dir='ltr'><strong>remissionem</strong></span> <span class='ocrx_word' id='word_1_398' title='bbox 3025 2402 3367 2463; x_wconf 83' lang='lat' dir='ltr'><strong>peccatorum</strong></span> <span class='ocrx_word' id='word_1_399' title='bbox 3397 2392 3525 2447; x_wconf 91' lang='lat' dir='ltr'><strong>dare</strong></span> <span class='ocrx_word' id='word_1_400' title='bbox 3551 2390 3643 2462; x_wconf 88' lang='lat' dir='ltr'><strong>qui</strong></span> 
     </span>
    </p>
   </div>
   <div class='ocr_carea' id='block_1_54' title="bbox 2045 2486 3642 2557">
    <p class='ocr_par' dir='ltr' id='par_1_54' title="bbox 2045 2486 3642 2557">
     <span class='ocr_line' id='line_1_54' title="bbox 2045 2486 3642 2557; baseline -0.003 -11"><span class='ocrx_word' id='word_1_401' title='bbox 2045 2492 2236 2547; x_wconf 88' lang='lat' dir='ltr'><strong>habeat</strong></span> <span class='ocrx_word' id='word_1_402' title='bbox 2287 2490 2539 2557; x_wconf 88' lang='lat' dir='ltr'><strong>Spiritum</strong></span> <span class='ocrx_word' id='word_1_403' title='bbox 2589 2498 2853 2544; x_wconf 67' lang='lat' dir='ltr'><strong>sanctum.</strong></span> <span class='ocrx_word' id='word_1_404' title='bbox 2896 2488 3133 2556; x_wconf 85' lang='lat' dir='ltr'><strong>Denique</strong></span> <span class='ocrx_word' id='word_1_405' title='bbox 3162 2487 3335 2557; x_wconf 90' lang='lat' dir='ltr'><strong>ipsum</strong></span> <span class='ocrx_word' id='word_1_406' title='bbox 3367 2486 3642 2541; x_wconf 79' lang='lat' dir='ltr'><strong>Christum</strong></span> 
     </span>
    </p>
   </div>
   <div class='ocr_carea' id='block_1_55' title="bbox 2047 2580 3644 2653">
    <p class='ocr_par' dir='ltr' id='par_1_55' title="bbox 2047 2580 3644 2653">
     <span class='ocr_line' id='line_1_55' title="bbox 2047 2580 3644 2653; baseline -0.003 -15"><span class='ocrx_word' id='word_1_407' title='bbox 2047 2585 2325 2640; x_wconf 87' lang='lat' dir='ltr'><strong>Dominum</strong></span> <span class='ocrx_word' id='word_1_408' title='bbox 2347 2584 2360 2634; x_wconf 67' lang='grc' dir='ltr'><strong><em>ἓ</em></strong></span> <span class='ocrx_word' id='word_1_409' title='bbox 2391 2594 2627 2638; x_wconf 88' lang='lat' dir='ltr'><strong>nostrum</strong></span> <span class='ocrx_word' id='word_1_410' title='bbox 2652 2583 3012 2653; x_wconf 86' lang='lat' dir='ltr'><strong>haptizaturus</strong></span> <span class='ocrx_word' id='word_1_411' title='bbox 3028 2580 3267 2635; x_wconf 82' lang='lat' dir='ltr'><strong>Joannes</strong></span> <span class='ocrx_word' id='word_1_412' title='bbox 3287 2580 3487 2651; x_wconf 82' lang='lat' dir='ltr'><strong>aet-epit</strong></span> <span class='ocrx_word' id='word_1_413' title='bbox 3518 2589 3644 2634; x_wconf 88' lang='lat' dir='ltr'><strong>ante</strong></span> 
     </span>
    </p>
   </div>
   <div class='ocr_carea' id='block_1_56' title="bbox 2041 2672 3643 2749">
    <p class='ocr_par' dir='ltr' id='par_1_56' title="bbox 2041 2672 3643 2749">
     <span class='ocr_line' id='line_1_56' title="bbox 2041 2672 3643 2749; baseline -0.005 -14"><span class='ocrx_word' id='word_1_414' title='bbox 2041 2679 2293 2749; x_wconf 88' lang='lat' dir='ltr'><strong>Spiritum</strong></span> <span class='ocrx_word' id='word_1_415' title='bbox 2334 2688 2575 2733; x_wconf 87' lang='lat' dir='ltr'><strong>sanctum</strong></span> <span class='ocrx_word' id='word_1_416' title='bbox 2612 2693 2732 2731; x_wconf 91' lang='lat' dir='ltr'><strong>cum</strong></span> <span class='ocrx_word' id='word_1_417' title='bbox 2785 2675 2967 2730; x_wconf 89' lang='lat' dir='ltr'><strong>adhuc</strong></span> <span class='ocrx_word' id='word_1_418' title='bbox 3001 2686 3148 2732; x_wconf 58' lang='lat' dir='ltr'><strong>esset</strong></span> <span class='ocrx_word' id='word_1_419' title='bbox 3180 2674 3231 2728; x_wconf 93' lang='lat' dir='ltr'><strong>in</strong></span> <span class='ocrx_word' id='word_1_420' title='bbox 3264 2684 3416 2728; x_wconf 90' lang='lat' dir='ltr'><strong>utero</strong></span> <span class='ocrx_word' id='word_1_421' title='bbox 3456 2672 3643 2727; x_wconf 86' lang='lat' dir='ltr'><strong>matris</strong></span> 
     </span>
    </p>
   </div>
   <div class='ocr_carea' id='block_1_57' title="bbox 2043 2768 3639 2843">
    <p class='ocr_par' dir='ltr' id='par_1_57' title="bbox 2043 2768 3639 2843">
     <span class='ocr_line' id='line_1_57' title="bbox 2043 2768 3639 2843; baseline -0.006 -12"><span class='ocrx_word' id='word_1_422' title='bbox 2043 2775 2363 2831; x_wconf 85' lang='lat' dir='ltr'><strong>constitutus</strong></span> <span class='ocrx_word' id='word_1_423' title='bbox 2396 2772 2557 2843; x_wconf 86' lang='lat' dir='ltr'><strong>(Luc.</strong></span> <span class='ocrx_word' id='word_1_424' title='bbox 2581 2775 2637 2843; x_wconf 85' lang='lat' dir='ltr'><strong>t),</strong></span> <span class='ocrx_word' id='word_1_425' title='bbox 2661 2782 2716 2826; x_wconf 94' lang='lat' dir='ltr'><strong>ut</strong></span> <span class='ocrx_word' id='word_1_426' title='bbox 2738 2780 2943 2826; x_wconf 88' lang='lat' dir='ltr'><strong>certum</strong></span> <span class='ocrx_word' id='word_1_427' title='bbox 2963 2779 3279 2839; x_wconf 77' lang='lat' dir='ltr'><strong>essetatqtte</strong></span> <span class='ocrx_word' id='word_1_428' title='bbox 3298 2768 3639 2822; x_wconf 80' lang='lat' dir='ltr'><strong>manifestum</strong></span> 
     </span>
    </p>
   </div>
   <div class='ocr_carea' id='block_1_58' title="bbox 2046 2862 3636 2938">
    <p class='ocr_par' dir='ltr' id='par_1_58' title="bbox 2046 2862 3636 2938">
     <span class='ocr_line' id='line_1_58' title="bbox 2046 2862 3636 2938; baseline -0.004 -16"><span class='ocrx_word' id='word_1_429' title='bbox 2046 2868 2315 2938; x_wconf 85' lang='lat' dir='ltr'><strong>baptizare</strong></span> <span class='ocrx_word' id='word_1_430' title='bbox 2328 2884 2432 2924; x_wconf 92' lang='lat' dir='ltr'><strong>non</strong></span> <span class='ocrx_word' id='word_1_431' title='bbox 2455 2882 2609 2937; x_wconf 71' lang='lat' dir='ltr'><strong>posse</strong></span> <span class='ocrx_word' id='word_1_432' title='bbox 2626 2867 2724 2922; x_wconf 80' lang='lat' dir='ltr'><strong>nisi</strong></span> <span class='ocrx_word' id='word_1_433' title='bbox 2739 2882 2832 2922; x_wconf 89' lang='lat' dir='ltr'><strong>eos</strong></span> <span class='ocrx_word' id='word_1_434' title='bbox 2849 2867 2938 2937; x_wconf 86' lang='lat' dir='ltr'><strong>qui</strong></span> <span class='ocrx_word' id='word_1_435' title='bbox 2957 2865 3187 2920; x_wconf 84' lang='lat' dir='ltr'><strong>habeant</strong></span> <span class='ocrx_word' id='word_1_436' title='bbox 3209 2864 3468 2933; x_wconf 88' lang='lat' dir='ltr'><strong>Spiritutn</strong></span> <span class='ocrx_word' id='word_1_437' title='bbox 3494 2862 3636 2917; x_wconf 86' lang='lat' dir='ltr'><strong>San-</strong></span> 
     </span>
    </p>
   </div>
   <div class='ocr_carea' id='block_1_59' title="bbox 2044 2955 3639 3032">
    <p class='ocr_par' dir='ltr' id='par_1_59' title="bbox 2044 2955 3639 3032">
     <span class='ocr_line' id='line_1_59' title="bbox 2044 2955 3639 3032; baseline -0.004 -16"><span class='ocrx_word' id='word_1_438' title='bbox 2044 2972 2207 3016; x_wconf 87' lang='lat' dir='ltr'><strong>ctum.</strong></span> <span class='ocrx_word' id='word_1_439' title='bbox 2243 2963 2425 3031; x_wconf 86' lang='lat' dir='ltr'><strong>Itaque</strong></span> <span class='ocrx_word' id='word_1_440' title='bbox 2455 2963 2542 3032; x_wconf 87' lang='lat' dir='ltr'><strong>qui</strong></span> <span class='ocrx_word' id='word_1_441' title='bbox 2574 2960 2844 3015; x_wconf 69' lang='lat' dir='ltr'><strong>haereticis</strong></span> <span class='ocrx_word' id='word_1_442' title='bbox 2873 2959 2986 3013; x_wconf 73' lang='lat' dir='ltr'><strong>sive</strong></span> <span class='ocrx_word' id='word_1_443' title='bbox 3013 2956 3375 3013; x_wconf 80' lang='lat' dir='ltr'><strong>schismalicis</strong></span> <span class='ocrx_word' id='word_1_444' title='bbox 3402 2955 3639 3025; x_wconf 83' lang='lat' dir='ltr'><strong>patroci-</strong></span> 
     </span>
    </p>
   </div>
   <div class='ocr_carea' id='block_1_60' title="bbox 2047 3051 3638 3127">
    <p class='ocr_par' dir='ltr' id='par_1_60' title="bbox 2047 3051 3638 3127">
     <span class='ocr_line' id='line_1_60' title="bbox 2047 3051 3638 3127; baseline -0.005 -15"><span class='ocrx_word' id='word_1_445' title='bbox 2047 3058 2278 3119; x_wconf 90' lang='lat' dir='ltr'><strong>niantur.</strong></span> <span class='ocrx_word' id='word_1_446' title='bbox 2299 3057 2658 3127; x_wconf 78' lang='lat' dir='ltr'><strong>respoodeant</strong></span> <span class='ocrx_word' id='word_1_447' title='bbox 2690 3056 2843 3110; x_wconf 88' lang='lat' dir='ltr'><strong>nobis</strong></span> <span class='ocrx_word' id='word_1_448' title='bbox 2869 3070 2936 3108; x_wconf 92' lang='lat' dir='ltr'><strong>an</strong></span> <span class='ocrx_word' id='word_1_449' title='bbox 2964 3054 3193 3107; x_wconf 90' lang='lat' dir='ltr'><strong>habeant</strong></span> <span class='ocrx_word' id='word_1_450' title='bbox 3219 3051 3477 3121; x_wconf 89' lang='lat' dir='ltr'><strong>Spiritum</strong></span> <span class='ocrx_word' id='word_1_451' title='bbox 3508 3065 3638 3105; x_wconf 84' lang='lat' dir='ltr'><strong>San-</strong></span> 
     </span>
    </p>
   </div>
   <div class='ocr_carea' id='block_1_61' title="bbox 2044 3145 3633 3218">
    <p class='ocr_par' dir='ltr' id='par_1_61' title="bbox 2044 3145 3633 3218">
     <span class='ocr_line' id='line_1_61' title="bbox 2044 3145 3633 3218; baseline -0.006 -10"><span class='ocrx_word' id='word_1_452' title='bbox 2044 3164 2211 3218; x_wconf 85' lang='lat' dir='ltr'><strong>cutm,</strong></span> <span class='ocrx_word' id='word_1_453' title='bbox 2245 3168 2309 3205; x_wconf 90' lang='lat' dir='ltr'><strong>an</strong></span> <span class='ocrx_word' id='word_1_454' title='bbox 2340 3168 2444 3206; x_wconf 89' lang='lat' dir='ltr'><strong>non</strong></span> <span class='ocrx_word' id='word_1_455' title='bbox 2476 3150 2728 3207; x_wconf 89' lang='lat' dir='ltr'><strong>habeant.</strong></span> <span class='ocrx_word' id='word_1_456' title='bbox 2754 3150 2809 3205; x_wconf 89' lang='lat' dir='ltr'><strong>Si</strong></span> <span class='ocrx_word' id='word_1_457' title='bbox 2834 3149 3053 3211; x_wconf 87' lang='lat' dir='ltr'><strong>habent,</strong></span> <span class='ocrx_word' id='word_1_458' title='bbox 3074 3164 3169 3201; x_wconf 88' lang='lat' dir='ltr'><strong>cur</strong></span> <span class='ocrx_word' id='word_1_459' title='bbox 3199 3146 3307 3200; x_wconf 91' lang='lat' dir='ltr'><strong>illic</strong></span> <span class='ocrx_word' id='word_1_460' title='bbox 3330 3145 3633 3212; x_wconf 78' lang='lat' dir='ltr'><strong>itapliZuIiS,</strong></span> 
     </span>
    </p>
   </div>
   <div class='ocr_carea' id='block_1_62' title="bbox 347 3237 3637 3321">
    <p class='ocr_par' dir='ltr' id='par_1_62' title="bbox 347 3237 3637 3321">
     <span class='ocr_line' id='line_1_62' title="bbox 347 3237 3637 3321; baseline 0.001 -34"><span class='ocrx_word' id='word_1_461' title='bbox 347 3246 577 3307; x_wconf 65' lang='lat' dir='ltr'><strong>possunt</strong></span> <span class='ocrx_word' id='word_1_462' title='bbox 605 3237 694 3307; x_wconf 93' lang='lat' dir='ltr'><strong>qui</strong></span> <span class='ocrx_word' id='word_1_463' title='bbox 741 3237 925 3292; x_wconf 90' lang='lat' dir='ltr'><strong>hostes</strong></span> <span class='ocrx_word' id='word_1_464' title='bbox 969 3238 1306 3293; x_wconf 74' lang='lat' dir='ltr'><strong>Sacerdotium</strong></span> <span class='ocrx_word' id='word_1_465' title='bbox 1356 3240 1529 3294; x_wconf 90' lang='lat' dir='ltr'><strong>aliena</strong></span> <span class='ocrx_word' id='word_1_466' title='bbox 1571 3251 1624 3295; x_wconf 91' lang='lat' dir='ltr'><strong>et</strong></span> <span class='ocrx_word' id='word_1_467' title='bbox 1680 3241 1858 3296; x_wconf 83' lang='lat' dir='ltr'><strong>illicita</strong></span> <span class='ocrx_word' id='word_1_468' title='bbox 1886 3251 1937 3295; x_wconf 90' lang='lat' dir='ltr'><strong>et</strong></span> <span class='ocrx_word' id='word_1_469' title='bbox 1967 3243 2012 3305; x_wconf 90' lang='lat' dir='ltr'><strong>C</strong></span> <span class='ocrx_word' id='word_1_470' title='bbox 2043 3245 2257 3321; x_wconf 86' lang='lat' dir='ltr'><strong>quando</strong></span> <span class='ocrx_word' id='word_1_471' title='bbox 2282 3243 2346 3298; x_wconf 86' lang='lat' dir='ltr'><strong>ad</strong></span> <span class='ocrx_word' id='word_1_472' title='bbox 2373 3258 2470 3297; x_wconf 88' lang='lat' dir='ltr'><strong>nos</strong></span> <span class='ocrx_word' id='word_1_473' title='bbox 2488 3244 2728 3307; x_wconf 88' lang='lat' dir='ltr'><strong>veniunt.</strong></span> <span class='ocrx_word' id='word_1_474' title='bbox 2748 3259 2938 3297; x_wconf 90' lang='lat' dir='ltr'><strong>manus</strong></span> <span class='ocrx_word' id='word_1_475' title='bbox 2961 3240 3252 3311; x_wconf 89' lang='lat' dir='ltr'><strong>imponitur</strong></span> <span class='ocrx_word' id='word_1_476' title='bbox 3267 3238 3332 3292; x_wconf 88' lang='lat' dir='ltr'><strong>atl</strong></span> <span class='ocrx_word' id='word_1_477' title='bbox 3361 3237 3637 3307; x_wconf 83' lang='lat' dir='ltr'><strong>accipien-</strong></span> 
     </span>
    </p>
   </div>
   <div class='ocr_carea' id='block_1_63' title="bbox 345 3329 1932 3402">
    <p class='ocr_par' dir='ltr' id='par_1_63' title="bbox 345 3329 1932 3402">
     <span class='ocr_line' id='line_1_63' title="bbox 345 3329 1932 3402; baseline 0.005 -18"><span class='ocrx_word' id='word_1_478' title='bbox 345 3329 499 3385; x_wconf 92' lang='lat' dir='ltr'><strong>nullo</strong></span> <span class='ocrx_word' id='word_1_479' title='bbox 549 3329 646 3385; x_wconf 90' lang='lat' dir='ltr'><strong>sibi</strong></span> <span class='ocrx_word' id='word_1_480' title='bbox 688 3330 808 3400; x_wconf 88' lang='lat' dir='ltr'><strong>jure</strong></span> <span class='ocrx_word' id='word_1_481' title='bbox 855 3346 1110 3387; x_wconf 70' lang='lat' dir='ltr'><strong>concessa</strong></span> <span class='ocrx_word' id='word_1_482' title='bbox 1145 3346 1402 3402; x_wconf 88' lang='lat' dir='ltr'><strong>usurpare</strong></span> <span class='ocrx_word' id='word_1_483' title='bbox 1453 3338 1759 3390; x_wconf 80' lang='lat' dir='ltr'><strong>conantur?</strong></span> <span class='ocrx_word' id='word_1_484' title='bbox 1786 3336 1932 3402; x_wconf 80' lang='lat' dir='ltr'><strong>Quos</strong></span> 
     </span>
    </p>
   </div>
   <div class='ocr_carea' id='block_1_64' title="bbox 346 3422 1930 3503">
    <p class='ocr_par' dir='ltr' id='par_1_64' title="bbox 346 3422 1930 3503">
     <span class='ocr_line' id='line_1_64' title="bbox 346 3422 1930 3503; baseline 0.004 -25"><span class='ocrx_word' id='word_1_485' title='bbox 346 3431 527 3478; x_wconf 88' lang='lat' dir='ltr'><strong>tamen</strong></span> <span class='ocrx_word' id='word_1_486' title='bbox 559 3422 703 3492; x_wconf 88' lang='lat' dir='ltr'><strong>ipsos</strong></span> <span class='ocrx_word' id='word_1_487' title='bbox 726 3439 829 3479; x_wconf 92' lang='lat' dir='ltr'><strong>non</strong></span> <span class='ocrx_word' id='word_1_488' title='bbox 863 3425 1119 3503; x_wconf 61' lang='lat' dir='ltr'><strong>miramur</strong></span> <span class='ocrx_word' id='word_1_489' title='bbox 1148 3439 1244 3494; x_wconf 90' lang='lat' dir='ltr'><strong>pro</strong></span> <span class='ocrx_word' id='word_1_490' title='bbox 1269 3441 1363 3481; x_wconf 88' lang='lat' dir='ltr'><strong>sua</strong></span> <span class='ocrx_word' id='word_1_491' title='bbox 1395 3427 1655 3497; x_wconf 61' lang='lat' dir='ltr'><strong>praxitate</strong></span> <span class='ocrx_word' id='word_1_492' title='bbox 1706 3438 1930 3484; x_wconf 84' lang='lat' dir='ltr'><strong>conten-</strong></span> 
     </span>
    </p>
   </div>
   <div class='ocr_carea' id='block_1_65' title="bbox 342 3515 1933 3594">
    <p class='ocr_par' dir='ltr' id='par_1_65' title="bbox 342 3515 1933 3594">
     <span class='ocr_line' id='line_1_65' title="bbox 342 3515 1933 3594; baseline 0.004 -22"><span class='ocrx_word' id='word_1_493' title='bbox 342 3515 495 3573; x_wconf 88' lang='lat' dir='ltr'><strong>dere.</strong></span> <span class='ocrx_word' id='word_1_494' title='bbox 532 3518 789 3573; x_wconf 82' lang='lat' dir='ltr'><strong>Asserant</strong></span> <span class='ocrx_word' id='word_1_495' title='bbox 815 3515 835 3554; x_wconf 69' lang='grc' dir='ltr'><em>τ</em></span> <span class='ocrx_word' id='word_1_496' title='bbox 860 3518 1003 3572; x_wconf 90' lang='lat' dir='ltr'><strong>enim</strong></span> <span class='ocrx_word' id='word_1_497' title='bbox 1036 3533 1256 3573; x_wconf 86' lang='lat' dir='ltr'><strong>necesse</strong></span> <span class='ocrx_word' id='word_1_498' title='bbox 1311 3528 1394 3574; x_wconf 91' lang='lat' dir='ltr'><strong>est</strong></span> <span class='ocrx_word' id='word_1_499' title='bbox 1440 3530 1464 3567; x_wconf 76' lang='grc' dir='ltr'><strong>ες</strong></span> <span class='ocrx_word' id='word_1_500' title='bbox 1493 3522 1687 3590; x_wconf 78' lang='lat' dir='ltr'><strong>singuli</strong></span> <span class='ocrx_word' id='word_1_501' title='bbox 1735 3523 1933 3594; x_wconf 88' lang='lat' dir='ltr'><strong>quique</strong></span> 
     </span>
    </p>
   </div>
   <div class='ocr_carea' id='block_1_66' title="bbox 343 3609 1925 3684">
    <p class='ocr_par' dir='ltr' id='par_1_66' title="bbox 343 3609 1925 3684">
     <span class='ocr_line' id='line_1_66' title="bbox 343 3609 1925 3684; baseline 0.001 -19"><span class='ocrx_word' id='word_1_502' title='bbox 343 3609 487 3681; x_wconf 90' lang='lat' dir='ltr'><strong>quod</strong></span> <span class='ocrx_word' id='word_1_503' title='bbox 540 3610 779 3680; x_wconf 82' lang='lat' dir='ltr'><strong>faciunt,</strong></span> <span class='ocrx_word' id='word_1_504' title='bbox 826 3625 926 3667; x_wconf 90' lang='lat' dir='ltr'><strong>nec</strong></span> <span class='ocrx_word' id='word_1_505' title='bbox 957 3609 1160 3676; x_wconf 89' lang='lat' dir='ltr'><strong>volunt.</strong></span> <span class='ocrx_word' id='word_1_506' title='bbox 1192 3612 1315 3667; x_wconf 87' lang='lat' dir='ltr'><strong>victi</strong></span> <span class='ocrx_word' id='word_1_507' title='bbox 1370 3612 1524 3670; x_wconf 83' lang='lat' dir='ltr'><strong>facile</strong></span> <span class='ocrx_word' id='word_1_508' title='bbox 1554 3617 1925 3684; x_wconf 73' lang='lat' dir='ltr'><strong>succumbere,</strong></span> 
     </span>
    </p>
   </div>
   <div class='ocr_carea' id='block_1_67' title="bbox 2038 3331 3640 3408">
    <p class='ocr_par' dir='ltr' id='par_1_67' title="bbox 2038 3331 3640 3408">
     <span class='ocr_line' id='line_1_67' title="bbox 2038 3331 3640 3408; baseline -0.007 -12"><span class='ocrx_word' id='word_1_509' title='bbox 2038 3340 2164 3396; x_wconf 91' lang='lat' dir='ltr'><strong>dum</strong></span> <span class='ocrx_word' id='word_1_510' title='bbox 2192 3338 2451 3408; x_wconf 87' lang='lat' dir='ltr'><strong>Spiritum</strong></span> <span class='ocrx_word' id='word_1_511' title='bbox 2482 3347 2727 3392; x_wconf 83' lang='lat' dir='ltr'><strong>sanctum</strong></span> <span class='ocrx_word' id='word_1_512' title='bbox 2755 3378 2769 3402; x_wconf 89' lang='lat'><strong>.</strong></span> <span class='ocrx_word' id='word_1_513' title='bbox 2812 3352 2930 3390; x_wconf 91' lang='lat' dir='ltr'><strong>cum</strong></span> <span class='ocrx_word' id='word_1_514' title='bbox 2962 3335 3070 3405; x_wconf 85' lang='lat' dir='ltr'><strong>jam</strong></span> <span class='ocrx_word' id='word_1_515' title='bbox 3101 3337 3284 3403; x_wconf 90' lang='lat' dir='ltr'><strong>utique</strong></span> <span class='ocrx_word' id='word_1_516' title='bbox 3316 3331 3423 3386; x_wconf 93' lang='lat' dir='ltr'><strong>illic</strong></span> <span class='ocrx_word' id='word_1_517' title='bbox 3450 3345 3640 3400; x_wconf 68' lang='lat' dir='ltr'><strong>accep-</strong></span> 
     </span>
    </p>
   </div>
   <div class='ocr_carea' id='block_1_68' title="bbox 2039 3423 3642 3501">
    <p class='ocr_par' dir='ltr' id='par_1_68' title="bbox 2039 3423 3642 3501">
     <span class='ocr_line' id='line_1_68' title="bbox 2039 3423 3642 3501; baseline -0.006 -12"><span class='ocrx_word' id='word_1_518' title='bbox 2039 3446 2124 3491; x_wconf 91' lang='lat' dir='ltr'><strong>tus</strong></span> <span class='ocrx_word' id='word_1_519' title='bbox 2151 3436 2221 3490; x_wconf 91' lang='lat' dir='ltr'><strong>sit</strong></span> <span class='ocrx_word' id='word_1_520' title='bbox 2249 3434 2334 3488; x_wconf 83' lang='lat' dir='ltr'><strong>tibi</strong></span> <span class='ocrx_word' id='word_1_521' title='bbox 2366 3434 2409 3487; x_wconf 91' lang='lat' dir='ltr'><strong>si</strong></span> <span class='ocrx_word' id='word_1_522' title='bbox 2442 3432 2539 3487; x_wconf 80' lang='lat' dir='ltr'><strong>fuit</strong></span> <span class='ocrx_word' id='word_1_523' title='bbox 2564 3433 2677 3487; x_wconf 88' lang='lat' dir='ltr'><strong>dari</strong></span> <span class='ocrx_word' id='word_1_524' title='bbox 2712 3432 2905 3501; x_wconf 89' lang='lat' dir='ltr'><strong>potttit?</strong></span> <span class='ocrx_word' id='word_1_525' title='bbox 2930 3430 2985 3487; x_wconf 90' lang='lat' dir='ltr'><strong>Si</strong></span> <span class='ocrx_word' id='word_1_526' title='bbox 3016 3439 3190 3486; x_wconf 80' lang='lat' dir='ltr'><strong>autem</strong></span> <span class='ocrx_word' id='word_1_527' title='bbox 3216 3426 3513 3483; x_wconf 84' lang='lat' dir='ltr'><strong>foristincti</strong></span> <span class='ocrx_word' id='word_1_528' title='bbox 3539 3423 3642 3480; x_wconf 63' lang='lat' dir='ltr'><strong>hae-</strong></span> 
     </span>
    </p>
   </div>
   <div class='ocr_carea' id='block_1_69' title="bbox 2036 3524 3641 3595">
    <p class='ocr_par' dir='ltr' id='par_1_69' title="bbox 2036 3524 3641 3595">
     <span class='ocr_line' id='line_1_69' title="bbox 2036 3524 3641 3595; baseline -0.007 -12"><span class='ocrx_word' id='word_1_529' title='bbox 2036 3528 2188 3584; x_wconf 88' lang='lat' dir='ltr'><strong>retici</strong></span> <span class='ocrx_word' id='word_1_530' title='bbox 2209 3526 2600 3584; x_wconf 77' lang='lat' dir='ltr'><strong>etschismatici</strong></span> <span class='ocrx_word' id='word_1_531' title='bbox 2632 3539 2737 3580; x_wconf 90' lang='lat' dir='ltr'><strong>non</strong></span> <span class='ocrx_word' id='word_1_532' title='bbox 2764 3524 2957 3580; x_wconf 89' lang='lat' dir='ltr'><strong>habent</strong></span> <span class='ocrx_word' id='word_1_533' title='bbox 2984 3524 3244 3595; x_wconf 85' lang='lat' dir='ltr'><strong>Spiritum</strong></span> <span class='ocrx_word' id='word_1_534' title='bbox 3286 3528 3554 3585; x_wconf 85' lang='lat' dir='ltr'><strong>sanctum.</strong></span> <span class='ocrx_word' id='word_1_535' title='bbox 3585 3525 3641 3573; x_wconf 87' lang='lat' dir='ltr'><strong>et</strong></span> 
     </span>
    </p>
   </div>
   <div class='ocr_carea' id='block_1_70' title="bbox 1560 3753 2425 3816">
    <p class='ocr_par' dir='ltr' id='par_1_70' title="bbox 1560 3753 2425 3816">
     <span class='ocr_line' id='line_1_70' title="bbox 1560 3753 2425 3816; baseline 0.007 -8"><span class='ocrx_word' id='word_1_536' title='bbox 1560 3753 1945 3814; x_wconf 78' lang='lat' dir='ltr'><strong>LECTIONES</strong></span> <span class='ocrx_word' id='word_1_537' title='bbox 2012 3756 2425 3816; x_wconf 74' lang='lat' dir='ltr'><strong>VARIANTES.</strong></span> 
     </span>
    </p>
   </div>
   <div class='ocr_carea' id='block_1_71' title="bbox 405 3866 1839 3968">
    <p class='ocr_par' dir='ltr' id='par_1_71' title="bbox 405 3866 1839 3968">
     <span class='ocr_line' id='line_1_71' title="bbox 408 3866 1839 3943; baseline 0.001 -25"><span class='ocrx_word' id='word_1_538' title='bbox 408 3869 435 3897; x_wconf 69' lang='grc' dir='ltr'>α</span> <span class='ocrx_word' id='word_1_539' title='bbox 470 3869 609 3928; x_wconf 88' lang='lat' dir='ltr'><strong>Quod</strong></span> <span class='ocrx_word' id='word_1_540' title='bbox 632 3869 723 3943; x_wconf 75' lang='lat' dir='ltr'><strong>sibi</strong></span> <span class='ocrx_word' id='word_1_541' title='bbox 751 3882 844 3919; x_wconf 89' lang='lat' dir='ltr'><strong>non</strong></span> <span class='ocrx_word' id='word_1_542' title='bbox 874 3869 989 3920; x_wconf 86' lang='lat' dir='ltr'><strong>licet</strong></span> <span class='ocrx_word' id='word_1_543' title='bbox 1017 3870 1118 3919; x_wconf 82' lang='lat' dir='ltr'><strong>Lin.</strong></span> <span class='ocrx_word' id='word_1_544' title='bbox 1148 3869 1271 3919; x_wconf 83' lang='lat' dir='ltr'><strong>Bod.</strong></span> <span class='ocrx_word' id='word_1_545' title='bbox 1298 3873 1343 3920; x_wconf 75' lang='lat'><strong>2.</strong></span> <span class='ocrx_word' id='word_1_546' title='bbox 1371 3866 1479 3917; x_wconf 81' lang='lat' dir='ltr'><strong>Non</strong></span> <span class='ocrx_word' id='word_1_547' title='bbox 1500 3868 1619 3921; x_wconf 88' lang='lat' dir='ltr'><strong>licet</strong></span> <span class='ocrx_word' id='word_1_548' title='bbox 1644 3872 1765 3921; x_wconf 80' lang='lat' dir='ltr'><strong>Bod.</strong></span> <span class='ocrx_word' id='word_1_549' title='bbox 1796 3874 1839 3923; x_wconf 87' lang='grc'>1.</span> 
     </span>
     <span class='ocr_line' id='line_1_72' title="bbox 405 3928 1350 3968; baseline 0 0"><span class='ocrx_word' id='word_1_550' title='bbox 405 3928 435 3968; x_wconf 75' lang='lat' dir='ltr'><strong>b</strong></span> <span class='ocrx_word' id='word_1_551' title='bbox 475 3932 731 3968; x_wconf 65' lang='lat' dir='ltr'><strong>&quot;mu-mima</strong></span> <span class='ocrx_word' id='word_1_552' title='bbox 754 3931 831 3968; x_wconf 75' lang='grc' dir='ltr'><strong>υιιΙ</strong></span> <span class='ocrx_word' id='word_1_553' title='bbox 868 3934 976 3968; x_wconf 82' lang='lat' dir='ltr'><strong>lnm</strong></span> <span class='ocrx_word' id='word_1_554' title='bbox 1027 3932 1150 3968; x_wconf 66' lang='grc' dir='ltr'><strong>Πικη-</strong></span> <span class='ocrx_word' id='word_1_555' title='bbox 1203 3933 1286 3968; x_wconf 74' lang='lat' dir='ltr'><strong>NP.</strong></span> <span class='ocrx_word' id='word_1_556' title='bbox 1332 3935 1350 3968; x_wconf 76' lang='grc'>1</span> 
     </span>
    </p>
   </div>
   <div class='ocr_carea' id='block_1_72' title="bbox 409 3931 1560 4056">
    <p class='ocr_par' dir='ltr' id='par_1_72' title="bbox 409 3931 1560 4056">
     <span class='ocr_line' id='line_1_73' title="bbox 409 3931 1375 3984; baseline 0 -3"><span class='ocrx_word' id='word_1_557' title='bbox 409 3931 435 3968; x_wconf 74' lang='grc' dir='ltr'>δ</span> <span class='ocrx_word' id='word_1_558' title='bbox 472 3932 731 3982; x_wconf 69' lang='lat' dir='ltr'><strong>Hasreticis</strong></span> <span class='ocrx_word' id='word_1_559' title='bbox 754 3931 831 3981; x_wconf 85' lang='lat' dir='ltr'><strong>vel</strong></span> <span class='ocrx_word' id='word_1_560' title='bbox 861 3934 978 3983; x_wconf 88' lang='lat' dir='ltr'><strong>Lam</strong></span> <span class='ocrx_word' id='word_1_561' title='bbox 1022 3932 1166 3984; x_wconf 77' lang='lat' dir='ltr'><strong>Ebur.</strong></span> <span class='ocrx_word' id='word_1_562' title='bbox 1195 3933 1303 3983; x_wconf 81' lang='lat' dir='ltr'><strong>NG.</strong></span> <span class='ocrx_word' id='word_1_563' title='bbox 1332 3935 1375 3983; x_wconf 90' lang='grc'>1.</span> 
     </span>
     <span class='ocr_line' id='line_1_74' title="bbox 409 3994 1560 4056; baseline 0.001 -13"><span class='ocrx_word' id='word_1_564' title='bbox 409 3997 432 4056; x_wconf 62' lang='grc' dir='ltr'><strong>ς</strong></span> <span class='ocrx_word' id='word_1_565' title='bbox 470 3994 554 4056; x_wconf 61' lang='lat' dir='ltr'><strong>Ba;</strong></span> <span class='ocrx_word' id='word_1_566' title='bbox 574 3996 778 4044; x_wconf 76' lang='lat' dir='ltr'><strong>tizantes</strong></span> <span class='ocrx_word' id='word_1_567' title='bbox 802 3996 935 4045; x_wconf 89' lang='lat' dir='ltr'><strong>Lam.</strong></span> <span class='ocrx_word' id='word_1_568' title='bbox 964 3994 1106 4044; x_wconf 87' lang='lat' dir='ltr'><strong>Ebur.</strong></span> <span class='ocrx_word' id='word_1_569' title='bbox 1147 3995 1268 4046; x_wconf 86' lang='lat' dir='ltr'><strong>Bod.</strong></span> <span class='ocrx_word' id='word_1_570' title='bbox 1295 3998 1339 4046; x_wconf 77' lang='grc'>2.</span> <span class='ocrx_word' id='word_1_571' title='bbox 1378 3996 1484 4046; x_wconf 86' lang='lat' dir='ltr'><strong>NC.</strong></span> <span class='ocrx_word' id='word_1_572' title='bbox 1515 3997 1560 4047; x_wconf 90' lang='grc'>1.</span> 
     </span>
    </p>
   </div>
   <div class='ocr_carea' id='block_1_73' title="bbox 407 4055 1315 4126">
    <p class='ocr_par' dir='ltr' id='par_1_73' title="bbox 407 4055 1315 4126">
     <span class='ocr_line' id='line_1_75' title="bbox 407 4055 1315 4126; baseline 0.003 -21"><span class='ocrx_word' id='word_1_573' title='bbox 407 4055 437 4126; x_wconf 65' lang='grc' dir='ltr'><strong>ε]</strong></span> <span class='ocrx_word' id='word_1_574' title='bbox 473 4055 819 4126; x_wconf 54' lang='lat' dir='ltr'><strong>biceptiamet</strong></span> <span class='ocrx_word' id='word_1_575' title='bbox 842 4059 1089 4126; x_wconf 64' lang='lat' dir='ltr'><strong>audaciam</strong></span> <span class='ocrx_word' id='word_1_576' title='bbox 1109 4058 1315 4126; x_wconf 45' lang='grc' dir='ltr'><strong>βοῶ-5.</strong></span> 
     </span>
    </p>
   </div>
   <div class='ocr_carea' id='block_1_74' title="bbox 409 4118 1931 4183">
    <p class='ocr_par' dir='ltr' id='par_1_74' title="bbox 409 4118 1931 4183">
     <span class='ocr_line' id='line_1_76' title="bbox 409 4118 1931 4183; baseline 0.007 -16"><span class='ocrx_word' id='word_1_577' title='bbox 409 4122 436 4183; x_wconf 50' lang='grc' dir='ltr'>ξ</span> <span class='ocrx_word' id='word_1_578' title='bbox 471 4118 552 4183; x_wconf 83' lang='lat' dir='ltr'><strong>Sic</strong></span> <span class='ocrx_word' id='word_1_579' title='bbox 577 4120 710 4169; x_wconf 88' lang='lat' dir='ltr'><strong>Lam.</strong></span> <span class='ocrx_word' id='word_1_580' title='bbox 740 4118 841 4170; x_wconf 84' lang='lat' dir='ltr'><strong>Lin.</strong></span> <span class='ocrx_word' id='word_1_581' title='bbox 870 4121 1014 4170; x_wconf 81' lang='lat' dir='ltr'><strong>Ebor.</strong></span> <span class='ocrx_word' id='word_1_582' title='bbox 1044 4124 1091 4173; x_wconf 83' lang='grc' dir='ltr'><strong><em>Ν</em></strong></span> <span class='ocrx_word' id='word_1_583' title='bbox 1097 4121 1133 4170; x_wconf 87' lang='lat' dir='ltr'><strong><em>C</em></strong></span> <span class='ocrx_word' id='word_1_584' title='bbox 1179 4124 1223 4175; x_wconf 84' lang='grc'>1.</span> <span class='ocrx_word' id='word_1_585' title='bbox 1251 4124 1293 4172; x_wconf 77' lang='grc'>2.</span> <span class='ocrx_word' id='word_1_586' title='bbox 1317 4121 1581 4183; x_wconf 86' lang='lat' dir='ltr'><strong>Quisquisa</strong></span> <span class='ocrx_word' id='word_1_587' title='bbox 1599 4121 1755 4172; x_wconf 86' lang='lat' dir='ltr'><strong>Chore</strong></span> <span class='ocrx_word' id='word_1_588' title='bbox 1779 4123 1931 4177; x_wconf 71' lang='lat' dir='ltr'><strong>Oxon.</strong></span> 
     </span>
    </p>
   </div>
   <div class='ocr_carea' id='block_1_75' title="bbox 404 4180 1922 4246">
    <p class='ocr_par' dir='ltr' id='par_1_75' title="bbox 404 4180 1922 4246">
     <span class='ocr_line' id='line_1_77' title="bbox 404 4180 1922 4246; baseline 0.003 -14"><span class='ocrx_word' id='word_1_589' title='bbox 404 4180 427 4220; x_wconf 67' lang='grc' dir='ltr'><strong><em>ἲ</em></strong></span> <span class='ocrx_word' id='word_1_590' title='bbox 463 4182 701 4232; x_wconf 82' lang='lat' dir='ltr'><strong>Asserant</strong></span> <span class='ocrx_word' id='word_1_591' title='bbox 724 4196 932 4234; x_wconf 83' lang='lat' dir='ltr'><strong>necesse</strong></span> <span class='ocrx_word' id='word_1_592' title='bbox 960 4192 1035 4233; x_wconf 87' lang='lat' dir='ltr'><strong>est</strong></span> <span class='ocrx_word' id='word_1_593' title='bbox 1061 4186 1190 4235; x_wconf 87' lang='lat' dir='ltr'><strong>Lam.</strong></span> <span class='ocrx_word' id='word_1_594' title='bbox 1220 4180 1392 4236; x_wconf 75' lang='lat' dir='ltr'><strong>Bod.l</strong></span> <span class='ocrx_word' id='word_1_595' title='bbox 1441 4180 1486 4237; x_wconf 69' lang='lat'><strong>2.</strong></span> <span class='ocrx_word' id='word_1_596' title='bbox 1520 4187 1629 4238; x_wconf 76' lang='grc' dir='ltr'><strong>ΝΟ.</strong></span> <span class='ocrx_word' id='word_1_597' title='bbox 1656 4188 1701 4246; x_wconf 82' lang='lat' dir='ltr'><strong>l,</strong></span> <span class='ocrx_word' id='word_1_598' title='bbox 1744 4189 1788 4237; x_wconf 75' lang='lat'><strong>‘2.</strong></span> <span class='ocrx_word' id='word_1_599' title='bbox 1820 4186 1922 4237; x_wconf 84' lang='lat' dir='ltr'><strong>Lin.</strong></span> 
     </span>
    </p>
   </div>
   <div class='ocr_carea' id='block_1_76' title="bbox 2106 3871 3179 3923">
    <p class='ocr_par' dir='ltr' id='par_1_76' title="bbox 2106 3871 3179 3923">
     <span class='ocr_line' id='line_1_78' title="bbox 2106 3871 3179 3923; baseline -0.002 -2"><span class='ocrx_word' id='word_1_600' title='bbox 2106 3874 2133 3913; x_wconf 69' lang='grc' dir='ltr'><strong>Β</strong></span> <span class='ocrx_word' id='word_1_601' title='bbox 2169 3873 2389 3923; x_wconf 85' lang='lat' dir='ltr'><strong>Necesse</strong></span> <span class='ocrx_word' id='word_1_602' title='bbox 2412 3881 2489 3923; x_wconf 89' lang='lat' dir='ltr'><strong>est</strong></span> <span class='ocrx_word' id='word_1_603' title='bbox 2510 3871 2784 3923; x_wconf 89' lang='lat' dir='ltr'><strong>insolenter</strong></span> <span class='ocrx_word' id='word_1_604' title='bbox 2813 3871 2945 3920; x_wconf 85' lang='lat' dir='ltr'><strong>Lam.</strong></span> <span class='ocrx_word' id='word_1_605' title='bbox 2979 3871 3104 3922; x_wconf 85' lang='lat' dir='ltr'><strong>Bod.</strong></span> <span class='ocrx_word' id='word_1_606' title='bbox 3132 3874 3179 3922; x_wconf 78' lang='lat'><strong>2.</strong></span> 
     </span>
    </p>
   </div>
   <div class='ocr_carea' id='block_1_77' title="bbox 2102 3932 3554 3985">
    <p class='ocr_par' dir='ltr' id='par_1_77' title="bbox 2102 3932 3554 3985">
     <span class='ocr_line' id='line_1_79' title="bbox 2102 3932 3554 3985; baseline 0 -2"><span class='ocrx_word' id='word_1_607' title='bbox 2102 3933 2133 3972; x_wconf 77' lang='lat' dir='ltr'><strong>h</strong></span> <span class='ocrx_word' id='word_1_608' title='bbox 2168 3935 2288 3983; x_wconf 81' lang='lat' dir='ltr'><strong>illud</strong></span> <span class='ocrx_word' id='word_1_609' title='bbox 2317 3944 2480 3985; x_wconf 82' lang='lat' dir='ltr'><strong>autem</strong></span> <span class='ocrx_word' id='word_1_610' title='bbox 2508 3935 2776 3984; x_wconf 87' lang='lat' dir='ltr'><strong>mirandum</strong></span> <span class='ocrx_word' id='word_1_611' title='bbox 2808 3933 2924 3984; x_wconf 81' lang='lat' dir='ltr'><strong>Rod.</strong></span> <span class='ocrx_word' id='word_1_612' title='bbox 2958 3937 3000 3985; x_wconf 73' lang='lat'><strong>2.</strong></span> <span class='ocrx_word' id='word_1_613' title='bbox 3034 3935 3165 3984; x_wconf 84' lang='lat' dir='ltr'><strong>Lam.</strong></span> <span class='ocrx_word' id='word_1_614' title='bbox 3197 3932 3343 3983; x_wconf 77' lang='lat' dir='ltr'><strong>Ebor.</strong></span> <span class='ocrx_word' id='word_1_615' title='bbox 3373 3932 3481 3984; x_wconf 77' lang='grc' dir='ltr'><strong>ΝΟ.</strong></span> <span class='ocrx_word' id='word_1_616' title='bbox 3508 3932 3554 3983; x_wconf 89' lang='grc'>1.</span> 
     </span>
    </p>
   </div>
   <div class='ocr_carea' id='block_1_78' title="bbox 2107 3994 3634 4060">
    <p class='ocr_par' dir='ltr' id='par_1_78' title="bbox 2107 3994 3634 4060">
     <span class='ocr_line' id='line_1_80' title="bbox 2107 3994 3634 4060; baseline -0.002 -12"><span class='ocrx_word' id='word_1_617' title='bbox 2107 3995 2251 4060; x_wconf 16' lang='grc' dir='ltr'><strong>ίίδίε</strong></span> <span class='ocrx_word' id='word_1_618' title='bbox 2278 3998 2407 4049; x_wconf 85' lang='lat' dir='ltr'><strong>Lam.</strong></span> <span class='ocrx_word' id='word_1_619' title='bbox 2434 4000 2557 4046; x_wconf 81' lang='lat' dir='ltr'><strong>Bod.</strong></span> <span class='ocrx_word' id='word_1_620' title='bbox 2587 4000 2631 4056; x_wconf 87' lang='lat' dir='ltr'><strong>l,</strong></span> <span class='ocrx_word' id='word_1_621' title='bbox 2656 4000 2703 4048; x_wconf 79' lang='grc'>2.</span> <span class='ocrx_word' id='word_1_622' title='bbox 2729 3994 2869 4060; x_wconf 77' lang='lat' dir='ltr'><strong>Ebor.</strong></span> <span class='ocrx_word' id='word_1_623' title='bbox 2892 4001 2939 4049; x_wconf 88' lang='grc' dir='ltr'><strong><em>Ν</em></strong></span> <span class='ocrx_word' id='word_1_624' title='bbox 2947 3999 2982 4048; x_wconf 86' lang='lat' dir='ltr'>C</span> <span class='ocrx_word' id='word_1_625' title='bbox 3026 3998 3070 4047; x_wconf 91' lang='grc'>1.</span> <span class='ocrx_word' id='word_1_626' title='bbox 3096 3996 3199 4047; x_wconf 86' lang='lat' dir='ltr'><strong>Lin.</strong></span> <span class='ocrx_word' id='word_1_627' title='bbox 3221 3994 3352 4046; x_wconf 88' lang='lat' dir='ltr'><strong>Intra</strong></span> <span class='ocrx_word' id='word_1_628' title='bbox 3377 3999 3479 4060; x_wconf 82' lang='lat' dir='ltr'><strong>ipsa</strong></span> <span class='ocrx_word' id='word_1_629' title='bbox 3496 3997 3634 4059; x_wconf 76' lang='lat' dir='ltr'><strong>septa</strong></span> 
     </span>
    </p>
   </div>
   <div class='ocr_carea' id='block_1_79' title="bbox 2040 4058 2857 4112">
    <p class='ocr_par' dir='ltr' id='par_1_79' title="bbox 2040 4058 2857 4112">
     <span class='ocr_line' id='line_1_81' title="bbox 2040 4058 2857 4112; baseline -0.005 0"><span class='ocrx_word' id='word_1_630' title='bbox 2040 4058 2277 4109; x_wconf 66' lang='lat' dir='ltr'><strong>Ecclesiae</strong></span> <span class='ocrx_word' id='word_1_631' title='bbox 2304 4062 2463 4112; x_wconf 72' lang='lat' dir='ltr'><strong>Oxon.</strong></span> <span class='ocrx_word' id='word_1_632' title='bbox 2490 4061 2642 4109; x_wconf 82' lang='lat' dir='ltr'><strong>&#39;l‘ecta</strong></span> <span class='ocrx_word' id='word_1_633' title='bbox 2674 4059 2857 4109; x_wconf 87' lang='lat' dir='ltr'><strong>Pamel.</strong></span> 
     </span>
    </p>
   </div>
   <div class='ocr_carea' id='block_1_80' title="bbox 2110 4120 3358 4185">
    <p class='ocr_par' dir='ltr' id='par_1_80' title="bbox 2110 4120 3358 4185">
     <span class='ocr_line' id='line_1_82' title="bbox 2110 4120 3358 4185; baseline -0.002 -12"><span class='ocrx_word' id='word_1_634' title='bbox 2110 4121 2123 4173; x_wconf 82' lang='lat' dir='ltr'><strong>i</strong></span> <span class='ocrx_word' id='word_1_635' title='bbox 2168 4122 2327 4185; x_wconf 85' lang='lat' dir='ltr'><strong>Ipsum</strong></span> <span class='ocrx_word' id='word_1_636' title='bbox 2352 4122 2523 4173; x_wconf 83' lang='lat' dir='ltr'><strong>Jesum</strong></span> <span class='ocrx_word' id='word_1_637' title='bbox 2548 4122 2792 4174; x_wconf 85' lang='lat' dir='ltr'><strong>Christum</strong></span> <span class='ocrx_word' id='word_1_638' title='bbox 2822 4123 2954 4176; x_wconf 80' lang='lat' dir='ltr'><strong>Lam.</strong></span> <span class='ocrx_word' id='word_1_639' title='bbox 2997 4126 3043 4176; x_wconf 86' lang='grc' dir='ltr'><em>Ν</em></span> <span class='ocrx_word' id='word_1_640' title='bbox 3051 4122 3106 4172; x_wconf 90' lang='lat' dir='ltr'><strong>C.</strong></span> <span class='ocrx_word' id='word_1_641' title='bbox 3134 4122 3180 4173; x_wconf 87' lang='grc'><strong>1.</strong></span> <span class='ocrx_word' id='word_1_642' title='bbox 3210 4120 3358 4174; x_wconf 84' lang='lat' dir='ltr'><strong>Ebor.</strong></span> 
     </span>
    </p>
   </div>
   <div class='ocr_carea' id='block_1_81' title="bbox 3460 4188 3603 4203">
    <p class='ocr_par' dir='ltr' id='par_1_81' title="bbox 3460 4188 3603 4203">
     <span class='ocr_line' id='line_1_83' title="bbox 3460 4188 3603 4203; baseline 0.007 -1"><span class='ocrx_word' id='word_1_643' title='bbox 3460 4188 3603 4203; x_wconf 35' lang='lat' dir='ltr'><strong>..K&#39;~</strong></span> 
     </span>
    </p>
   </div>
   <div class='ocr_carea' id='block_1_82' title="bbox 1532 4316 2354 4375">
    <p class='ocr_par' dir='ltr' id='par_1_82' title="bbox 1532 4316 2354 4375">
     <span class='ocr_line' id='line_1_84' title="bbox 1532 4316 2354 4375; baseline -0.002 -2"><span class='ocrx_word' id='word_1_644' title='bbox 1532 4316 1769 4373; x_wconf 83' lang='lat' dir='ltr'><strong>STEPH.</strong></span> <span class='ocrx_word' id='word_1_645' title='bbox 1816 4316 2084 4375; x_wconf 82' lang='lat' dir='ltr'><strong>B&#39;lLUle</strong></span> <span class='ocrx_word' id='word_1_646' title='bbox 2126 4317 2354 4374; x_wconf 73' lang='lat' dir='ltr'><strong>NOT/E.</strong></span> 
     </span>
    </p>
   </div>
   <div class='ocr_carea' id='block_1_83' title="bbox 340 4436 1921 4505">
    <p class='ocr_par' dir='ltr' id='par_1_83' title="bbox 340 4436 1921 4505">
     <span class='ocr_line' id='line_1_85' title="bbox 340 4436 1921 4505; baseline -0.001 -13"><span class='ocrx_word' id='word_1_647' title='bbox 340 4436 502 4493; x_wconf 89' lang='lat' dir='ltr'><strong>melio</strong></span> <span class='ocrx_word' id='word_1_648' title='bbox 542 4437 639 4491; x_wconf 86' lang='lat' dir='ltr'><strong>ista</strong></span> <span class='ocrx_word' id='word_1_649' title='bbox 682 4436 932 4491; x_wconf 76' lang='lat' dir='ltr'><strong>referenti</strong></span> <span class='ocrx_word' id='word_1_650' title='bbox 978 4437 1042 4490; x_wconf 86' lang='lat' dir='ltr'><strong>ad</strong></span> <span class='ocrx_word' id='word_1_651' title='bbox 1078 4437 1359 4505; x_wconf 89' lang='lat' dir='ltr'><strong>primatum</strong></span> <span class='ocrx_word' id='word_1_652' title='bbox 1405 4438 1596 4490; x_wconf 86' lang='lat' dir='ltr'><strong>summi</strong></span> <span class='ocrx_word' id='word_1_653' title='bbox 1629 4437 1921 4493; x_wconf 82' lang='lat' dir='ltr'><strong>Pontiﬁcis.</strong></span> 
     </span>
    </p>
   </div>
   <div class='ocr_carea' id='block_1_84' title="bbox 2034 4436 3635 4506">
    <p class='ocr_par' dir='ltr' id='par_1_84' title="bbox 2034 4436 3635 4506">
     <span class='ocr_line' id='line_1_86' title="bbox 2034 4436 3635 4506; baseline -0.001 -14"><span class='ocrx_word' id='word_1_654' title='bbox 2034 4437 2213 4492; x_wconf 87' lang='lat' dir='ltr'><strong>Editio</strong></span> <span class='ocrx_word' id='word_1_655' title='bbox 2242 4437 2527 4506; x_wconf 70' lang='lat' dir='ltr'><strong>S-tirensis,</strong></span> <span class='ocrx_word' id='word_1_656' title='bbox 2560 4440 2756 4495; x_wconf 89' lang='lat' dir='ltr'><strong>Veneta</strong></span> <span class='ocrx_word' id='word_1_657' title='bbox 2789 4447 2959 4498; x_wconf 80' lang='lat' dir='ltr'><strong>vetus.</strong></span> <span class='ocrx_word' id='word_1_658' title='bbox 2990 4446 3046 4492; x_wconf 88' lang='lat' dir='ltr'><strong>et</strong></span> <span class='ocrx_word' id='word_1_659' title='bbox 3073 4436 3469 4503; x_wconf 80' lang='lat' dir='ltr'><strong>Remboitiana.</strong></span> <span class='ocrx_word' id='word_1_660' title='bbox 3494 4438 3635 4491; x_wconf 86' lang='lat' dir='ltr'><strong>intus</strong></span> 
     </span>
    </p>
   </div>
   <div class='ocr_carea' id='block_1_85' title="bbox 339 4508 3635 4601">
    <p class='ocr_par' dir='ltr' id='par_1_85' title="bbox 339 4508 3635 4601">
     <span class='ocr_line' id='line_1_87' title="bbox 339 4508 3635 4601; baseline -0.001 -38"><span class='ocrx_word' id='word_1_661' title='bbox 339 4509 524 4592; x_wconf 56' lang='lat' dir='ltr'><strong>Neque</strong></span> <span class='ocrx_word' id='word_1_662' title='bbox 546 4520 725 4601; x_wconf 63' lang='lat' dir='ltr'><strong>tamen</strong></span> <span class='ocrx_word' id='word_1_663' title='bbox 759 4517 971 4601; x_wconf 50' lang='lat' dir='ltr'><strong>traiecti</strong></span> <span class='ocrx_word' id='word_1_664' title='bbox 1000 4508 1051 4561; x_wconf 93' lang='lat' dir='ltr'><strong>in</strong></span> <span class='ocrx_word' id='word_1_665' title='bbox 1080 4509 1383 4578; x_wconf 81' lang='lat' dir='ltr'><strong>opinionem</strong></span> <span class='ocrx_word' id='word_1_666' title='bbox 1412 4508 1899 4593; x_wconf 30' lang='lat' dir='ltr'><strong>Goulartii‘prt’mun</strong></span> <span class='ocrx_word' id='word_1_667' title='bbox 1955 4540 2008 4601; x_wconf 75' lang='grc' dir='ltr'><strong>Ι)</strong></span> <span class='ocrx_word' id='word_1_668' title='bbox 2033 4510 2196 4601; x_wconf 56' lang='lat' dir='ltr'><strong>ipspm</strong></span> <span class='ocrx_word' id='word_1_669' title='bbox 2236 4509 2534 4601; x_wconf 30' lang='lat' dir='ltr'><strong>Ecclesium;</strong></span> <span class='ocrx_word' id='word_1_670' title='bbox 2579 4513 2669 4566; x_wconf 89' lang='lat' dir='ltr'><strong>Sic</strong></span> <span class='ocrx_word' id='word_1_671' title='bbox 2718 4511 2881 4566; x_wconf 86' lang='lat' dir='ltr'><strong>eliam</strong></span> <span class='ocrx_word' id='word_1_672' title='bbox 2919 4510 3089 4565; x_wconf 76' lang='lat' dir='ltr'><strong>codex</strong></span> <span class='ocrx_word' id='word_1_673' title='bbox 3137 4509 3436 4601; x_wconf 51' lang='lat' dir='ltr'><strong>Beccettsis&#39;;</strong></span> <span class='ocrx_word' id='word_1_674' title='bbox 3481 4508 3635 4601; x_wconf 55' lang='lat' dir='ltr'><strong>Qu‘otl</strong></span> 
     </span>
    </p>
   </div>
   <div class='ocr_carea' id='block_1_86' title="bbox 340 4580 1926 4650">
    <p class='ocr_par' dir='ltr' id='par_1_86' title="bbox 340 4580 1926 4650">
     <span class='ocr_line' id='line_1_88' title="bbox 340 4580 1926 4650; baseline -0.003 -15"><span class='ocrx_word' id='word_1_675' title='bbox 340 4582 519 4635; x_wconf 88' lang='lat' dir='ltr'><strong>tiantis</strong></span> <span class='ocrx_word' id='word_1_676' title='bbox 546 4580 659 4633; x_wconf 82' lang='lat' dir='ltr'><strong>h-t-c</strong></span> <span class='ocrx_word' id='word_1_677' title='bbox 682 4581 864 4644; x_wconf 80' lang='lat' dir='ltr'><strong>verba,</strong></span> <span class='ocrx_word' id='word_1_678' title='bbox 889 4594 1008 4648; x_wconf 79' lang='lat' dir='ltr'><strong>quac</strong></span> <span class='ocrx_word' id='word_1_679' title='bbox 1032 4588 1239 4633; x_wconf 82' lang='lat' dir='ltr'><strong>constat</strong></span> <span class='ocrx_word' id='word_1_680' title='bbox 1267 4590 1477 4635; x_wconf 82' lang='lat' dir='ltr'><strong>exstare</strong></span> <span class='ocrx_word' id='word_1_681' title='bbox 1507 4581 1557 4634; x_wconf 92' lang='lat' dir='ltr'><strong>in</strong></span> <span class='ocrx_word' id='word_1_682' title='bbox 1583 4582 1814 4650; x_wconf 89' lang='lat' dir='ltr'><strong>antiquis</strong></span> <span class='ocrx_word' id='word_1_683' title='bbox 1833 4596 1926 4635; x_wconf 80' lang='lat' dir='ltr'><strong>Co-</strong></span> 
     </span>
    </p>
   </div>
   <div class='ocr_carea' id='block_1_87' title="bbox 338 4651 1929 4719">
    <p class='ocr_par' dir='ltr' id='par_1_87' title="bbox 338 4651 1929 4719">
     <span class='ocr_line' id='line_1_89' title="bbox 338 4651 1929 4719; baseline 0 -13"><span class='ocrx_word' id='word_1_684' title='bbox 338 4652 547 4706; x_wconf 87' lang='lat' dir='ltr'><strong>dicibns</strong></span> <span class='ocrx_word' id='word_1_685' title='bbox 573 4661 627 4704; x_wconf 78' lang='lat' dir='ltr'><strong>et</strong></span> <span class='ocrx_word' id='word_1_686' title='bbox 651 4651 971 4706; x_wconf 80' lang='lat' dir='ltr'><strong>editionihus</strong></span> <span class='ocrx_word' id='word_1_687' title='bbox 996 4692 1010 4711; x_wconf 95' lang='lat'><strong>.</strong></span> <span class='ocrx_word' id='word_1_688' title='bbox 1060 4667 1123 4706; x_wconf 79' lang='lat' dir='ltr'><strong>ex</strong></span> <span class='ocrx_word' id='word_1_689' title='bbox 1157 4652 1394 4713; x_wconf 65' lang='lat' dir='ltr'><strong>margine</strong></span> <span class='ocrx_word' id='word_1_690' title='bbox 1422 4652 1700 4719; x_wconf 82' lang='lat' dir='ltr'><strong>irrepsisse</strong></span> <span class='ocrx_word' id='word_1_691' title='bbox 1730 4652 1782 4706; x_wconf 92' lang='lat' dir='ltr'><strong>in</strong></span> <span class='ocrx_word' id='word_1_692' title='bbox 1812 4662 1929 4706; x_wconf 85' lang='lat' dir='ltr'><strong>tex-</strong></span> 
     </span>
    </p>
   </div>
   <div class='ocr_carea' id='block_1_88' title="bbox 338 4721 1929 4792">
    <p class='ocr_par' dir='ltr' id='par_1_88' title="bbox 338 4721 1929 4792">
     <span class='ocr_line' id='line_1_90' title="bbox 338 4721 1929 4792; baseline 0 -15"><span class='ocrx_word' id='word_1_693' title='bbox 338 4732 471 4778; x_wconf 80' lang='lat' dir='ltr'><strong>tum.</strong></span> <span class='ocrx_word' id='word_1_694' title='bbox 527 4721 753 4777; x_wconf 82' lang='lat' dir='ltr'><strong>Facilius</strong></span> <span class='ocrx_word' id='word_1_695' title='bbox 800 4721 1077 4777; x_wconf 72' lang='lat' dir='ltr'><strong>crederem</strong></span> <span class='ocrx_word' id='word_1_696' title='bbox 1128 4722 1451 4792; x_wconf 85' lang='lat' dir='ltr'><strong>Cyprianum</strong></span> <span class='ocrx_word' id='word_1_697' title='bbox 1481 4723 1659 4778; x_wconf 83' lang='lat' dir='ltr'><strong>dicere</strong></span> <span class='ocrx_word' id='word_1_698' title='bbox 1698 4724 1929 4777; x_wconf 74' lang='lat' dir='ltr'><strong>voluisse</strong></span> 
     </span>
    </p>
   </div>
   <div class='ocr_carea' id='block_1_89' title="bbox 340 4793 1926 4858">
    <p class='ocr_par' dir='ltr' id='par_1_89' title="bbox 340 4793 1926 4858">
     <span class='ocr_line' id='line_1_91' title="bbox 340 4793 1926 4858; baseline -0.001 -9"><span class='ocrx_word' id='word_1_699' title='bbox 340 4794 694 4849; x_wconf 89' lang='lat' dir='ltr'><strong>Novatianutn</strong></span> <span class='ocrx_word' id='word_1_700' title='bbox 722 4793 910 4849; x_wconf 89' lang='lat' dir='ltr'><strong>ducem</strong></span> <span class='ocrx_word' id='word_1_701' title='bbox 942 4804 1000 4846; x_wconf 87' lang='lat' dir='ltr'><strong>et</strong></span> <span class='ocrx_word' id='word_1_702' title='bbox 1028 4798 1436 4858; x_wconf 76' lang='lat' dir='ltr'><strong>antesignanum</strong></span> <span class='ocrx_word' id='word_1_703' title='bbox 1465 4795 1926 4848; x_wconf 87' lang='lat' dir='ltr'><strong>schismaticorum</strong></span> 
     </span>
    </p>
   </div>
   <div class='ocr_carea' id='block_1_90' title="bbox 340 4864 1924 4937">
    <p class='ocr_par' dir='ltr' id='par_1_90' title="bbox 340 4864 1924 4937">
     <span class='ocr_line' id='line_1_92' title="bbox 340 4864 1924 4937; baseline -0.001 -16"><span class='ocrx_word' id='word_1_704' title='bbox 340 4873 597 4934; x_wconf 85' lang='lat' dir='ltr'><strong>primatus</strong></span> <span class='ocrx_word' id='word_1_705' title='bbox 625 4881 808 4920; x_wconf 87' lang='lat' dir='ltr'><strong>amore</strong></span> <span class='ocrx_word' id='word_1_706' title='bbox 831 4907 846 4928; x_wconf 91' lang='lat'><strong>.</strong></span> <span class='ocrx_word' id='word_1_707' title='bbox 878 4864 927 4919; x_wconf 90' lang='lat' dir='ltr'><strong>id</strong></span> <span class='ocrx_word' id='word_1_708' title='bbox 955 4876 1035 4919; x_wconf 83' lang='lat' dir='ltr'><strong>est</strong></span> <span class='ocrx_word' id='word_1_709' title='bbox 1078 4865 1300 4919; x_wconf 81' lang='lat' dir='ltr'><strong>catln-dr</strong></span> <span class='ocrx_word' id='word_1_710' title='bbox 1371 4866 1690 4936; x_wconf 70' lang='lat' dir='ltr'><strong>ep‘svopalis</strong></span> <span class='ocrx_word' id='word_1_711' title='bbox 1715 4908 1728 4923; x_wconf 96' lang='lat'><strong>.</strong></span> <span class='ocrx_word' id='word_1_712' title='bbox 1766 4883 1924 4937; x_wconf 88' lang='lat' dir='ltr'><strong>qnatn</strong></span> 
     </span>
    </p>
   </div>
   <div class='ocr_carea' id='block_1_91' title="bbox 338 4936 1923 5008">
    <p class='ocr_par' dir='ltr' id='par_1_91' title="bbox 338 4936 1923 5008">
     <span class='ocr_line' id='line_1_93' title="bbox 338 4936 1923 5008; baseline -0.003 -15"><span class='ocrx_word' id='word_1_713' title='bbox 338 4938 627 4997; x_wconf 85' lang='lat' dir='ltr'><strong>invaserat.</strong></span> <span class='ocrx_word' id='word_1_714' title='bbox 657 4952 773 4991; x_wconf 77' lang='lat' dir='ltr'><strong>eam</strong></span> <span class='ocrx_word' id='word_1_715' title='bbox 806 4937 1113 5001; x_wconf 52' lang='lat' dir='ltr'><strong>retinuisse,</strong></span> <span class='ocrx_word' id='word_1_716' title='bbox 1143 4939 1279 4991; x_wconf 87' lang='lat' dir='ltr'><strong>siettt</strong></span> <span class='ocrx_word' id='word_1_717' title='bbox 1316 4936 1560 5000; x_wconf 68' lang='lat' dir='ltr'><strong>Ruﬁnus.</strong></span> <span class='ocrx_word' id='word_1_718' title='bbox 1598 4937 1688 4992; x_wconf 91' lang='lat' dir='ltr'><strong>lib.</strong></span> <span class='ocrx_word' id='word_1_719' title='bbox 1725 4954 1773 5002; x_wconf 91' lang='lat' dir='ltr'><strong>v,</strong></span> <span class='ocrx_word' id='word_1_720' title='bbox 1802 4957 1831 4992; x_wconf 87' lang='lat' dir='ltr'><strong>c</strong></span> <span class='ocrx_word' id='word_1_721' title='bbox 1869 4953 1923 5008; x_wconf 92' lang='lat' dir='ltr'><strong>p.</strong></span> 
     </span>
    </p>
   </div>
   <div class='ocr_carea' id='block_1_92' title="bbox 336 5008 1927 5078">
    <p class='ocr_par' dir='ltr' id='par_1_92' title="bbox 336 5008 1927 5078">
     <span class='ocr_line' id='line_1_94' title="bbox 336 5008 1927 5078; baseline -0.002 -13"><span class='ocrx_word' id='word_1_722' title='bbox 336 5009 429 5071; x_wconf 72' lang='lat'><strong>28.</strong></span> <span class='ocrx_word' id='word_1_723' title='bbox 455 5010 528 5063; x_wconf 87' lang='lat' dir='ltr'><strong>ait</strong></span> <span class='ocrx_word' id='word_1_724' title='bbox 554 5009 788 5063; x_wconf 82' lang='lat' dir='ltr'><strong>Natalem</strong></span> <span class='ocrx_word' id='word_1_725' title='bbox 822 5008 1081 5078; x_wconf 88' lang='lat' dir='ltr'><strong>primatus</strong></span> <span class='ocrx_word' id='word_1_726' title='bbox 1109 5024 1292 5063; x_wconf 87' lang='lat' dir='ltr'><strong>amore</strong></span> <span class='ocrx_word' id='word_1_727' title='bbox 1317 5009 1557 5062; x_wconf 84' lang='lat' dir='ltr'><strong>noluisse</strong></span> <span class='ocrx_word' id='word_1_728' title='bbox 1581 5009 1927 5078; x_wconf 75' lang='lat' dir='ltr'><strong>acquiescere</strong></span> 
     </span>
    </p>
   </div>
   <div class='ocr_carea' id='block_1_93' title="bbox 338 5080 1926 5148">
    <p class='ocr_par' dir='ltr' id='par_1_93' title="bbox 338 5080 1926 5148">
     <span class='ocr_line' id='line_1_95' title="bbox 338 5080 1926 5148; baseline 0.001 -16"><span class='ocrx_word' id='word_1_729' title='bbox 338 5081 633 5135; x_wconf 81' lang='lat' dir='ltr'><strong>visionibus</strong></span> <span class='ocrx_word' id='word_1_730' title='bbox 682 5080 797 5136; x_wconf 86' lang='lat' dir='ltr'><strong>sive</strong></span> <span class='ocrx_word' id='word_1_731' title='bbox 847 5080 1257 5135; x_wconf 71' lang='lat' dir='ltr'><strong>revelationihus</strong></span> <span class='ocrx_word' id='word_1_732' title='bbox 1302 5080 1495 5148; x_wconf 80' lang='lat' dir='ltr'><strong>quibus</strong></span> <span class='ocrx_word' id='word_1_733' title='bbox 1538 5080 1926 5135; x_wconf 83' lang='lat' dir='ltr'><strong>admonebatur</strong></span> 
     </span>
    </p>
   </div>
   <div class='ocr_carea' id='block_1_94' title="bbox 336 5151 1922 5222">
    <p class='ocr_par' dir='ltr' id='par_1_94' title="bbox 336 5151 1922 5222">
     <span class='ocr_line' id='line_1_96' title="bbox 336 5151 1922 5222; baseline -0.003 -15"><span class='ocrx_word' id='word_1_734' title='bbox 336 5154 642 5222; x_wconf 70' lang='lat' dir='ltr'><strong>relinquere</strong></span> <span class='ocrx_word' id='word_1_735' title='bbox 672 5152 954 5207; x_wconf 63' lang='lat' dir='ltr'><strong>ecclesiam</strong></span> <span class='ocrx_word' id='word_1_736' title='bbox 987 5152 1035 5205; x_wconf 91' lang='lat' dir='ltr'><strong>in</strong></span> <span class='ocrx_word' id='word_1_737' title='bbox 1064 5169 1164 5216; x_wconf 84' lang='lat' dir='ltr'><strong>qua</strong></span> <span class='ocrx_word' id='word_1_738' title='bbox 1195 5151 1470 5206; x_wconf 89' lang='lat' dir='ltr'><strong>ordinatus</strong></span> <span class='ocrx_word' id='word_1_739' title='bbox 1512 5151 1680 5206; x_wconf 82' lang='lat' dir='ltr'><strong>fuerat</strong></span> <span class='ocrx_word' id='word_1_740' title='bbox 1712 5167 1922 5220; x_wconf 66' lang='lat' dir='ltr'><strong>CDNCO-</strong></span> 
     </span>
    </p>
   </div>
   <div class='ocr_carea' id='block_1_95' title="bbox 337 5223 1921 5294">
    <p class='ocr_par' dir='ltr' id='par_1_95' title="bbox 337 5223 1921 5294">
     <span class='ocr_line' id='line_1_97' title="bbox 337 5223 1921 5294; baseline -0.001 -15"><span class='ocrx_word' id='word_1_741' title='bbox 337 5240 437 5294; x_wconf 93' lang='lat' dir='ltr'><strong>pus</strong></span> <span class='ocrx_word' id='word_1_742' title='bbox 463 5236 646 5278; x_wconf 82' lang='lat' dir='ltr'><strong>contra</strong></span> <span class='ocrx_word' id='word_1_743' title='bbox 691 5225 899 5293; x_wconf 77' lang='lat' dir='ltr'><strong>regulas</strong></span> <span class='ocrx_word' id='word_1_744' title='bbox 942 5224 1327 5277; x_wconf 72' lang='lat' dir='ltr'><strong>ecclesiasticus</strong></span> <span class='ocrx_word' id='word_1_745' title='bbox 1394 5224 1480 5279; x_wconf 83' lang='lat' dir='ltr'><strong>Sic.</strong></span> <span class='ocrx_word' id='word_1_746' title='bbox 1512 5223 1753 5277; x_wconf 77' lang='lat' dir='ltr'><strong>Gelasius</strong></span> <span class='ocrx_word' id='word_1_747' title='bbox 1783 5223 1921 5291; x_wconf 88' lang='lat' dir='ltr'><strong>Papa</strong></span> 
     </span>
    </p>
   </div>
   <div class='ocr_carea' id='block_1_96' title="bbox 337 5294 1922 5350">
    <p class='ocr_par' dir='ltr' id='par_1_96' title="bbox 337 5294 1922 5350">
     <span class='ocr_line' id='line_1_98' title="bbox 337 5294 1922 5350; baseline -0.001 -1"><span class='ocrx_word' id='word_1_748' title='bbox 337 5300 390 5349; x_wconf 86' lang='lat' dir='ltr'><strong>iii</strong></span> <span class='ocrx_word' id='word_1_749' title='bbox 424 5305 648 5350; x_wconf 86' lang='lat' dir='ltr'><strong>tractatu</strong></span> <span class='ocrx_word' id='word_1_750' title='bbox 676 5298 933 5350; x_wconf 70' lang='lat' dir='ltr'><strong>adversus</strong></span> <span class='ocrx_word' id='word_1_751' title='bbox 960 5296 1173 5349; x_wconf 80' lang='lat' dir='ltr'><strong>Gra-cos</strong></span> <span class='ocrx_word' id='word_1_752' title='bbox 1196 5294 1263 5350; x_wconf 90' lang='lat' dir='ltr'><strong>de</strong></span> <span class='ocrx_word' id='word_1_753' title='bbox 1292 5294 1450 5348; x_wconf 74' lang='lat' dir='ltr'><strong>Petro</strong></span> <span class='ocrx_word' id='word_1_754' title='bbox 1477 5294 1719 5349; x_wconf 73' lang='lat' dir='ltr'><strong>invasttre</strong></span> <span class='ocrx_word' id='word_1_755' title='bbox 1747 5296 1922 5349; x_wconf 77' lang='lat' dir='ltr'><strong>cccle-</strong></span> 
     </span>
    </p>
   </div>
   <div class='ocr_carea' id='block_1_97' title="bbox 338 5366 1921 5434">
    <p class='ocr_par' dir='ltr' id='par_1_97' title="bbox 338 5366 1921 5434">
     <span class='ocr_line' id='line_1_99' title="bbox 338 5366 1921 5434; baseline -0.002 -12"><span class='ocrx_word' id='word_1_756' title='bbox 338 5368 434 5422; x_wconf 69' lang='lat' dir='ltr'><strong>size</strong></span> <span class='ocrx_word' id='word_1_757' title='bbox 460 5368 834 5422; x_wconf 63' lang='lat' dir='ltr'><strong>Alexandrina».</strong></span> <span class='ocrx_word' id='word_1_758' title='bbox 862 5366 927 5420; x_wconf 89' lang='lat' dir='ltr'><strong>ait</strong></span> <span class='ocrx_word' id='word_1_759' title='bbox 962 5386 974 5420; x_wconf 91' lang='lat'><strong>:</strong></span> <span class='ocrx_word' id='word_1_760' title='bbox 1003 5366 1293 5428; x_wconf 84' lang='lat' dir='ltr'><strong>Numquam</strong></span> <span class='ocrx_word' id='word_1_761' title='bbox 1320 5368 1479 5433; x_wconf 85' lang='lat' dir='ltr'><strong>igitur</strong></span> <span class='ocrx_word' id='word_1_762' title='bbox 1508 5383 1597 5434; x_wconf 83' lang='lat' dir='ltr'><strong>per</strong></span> <span class='ocrx_word' id='word_1_763' title='bbox 1628 5382 1732 5420; x_wconf 81' lang='lat' dir='ltr'><strong>xxx</strong></span> <span class='ocrx_word' id='word_1_764' title='bbox 1759 5383 1921 5419; x_wconf 81' lang='lat' dir='ltr'><strong>annos</strong></span> 
     </span>
    </p>
   </div>
   <div class='ocr_carea' id='block_1_98' title="bbox 336 5437 1917 5509">
    <p class='ocr_par' dir='ltr' id='par_1_98' title="bbox 336 5437 1917 5509">
     <span class='ocr_line' id='line_1_100' title="bbox 336 5437 1917 5509; baseline -0.003 -16"><span class='ocrx_word' id='word_1_765' title='bbox 336 5455 516 5505; x_wconf 82' lang='lat' dir='ltr'><strong>capere</strong></span> <span class='ocrx_word' id='word_1_766' title='bbox 539 5441 701 5509; x_wconf 84' lang='lat' dir='ltr'><strong>potuit</strong></span> <span class='ocrx_word' id='word_1_767' title='bbox 729 5440 825 5492; x_wconf 85' lang='lat' dir='ltr'><strong>nisi</strong></span> <span class='ocrx_word' id='word_1_768' title='bbox 853 5449 970 5491; x_wconf 85' lang='lat' dir='ltr'><strong>tunc</strong></span> <span class='ocrx_word' id='word_1_769' title='bbox 998 5456 1115 5493; x_wconf 87' lang='lat' dir='ltr'><strong>cum</strong></span> <span class='ocrx_word' id='word_1_770' title='bbox 1143 5438 1458 5507; x_wconf 80' lang='lat' dir='ltr'><strong>episcopatus</strong></span> <span class='ocrx_word' id='word_1_771' title='bbox 1487 5454 1660 5509; x_wconf 79' lang='lat' dir='ltr'><strong>umore</strong></span> <span class='ocrx_word' id='word_1_772' title='bbox 1687 5448 1733 5489; x_wconf 88' lang='lat' dir='ltr'><strong>et</strong></span> <span class='ocrx_word' id='word_1_773' title='bbox 1758 5437 1917 5509; x_wconf 84' lang='lat' dir='ltr'><strong>ambi-</strong></span> 
     </span>
    </p>
   </div>
   <div class='ocr_carea' id='block_1_99' title="bbox 339 5507 1924 5580">
    <p class='ocr_par' dir='ltr' id='par_1_99' title="bbox 339 5507 1924 5580">
     <span class='ocr_line' id='line_1_101' title="bbox 339 5507 1924 5580; baseline -0.001 -16"><span class='ocrx_word' id='word_1_774' title='bbox 339 5512 488 5565; x_wconf 80' lang='lat' dir='ltr'><strong>tionis</strong></span> <span class='ocrx_word' id='word_1_775' title='bbox 504 5507 686 5565; x_wconf 76' lang='lat' dir='ltr'><strong>ui&#39;tlore</strong></span> <span class='ocrx_word' id='word_1_776' title='bbox 702 5512 919 5580; x_wconf 66' lang='lat' dir='ltr'><strong>fervebat</strong></span> <span class='ocrx_word' id='word_1_777' title='bbox 970 5513 1146 5580; x_wconf 86' lang='lat' dir='ltr'><strong>Itaque</strong></span> <span class='ocrx_word' id='word_1_778' title='bbox 1166 5524 1260 5579; x_wconf 86' lang='lat' dir='ltr'><strong>pro</strong></span> <span class='ocrx_word' id='word_1_779' title='bbox 1287 5524 1352 5563; x_wconf 72' lang='grc' dir='ltr'><strong>νο</strong></span> <span class='ocrx_word' id='word_1_780' title='bbox 1374 5507 1512 5578; x_wconf 87' lang='lat' dir='ltr'><strong>qttod</strong></span> <span class='ocrx_word' id='word_1_781' title='bbox 1535 5509 1754 5561; x_wconf 78' lang='lat' dir='ltr'><strong>Rttlinus</strong></span> <span class='ocrx_word' id='word_1_782' title='bbox 1781 5508 1924 5563; x_wconf 80' lang='lat' dir='ltr'><strong>dixe-</strong></span> 
     </span>
    </p>
   </div>
   <div class='ocr_carea' id='block_1_100' title="bbox 338 5580 1918 5647">
    <p class='ocr_par' dir='ltr' id='par_1_100' title="bbox 338 5580 1918 5647">
     <span class='ocr_line' id='line_1_102' title="bbox 338 5580 1918 5647; baseline -0.003 -9"><span class='ocrx_word' id='word_1_783' title='bbox 338 5593 418 5638; x_wconf 84' lang='lat' dir='ltr'><strong>rat</strong></span> <span class='ocrx_word' id='word_1_784' title='bbox 449 5586 695 5647; x_wconf 74' lang='lat' dir='ltr'><strong>primatus</strong></span> <span class='ocrx_word' id='word_1_785' title='bbox 722 5600 893 5635; x_wconf 80' lang='lat' dir='ltr'><strong>amore</strong></span> <span class='ocrx_word' id='word_1_786' title='bbox 919 5581 1162 5638; x_wconf 70' lang='lat' dir='ltr'><strong>Gelasius</strong></span> <span class='ocrx_word' id='word_1_787' title='bbox 1186 5580 1352 5647; x_wconf 84' lang='lat' dir='ltr'><strong>posuit</strong></span> <span class='ocrx_word' id='word_1_788' title='bbox 1384 5581 1701 5645; x_wconf 84' lang='lat' dir='ltr'><strong>episcopatus</strong></span> <span class='ocrx_word' id='word_1_789' title='bbox 1728 5596 1918 5634; x_wconf 87' lang='lat' dir='ltr'><strong>amore.</strong></span> 
     </span>
    </p>
   </div>
   <div class='ocr_carea' id='block_1_101' title="bbox 407 5650 1921 5723">
    <p class='ocr_par' dir='ltr' id='par_1_101' title="bbox 407 5650 1921 5723">
     <span class='ocr_line' id='line_1_103' title="bbox 407 5650 1921 5723; baseline -0.004 -15"><span class='ocrx_word' id='word_1_790' title='bbox 407 5654 497 5708; x_wconf 78' lang='lat' dir='ltr'><strong>IX.</strong></span> <span class='ocrx_word' id='word_1_791' title='bbox 523 5653 878 5723; x_wconf 83' lang='lat' dir='ltr'><strong>-—-Ejttsm0tli</strong></span> <span class='ocrx_word' id='word_1_792' title='bbox 900 5656 1186 5708; x_wconf 80' lang='lat' dir='ltr'><strong>audaciam.</strong></span> <span class='ocrx_word' id='word_1_793' title='bbox 1217 5653 1456 5718; x_wconf 83' lang='lat' dir='ltr'><strong>Quatuor</strong></span> <span class='ocrx_word' id='word_1_794' title='bbox 1488 5650 1602 5723; x_wconf 78' lang='lat' dir='ltr'><strong>liht&#39;i</strong></span> <span class='ocrx_word' id='word_1_795' title='bbox 1638 5663 1842 5723; x_wconf 65' lang='lat' dir='ltr'><strong>veteres</strong></span> <span class='ocrx_word' id='word_1_796' title='bbox 1867 5663 1921 5705; x_wconf 87' lang='lat' dir='ltr'><strong>et</strong></span> 
     </span>
    </p>
   </div>
   <div class='ocr_carea' id='block_1_102' title="bbox 340 5720 1919 5794">
    <p class='ocr_par' dir='ltr' id='par_1_102' title="bbox 340 5720 1919 5794">
     <span class='ocr_line' id='line_1_104' title="bbox 340 5720 1919 5794; baseline -0.001 -15"><span class='ocrx_word' id='word_1_797' title='bbox 340 5736 547 5781; x_wconf 72' lang='lat' dir='ltr'><strong>veteres</strong></span> <span class='ocrx_word' id='word_1_798' title='bbox 568 5720 846 5780; x_wconf 82' lang='lat' dir='ltr'><strong>editiones.</strong></span> <span class='ocrx_word' id='word_1_799' title='bbox 863 5726 1111 5794; x_wconf 76' lang='lat' dir='ltr'><strong>ejusmodi</strong></span> <span class='ocrx_word' id='word_1_800' title='bbox 1133 5726 1384 5780; x_wconf 80' lang='lat' dir='ltr'><strong>licentiam</strong></span> <span class='ocrx_word' id='word_1_801' title='bbox 1410 5732 1454 5775; x_wconf 85' lang='lat' dir='ltr'><strong>et</strong></span> <span class='ocrx_word' id='word_1_802' title='bbox 1471 5720 1757 5777; x_wconf 81' lang='lat' dir='ltr'><strong>audaciam.</strong></span> <span class='ocrx_word' id='word_1_803' title='bbox 1788 5721 1919 5778; x_wconf 81' lang='lat' dir='ltr'><strong>Vide</strong></span> 
     </span>
    </p>
   </div>
   <div class='ocr_carea' id='block_1_103' title="bbox 340 5795 1419 5867">
    <p class='ocr_par' dir='ltr' id='par_1_103' title="bbox 340 5795 1419 5867">
     <span class='ocr_line' id='line_1_105' title="bbox 340 5795 1419 5867; baseline -0.005 -16"><span class='ocrx_word' id='word_1_804' title='bbox 340 5809 492 5851; x_wconf 80' lang='lat' dir='ltr'><strong>rimas</strong></span> <span class='ocrx_word' id='word_1_805' title='bbox 519 5800 583 5849; x_wconf 90' lang='lat' dir='ltr'><strong>ad</strong></span> <span class='ocrx_word' id='word_1_806' title='bbox 614 5795 898 5863; x_wconf 45' lang='lat' dir='ltr'><strong>epistolam</strong></span> <span class='ocrx_word' id='word_1_807' title='bbox 930 5812 1113 5853; x_wconf 79' lang='lat' dir='ltr'><strong>vant.</strong></span> <span class='ocrx_word' id='word_1_808' title='bbox 1147 5812 1265 5867; x_wconf 84' lang='lat' dir='ltr'><strong>pag.</strong></span> <span class='ocrx_word' id='word_1_809' title='bbox 1294 5796 1419 5850; x_wconf 60' lang='lat'><strong>490.</strong></span> 
     </span>
    </p>
   </div>
   <div class='ocr_carea' id='block_1_104' title="bbox 411 5866 1908 5937">
    <p class='ocr_par' dir='ltr' id='par_1_104' title="bbox 411 5866 1908 5937">
     <span class='ocr_line' id='line_1_106' title="bbox 411 5866 1908 5937; baseline 0 -16"><span class='ocrx_word' id='word_1_810' title='bbox 411 5868 473 5922; x_wconf 77' lang='grc' dir='ltr'><strong>Χ.</strong></span> <span class='ocrx_word' id='word_1_811' title='bbox 504 5898 574 5910; x_wconf 89' lang='lat'><strong>-—-</strong></span> <span class='ocrx_word' id='word_1_812' title='bbox 598 5867 747 5923; x_wconf 82' lang='lat' dir='ltr'><strong>latus</strong></span> <span class='ocrx_word' id='word_1_813' title='bbox 791 5868 841 5922; x_wconf 85' lang='lat' dir='ltr'><strong>in</strong></span> <span class='ocrx_word' id='word_1_814' title='bbox 874 5869 987 5937; x_wconf 79' lang='lat' dir='ltr'><strong>ipsa</strong></span> <span class='ocrx_word' id='word_1_815' title='bbox 1029 5866 1273 5925; x_wconf 73' lang='lat' dir='ltr'><strong>Ecclesia.</strong></span> <span class='ocrx_word' id='word_1_816' title='bbox 1302 5867 1376 5924; x_wconf 83' lang='lat' dir='ltr'><strong>Ita</strong></span> <span class='ocrx_word' id='word_1_817' title='bbox 1404 5882 1510 5924; x_wconf 71' lang='grc' dir='ltr'><strong><em>χιιι</em></strong></span> <span class='ocrx_word' id='word_1_818' title='bbox 1537 5866 1659 5929; x_wconf 89' lang='lat' dir='ltr'><strong>libri</strong></span> <span class='ocrx_word' id='word_1_819' title='bbox 1687 5876 1908 5927; x_wconf 84' lang='lat' dir='ltr'><strong>veteres.</strong></span> 
     </span>
    </p>
   </div>
   <div class='ocr_carea' id='block_1_105' title="bbox 2034 4580 3635 4651">
    <p class='ocr_par' dir='ltr' id='par_1_105' title="bbox 2034 4580 3635 4651">
     <span class='ocr_line' id='line_1_107' title="bbox 2034 4580 3635 4651; baseline -0.003 -14"><span class='ocrx_word' id='word_1_820' title='bbox 2034 4582 2223 4637; x_wconf 86' lang='lat' dir='ltr'><strong>eodem</strong></span> <span class='ocrx_word' id='word_1_821' title='bbox 2256 4582 2461 4636; x_wconf 77' lang='lat' dir='ltr'><strong>recidit.</strong></span> <span class='ocrx_word' id='word_1_822' title='bbox 2490 4582 2668 4651; x_wconf 88' lang='lat' dir='ltr'><strong>Quare</strong></span> <span class='ocrx_word' id='word_1_823' title='bbox 2709 4598 2811 4636; x_wconf 88' lang='lat' dir='ltr'><strong>non</strong></span> <span class='ocrx_word' id='word_1_824' title='bbox 2856 4597 3070 4638; x_wconf 89' lang='lat' dir='ltr'><strong>uossum</strong></span> <span class='ocrx_word' id='word_1_825' title='bbox 3099 4582 3357 4635; x_wconf 77' lang='lat' dir='ltr'><strong>accedere</strong></span> <span class='ocrx_word' id='word_1_826' title='bbox 3396 4580 3436 4634; x_wconf 84' lang='lat' dir='ltr'>P</span> <span class='ocrx_word' id='word_1_827' title='bbox 3473 4580 3635 4651; x_wconf 78' lang='lat' dir='ltr'><strong>melio</strong></span> 
     </span>
    </p>
   </div>
   <div class='ocr_carea' id='block_1_106' title="bbox 2035 4650 3631 4724">
    <p class='ocr_par' dir='ltr' id='par_1_106' title="bbox 2035 4650 3631 4724">
     <span class='ocr_line' id='line_1_108' title="bbox 2035 4650 3631 4724; baseline -0.001 -17"><span class='ocrx_word' id='word_1_828' title='bbox 2035 4653 2291 4724; x_wconf 77' lang='lat' dir='ltr'><strong>scriltettli</strong></span> <span class='ocrx_word' id='word_1_829' title='bbox 2314 4696 2326 4717; x_wconf 89' lang='lat'><strong>.</strong></span> <span class='ocrx_word' id='word_1_830' title='bbox 2358 4656 2492 4707; x_wconf 87' lang='lat' dir='ltr'><strong>intra</strong></span> <span class='ocrx_word' id='word_1_831' title='bbox 2517 4657 2629 4724; x_wconf 83' lang='lat' dir='ltr'><strong>ipsa</strong></span> <span class='ocrx_word' id='word_1_832' title='bbox 2659 4665 2786 4710; x_wconf 83' lang='lat' dir='ltr'><strong>tecta</strong></span> <span class='ocrx_word' id='word_1_833' title='bbox 2811 4653 3073 4708; x_wconf 64' lang='lat' dir='ltr'><strong>Ecclesia}.</strong></span> <span class='ocrx_word' id='word_1_834' title='bbox 3102 4653 3355 4721; x_wconf 83' lang='lat' dir='ltr'><strong>Quamvis</strong></span> <span class='ocrx_word' id='word_1_835' title='bbox 3381 4654 3523 4705; x_wconf 83' lang='lat' dir='ltr'><strong>enim</strong></span> <span class='ocrx_word' id='word_1_836' title='bbox 3551 4650 3631 4705; x_wconf 71' lang='lat' dir='ltr'><strong>af-</strong></span> 
     </span>
    </p>
   </div>
   <div class='ocr_carea' id='block_1_107' title="bbox 2034 4723 3628 4791">
    <p class='ocr_par' dir='ltr' id='par_1_107' title="bbox 2034 4723 3628 4791">
     <span class='ocr_line' id='line_1_109' title="bbox 2034 4723 3628 4791; baseline -0.001 -13"><span class='ocrx_word' id='word_1_837' title='bbox 2034 4723 2171 4780; x_wconf 80' lang='lat' dir='ltr'><strong>ferat</strong></span> <span class='ocrx_word' id='word_1_838' title='bbox 2217 4723 2588 4781; x_wconf 79' lang='lat' dir='ltr'><strong>auctoritatem</strong></span> <span class='ocrx_word' id='word_1_839' title='bbox 2628 4740 2855 4791; x_wconf 85' lang='lat' dir='ltr'><strong>qttatttor</strong></span> <span class='ocrx_word' id='word_1_840' title='bbox 2898 4738 3138 4779; x_wconf 76' lang='lat' dir='ltr'><strong>veterum</strong></span> <span class='ocrx_word' id='word_1_841' title='bbox 3190 4723 3583 4787; x_wconf 77' lang='lat' dir='ltr'><strong>exemplarium</strong></span> <span class='ocrx_word' id='word_1_842' title='bbox 3611 4765 3628 4791; x_wconf 87' lang='lat'><strong>,</strong></span> 
     </span>
    </p>
   </div>
   <div class='ocr_carea' id='block_1_108' title="bbox 2034 4793 3627 4865">
    <p class='ocr_par' dir='ltr' id='par_1_108' title="bbox 2034 4793 3627 4865">
     <span class='ocr_line' id='line_1_110' title="bbox 2034 4793 3627 4865; baseline -0.001 -18"><span class='ocrx_word' id='word_1_843' title='bbox 2034 4795 2276 4865; x_wconf 82' lang='lat' dir='ltr'><strong>quamvis</strong></span> <span class='ocrx_word' id='word_1_844' title='bbox 2301 4795 2407 4850; x_wconf 88' lang='lat' dir='ltr'><strong>duo</strong></span> <span class='ocrx_word' id='word_1_845' title='bbox 2435 4817 2462 4848; x_wconf 91' lang='lat' dir='ltr'><strong>a</strong></span> <span class='ocrx_word' id='word_1_846' title='bbox 2493 4814 2577 4853; x_wconf 90' lang='lat' dir='ltr'><strong>me</strong></span> <span class='ocrx_word' id='word_1_847' title='bbox 2607 4799 2716 4853; x_wconf 86' lang='lat' dir='ltr'><strong>visa</strong></span> <span class='ocrx_word' id='word_1_848' title='bbox 2756 4798 2985 4851; x_wconf 73' lang='lat' dir='ltr'><strong>habeant</strong></span> <span class='ocrx_word' id='word_1_849' title='bbox 3013 4795 3252 4849; x_wconf 65' lang='lat' dir='ltr'><strong>eamdem</strong></span> <span class='ocrx_word' id='word_1_850' title='bbox 3300 4793 3590 4865; x_wconf 59' lang='lat' dir='ltr'><strong>lectionem</strong></span> <span class='ocrx_word' id='word_1_851' title='bbox 3610 4835 3627 4858; x_wconf 87' lang='lat'><strong>,</strong></span> 
     </span>
    </p>
   </div>
   <div class='ocr_carea' id='block_1_109' title="bbox 2036 4864 3629 4940">
    <p class='ocr_par' dir='ltr' id='par_1_109' title="bbox 2036 4864 3629 4940">
     <span class='ocr_line' id='line_1_111' title="bbox 2036 4864 3629 4940; baseline 0 -20"><span class='ocrx_word' id='word_1_852' title='bbox 2036 4878 2213 4940; x_wconf 79' lang='lat' dir='ltr'><strong>persto</strong></span> <span class='ocrx_word' id='word_1_853' title='bbox 2241 4877 2416 4922; x_wconf 87' lang='lat' dir='ltr'><strong>tamen</strong></span> <span class='ocrx_word' id='word_1_854' title='bbox 2467 4870 2517 4922; x_wconf 89' lang='lat' dir='ltr'><strong>in</strong></span> <span class='ocrx_word' id='word_1_855' title='bbox 2561 4884 2622 4923; x_wconf 90' lang='lat' dir='ltr'><strong>ea</strong></span> <span class='ocrx_word' id='word_1_856' title='bbox 2655 4886 2811 4940; x_wconf 77' lang='lat' dir='ltr'><strong>quam</strong></span> <span class='ocrx_word' id='word_1_857' title='bbox 2864 4868 3107 4938; x_wconf 84' lang='lat' dir='ltr'><strong>reposui.</strong></span> <span class='ocrx_word' id='word_1_858' title='bbox 3144 4881 3248 4940; x_wconf 86' lang='lat' dir='ltr'><strong>non</strong></span> <span class='ocrx_word' id='word_1_859' title='bbox 3290 4865 3461 4919; x_wconf 81' lang='lat' dir='ltr'><strong>Solum</strong></span> <span class='ocrx_word' id='word_1_860' title='bbox 3507 4864 3629 4940; x_wconf 81' lang='lat' dir='ltr'><strong>quia</strong></span> 
     </span>
    </p>
   </div>
   <div class='ocr_carea' id='block_1_110' title="bbox 2030 4935 3627 5010">
    <p class='ocr_par' dir='ltr' id='par_1_110' title="bbox 2030 4935 3627 5010">
     <span class='ocr_line' id='line_1_112' title="bbox 2030 4935 3627 5010; baseline -0.001 -18"><span class='ocrx_word' id='word_1_861' title='bbox 2030 4938 2299 4993; x_wconf 84' lang='lat' dir='ltr'><strong>Manutius</strong></span> <span class='ocrx_word' id='word_1_862' title='bbox 2326 4950 2373 4991; x_wconf 86' lang='lat' dir='ltr'><strong>et</strong></span> <span class='ocrx_word' id='word_1_863' title='bbox 2418 4935 2690 4995; x_wconf 77' lang='lat' dir='ltr'><strong>Morellitts</strong></span> <span class='ocrx_word' id='word_1_864' title='bbox 2723 4942 2792 4995; x_wconf 89' lang='lat' dir='ltr'><strong>ita</strong></span> <span class='ocrx_word' id='word_1_865' title='bbox 2834 4935 3044 5010; x_wconf 78' lang='lat' dir='ltr'><strong>quoque</strong></span> <span class='ocrx_word' id='word_1_866' title='bbox 3074 4939 3390 5001; x_wconf 76' lang='lat' dir='ltr'><strong>ediderunt;</strong></span> <span class='ocrx_word' id='word_1_867' title='bbox 3420 4935 3627 5010; x_wconf 83' lang='lat' dir='ltr'><strong>et_qttia</strong></span> 
     </span>
    </p>
   </div>
   <div class='ocr_carea' id='block_1_111' title="bbox 2030 5007 3627 5080">
    <p class='ocr_par' dir='ltr' id='par_1_111' title="bbox 2030 5007 3627 5080">
     <span class='ocr_line' id='line_1_113' title="bbox 2030 5007 3627 5080; baseline 0.001 -17"><span class='ocrx_word' id='word_1_868' title='bbox 2030 5027 2116 5063; x_wconf 82' lang='lat' dir='ltr'><strong>me</strong></span> <span class='ocrx_word' id='word_1_869' title='bbox 2131 5012 2571 5080; x_wconf 82' lang='lat' dir='ltr'><strong>cogitattctoritas</strong></span> <span class='ocrx_word' id='word_1_870' title='bbox 2596 5024 2673 5068; x_wconf 91' lang='lat' dir='ltr'><strong>tot</strong></span> <span class='ocrx_word' id='word_1_871' title='bbox 2704 5007 2940 5066; x_wconf 80' lang='lat' dir='ltr'><strong>veterino</strong></span> <span class='ocrx_word' id='word_1_872' title='bbox 2965 5007 3372 5079; x_wconf 74' lang='lat' dir='ltr'><strong>ext-mplarittm.</strong></span> <span class='ocrx_word' id='word_1_873' title='bbox 3402 5007 3494 5060; x_wconf 61' lang='lat' dir='ltr'><strong>sed</strong></span> <span class='ocrx_word' id='word_1_874' title='bbox 3531 5010 3627 5061; x_wconf 87' lang='lat' dir='ltr'><strong>im-</strong></span> 
     </span>
    </p>
   </div>
   <div class='ocr_carea' id='block_1_112' title="bbox 2031 5082 3626 5154">
    <p class='ocr_par' dir='ltr' id='par_1_112' title="bbox 2031 5082 3626 5154">
     <span class='ocr_line' id='line_1_114' title="bbox 2031 5082 3626 5154; baseline 0 -21"><span class='ocrx_word' id='word_1_875' title='bbox 2031 5082 2219 5151; x_wconf 89' lang='lat' dir='ltr'><strong>primis</strong></span> <span class='ocrx_word' id='word_1_876' title='bbox 2241 5083 2361 5153; x_wconf 87' lang='lat' dir='ltr'><strong>quia</strong></span> <span class='ocrx_word' id='word_1_877' title='bbox 2389 5085 2457 5137; x_wconf 90' lang='lat' dir='ltr'><strong>ita</strong></span> <span class='ocrx_word' id='word_1_878' title='bbox 2490 5086 2628 5154; x_wconf 88' lang='lat' dir='ltr'><strong>loqui</strong></span> <span class='ocrx_word' id='word_1_879' title='bbox 2648 5095 2785 5139; x_wconf 89' lang='lat' dir='ltr'><strong>amat</strong></span> <span class='ocrx_word' id='word_1_880' title='bbox 2810 5084 3134 5153; x_wconf 77' lang='lat' dir='ltr'><strong>Cyprianus.</strong></span> <span class='ocrx_word' id='word_1_881' title='bbox 3161 5093 3210 5135; x_wconf 87' lang='lat' dir='ltr'><strong>ut</strong></span> <span class='ocrx_word' id='word_1_882' title='bbox 3241 5089 3519 5154; x_wconf 87' lang='lat' dir='ltr'><strong>ostensum</strong></span> <span class='ocrx_word' id='word_1_883' title='bbox 3545 5087 3626 5133; x_wconf 89' lang='lat' dir='ltr'><strong>est</strong></span> 
     </span>
    </p>
   </div>
   <div class='ocr_carea' id='block_1_113' title="bbox 2029 5152 3281 5225">
    <p class='ocr_par' dir='ltr' id='par_1_113' title="bbox 2029 5152 3281 5225">
     <span class='ocr_line' id='line_1_115' title="bbox 2029 5152 3281 5225; baseline -0.003 -18"><span class='ocrx_word' id='word_1_884' title='bbox 2029 5168 2186 5220; x_wconf 85' lang='lat' dir='ltr'><strong>supra</strong></span> <span class='ocrx_word' id='word_1_885' title='bbox 2222 5152 2271 5208; x_wconf 88' lang='lat' dir='ltr'><strong>in</strong></span> <span class='ocrx_word' id='word_1_886' title='bbox 2306 5156 2445 5209; x_wconf 86' lang='lat' dir='ltr'><strong>notis</strong></span> <span class='ocrx_word' id='word_1_887' title='bbox 2473 5156 2537 5209; x_wconf 87' lang='lat' dir='ltr'><strong>ad</strong></span> <span class='ocrx_word' id='word_1_888' title='bbox 2562 5152 2847 5224; x_wconf 84' lang='lat' dir='ltr'><strong>epistolam</strong></span> <span class='ocrx_word' id='word_1_889' title='bbox 2876 5152 2967 5215; x_wconf 76' lang='lat' dir='ltr'><strong>Lit.</strong></span> <span class='ocrx_word' id='word_1_890' title='bbox 3002 5170 3119 5225; x_wconf 51' lang='lat' dir='ltr'><strong>ptg.</strong></span> <span class='ocrx_word' id='word_1_891' title='bbox 3152 5152 3281 5209; x_wconf 72' lang='grc'>450.</span> 
     </span>
    </p>
   </div>
   <div class='ocr_carea' id='block_1_114' title="bbox 2100 5222 3719 5300">
    <p class='ocr_par' dir='ltr' id='par_1_114' title="bbox 2100 5222 3719 5300">
     <span class='ocr_line' id='line_1_116' title="bbox 2100 5222 3719 5300; baseline -0.003 -21"><span class='ocrx_word' id='word_1_892' title='bbox 2100 5225 2190 5279; x_wconf 82' lang='lat' dir='ltr'><strong>Xl.</strong></span> <span class='ocrx_word' id='word_1_893' title='bbox 2213 5256 2280 5266; x_wconf 91' lang='lat'><strong>--</strong></span> <span class='ocrx_word' id='word_1_894' title='bbox 2305 5226 2381 5280; x_wconf 80' lang='lat' dir='ltr'><strong>An</strong></span> <span class='ocrx_word' id='word_1_895' title='bbox 2407 5222 2645 5282; x_wconf 80' lang='lat' dir='ltr'><strong>habeant.</strong></span> <span class='ocrx_word' id='word_1_896' title='bbox 2681 5227 2754 5281; x_wconf 74' lang='lat' dir='ltr'><strong>Ita</strong></span> <span class='ocrx_word' id='word_1_897' title='bbox 2784 5243 2971 5281; x_wconf 88' lang='lat' dir='ltr'><strong>omnes</strong></span> <span class='ocrx_word' id='word_1_898' title='bbox 2995 5222 3259 5300; x_wconf 61' lang='lat' dir='ltr'><strong>editiones</strong></span> <span class='ocrx_word' id='word_1_899' title='bbox 3284 5232 3409 5300; x_wconf 83' lang='lat' dir='ltr'><strong>ante</strong></span> <span class='ocrx_word' id='word_1_900' title='bbox 3439 5222 3623 5278; x_wconf 85' lang='lat' dir='ltr'><strong>Manu-</strong></span> <span class='ocrx_word' id='word_1_901' title='bbox 3714 5294 3719 5300; x_wconf 20' lang='grc' dir='ltr'><em>Α</em></span> 
     </span>
    </p>
   </div>
   <div class='ocr_carea' id='block_1_115' title="bbox 2030 5296 3622 5365">
    <p class='ocr_par' dir='ltr' id='par_1_115' title="bbox 2030 5296 3622 5365">
     <span class='ocr_line' id='line_1_117' title="bbox 2030 5296 3622 5365; baseline 0.001 -18"><span class='ocrx_word' id='word_1_902' title='bbox 2030 5296 2224 5350; x_wconf 87' lang='lat' dir='ltr'><strong>tiauam</strong></span> <span class='ocrx_word' id='word_1_903' title='bbox 2265 5308 2316 5351; x_wconf 86' lang='lat' dir='ltr'><strong>et</strong></span> <span class='ocrx_word' id='word_1_904' title='bbox 2348 5299 2748 5365; x_wconf 75' lang='lat' dir='ltr'><strong>quatuor-decim</strong></span> <span class='ocrx_word' id='word_1_905' title='bbox 2779 5301 2893 5354; x_wconf 91' lang='lat' dir='ltr'><strong>lihri</strong></span> <span class='ocrx_word' id='word_1_906' title='bbox 2929 5308 3151 5353; x_wconf 81' lang='lat' dir='ltr'><strong>veteres.</strong></span> <span class='ocrx_word' id='word_1_907' title='bbox 3202 5296 3463 5351; x_wconf 81' lang='lat' dir='ltr'><strong>Manutius</strong></span> <span class='ocrx_word' id='word_1_908' title='bbox 3494 5309 3622 5361; x_wconf 74' lang='lat' dir='ltr'><strong>ergo</strong></span> 
     </span>
    </p>
   </div>
   <div class='ocr_carea' id='block_1_116' title="bbox 2028 5366 3620 5439">
    <p class='ocr_par' dir='ltr' id='par_1_116' title="bbox 2028 5366 3620 5439">
     <span class='ocr_line' id='line_1_118' title="bbox 2028 5366 3620 5439; baseline -0.002 -17"><span class='ocrx_word' id='word_1_909' title='bbox 2028 5369 2232 5437; x_wconf 75' lang='lat' dir='ltr'><strong>scrip-it</strong></span> <span class='ocrx_word' id='word_1_910' title='bbox 2277 5370 2576 5425; x_wconf 83' lang='lat' dir='ltr'><strong>habeantur.</strong></span> <span class='ocrx_word' id='word_1_911' title='bbox 2612 5372 2670 5426; x_wconf 86' lang='lat' dir='ltr'><strong>Et</strong></span> <span class='ocrx_word' id='word_1_912' title='bbox 2718 5371 2853 5427; x_wconf 88' lang='lat' dir='ltr'><strong>hanc</strong></span> <span class='ocrx_word' id='word_1_913' title='bbox 2898 5371 3177 5425; x_wconf 84' lang='lat' dir='ltr'><strong>lectionem</strong></span> <span class='ocrx_word' id='word_1_914' title='bbox 3220 5383 3321 5439; x_wconf 79' lang='lat' dir='ltr'><strong>ego</strong></span> <span class='ocrx_word' id='word_1_915' title='bbox 3357 5367 3529 5438; x_wconf 88' lang='lat' dir='ltr'><strong>reperi</strong></span> <span class='ocrx_word' id='word_1_916' title='bbox 3569 5366 3620 5420; x_wconf 93' lang='lat' dir='ltr'><strong>in</strong></span> 
     </span>
    </p>
   </div>
   <div class='ocr_carea' id='block_1_117' title="bbox 2027 5442 2825 5512">
    <p class='ocr_par' dir='ltr' id='par_1_117' title="bbox 2027 5442 2825 5512">
     <span class='ocr_line' id='line_1_119' title="bbox 2027 5442 2825 5512; baseline 0.008 -19"><span class='ocrx_word' id='word_1_917' title='bbox 2027 5450 2232 5512; x_wconf 46' lang='lat' dir='ltr'><strong>septm</strong></span> <span class='ocrx_word' id='word_1_918' title='bbox 2272 5442 2546 5497; x_wconf 78' lang='lat' dir='ltr'><strong>radicibus</strong></span> <span class='ocrx_word' id='word_1_919' title='bbox 2572 5444 2825 5512; x_wconf 85' lang='lat' dir='ltr'><strong>antiquis.</strong></span> 
     </span>
    </p>
   </div>
   <div class='ocr_carea' id='block_1_118' title="bbox 2096 5508 3617 5570">
    <p class='ocr_par' dir='ltr' id='par_1_118' title="bbox 2096 5508 3617 5570">
     <span class='ocr_line' id='line_1_120' title="bbox 2096 5508 3617 5570; baseline 0 -6"><span class='ocrx_word' id='word_1_920' title='bbox 2096 5509 2282 5566; x_wconf 82' lang='lat' dir='ltr'><strong>Tincti.</strong></span> <span class='ocrx_word' id='word_1_921' title='bbox 2328 5512 2453 5567; x_wconf 67' lang='lat' dir='ltr'><strong>llazc</strong></span> <span class='ocrx_word' id='word_1_922' title='bbox 2486 5508 2793 5570; x_wconf 76' lang='lat' dir='ltr'><strong>emendatio</strong></span> <span class='ocrx_word' id='word_1_923' title='bbox 2822 5514 3050 5569; x_wconf 55' lang='lat' dir='ltr'><strong>debetur</strong></span> <span class='ocrx_word' id='word_1_924' title='bbox 3077 5513 3167 5566; x_wconf 88' lang='lat' dir='ltr'><strong>ttni</strong></span> <span class='ocrx_word' id='word_1_925' title='bbox 3198 5529 3260 5567; x_wconf 82' lang='lat' dir='ltr'><strong>cx</strong></span> <span class='ocrx_word' id='word_1_926' title='bbox 3304 5510 3454 5565; x_wconf 90' lang='lat' dir='ltr'><strong>lihris</strong></span> <span class='ocrx_word' id='word_1_927' title='bbox 3485 5508 3617 5565; x_wconf 87' lang='lat' dir='ltr'><strong>meis</strong></span> 
     </span>
    </p>
   </div>
   <div class='ocr_carea' id='block_1_119' title="bbox 2026 5580 3618 5655">
    <p class='ocr_par' dir='ltr' id='par_1_119' title="bbox 2026 5580 3618 5655">
     <span class='ocr_line' id='line_1_121' title="bbox 2026 5580 3618 5655; baseline 0 -20"><span class='ocrx_word' id='word_1_928' title='bbox 2026 5585 2316 5638; x_wconf 65' lang='lat' dir='ltr'><strong>veteribus.</strong></span> <span class='ocrx_word' id='word_1_929' title='bbox 2349 5586 2437 5639; x_wconf 76' lang='lat' dir='ltr'><strong>Sic</strong></span> <span class='ocrx_word' id='word_1_930' title='bbox 2463 5587 2619 5639; x_wconf 70' lang='lat' dir='ltr'><strong>etiam</strong></span> <span class='ocrx_word' id='word_1_931' title='bbox 2652 5589 2700 5639; x_wconf 91' lang='lat' dir='ltr'><strong>in</strong></span> <span class='ocrx_word' id='word_1_932' title='bbox 2730 5587 2954 5655; x_wconf 87' lang='lat' dir='ltr'><strong>epistola</strong></span> <span class='ocrx_word' id='word_1_933' title='bbox 2987 5601 3157 5644; x_wconf 70' lang='lat' dir='ltr'><strong>Lxxn.</strong></span> <span class='ocrx_word' id='word_1_934' title='bbox 3192 5600 3306 5651; x_wconf 67' lang='lat' dir='ltr'><strong>pag.</strong></span> <span class='ocrx_word' id='word_1_935' title='bbox 3336 5582 3436 5637; x_wconf 73' lang='lat'><strong>128</strong></span> <span class='ocrx_word' id='word_1_936' title='bbox 3467 5597 3481 5636; x_wconf 91' lang='lat'>:</span> <span class='ocrx_word' id='word_1_937' title='bbox 3516 5580 3618 5635; x_wconf 85' lang='lat' dir='ltr'><strong>Eos</strong></span> 
     </span>
    </p>
   </div>
   <div class='ocr_carea' id='block_1_120' title="bbox 2022 5655 3617 5727">
    <p class='ocr_par' dir='ltr' id='par_1_120' title="bbox 2022 5655 3617 5727">
     <span class='ocr_line' id='line_1_122' title="bbox 2022 5655 3617 5727; baseline 0.001 -22"><span class='ocrx_word' id='word_1_938' title='bbox 2022 5656 2109 5722; x_wconf 86' lang='lat' dir='ltr'><strong>qui</strong></span> <span class='ocrx_word' id='word_1_939' title='bbox 2139 5656 2238 5707; x_wconf 83' lang='lat' dir='ltr'><strong>sint</strong></span> <span class='ocrx_word' id='word_1_940' title='bbox 2269 5658 2397 5723; x_wconf 74' lang='lat' dir='ltr'><strong>foris</strong></span> <span class='ocrx_word' id='word_1_941' title='bbox 2427 5667 2568 5727; x_wconf 66' lang='lat' dir='ltr'><strong>extra</strong></span> <span class='ocrx_word' id='word_1_942' title='bbox 2601 5657 2883 5711; x_wconf 73' lang='lat' dir='ltr'><strong>Ecclesium</strong></span> <span class='ocrx_word' id='word_1_943' title='bbox 2916 5658 3080 5711; x_wconf 81' lang='lat' dir='ltr'><strong>tiucti.</strong></span> <span class='ocrx_word' id='word_1_944' title='bbox 3117 5658 3268 5727; x_wconf 76' lang='lat' dir='ltr'><strong>Apud</strong></span> <span class='ocrx_word' id='word_1_945' title='bbox 3300 5655 3617 5727; x_wconf 78' lang='lat' dir='ltr'><strong>Gratianum</strong></span> 
     </span>
    </p>
   </div>
   <div class='ocr_carea' id='block_1_121' title="bbox 2026 5723 3615 5793">
    <p class='ocr_par' dir='ltr' id='par_1_121' title="bbox 2026 5723 3615 5793">
     <span class='ocr_line' id='line_1_123' title="bbox 2026 5723 3615 5793; baseline -0.002 -14"><span class='ocrx_word' id='word_1_946' title='bbox 2026 5740 2175 5789; x_wconf 81' lang='lat' dir='ltr'><strong>xxw.</strong></span> <span class='ocrx_word' id='word_1_947' title='bbox 2209 5743 2261 5791; x_wconf 88' lang='lat' dir='ltr'><strong>q.</strong></span> <span class='ocrx_word' id='word_1_948' title='bbox 2300 5728 2349 5790; x_wconf 81' lang='grc'><strong>1,</strong></span> <span class='ocrx_word' id='word_1_949' title='bbox 2379 5741 2500 5793; x_wconf 88' lang='lat' dir='ltr'><strong>cap.</strong></span> <span class='ocrx_word' id='word_1_950' title='bbox 2540 5726 2583 5778; x_wconf 82' lang='grc' dir='ltr'><strong>ι)</strong></span> <span class='ocrx_word' id='word_1_951' title='bbox 2611 5729 2826 5783; x_wconf 82' lang='lat' dir='ltr'><strong>dicmtus</strong></span> <span class='ocrx_word' id='word_1_952' title='bbox 2861 5730 3053 5788; x_wconf 70' lang='lat' dir='ltr'><strong>legitur</strong></span> <span class='ocrx_word' id='word_1_953' title='bbox 3082 5723 3252 5781; x_wconf 72' lang='lat' dir='ltr'><strong>cuncti</strong></span> <span class='ocrx_word' id='word_1_954' title='bbox 3274 5769 3288 5785; x_wconf 91' lang='lat'><strong>.</strong></span> <span class='ocrx_word' id='word_1_955' title='bbox 3326 5736 3381 5778; x_wconf 88' lang='lat' dir='ltr'><strong>Ill.</strong></span> <span class='ocrx_word' id='word_1_956' title='bbox 3410 5725 3462 5778; x_wconf 91' lang='lat' dir='ltr'><strong>in</strong></span> <span class='ocrx_word' id='word_1_957' title='bbox 3494 5723 3615 5776; x_wconf 77' lang='lat' dir='ltr'><strong>vul-</strong></span> 
     </span>
    </p>
   </div>
   <div class='ocr_carea' id='block_1_122' title="bbox 2020 5795 3625 5926">
    <p class='ocr_par' dir='ltr' id='par_1_122' title="bbox 2020 5795 3625 5926">
     <span class='ocr_line' id='line_1_124' title="bbox 2020 5795 3625 5926; baseline 0.001 -77"><span class='ocrx_word' id='word_1_958' title='bbox 2020 5795 2452 5926; x_wconf 58' lang='lat' dir='ltr'><strong>gatile|ypriani</strong></span> <span class='ocrx_word' id='word_1_959' title='bbox 2499 5800 2850 5857; x_wconf 87' lang='lat' dir='ltr'><strong>editioaibus.</strong></span> <span class='ocrx_word' id='word_1_960' title='bbox 2892 5798 2982 5858; x_wconf 83' lang='lat' dir='ltr'><strong>Sic</strong></span> <span class='ocrx_word' id='word_1_961' title='bbox 3020 5800 3184 5855; x_wconf 80' lang='lat' dir='ltr'><strong>etiam</strong></span> <span class='ocrx_word' id='word_1_962' title='bbox 3234 5799 3412 5855; x_wconf 76' lang='lat' dir='ltr'><strong>codex</strong></span> <span class='ocrx_word' id='word_1_963' title='bbox 3450 5796 3625 5851; x_wconf 89' lang='lat' dir='ltr'><strong>sancti</strong></span> 
     </span>
     <span class='ocr_line' id='line_1_125' title="bbox 2070 5883 2305 5926; baseline 0.004 0"><span class='ocrx_word' id='word_1_964' title='bbox 2070 5883 2167 5926; x_wconf 90' lang='lat' dir='ltr'><strong>rnu</strong></span> <span class='ocrx_word' id='word_1_965' title='bbox 2196 5885 2225 5926; x_wconf 90' lang='lat' dir='ltr'><strong>n</strong></span> <span class='ocrx_word' id='word_1_966' title='bbox 2247 5886 2305 5926; x_wconf 83' lang='grc' dir='ltr'><strong>ιι.</strong></span> 
     </span>
    </p>
   </div>
   <div class='ocr_carea' id='block_1_123' title="bbox 2070 5883 2305 5939">
    <p class='ocr_par' dir='ltr' id='par_1_123' title="bbox 2070 5883 2305 5939">
     <span class='ocr_line' id='line_1_126' title="bbox 2070 5883 2305 5939; baseline 0.009 -13"><span class='ocrx_word' id='word_1_967' title='bbox 2070 5883 2305 5939; x_wconf 87' lang='lat' dir='ltr'><strong>rntnpnt.</strong></span> 
     </span>
    </p>
   </div>
  </div>
