4262 6236
624 304 763 360 1H7

1611 309 1942 367 EPISTULA
1975 309 2031 362 s.
2072 303 2397 364 CYPRIANI
2439 293 2863 377 ADMAGNUM,

3759 312 3896 370 1148

620 421 740 478 ideo
781 424 921 494 apud
969 439 1067 481 nos
1120 442 1311 484 manus
1360 419 1644 500 imponitur
1689 437 1745 483 ut
1784 427 1868 481 hic
1903 422 2197 493 accipiatur
2223 426 2274 486 Α
2298 433 2408 480 tate
2435 433 2681 496 cogente,
2706 433 2760 480 et
2783 424 2892 480 Deo
2922 424 3304 496 indulgentiam
3326 439 3478 481 suam
3500 426 3786 496 largiente,
3816 435 3898 482 to-

617 514 757 586 quod
789 515 897 572 illic
943 534 1042 574 nec
1073 529 1158 576 est
1208 536 1305 577 nec
1331 519 1446 576 dari
1490 527 1680 590 potest,
1731 515 2067 572 manifestum
2119 527 2203 572 est

617 624 716 664 nec
745 611 1121 668 remissionem
1149 622 1489 684 peccatorum
1513 611 1624 667 dari
1645 625 1738 680 per
1764 625 1856 663 eos
1883 624 2039 678 posse
2067 625 2202 679 quos

615 710 829 758 constet
857 704 1113 775 Spiritum
1152 715 1393 762 sanctum
1427 721 1530 760 non
1579 702 1791 758 habere.
1827 701 1891 755 Et
1919 702 2120 758 ideirco
2149 709 2204 758 ut

619 797 920 854 secundum
965 799 1198 854 divinam
1227 800 1629 869 dispositionem
1655 806 1815 866 atque
1837 797 2200 866 evangelicum

615 891 899 948 veritatem
927 903 1269 962 peccatorum
1319 893 1684 946 remissionem
1716 891 1971 961 consequi
2000 899 2053 945 et
2077 905 2208 944 san-‘

615 984 837 1040 ctillcari
864 1003 926 1041 ac
946 987 1140 1057 templa
1173 987 1261 1042 Dei
1290 985 1401 1040 ﬁeri
1424 985 1898 1054 possintlﬂcclesiie
1932 984 2203 1055 Baptismo

615 1075 920 1146 baptizandi
949 1089 1076 1133 sunt
1104 1094 1293 1134 omnes
1340 1079 1558 1131 Omnino
1589 1079 1678 1146 qui
1709 1079 1776 1132 ab
1803 1077 2127 1133 adversariis
2150 1087 2204 1135 et

614 1169 945 1224 antichristis
973 1169 1039 1224 ad
1066 1167 1260 1225 Christi
1286 1169 1578 1226 Ecclesium
1609 1171 1846 1224 veniunt.

685 1258 802 1317 XII.
831 1262 1080 1330 Qumsisti
1111 1263 1267 1316 etiam
1296 1270 1344 1328 η,
1390 1261 1460 1315 ﬁli
1490 1262 1810 1317 charissime
1833 1263 1883 1329 ι),
1918 1263 2042 1334 quid
2069 1261 2200 1319 inihi

619 1352 688 1408 de
719 1353 827 1408 illis
859 1354 1099 1409 videatur
1127 1354 1215 1423 qui
1261 1356 1311 1408 in
1353 1355 1659 1410 inlirmitate
1699 1365 1751 1410 et
1795 1357 2048 1427 languore
2079 1373 2203 1427 gra-

617 1446 744 1500 tiam
781 1447 872 1501 Dei
891 1456 1388 1516 consequuntur,an
1422 1447 1652 1503 habendi
1675 1450 1782 1505 sint
1810 1450 2032 1520 legitimi
2056 1451 2203 1505 chri-

616 1539 798 1605 stiani,
816 1556 880 1595 eo
907 1540 1043 1611 quod
1063 1556 1200 1611 aqua
1221 1543 1440 1597 salutari
1471 1559 1575 1598 non
1600 1544 1692 1599 loti
1722 1546 1848 1612 sint,
1867 1547 1959 1600 sed
1982 1546 2200 1616 perfusi.

614 1635 728 1703 Qua
759 1636 809 1688 in
843 1644 989 1706 parte
1027 1635 1227 1690 nemini
1278 1639 1599 1693 verecundia
1646 1648 1700 1693 et
1728 1640 1989 1695 modestia
2019 1651 2197 1697 nostra

617 1727 932 1800 prmjudicat
985 1743 1090 1797 quo
1147 1731 1324 1785 minus
1394 1732 1762 1803 unusquisque
1829 1733 1969 1802 quod
2056 1743 2204 1804 putat

2308 528 2418 572 tum
2463 517 2810 573 credentibus
2845 517 3132 573 conferunt
3173 519 3355 574 divina
3403 520 3743 590 compendia.
3791 520 3898 576 Nec

2309 627 2632 682 qttequam
2666 627 2882 668 movere
2928 613 3088 668 debet
3115 613 3255 683 quod
3296 615 3507 684 aspergi
3533 614 3618 668 vel
3654 614 3900 684 perfundi

2307 706 2556 762 videntur
2582 708 2710 778 πει-ἰ
2734 721 2854 762 cum
2876 708 3100 778 gratiam
3124 707 3447 763 dominicam
3471 718 3898 779 consequuntur,

2307 797 2521 868 quando
2550 797 2827 868 Scriptura
2860 807 3042 855 sancta
3083 815 3177 870 per
3211 799 3550 856 Ezechieiem
3583 802 3899 873 prophetam

2307 893 2554 963 loquatur
2577 901 2630 948 et
2657 892 2800 948 dicat
2825 913 2838 949 :
2870 893 2938 947 Et
2966 911 3234 966 aspergunt
3261 911 3416 966 super
3431 911 3518 948 uos
3535 912 3717 966 aquam
3751 913 3902 951 mun-

2308 986 2446 1052 dam,
2468 995 2514 1039 et
2548 985 2916 1040 mundabimini
2933 986 2994 1039 ab
3024 988 3254 1041 omnibus
3277 988 3614 1042 immunditiis
3635 989 3829 1051 vestris,
3850 999 3902 1044 et

2307 1078 2368 1133 ab
2390 1080 2617 1134 omnibus
2648 1080 2934 1136 simulacris
2958 1082 3132 1134 vestris
3153 1080 3440 1134 emundabo
3466 1095 3574 1143 vos,
3593 1089 3640 1134 ct
3663 1081 3790 1135 dabo
3808 1097 3899 1135 oo-

2307 1173 2383 1228 bis
2403 1189 2491 1227 cor
2520 1190 2725 1241 novum,
2743 1183 2789 1228 et
2823 1175 3058 1244 spiritum
3082 1187 3267 1228 novum
3288 1175 3420 1229 dabo
3441 1176 3496 1228 in
3526 1175 3664 1228 vobis
3685 1175 3898 1247 (Ecce/1.

2306 1283 2487 1333 nam,
2519 1267 2612 1336 25,
2641 1267 2753 1340 26).
2783 1268 2915 1323 Item
2949 1269 3000 1322 in
3035 1267 3283 1323 Numeris
3316 1285 3328 1320 :
3354 1266 3425 1321 Et
3465 1269 3616 1321 homo
3643 1269 3731 1338 qui
3751 1270 3907 1340 fuerit

2307 1361 2602 1414 immundus
2624 1377 2781 1431 usque
2801 1361 2870 1414 ad
2886 1375 3168 1430 vesperam,
3185 1361 3267 1414 hic
3285 1361 3640 1431 puriﬁcabitur
3660 1363 3744 1416 die
3762 1363 3908 1416 tertia

2307 1465 2354 1508 et
2375 1454 2458 1508 die
2481 1456 2693 1526 septimo
2718 1464 2763 1520 ε,
2794 1464 2841 1509 et
2881 1457 3103 1510 mundus
3147 1455 3260 1509 erit.
3306 1454 3365 1509 Si
3401 1463 3568 1509 autem
3608 1471 3708 1510 non
3755 1455 3908 1526 fuerit

2308 1548 2606 1616 puriﬁcatus
2626 1548 2708 1600 die
2739 1549 2884 1601 tertio
2903 1555 2948 1601 et
2978 1549 3060 1602 die
3087 1549 3324 1618 septimo,
3354 1563 3454 1601 non
3472 1550 3568 1601 erit
3589 1549 3834 1612 mtmdus,
3861 1555 3910 1600 et

2308 1640 2718 1695 exterminabitur
2738 1641 2910 1694 anima
2925 1640 3015 1694 illa
3041 1641 3104 1694 de
3119 1639 3306 1705 Israel,
3324 1641 3564 1709 quoniam
3581 1655 3715 1712 aqua
3732 1656 3910 1710 asper-

2308 1733 2467 1786 sionis
2480 1749 2581 1786 non
2596 1743 2666 1786 cst
2680 1749 2830 1804 super
2850 1748 2964 1786 cum
2980 1749 3160 1804 sparsa
3184 1731 3372 1804 (Nam.
3393 1747 3504 1798 XIX,
3523 1731 3578 1798 8,
3601 1731 3690 1798 12,
3708 1730 3819 1800 15).
3841 1731 3910 1786 Et

613 1822 808 1877 sentiat
829 1829 882 1876 et
908 1822 1050 1892 quod
1080 1825 1308 1879 senserit
1327 1823 1503 1879 faciat.
1530 1824 1657 1892 Nos,
1689 1836 1942 1897 quantum
1968 1830 2202 1901 concipit
2232 1827 2279 1890 B
2308 1827 2495 1881 iterum
2528 1825 2628 1879 :Et
2651 1825 2849 1880 locutus
2874 1835 2945 1880 est
2967 1825 3216 1880 Dominus
3242 1827 3310 1878 ad
3342 1823 3557 1895 Moysen
3586 1824 3910 1878 dicens:Ac-

613 1915 957 1971 mediocritas
995 1927 1198 1982 nostra,
1230 1920 1560 1974 aestimamus
1601 1921 1652 1974 iu
1687 1920 1834 1974 nullo
1863 1923 2099 1977 mutilari
2147 1933 2200 1978 et

611 2008 882 2065 debilitari
913 2024 1073 2082 posse
1115 2010 1375 2067 beneﬁcia
1423 2011 1624 2080 divina,
1657 2028 1756 2068 nec
1801 2015 1975 2068 minus
2005 2015 2205 2084 aliquid

617 2099 726 2156 illic
744 2114 905 2172 posse
927 2103 1241 2173 contingere
1263 2103 1351 2158 ubi
1378 2105 1531 2174 plena
1554 2113 1605 2159 et
1626 2113 1732 2159 tota
1757 2105 1861 2160 ﬁde
1881 2115 1934 2162 et
1957 2107 2130 2162 dantis
2154 2115 2206 2163 et

617 2194 881 2249 sumentis
911 2195 1172 2266 accipitur
1202 2195 1342 2267 quod
1371 2196 1441 2252 de
1470 2197 1666 2252 divinis
1689 2199 2001 2254 muneribus
2033 2201 2208 2254 hauri-

613 2298 721 2344 tur.
752 2287 936 2359 Neque
967 2289 1110 2343 eulm
1142 2290 1218 2344 sic
1271 2291 1321 2343 in
1368 2297 1710 2346 sacramento
1736 2293 1956 2346 salutari
1983 2292 2205 2348 delicto-

609 2395 731 2435 rum
759 2382 1006 2453 contagia
1031 2389 1091 2436 ttt
1111 2381 1164 2437 in
1190 2382 1408 2439 lavacro
1453 2385 1652 2440 carnali
1677 2394 1726 2439 et
1753 2385 1995 2440 saeculari
2018 2385 2206 2442 sordes

609 2475 752 2530 cutis
772 2483 827 2530 et
854 2477 1096 2546 corporis
1126 2475 1435 2543 abluuntur,
1468 2486 1525 2532 ut
1551 2477 1882 2549 aphronitris
1907 2489 1928 2516 ο
1952 2489 2007 2533 et
2045 2485 2206 2534 caste-

610 2572 686 2626 rls
713 2585 922 2642 quoque
938 2571 1260 2642 adiumentis
1288 2583 1340 2629 et
1362 2573 1499 2628 solio
1521 2581 1576 2628 et
1600 2573 1803 2643 piscina
1818 2587 1953 2644 opus
1971 2575 2060 2637 sit,
2093 2575 2209 2644 qui-

611 2663 711 2718 bus
741 2662 881 2718 ablui
909 2672 963 2719 et
994 2663 1242 2720 mundari
1281 2665 1659 2737 corpusculum
1689 2667 1878 2735 possit.
1920 2666 2089 2721 Aliter
2117 2680 2213 2735 pe-

611 2767 729 2812 etus
757 2757 1031 2814 credentis
1049 2759 1303 2827 abluitur,
1321 2761 1477 2816 aliter
1495 2776 1646 2816 mens
1663 2759 1897 2815 hominis
1913 2757 1939 2796 ά
1960 2775 2054 2830 per
2083 2760 2207 2814 ﬁdei

613 2851 800 2906 merita
832 2851 1142 2907 mandatur.
1172 2851 1230 2907 In
1257 2853 1607 2908 sacramentis
1625 2851 1948 2907 salutaribus
1967 2851 2202 2907 necessi-

2309 1920 2422 1990 ripe
2443 1919 2619 1973 levitas
2645 1920 2706 1973 de
2731 1919 2896 1973 medio
2929 1920 3153 1989 ﬁliorum
3181 1917 3367 1982 Israel,
3391 1929 3438 1972 et
3481 1916 3776 1989 purificabis
3801 1931 3907 1972 eos.

2310 2010 2378 2065 Et
2400 2013 2471 2066 ita
2488 2013 2646 2084 facies
2669 2013 2739 2065 eis
2762 2013 3169 2082 puriﬁcationem
3187 2027 3378 2065 eorum.
3395 2009 3808 2080 Circumsperges
3824 2025 3909 2064 eos

2308 2121 2442 2172 aqua
2469 2105 2839 2175 puriﬁcationis
2867 2102 3054 2177 (Nam.
3081 2119 3195 2171 vut,
3221 2104 3274 2168 5,
3305 2103 3384 2173 7).
3411 2102 3480 2157 Et
3504 2103 3724 2156 iterum:
3752 2101 3900 2172 Aqua

2306 2198 2620 2267 aspersionis
2637 2195 2929 2267 puriﬁcatio
2949 2205 3023 2249 est
3045 2194 3209 2265 (Ibid.
3243 2209 3352 2258 xix,
3378 2192 3457 2266 9).
3494 2193 3641 2250 Unde
3667 2203 3906 2264 apparet

2305 2291 2670 2362 aspersionem
2690 2305 2902 2361 quoque
2929 2304 3081 2360 aquae
3107 2290 3274 2344 instar
3293 2289 3540 2344 salutaris
3567 2288 3763 2343 lavacri
3787 2288 3863 2342 ob
3880 2317 3910 2328 -

2311 2386 2484 2440 tinere
2509 2393 2564 2439 et
2589 2384 2802 2454 quando
2834 2384 2948 2438 lucc
2978 2384 3032 2437 in
3063 2383 3303 2439 Ecclesia
3343 2382 3498 2446 ﬁunt,
3524 2381 3615 2436 ubi
3642 2383 3710 2435 sit
3737 2390 3792 2436 et
3812 2395 3904 2436 ac-

2310 2480 2558 2551 cipientis
2603 2489 2656 2534 et
2697 2478 2876 2533 dantis
2906 2476 3039 2534 ﬁdes
3065 2478 3294 2547 integra,
3320 2485 3464 2530 stare
3488 2476 3667 2530 omnia
3704 2485 3759 2529 et
3782 2489 3910 2529 con-

2312 2574 2569 2630 summari
2610 2587 2670 2628 ac
2724 2572 2903 2644 perﬁci
2935 2587 3092 2643 posse
3147 2572 3428 2642 majestate
3456 2570 3667 2625 Domini
3692 2579 3748 2626 et
3779 2567 3908 2624 ﬁdei

2313 2668 2554 2723 veritate.

2387 2758 2524 2823 XIII,
2545 2758 2716 2815 Porro
2741 2767 2920 2813 autem
2943 2757 3086 2830 quod
3114 2757 3329 2830 quidam
3348 2770 3442 2812 eos
3460 2755 3684 2813 salutari
3708 2769 3845 2827 aqua
3859 2762 3914 2812 et

1831 2963 2206 3022 LECTIONES
2241 2957 2658 3020 VARIANTES.

675 3087 702 3157 ξι
736 3085 1013 3157 ρυωεὶεῑμ
1035 3085 1435 3157 ιηθηιᾳιηιβράε
1454 3088 1500 3136 2.
1527 3085 1635 3137 ΝΟ,
1665 3085 1711 3135 1,

675 3145 705 3184 δ
738 3145 1075 3212 Εηιειῄεηιε.
1103 3145 1240 3212 Spir.
1270 3149 1378 3212 Vel.
1405 3149 1595 3212 Iunoni.

677 3213 702 3242 ο
741 3189 1212 3274 iii'éi'siifriini'd'ié
1229 3189 1741 3273 ’Βὸᾶῗίξῖίξέιροηθ
1767 3213 1821 3260 et
1843 3211 1986 3260 nitris
2009 3210 2199 3260 Erasm'
2229 3189 2275 3252 (ἶ

2369 3078 2399 3117 ἆ
2433 3076 2574 3130 Mens
2598 3078 2804 3127 hominis
2827 3074 3000 3140 perﬁdi
3024 3074 3286 3140 mandatur
3315 3073 3418 3126 Lin.

2375 3143 2399 3172 °
2427 3141 2521 3192 Die
2538 3143 2749 3204 septimo
2764 3138 2970 3190 mundus
2987 3141 3082 3190 erit
3104 3140 3234 3189 Lam.
3254 3139 3378 3190 Bod.
3400 3142 3446 3191 2.
3474 3139 3584 3191 NG.
3612 3140 3661 3201 1,
3688 3139 3736 3191 2.
3763 3138 3908 3191 Ebur.

1818 3325 2058 3383 STEPH.
2102 3323 2377 3382 BALUZII
2415 3321 2643 3380 NOT/E.

690 3417 758 3474 Ut
781 3419 862 3473 hic
884 3419 1180 3491 accipiatur.
1209 3419 1390 3476 Codex
1422 3421 1717 3476 Fuxensis:
1750 3430 1804 3475 ut
1833 3422 1914 3474 hic
1945 3421 2204 3490 accipiant

613 3493 752 3563 quod
773 3491 881 3545 illic
918 3508 1020 3546 non
1059 3502 1358 3561 acceperunt
1397 3509 1595 3547 necesse
1633 3505 1705 3548 est
1745 3511 1835 3549 nec
1862 3494 1976 3546 dari
2003 3508 2092 3561 per
2118 3510 2203 3548 eos

616 3580 908 3635 posseAquos
934 3574 1131 3618 constat
1179 3565 1430 3633 Spiritum
1457 3574 1687 3618 sanctum
1718 3583 1818 3619 non
1847 3565 2047 3619 habere.

686 3633 804 3690 XII.
832 3637 1166 3706 ——rQutesisti
1205 3637 1375 3690 etiam.
1426 3635 1575 3690 Hanc
1619 3649 1943 3706 postremam
1995 3647 2197 3704 partem

616 3706 859 3776 epistolae
896 3705 1147 3777 Cypriani
1179 3709 1246 3761 ad
1279 3707 1524 3776 Magnum
1565 3708 1940 3774 disjunxerunt
1967 3725 1994 3760 a
2030 3709 2197 3777 prima

617 3785 826 3833 veteres
855 3793 1079 3846 operum
1111 3780 1281 3833 sancti
1316 3780 1568 3849 martyris
1597 3781 1852 3834 editores.
1886 3779 2099 3833 Primus
2133 3779 2196 3832 il-

620 3850 723 3904 lam
746 3859 894 3904 recto
917 3850 1143 3904 consilio
1165 3849 1495 3918 redingravit
1521 3851 1809 3906 Pamelius.
1833 3852 2032 3905 Omnes
2059 3851 2202 3904 enim

619 3928 827 3975 veteres
867 3919 987 3975 libri
1021 3922 1071 3975 in
1101 3923 1295 3991 quibus
1331 3921 1423 3975 illa
1454 3924 1778 3988 continetur,
1811 3924 2048 3990 exceptis
2073 3921 2205 3976 Car-

621 3991 832 4047 notensi
864 4003 917 4046 et
949 3991 1213 4061 Eligiauo,
1247 3995 1298 4048 in
1326 3991 1520 4064 quibus
1550 3994 1703 4049 deest
1746 3995 1913 4063 prima
1960 4009 2081 4062 pars
2121 3995 2202 4046 iu-

621 4075 789 4134 tegra,
812 4072 867 4117 et
890 4079 1096 4126 omnes,
1127 4067 1365 4135 inquam,
1390 4064 1511 4119 libri
1542 4075 1750 4120 veteres
1779 4065 1974 4120 habent
2003 4074 2205 4118 utram-

620 4150 722 4204 que
769 4143 973 4204 partem
1005 4147 1419 4205 consequenter,
1450 4137 1664 4207 quidam
1697 4135 1899 4208 absque
1941 4136 2050 4191 ullo
2089 4136 2202 4192 dis-

621 4207 869 4272 crimine,
917 4209 1133 4277 quidam
1177 4209 1359 4262 addito
1401 4209 1452 4262 in
1502 4212 1676 4264 fronte
1719 4207 1970 4265 secundae
2000 4212 2200 4277 partis:

622 4277 910 4351 Incipitad
939 4281 1168 4334 eumdem
1191 4281 1408 4342 epistola
1439 4282 1682 4349 secunda,
1709 4283 1794 4336 vel
1823 4280 2016 4351 Incipit
2044 4284 2106 4334 de
2131 4283 2210 4336 liis

620 4351 705 4476 gui
737 4352 789 4402 in
817 4350 944 4404 lecto
971 4355 1188 4420 gratiam
1225 4352 1347 4419 Dei,
1384 4353 1465 4408 vel
1494 4355 1776 4424 baptisma,
1809 4363 2202 4423 consequuntur.

663 4420 725 4474 ed
759 4420 875 4474 haec
908 4421 1220 4476 discrimina
1250 4425 1474 4476 adducta
1499 4436 1622 4476 sunt
1644 4441 1672 4476 a
1697 4425 1946 4476 librariis.
1975 4423 2048 4476 Ea
2078 4439 2202 4476 eruo

663 4420 725 4474 ed
759 4420 875 4494 ltrtec
906 4421 1220 4494 discrimina
1250 4425 1474 4477 adducta
1499 4420 1622 4479 sunt
1644 4441 1672 4477 a
1697 4425 1946 4479 librariis.
1972 4420 2048 4477 Ea
2078 4439 2206 4494 ergo

620 4492 949 4566 exemplaria
981 4504 1107 4561 puto
1135 4511 1256 4550 esse
1285 4497 1503 4550 meliora
1532 4513 1650 4566 quae
1680 4497 1874 4549 nullam
1906 4495 2102 4549 habent
2128 4492 2209 4549 iit-

619 4563 963 4636 scriptionem
1023 4566 1075 4619 in
1123 4569 1358 4621 secunda
1409 4563 1563 4636 parte
1599 4577 1653 4621 et
1701 4568 1896 4622 habent
1939 4568 1990 4621 in
2033 4568 2209 4623 fronte

620 4635 892 4709 epistolae:
918 4634 1109 4706 Incipit
1126 4639 1191 4691 ad
1218 4634 1464 4709 Magnum
1486 4641 1548 4693 de
1570 4638 1860 4693 Nouatiano
1877 4648 1921 4691 et
1945 4639 2007 4693 de
2028 4640 2105 4692 liis
2124 4641 2209 4706 qui

622 4705 673 4780 i_n
694 4707 822 4780 lecto
849 4705 1064 4776 gratiam
1097 4709 1190 4763 Dei
1210 4705 1602 4780 consequuntur,
1626 4711 2029 4765 uthahetetiam
2045 4705 2209 4764 editio

624 4776 917 4851 Spirensis.
947 4795 1000 4832 et
1029 4782 1078 4834 in
1111 4783 1244 4836 line:
1278 4776 1634 4851 AdMagnum
1663 4784 1726 4835 de
1751 4780 2043 4835 Novatiano
2072 4790 2116 4835 et
2147 4783 2210 4835 de

624 4848 786 4918 hisqui
816 4850 867 4902 iu
899 4851 1025 4904 lecto
1063 4854 1280 4922 gratiam
1316 4853 1406 4907 Dei
1441 4848 1812 4921 consequuntur
1841 4855 2068 4920 explicit.
2113 4853 2210 4907 Mi-

624 4934 714 4995 ror
747 4928 932 4995 autem
967 4922 1213 4978 Latinum
1249 4925 1513 4978 Latinium
1536 4966 1551 4990 ,
1584 4927 1673 4995 qui
1713 4929 1765 4978 in
1793 4925 2066 4979 codicibus
2095 4927 2209 4977 suis

623 4991 834 5068 videbat
861 4997 1120 5068 scriptum
1146 4999 1194 5050 iu
1222 4995 1376 5050 titulo
1400 4998 1550 5051 istius
1574 4991 1817 5066 epistolae
1835 4996 1915 5050 Ad
1935 4995 2205 5068 Magnam,

626 5065 686 5118 de
717 5061 1013 5120 Novatian’o
1044 5077 1088 5122 et
1117 5069 1179 5121 de
1210 5069 1285 5122 his
1311 5071 1397 5139 qui
1418 5070 1469 5122 in
1498 5061 1625 5122 lecto
1653 5069 1870 5137 gratiam
1897 5061 2208 5139 consequun-

625 5145 730 5210 tur,
757 5147 964 5206 partem
993 5142 1234 5209 epistolae
1263 5143 1312 5193 iu
1340 5155 1440 5210 qua
1466 5141 1640 5210 agitur
1667 5144 1733 5194 de
1756 5140 1836 5194 his
1859 5143 1947 5210 qui
1977 5142 2026 5194 in
2055 5142 2211 5209 :rgri-

625 5208 808 5283 tudine
834 5208 1060 5283 gratiam
1085 5211 1280 5266 Christi
1304 5208 1709 5281 consequuntur
1736 5208 1985 5266 divisisse
2006 5228 2034 5265 a
2057 5208 2208 5283 parte

625 5280 893 5351 superiori
917 5289 972 5334 et
993 5283 1102 5336 alio
1122 5284 1454 5337 transtulisse
1482 5280 1533 5337 in
1562 5283 1799 5338 editione
1826 5299 1943 5351 sua,
1973 5285 2021 5338 id
2049 5280 2131 5338 est
2154 5283 2206 5337 iu

622 5348 951 5406 Manutiana.
981 5353 1092 5408 Nisi
1126 5356 1169 5409 si
1200 5357 1244 5408 is
1270 5355 1360 5424 qui
1389 5355 1613 5408 editioni
1648 5348 1970 5409 Manutianae
2000 5354 2210 5422 praefuit

624 5435 743 5496 cum
763 5435 971 5496 summa
993 5426 1733 5494 potestate,quemadmodum
1749 5431 2096 5496 conqueritur
2111 5427 2210 5482 La-

625 5492 803 5573 lini-tif,
824 5495 964 5573 istud
987 5492 1207 5573 mutavit
1230 5492 1632 5573 metuﬁproprio,
1653 5492 2206 5573 Latinio—inconsulto.

681 5561 802 5644 fili
822 5569 1133 5623 cliarissime.
1162 5569 1340 5644 (Iudex
1364 5561 1718 5630 Cartt'otensis
1742 5571 1902 5624 habet
1924 5573 2099 5640 frater.
2122 5571 2209 5626 Sic

623 5641 784 5684 etiam
815 5643 1136 5693 vetustiores
1162 5642 1443 5695 editiones.

687 5701 1028 5785 Alpltronitris.
1060 5708 1222 5785 [dest
1246 5722 1443 5785 spuma.
1467 5713 1644 5782 nitri,
1675 5723 1730 5785 ut
1769 5714 1910 5785 apud
1958 5712 2209 5771 Ovidium

621 5770 1050 5858 ἔξηιλῗῗὲηίωοτῐπεη
1079 5770 1660 5858 νίάθ,Ρ’²¹¹η⁶ἕίξηίι”ειὶ1
1693 5770 1834 5858 Ιιυηὲι
1868 5785 2076 5858 locum.
2109 5770 2212 5846 Ca-

921 5850 985 5900 ηιι
1012 5831 1350 5908 statin-sm,
1376 5855 1423 5899 οι
1442 5831 1542 5938 έςί
1558 5831 2214 5924 55.31;;exsatiata;

2311 3420 2565 3474 Historia:
2588 3425 2852 3488 augusta,
2877 3425 2988 3471 tum
3013 3415 3174 3488 etiam
3199 3415 3507 3488 thesaurum
3536 3412 3909 3488 lingutc__Grae-

2308 3507 2387 3546 ea:
2421 3483 2971 3556 lienrici'Stephani.
3025 3485 3279 3543 Octavius
3330 3486 3664 3550 Horatianus,
3709 3483 3804 3538 lib.
3849 3502 3902 3550 ι,

2307 3578 2428 3632 cap.
2458 3565 2488 3616 7
2513 3581 2526 3616 :
2570 3561 2850 3616 Ventositas
2881 3577 3018 3623 vero,
3051 3561 3094 3612 si
3123 3558 3397 3613 interclusa
3426 3559 3552 3623 erit,
3583 3558 3897 3628 aphronitri:

2307 3636 2361 3689 in
2390 3643 2530 3688 aceto
2559 3634 2796 3686 resolutis
2820 3632 3127 3686 excluditur.

2377 3706 2719 3775 Adjumentis.
2743 3703 3036 3775 Salmasius
3055 3703 3121 3755 ad
3150 3700 3448 3775 scriptores
3469 3699 3717 3754 Historia:
3744 3714 3912 3775 augu-

2306 3785 2405 3831 stze
2422 3771 2694 3844 ekistimat
2709 3774 2995 3844 legendum
3010 3788 3132 3828 esse
3151 3772 3408 3844 lamentis.
3427 3771 3750 3826 Lumentum
3763 3773 3909 3844 enim

2306 3860 2459 3904 recte
2478 3840 2954 3916 conjungitdrcum
2976 3845 3116 3898 nitro
3137 3843 3225 3897 ubi
3250 3844 3317 3897 de
3335 3845 3544 3897 balneis
3560 3843 3756 3912 agitur.
3772 3843 3906 3916 Nam

2309 3928 2365 3974 et
2409 3915 2600 3990 Papias
2640 3915 2936 3972 iumentum
2979 3916 3360 3990 interpretatur
3404 3916 3639 3990 nitrum,
3669 3917 3713 3967 si
3742 3915 3906 3990 modo

2308 3986 2855 4058 emendetur.Quippe
2875 3987 3010 4058 apttd
3025 4002 3146 4042 eum
3168 3987 3365 4058 legitur
3383 3987 3566 4038 uitrum
3581 3995 3687 4058 pro
3699 3986 3906 4058 nitrum.

2308 4061 2566 4116 Octavius
2595 4055 2936 4125 Horatianus,
2962 4058 3054 4113 lib.
3083 4074 3161 4112 tv:
3191 4055 3496 4112 Lomentum
3516 4057 3771 4126 {abacium
3789 4056 3910 4110 bene

2312 4145 2616 4188 correctum.
2648 4131 2908 4187 Martialis
2939 4129 3034 4186 lib.
3066 4144 3123 4196 v,
3155 4130 3415 4200 epigram.
3447 4127 3539 4196 89,
3574 4128 3741 4184 dixit:

2500 4245 2746 4296 Lomento
2779 4257 2934 4307 rugas
2967 4247 3094 4294 uteri
3127 4243 3258 4308 quod
3290 4243 3506 4294 condere
3542 4249 3719 4294 lentas.

2312 4354 2446 4410 Vide
2463 4356 2624 4410 etiam
2647 4355 2768 4409 libr.
2789 4370 2861 4419 Vl,
2877 4353 3048 4423 epigr.
3065 4353 3152 4407 93.
3180 4353 3392 4423 insigne
3413 4351 3665 4406 mendum
3692 4352 3910 4422 irrepsit

2313 4428 2364 4480 iu
2397 4428 2683 4496 epistolam
2724 4419 3014 4480 secundam
3054 4424 3266 4496 Stilpitii
3293 4419 3482 4479 Severi
3521 4423 3588 4478 ad
3627 4419 3907 4478 Claudiam

2239 4490 2288 4552 D
2313 4490 2555 4553 sororem
2591 4499 2641 4551 in
2676 4497 2812 4550 libro
2850 4498 3022 4562 primo
3068 4495 3528 4550 Miscellaueorum
3567 4506 3907 4561 nostrorum,

2315 4571 2405 4625 ubi
2440 4569 2626 4639 pagina
2659 4569 2764 4624 549
2794 4570 2996 4622 editum
3038 4570 3211 4636 primo
3252 4567 3347 4621 fuit
3391 4568 3626 4621 lamentis
3656 4567 3913 4639 spiritali-

2313 4637 2618 4709 busJQuod
2652 4649 2798 4695 recte
2826 4639 3136 4694 emendavit
3179 4639 3260 4692 vir
3299 4639 3646 4692 doctissimus
3673 4637 3914 4694 Joannes

2311 4711 2549 4782 Baptista
2580 4711 2880 4767 Gotelerius
2908 4713 2960 4765 in
2991 4721 3136 4763 tumo
3165 4709 3402 4765 secundo
3432 4720 3910 4782 monumentorum

2313 4781 2556 4839 ecclesia;
2585 4785 2809 4848 Graecas,
2845 4797 2966 4852 pag.
3000 4783 3128 4846 541,
3160 4783 3247 4836 ubi
3269 4781 3480 4852 egregie
3503 4781 3735 4835 illustrat
3765 4781 3912 4836 hunc

2311 4854 2508 4910 locum.
2544 4855 2726 4925 itaque
2754 4855 2903 4908 locus
2936 4857 3036 4907 iste
3067 4854 3251 4925 Severi
3284 4854 3601 4907 emendatus
3631 4853 3793 4925 estin
3824 4855 3907 4908 al-

2313 4936 2423 4981 tera
2461 4923 2717 4981 editione.
2751 4925 2864 4996 Ego
2913 4926 3160 4996 lubenter
3189 4923 3527 4978 admitterem
3561 4923 3912 4996 emendatio-

2313 5013 2434 5052 nem
2461 4999 2702 5052 Salmasii
2725 5041 2739 5063 ,
2767 4995 2888 5068 quae
2915 4995 3043 5050 mihi
3067 4997 3278 5050 videtur
3307 4997 3528 5065 optima.
3557 4995 3761 5068 Verum
3787 4997 3912 5051 vul-

2311 5076 2428 5140 gata
2461 5069 2618 5124 lectio
2641 5067 2802 5124 habet
2823 5069 2984 5123 etiam
3007 5069 3266 5136 optimum
3289 5082 3528 5122 sensum.
3554 5067 3620 5121 Et
3646 5067 3768 5122 ideo
3793 5084 3906 5123 non

2311 5155 2429 5195 sum
2478 5157 2639 5196 ausus
2693 5149 2897 5196 mutare
2953 5140 3242 5196 destitutus
3296 5140 3614 5194 auctoritate
3658 5150 3904 5194 veterum

2311 5214 2718 5282 exemplarium.

2386 5283 2687 5338 Mundatur.
2729 5284 2861 5340 Tnes
2893 5282 3013 5337 libri
3040 5293 3250 5340 veteres
3277 5282 3475 5338 habent
3503 5291 3769 5353 purgatur.

2387 5359 2531 5425 Aqua
2551 5357 2878 5425 aspersionis.
2902 5354 2975 5408 Ita
2998 5363 3185 5410 Omnes
3208 5353 3455 5409 lerelibri
3477 5364 3708 5409 veteres.
3734 5353 3790 5408 in
3815 5355 3914 5410 de—

2312 5443 2427 5483 cem
2449 5437 2693 5483 tamenet
2717 5430 2769 5482 in
2792 5428 3025 5494 antiquis
3040 5427 3362 5482 editionibns
3382 5426 3575 5496 legitur
3595 5429 3905 5496 asperginis.

2387 5500 2450 5552 Et
2494 5501 2786 5569 accipientis
2825 5510 2871 5553 et
2907 5498 3097 5553 dantis.
3156 5499 3231 5554 Ita
3270 5498 3501 5567 antiquis:
3544 5498 3810 5553 editiones
3854 5509 3916 5554 et

2312 5587 2502 5626 omnes
2534 5573 2642 5626 fere
2671 5570 2790 5625 libri
2821 5578 3052 5625 veteres.
3087 5571 3343 5625 Erasmus
3367 5570 3551 5639 posuit
3575 5581 3620 5623 et
3652 5571 3823 5622 dantis
3855 5583 3910 5624 ct

2313 5644 2640 5710 accipientis,
2689 5659 2752 5696 ex
2799 5642 3106 5711 conjectura
3145 5652 3383 5706 tantum,
3417 5652 3475 5694 ut.
3519 5641 3730 5711 opinor,
3767 5643 3906 5711 quia

2313 5714 2460 5769 datio
2507 5715 2804 5780 praecedere
2843 5710 3002 5769 debet
3044 5716 3437 5782 acceptionem,
3469 5722 3527 5766 ut
3555 5710 3694 5780 apud
3735 5710 3906 5767 Vale-

2315 5788 2455 5842 rium
2499 5786 2814 5853 Maximum,
2845 5786 2936 5841 lib.
2967 5802 3036 5850 v,
3074 5797 3194 5854 cap.
3223 5787 3288 5852 3,
3333 5784 3492 5838 dandi
3530 5794 3577 5837 et
3618 5784 3912 5852 accipiendi

2326 5857 2556 5923 beneﬁcii
2581 5859 2953 5926 commercium,
2984 5856 3204 5927 etquod
3234 5857 3391 5926 paulo
3418 5870 3576 5924 supra
3607 5855 3800 5924 legitur
3819 5856 3919 5923 ub;
