4262 6236
421 363 560 418 1ης)

1493 360 1581 417 DE
1619 358 2064 417 BAPTIZANDIS
2101 355 2535 414 NOVATIANIS.

3568 354 3707 411 H50

419 483 528 540 ﬁde
555 481 788 554 legitima
810 480 1009 539 Christi
1029 483 1252 554 gratiam
1280 490 1598 539 consecutos
1629 498 1734 537 non
1759 481 2007 538 ehristia-
2037 487 2089 548 Α
2113 487 2444 534 cramentum
2468 474 2712 533 videmus
2737 477 2788 532 in
2805 476 2992 532 Exodo
3013 487 3134 532 esse
3151 475 3480 532 celebratum
3502 471 3702 545 (Exod.

417 591 522 632 nos
546 575 638 631 sed
664 574 885 631 elinicos
909 585 1246 644 voeant,non
1271 576 1485 630 invenio
1510 574 1652 628 unde
1679 574 1781 630 hoe
1809 589 2006 629 nomen

415 677 732 737 assumant;
779 669 880 724 nisi
902 665 1040 725 forte
1076 669 1168 740 qui
1201 668 1348 739 plura
1372 676 1427 724 et
1451 668 1743 723 secretiora
1765 668 2011 737 legerunt

415 761 556 832 apud
581 761 959 832 Hippocratem
987 763 1071 817 vel
1093 763 1380 831 Soranum,
1409 762 1634 818 cliuicos
1655 761 1787 817 istos
1813 761 2008 832 depre-

414 853 738 910 henderunt.
759 855 868 925 Ego
887 855 1051 922 enim,
1071 856 1159 926 qui
1179 855 1429 911 clinicum
1453 853 1521 910 de
1541 854 1831 925 Evangelia
1861 853 2003 920 novi,

415 946 531 1001 seio
558 946 854 1018 paralytieo
881 946 956 1000 illi
982 955 1036 1001 et
1056 946 1216 1002 debili
1250 962 1344 1004 oer
1365 947 1517 1017 longa
1549 947 1722 1000 aetatis
1747 944 2008 999 curricula

416 1041 472 1095 in
501 1039 643 1095 lecto
669 1039 870 1111 jacenti
899 1041 1031 1096 nihil
1055 1041 1422 1096 inﬁrmitatem
1445 1056 1594 1094 suam
1624 1037 1859 1094 obfuisse
1877 1053 2009 1108 quo-

414 1133 593 1189 minus
613 1133 680 1188 ad
707 1133 1013 1189 ﬁrmitatem
1040 1134 1308 1190 caelestem
1343 1131 1654 1206 plenissime
1684 1134 2006 1206 perveniret,

415 1239 517 1281 nec
533 1233 736 1280 tantum
757 1224 1079 1296 indulgentia
1112 1227 1375 1281 dominica
1394 1227 1681 1281 excitatum
1704 1225 1770 1281 de
1790 1224 2009 1295 grabato

419 1331 561 1381 esse,
589 1316 682 1372 sed
715 1317 888 1388 ipsum
920 1320 1199 1389 grabatum
1241 1334 1394 1372 suum
1425 1319 1685 1389 reparatis
1713 1325 1764 1373 et
1790 1326 2008 1388 vegeta-

417 1409 486 1464 tis
508 1409 711 1464 viribus
738 1411 1039 1466 sustulisse.
1074 1411 1140 1467 Et
1168 1411 1388 1478 idcirco,
1419 1419 1674 1482 quantum
1700 1410 1804 1466 ﬁde
1831 1411 2009 1464 conci-

418 1520 547 1576 pere
574 1511 628 1560 et
656 1504 858 1560 sentire
885 1505 1040 1560 nobis
1063 1506 1239 1570 datur,
1265 1521 1382 1560 mea
1410 1505 1672 1559 sententia
1701 1503 1814 1558 luce
1828 1513 1928 1570 est,
1949 1513 2009 1559 ut

416 1598 746 1654 christianos
769 1599 1040 1669 judieetur
1065 1608 1088 1635 ἰ
1115 1597 1382 1670 legitimus
1401 1599 1642 1670 quisquis
1668 1597 1823 1653 luerit
1841 1599 1890 1652 in
1909 1598 2009 1654 Ee-

416 1689 578 1746 elesia
608 1690 724 1762 lege
755 1698 808 1746 et
830 1689 949 1762 jure
979 1689 1100 1745 ﬁdei
1131 1690 1366 1746 divinam
1410 1691 1637 1761 gratiam
1666 1697 2007 1744 consecutus.

416 1783 525 1839 Aut
549 1783 593 1838 si
616 1783 808 1854 aliquis
832 1783 1103 1838 existimat
1130 1799 1223 1838 eos
1253 1783 1385 1838 nihil
1425 1794 1746 1839 consecutos
1773 1797 1839 1838 eo
1867 1781 2007 1854 quod

2110 578 2246 649 xw),
2264 593 2383 632 eum
2407 577 2474 632 de
2495 578 2633 631 emlo
2651 592 2844 632 manna
2873 575 3135 632 deﬂueret
3152 585 3205 630 et
3235 575 3536 630 futurorum
3560 590 3702 647 pra“.-

2113 671 2430 742 ﬁguratione
2459 672 2770 726 alimentum
2795 671 2948 742 panis
2971 671 3208 727 coalestis
3224 679 3279 726 et
3302 671 3482 725 cibum
3511 668 3710 726 Christi

2111 763 2380 818 venientis
2423 762 2754 818 ostenderet.
2795 761 2912 821 Illic
2964 763 3110 816 enim
3141 762 3257 816 sine
3285 759 3599 816 discrimine
3623 761 3706 818 vel

2110 872 2272 912 sexus
2302 855 2387 911 vel
2414 856 2588 910 aetatis
2618 871 2809 926 gomor
2837 870 2863 906 a
2899 855 3121 925 singulis
3150 857 3173 885 ε
3208 853 3535 924 .equalitater
3554 853 3708 908 colli-

2109 949 2533 1022 gebatur.Unde
2553 949 2842 1022 apparebat
2869 948 3072 1004 Christi
3107 947 3490 1020 indulgentiam
3523 954 3578 1002 et
3604 961 3709 1001 ete-

2114 1043 2302 1098 lestem
2325 1045 2552 1113 gratiam
2584 1041 2926 1114 postmodum
2957 1051 3260 1097 secuturam
3285 1039 3564 1111 aequaliter
3585 1056 3706 1094 om-

2112 1134 2270 1188 nibus
2303 1134 2469 1188 dividi
2501 1136 2618 1189 sine
2645 1149 2806 1189 sexus
2838 1134 3118 1200 varietate,
3152 1133 3268 1188 sine
3299 1149 3566 1186 annorum
3595 1132 3707 1188 dis-

2111 1227 2361 1296 crimine,
2396 1228 2514 1284 sine
2551 1230 2865 1298 acceptione
2887 1244 3152 1299 personae,
3185 1243 3348 1298 super
3372 1241 3587 1282 omnem
3614 1227 3706 1284 Dei

2112 1323 2364 1392 p0pulum
2389 1324 2643 1394 spiritalis
2668 1323 2851 1394 gratia:
2874 1339 3072 1378 munus
3095 1322 3318 1377 infundi.
3337 1320 3502 1376 Plane
3518 1321 3705 1376 eadem

2110 1417 2282 1486 gratia
2315 1414 2588 1486 spiritalis,
2627 1431 2746 1486 qua:
2794 1416 3070 1486 aequaliter
3095 1412 3121 1452 ἀ
3148 1416 3198 1468 ἱιι
3231 1415 3505 1485 Baptismo
3537 1429 3567 1466 a
3591 1429 3709 1470 ere-

2116 1505 2365 1562 dentibus
2392 1507 2640 1571 sumitur,
2663 1507 2713 1558 iu
2743 1509 3150 1561 conversatione
3169 1514 3328 1576 atque
3353 1513 3477 1559 actu
3507 1515 3695 1560 nostro

2113 1599 2455 1669 postmodum
2477 1600 2558 1652 vel
2583 1580 2844 1653 niiuuitur
2870 1599 2951 1654 vel
2980 1610 3235 1668 augetur;
3259 1608 3314 1652 ut
3338 1598 3390 1652 in
3421 1597 3707 1669 Evangelio

2112 1689 2447 1746 dominicum
2477 1705 2663 1745 semen
2694 1691 2971 1762 atqualiler
3019 1693 3334 1756 seminatur,
3366 1690 3458 1745 sed
3493 1705 3587 1760 pro
3615 1705 3708 1745 va-

2111 1786 2302 1857 rietate
2333 1796 2488 1840 terra:
2518 1785 2665 1840 aliud
2697 1784 3016 1851 absumitur,
3050 1785 3192 1839 aliud
3236 1785 3287 1839 iu
3321 1783 3704 1839 multiformem

415 1888 553 1945 aqua
577 1873 796 1930 salutari
827 1884 1032 1930 tantum
1067 1874 1268 1946 perfusi
1295 1874 1400 1929 sint
1426 1873 1476 1944 ι’,
1505 1875 1598 1931 sed
1632 1875 1818 1930 inanes
1839 1884 1892 1929 et
1911 1891 2004 1930 va-
2038 1895 2083 1954 Β
2110 1879 2317 1950 copiam
2339 1880 2422 1934 vel
2449 1878 2704 1934 tricesimi
2734 1879 2814 1932 vel
2842 1879 3161 1950 sexagesimi
3188 1878 3268 1933 vel
3300 1877 3583 1932 eentesimi
3609 1893 3706 1931 nu-

419 1968 505 2022 cui
533 1975 678 2035 sunt,
705 1982 809 2022 non
831 1966 1188 2038 decipiantur,
1207 1978 1263 2022 ut
1289 1968 1333 2022 si
1367 1965 1761 2022 incommodum
1786 1967 2006 2037 languo—

413 2059 490 2114 ris
529 2059 804 2115 evaserint
851 2070 905 2115 et
933 2062 1326 2128 convaluerint,
1359 2055 1713 2132 baptizentur.
1739 2060 1793 2115 Si
1825 2070 2002 2115 autem

413 2150 674 2222 baptizari
707 2168 814 2208 non
846 2164 1073 2222 possunt
1097 2158 1185 2224 qui
1205 2157 1314 2224 jam
1346 2154 1612 2224 baptismo
1639 2153 2005 2208 ecclesiastico

413 2241 732 2300 sanetiﬁcati
760 2255 906 2310 sunt,
938 2261 1034 2300 cur
1055 2245 1107 2300 in
1149 2245 1254 2300 lide
1281 2261 1374 2300 sua
1401 2257 1454 2300 et
1484 2243 1693 2300 Domini
1726 2243 2004 2316 indulgen-

413 2335 486 2388 tia
514 2334 980 2391 seandalizautur?
999 2337 1078 2391 An
1097 2337 1369 2393 consecuti
1396 2348 1519 2392 sunt
1535 2337 1751 2408 quidem
1775 2338 1999 2408 gratiam

414 2424 756 2494 dominicam,
792 2428 888 2483 sed
928 2429 1174 2484 breviore
1203 2437 1256 2482 et
1301 2429 1509 2484 minore
1539 2445 1784 2484 mensura
1817 2445 2002 2484 mune-

414 2519 494 2572 ris
541 2518 708 2575 divini
740 2536 802 2576 ac
855 2521 1084 2592 Spiritus
1115 2523 1283 2578 sancti
1313 2565 1326 2588 ,
1354 2531 1412 2578 ut
1461 2522 1759 2578 habeantur
1785 2523 2000 2595 quidem

409 2611 711 2684 christiani,
747 2631 854 2672 non
886 2617 993 2670 sint
1023 2626 1202 2672 tamen
1232 2617 1445 2672 caeteris
1467 2617 1826 2688 adaequandi?

483 2704 626 2762 XIV.
659 2707 800 2775 Quin
829 2710 993 2763 immo
1021 2707 1254 2778 Spiritus
1296 2720 1513 2763 sanctus
1557 2725 1663 2765 non
1690 2710 1758 2765 ad
1787 2726 2004 2766 mensu-

409 2811 524 2852 ram
549 2797 724 2866 datur,
744 2800 835 2855 sed
866 2815 1027 2870 super
1047 2800 1353 2855 credentem
1377 2810 1518 2856 totus
1535 2801 1841 2857 infunditur.
1864 2802 1996 2860 Nam

412 2889 460 2944 si
484 2889 599 2947 dies
619 2893 868 2948 omnibus
889 2896 1166 2965 aequaliter
1184 2894 1440 2962 nascitur,
1458 2904 1513 2950 et
1534 2896 1577 2950 si
1609 2896 1686 2950 sol
1710 2912 1872 2967 super
1892 2913 2000 2952 om-

409 2999 508 3040 nes
551 2986 666 3055 pari
693 2985 768 3041 'et
809 2987 998 3058 aequali
1039 2987 1158 3042 luce
1201 2986 1539 3054 diffunditur,
1583 2999 1783 3059 quanto
1831 2991 1995 3061 magis

405 3075 655 3132 Christus
685 3079 765 3133 sol
791 3088 845 3133 et
872 3079 997 3135 Dies
1020 3095 1178 3135 verus
1198 3080 1252 3135 in
1284 3079 1523 3136 Ecclesia
1556 3097 1647 3136 sua
1677 3081 1855 3138 lumen
1880 3083 2000 3139 vitae

405 3178 627 3227 aeternae
655 3169 774 3242 pari
797 3173 1104 3244 mqualitate
1127 3173 1384 3245 largitur?
1405 3173 1571 3244 Cujus
1586 3176 2001 3247 aequalitatissa-

2112 1975 2246 2028 meri
2279 1973 2453 2028 fructu
2504 1972 2831 2028 exuberante
2861 1973 3184 2027 cumulatur.
3220 1969 3408 2027 Adhuc
3437 1986 3561 2025 vero
3582 1986 3704 2025 cum

2109 2068 2302 2140 singuli
2330 2067 2394 2122 ad
2417 2067 2697 2123 denarium
2726 2078 3004 2136 vocentur,
3025 2067 3150 2139 quid
3179 2076 3261 2121 est
3290 2076 3346 2120 ut
3368 2063 3510 2137 quod
3537 2080 3565 2120 a
3595 2065 3706 2120 Deo

2112 2161 2391 2232 aequaliter
2413 2161 2749 2218 distribuitur
2767 2159 3000 2216 humana
3023 2159 3471 2232 interpretatione
3497 2158 3706 2216 minua-

2110 2261 2197 2309 tur
2236 2253 2260 2309 ?

2181 2349 2297 2404 XV.
2331 2349 2482 2419 Quod
2509 2351 2556 2405 si
2585 2351 2780 2424 aliquis
2831 2352 2882 2406 in
2913 2353 3004 2408 illo
3046 2359 3291 2407 movetur
3318 2348 3459 2421 quod
3484 2347 3700 2418 quidam

2104 2442 2172 2498 de
2201 2445 2264 2498 iis
2292 2444 2378 2513 qui
2407 2444 2534 2514 aegri
2565 2443 2900 2514 baptizantur
2921 2455 2944 2482 ε’
2963 2444 3243 2515 spiritibus
3264 2442 3440 2498 adhuc
3465 2442 3702 2498 immun-

2103 2536 2188 2590 dis
2227 2545 2500 2592 tentantur
2534 2533 2578 2601 i,
2611 2539 2747 2593 sciat
2793 2539 2988 2594 diaboli
3031 2539 3322 2611 nequitiam
3371 2538 3703 2608 pertinacem

2104 2645 2274 2701 usque
2300 2629 2366 2684 ad
2392 2645 2583 2702 aquam
2637 2632 2929 2687 salutarem
2959 2632 3159 2699 valere,
3185 2633 3235 2686 in
3268 2631 3545 2702 Baptismo
3573 2646 3703 2687 vero

2104 2740 2265 2781 omne
2292 2726 2542 2797 nequitiae
2568 2742 2682 2783 suae
2720 2727 2867 2782 virus
2896 2727 3164 2782 amittere.
3192 2726 3345 2798 Quod
3391 2726 3701 2797 exemplum

2103 2817 2373 2873 cernimus
2403 2819 2456 2874 in
2498 2835 2623 2890 rege
2668 2820 2948 2876 Pharaone
2977 2821 3090 2890 qui,
3121 2821 3208 2876 ditt
3237 2820 3529 2875 reluctatus
3559 2828 3614 2875 et
3643 2819 3696 2874 in

2103 2926 2199 2966 sua
2231 2912 2452 2983 perﬁdia
2503 2912 2814 2970 demoratus
2868 2915 3070 2970 tamdiu
3120 2914 3378 2970 resistere
3432 2913 3606 2984 potuit
3646 2922 3701 2969 et

2103 3005 2399 3076 prazvalere
2438 3005 2611 3062 donee
2635 3006 2703 3064 ad
2735 3024 2926 3080 aquam
2956 3007 3161 3064 veniret
3187 3025 3200 3060 :
3226 3022 3332 3078 quo
3360 3022 3482 3062 eum
3513 3006 3697 3062 venis-

2103 3107 2208 3165 set,
2239 3107 2294 3152 et
2318 3102 2487 3153 vietus
2511 3107 2596 3154 est
2624 3109 2677 3154 et
2715 3101 3006 3156 extinctus.
3034 3099 3181 3155 Mare
3218 3108 3398 3154 autem
3453 3097 3580 3156 illud
3612 3115 3701 3155 sa-

2105 3200 2437 3245 cramentum
2459 3190 2716 3262 Baptismi
2743 3190 2909 3248 fuisse
2936 3191 3177 3250 declarat
3205 3191 3393 3248 beatus
3423 3192 3698 3262 apostolos

1634 3293 1931 3355 LECTION
1939 3303 2018 3358 ES
2057 3304 2480 3367 VARIANTES.

468 3385 495 3450 ἓ
530 3383 829 3450 Christianus
846 3385 1111 3450 iudicatur,
1139 3388 1360 3450 quisquis
1387 3387 1519 3439 Lam.

462 3448 492 3488 h
526 3447 578 3510 Si
604 3451 773 3498 inanes
797 3447 919 3498 Bod.
944 3451 990 3510 1,
1016 3452 1062 3499 2.
1093 3447 1222 3498 Lam.
1254 3447 1371 3500 Lim.
1399 3450 1541 3500 Ebor.
1568 3450 1679 3503 ΝΕ.
1709 3453 1753 3501 1.

466 3514 489 3541 σε
526 3509 707 3561 Gemor
730 3509 1184 3576 singuliﬁqualiter
1199 3513 1496 3576 colligebant
1515 3514 1647 3564 Lam.
1672 3518 1720 3567 Ν
1726 3516 1780 3566 C.
1808 3519 1853 3567 2.
1883 3518 1984 3568 Lin.

2018 3395 2062 3458 C
2159 3397 2186 3436 ἀ
2223 3399 2498 3465 ᾼίίιυειιίιεπ
2524 3401 2853 3464 colligebatur
2890 3398 3200 3465 Lam._Ebor.
3229 3404 3276 3454 Ν
3283 3400 3336 3452 C.
3367 3401 3414 3451 l.

2163 3466 2186 3526 ῗ
2220 3462 2593 3526 llaiitizaliautur
2621 3462 2751 3514 Laut.
2782 3465 2892 3514 ΝΟ.
2921 3465 2966 3514 1.
2993 3462 3136 3526 Ebur.

2160 3522 2183 3562 ί
2219 3522 2554 3578 'l‘entabantur
2580 3529 2712 3578 Lam.
2741 3527 2865 3578 Bod.
2894 3527 2940 3589 1,
2966 3529 3013 3577 2.
3038 3524 3183 3577 Ebor.
3215 3525 3324 3578 ΝΟ.
3350 3526 3396 3576 1.

1621 3619 1862 3676 STEPH.
1907 3624 2176 3685 BALUle
2217 3631 2450 3688 NOT/E.

401 3711 561 3782 plana
589 3720 639 3765 et
661 3720 766 3766 tota
803 3711 930 3780 ﬁdes
967 3719 1014 3766 et
1039 3711 1208 3766 dantis
1233 3721 1280 3765 et
1309 3711 1554 3765 sumentis
1581 3713 1848 3780 accipitur.
1881 3713 1994 3784 Ego

402 3784 581 3852 putavi
611 3783 956 3853 rejieiendum
1000 3799 1103 3838 non
1134 3798 1254 3839 esse
1279 3798 1600 3838 consensum
1631 3793 1709 3837 tot
1751 3783 1991 3842 veterum

402 3853 685 3920 librorum,
714 3856 954 3924 quamvis
985 3855 1242 3925 Rigallius
1273 3864 1326 3908 et
1355 3855 1518 3908 editio
1545 3854 1824 3924 anglieaua
1859 3858 1991 3911 reti-

405 3926 626 3979 nuerint
649 3925 1079 3981 emendationem
1117 3925 1348 3979 Erasmi.

475 3995 681 4051 Xlll.-—
702 3995 940 4051 Clinicus.
960 3997 1031 4051 Ita
1066 3998 1303 4066 plerique
1322 3995 1439 4050 libri
1456 4005 1682 4051 veteres.
1706 3995 1761 4049 lu
1777 3998 1991 4067 quibus-

401 4067 526 4123 dam
565 4069 822 4137 scriptum
853 4078 935 4123 est
986 4070 1384 4122 characteribus
1432 4070 1622 4137 graecis
1683 4070 1992 4137 majusculis

399 4151 696 4195 ΚΛΕΝΙΚΩΣ
711 4149 761 4192 et
779 4140 863 4194 hic
876 4148 930 4194 et
947 4141 1102 4209 paulo
1120 4151 1256 4209 post.
1277 4139 1633 4211 lliermiymu_s
1659 4141 1707 4193 in
1723 4141 1992 4210 cpitaphio

397 4211 637 4266 Fabiolae
665 4229 677 4264 :
709 4211 867 4278 Quem
897 4213 1088 4264 nudum
1117 4223 1162 4264 et
1187 4212 1426 4264 clinicum
1455 4209 1553 4264 non
1579 4209 1807 4265 Fabiolae
1836 4209 1985 4266 vestio

397 4293 570 4337 menta
612 4282 880 4336 texerunt?
909 4283 973 4336 Et
1013 4284 1172 4352 paulo
1201 4292 1317 4350 post
1343 4301 1353 4335 :
1388 4284 1515 4349 Quis
1546 4282 1842 4336 clinicorum
1889 4301 1990 4338 non

397 4355 514 4421 eius
543 4356 867 4424 facultatibus
897 4364 1202 4408 sustentatus
1237 4364 1326 4406 est.
1373 4354 1507 4408 Vide
1553 4355 1813 4408 lleriberti
1846 4355 1980 4410 Ros-

401 4427 579 4496 weydi
617 4424 976 4479 Onosmaticon
1007 4427 1073 4479 ad
1126 4427 1260 4478 vitas
1290 4425 1528 4489 Patrum,
1563 4425 1766 4480 Petavii
1797 4428 1982 4480 obser-

397 4497 736 4582 vationes‘ad
765 4497 1136 4580 Epiphanitun,
1166 4497 1504 4582 Beveregium
1532 4498 1599 4582 ad
1619 4512 1878 4582 CilltOllel'l‘l
1909 4515 1982 4553 xu
2011 4521 2062 4582 ι)

397 4565 623 4622 Concilii
655 4566 1119 4631 Neoctesarieusis,
1149 4578 1201 4622 et
1240 4565 1557 4636 glossariqu
1588 4569 1808 4622 latinum
1835 4569 1979 4623 Cau-

398 4639 502 4709 gii.
523 4637 658 4692 Vide
684 4638 856 4709 etiam
876 4637 1168 4693 Martialem
1188 4681 1202 4703 ,
1235 4642 1326 4693 lib.
1361 4656 1404 4703 ι,
1439 4641 1606 4709 epigr.
1637 4640 1727 4694 87.

477 4708 756 4765 Soranum.
815 4708 1128 4765 MBlllOdleU
1187 4708 1480 4765 medicinae
1516 4708 1983 4768 instructissimum

399 4793 706 4844 auetorem,
756 4791 813 4833 ut
855 4796 975 4834 eum
1023 4794 1179 4835 vocat
1225 4779 1588 4835 'l‘ertullianus
1633 4783 1684 4836 in
1735 4783 1873 4836 libro
1918 4784 1984 4838 ile

399 4853 594 4907 Anima
618 4851 925 4924 ;medicin:e
956 4855 1229 4924 doctorem
1259 4853 1669 4916 nobilissimum,
1694 4865 1747 4907 ut
1776 4853 1986 4924 Augus-

402 4925 568 4989 tinus,
603 4924 639 4977 Ι.
666 4939 721 4988 v,
747 4923 1005 4978 adversus
1034 4923 1305 4978 lulianum
1332 4925 1668 4993 Pelagianqu
1697 4936 1751 4979 et
1797 4923 1891 4979 lib.
1946 4943 1985 4982 ll

402 4993 644 5050 Retraet.
672 5009 790 5064 cap.
838 4994 924 5048 62.
961 4995 1100 5049 Duos
1129 4995 1284 5049 istius
1324 4997 1554 5050 nominis
1598 5013 1838 5052 summos
1873 5013 1982 5052 me-

402 5066 550 5120 dicos
591 5075 981 5120 commemorat
1013 5066 1224 5130 Suidas,
1257 5077 1537 5136 utrumque
1566 5067 1874 5135 Ephesium.
1910 5069 1983 5123 De

403 5147 524 5192 utro
553 5152 739 5192 eorum
778 5141 845 5191 sit
884 5137 1285 5208 intelligendum
1332 5140 1472 5206 (mod
1523 5139 1640 5193 istic
1667 5139 1738 5192 ait
1768 5149 1984 5194 sanctus

402 5209 718 5282 Cyprianus,
768 5223 834 5262 an
882 5224 1016 5282 vero,
1053 5207 1118 5282 de
1164 5207 1327 5282 Cilice
1357 5219 1712 5282 cognomento
1741 5209 1973 5282 Mallote,

402 5279 558 5348 cujus
604 5284 763 5334 etiam
805 5279 1045 5334 meminit
1084 5280 1308 5345 Suidas,
1337 5279 1558 5335 difﬁcile
1598 5282 1743 5334 dictu
1773 5290 1872 5334 est.
1912 5281 1985 5336 De

398 5351 565 5406 Cilice
636 5353 719 5406 hic
781 5351 865 5420 agi
917 5351 1157 5406 fortassis
1208 5352 1328 5405 hinc
1379 5352 1553 5420 colligi
1611 5362 1790 5420 posset
1839 5352 1982 5417 quod

399 5421 848 5493 Asclepiodotus,
887 5432 944 5476 ut
984 5423 1124 5478 idem
1156 5423 1346 5477 Suidas
1382 5423 1483 5486 ait,
1528 5422 1794 5477 uetuiuem
1839 5425 1982 5477 θιιιίι

396 5495 646 5562 quiorum
676 5493 1001 5564 medicorum
1028 5506 1144 5560 post
1167 5495 1536 5562 Hippocratem
1561 5495 1819 5564 probabat
1845 5509 1983 5564 prae-

398 5573 492 5619 ter
536 5567 674 5618 hune
695 5563 938 5618 Cilicem.
986 5564 1117 5619 Nam
1153 5565 1452 5634 Cyprianus
1499 5563 1877 5632 l-lippoeratetii
1930 5575 1984 5620 et

398 5637 667 5690 Soranum
686 5636 956 5706 conjungit
976 5646 1242 5701 tattiuuam
1263 5635 1612 5704 peritissimos
1630 5637 1979 5692 medicorum.

397 5709 592 5761 Sorani
624 5709 816 5762 medici
839 5725 997 5776 opera
1025 5709 1326 5762 latiuizasse
1352 5722 1410 5760 se
1438 5708 1625 5761 scribit
1650 5707 1846 5763 CiDlllIS
1872 5711 1982 5763 Au-

397 5778 639 5851 relianus
687 5779 968 5851 Siccensis,
1023 5779 1112 5833 lib.
1149 5795 1183 5832 u
1215 5779 1281 5833 de
1321 5777 1518 5832 Morbis
1544 5780 1734 5843 aeutis,
1796 5796 1914 5851 cap.
1950 5783 1974 5835 l

358 5895 362 5898 .
398 5857 466 5903 et
489 5850 576 5904 28.
613 5851 688 5906 De
717 5848 909 5906 eodem
938 5852 1016 5906 sie
1053 5851 1239 5908 scribit
1269 5851 1321 5906 in
1362 5851 1676 5919 prazl'atione
1721 5848 1978 5910 librorum

2096 3722 2360 3798 deitardis
2385 3725 2732 3781 Passionihus
2763 3744 2774 3781 :
2810 3725 3049 3782 Somnus
3079 3727 3373 3798 plenissime
3398 3734 3699 3781 cunctarum

2097 3795 2410 3868 diligentiam
2461 3798 2673 3852 tradidit
2722 3808 2874 3866 atque
2922 3795 3144 3868 speciale
3189 3815 3378 3866 corpus
3429 3800 3696 3868 scriptura:

2096 3867 2367 3938 forntavit,
2387 3869 2450 3922 de
2475 3871 2713 3936 passione
2739 3871 2924 3938 caiiitis
2947 3871 3093 3924 initia
3119 3885 3344 3925 statuens.
3375 3869 3450 3923 De
3474 3867 3696 3925 Stirauis

2096 3937 2218 3990 vide
2247 3937 2622 3993 bibliothecam
2655 3937 2896 3995 Latinam
2925 3940 3010 3994 Jo.
3053 3940 3258 3995 Albcrti
3291 3939 3542 3995 Fabricii.
3571 3938 3692 3994 Cir-

2095 4007 2468 4080 cumferuutur
2517 4009 2757 4079 epistolm
2805 4011 2875 4065 Μ.
2928 4013 3143 4065 Antonii
3187 4021 3240 4065 et
3277 4011 3577 4080 Cle0patra:
3625 4010 3692 4066 ad

2097 4077 2360 4133 Soranum
2393 4090 2448 4135 et
2490 4077 2643 4135 istius
2683 4082 3082 4152 responsiones.
3117 4077 3425 4136 Auctorcm'
3452 4082 3686 4152 illarum,

2096 4165 2216 4222 qum
2246 4161 2395 4205 certo
2436 4153 2580 4206 falsae
2626 4151 2849 4208 suntet
2890 4154 3223 4222 suppositio},
3275 4163 3487 4222 oportet
3526 4151 3692 4208 fuisse

2098 4221 2367 4276 hominem
2414 4223 2701 4279 admodum
2750 4226 2816 4278 ad
2853 4221 3193 4280 libidinosum
3225 4235 3280 4279 et
3315 4221 3601 4280 verborum
3628 4239 3691 4280 ae

2095 4305 2274 4347 rerum
2303 4296 2678 4350 obsemuarum
2712 4305 3005 4350 amatorem
3040 4293 3560 4350 libidinosissimum.

2168 4365 2244 4417 Ad
2271 4367 2565 4430 ﬁrmitatem
2589 4368 2860 4423 cwlestem.
2909 4367 3089 4422 Codex
3116 4368 3410 4432 Fuxensis,
3438 4366 3507 4419 ad
3528 4366 3691 4434 ﬁrmi-

2091 4443 2243 4510 tatem
2272 4437 2462 4492 caelein
2489 4440 2655 4510 gratia
2685 4441 2977 4510 plenissime
3004 4449 3169 4509 posset
3201 4441 3477 4508 pervenire.

2161 4507 2619 4564 Scandolizoutur.
2672 4507 2747 4568 Ita
2797 4507 3012 4567 veteres
3053 4507 3319 4566 editiOues
3361 4521 3414 4565 et
3459 4519 3692 4580 quatuor

2089 4578 2211 4633 libri
2240 4590 2476 4654 veteres.
2526 4583 2789 4636 Manutius
2819 4596 2872 4638 et
2919 4596 3036 4654 post
3068 4600 3188 4637 eum
3222 4579 3309 4636 alii
3354 4578 3692 4654 scripserunt

2087 4652 2578 4707 scandalizarentur.
2599 4656 2728 4722 Qua:
2757 4652 3130 4708 lectio'nititur
3156 4656 3474 4707 auctoritate
3497 4652 3688 4708 decem

2088 4733 2328 4796 veterum
2355 4727 2830 4795 eaeuiplariorum.
2858 4727 2970 4796 Ego
3024 4726 3250 4794 praefero
3301 4735 3566 4790 veterem,
3616 4725 3690 4780 ιιιί

2089 4795 2364 4869 meliorem
2386 4838 2408 4869 ,»
2433 4813 2553 4852 meo
2602 4798 2820 4869 quidem
2862 4795 3086 4868 judicio.
3120 4798 3291 4852 Erunt
3319 4797 3568 4854 fortassis
3599 4799 3690 4867 qui

2087 4866 2245 4920 aliter
2273 4867 2529 4922 sentient.

2158 4937 2574 5011 “lg—Manna
2601 4941 2861 5011 deﬂueret.
2889 4939 3071 4996 Codex
3099 4941 3268 4996 sancti
3295 4939 3559 5010 Arnulphi
3593 4939 3688 4992 de-

2089 5009 2303 5078 plueret.
2330 5009 2495 5065 ﬂeete
2524 5009 2780 5080 profecto.
2803 5012 2891 5066 Ps.
2922 5029 3126 5066 Lxxvli.
3148 5013 3213 5065 Et
3230 5013 3356 5078 pluit
3378 5009 3480 5067 illis
3501 5028 3689 5067 manna

2088 5082 2156 5132 ad
2183 5082 2615 5136 manducandum.
2661 5081 2978 5137 Colluntella
3011 5126 3025 5150 ,
3075 5085 3168 5138 lib.
3201 5101 3270 5138 χε

2212 5172 2366 5236 Inque
2387 5177 2522 5224 sinus
2542 5175 2709 5223 matris
2733 5174 2947 5224 violento
2965 5174 3157 5240 depluit
3180 5175 3356 5226 imbre.

2087 5253 2332 5313 Tibullus
2371 5259 2468 5314 lib.
2506 5276 2559 5327 Χ,
2611 5260 2748 5330 eleg.
2783 5260 2834 5315 5.

2214 5351 2394 5401 Multus
2417 5360 2470 5403 ut
2503 5357 2554 5403 in
2589 5362 2747 5402 terras
2771 5354 3132 5419 deplueretque
3158 5355 3294 5418 lapis.

2087 5432 2451 5490 Tertullianus
2483 5439 2678 5492 iulibro
2703 5439 2769 5493 de
2798 5439 3060 5494 Patientia
3081 5483 3096 5507 ,
3127 5451 3240 5509 post
3293 5458 3495 5496 mant
3549 5460 3688 5498 esca-

2088 5509 2242 5562 bilem
2272 5509 2516 5576 pluviam.

2162 5579 2474 5654 Qstenderet.
2501 5581 2736 5649 Quatuor
2768 5583 2885 5638 libri
2920 5594 3136 5639 veteres
3178 5586 3500 5654 exprimeret.

2160 5651 2351 5706 XV.—
2369 5649 2737 5726 Teutabantur.
2761 5657 2954 5726 Viginti
2979 5667 3032 5710 et
3055 5671 3193 5709 unus
3217 5649 3335 5712 libri
3358 5667 3568 5714 veteres
3596 5663 3690 5716 lia-

2086 5720 2213 5797 beut
2237 5723 2579 5797 leutubautur.
2605 5725 2708 5780 Sed
2737 5720 2911 5781 tanien
2936 5727 3117 5792 iidem,
3140 5745 3324 5796 pauets
3352 5729 3616 5797 exceptis,
3640 5745 3697 5788 et

2086 5796 2323 5870 quinque
2361 5796 2636 5870 Anglicani
2662 5798 2859 5870 habent
2887 5800 3046 5870 paulo
3069 5807 3195 5870 ante
3228 5801 3583 5866 baptizautur.
3606 5796 3610 5797 ί
3632 5806 3704 5859 At

2135 5871 2379 5926 eecensis
2407 5876 2462 5922 et
2486 5867 2650 5924 editio
2673 5867 2901 5927 Morcllii
2929 5869 3129 5925 habent
3157 5868 3596 5944 baptizabantur.
