4262 6236
577 314 711 372 HM

1819 312 2185 371 CONCILIUM
2222 310 2604 375 lCONlENSE.

3722 310 3865 368 “52

576 430 773 491 Paulus
798 430 982 489 dicens
1010 447 1023 486 :
1074 431 1212 488 Nolo
1239 432 1371 488 enim
1413 447 1502 489 vos
1525 431 1782 504 ignorare,
1814 433 2017 503 fratres,
2043 434 2161 499 quia
2191 434 2236 492 A
2270 429 2420 485 Rom.
2452 446 2562 497 χεν,
2589 428 2701 501 12).
2731 427 2870 501 Opto
2897 435 2971 501 te,
3012 426 3081 484 ﬁli
3114 426 3456 498 cltarissime,
3489 442 3711 502 semper
3728 429 3863 488 bene

578 536 747 597 patres
760 526 919 581 nostri
939 542 1110 580 omnes
1129 524 1218 580 sub
1248 525 1378 580 nube
1408 528 1631 596 fuertmt,
1656 535 1701 578 et
1724 540 1893 577 omnes
1923 540 2009 592 per
2028 540 2169 577 mare

576 620 906 682 transierunt,
930 628 977 672 et
999 634 1171 672 omnes
1195 618 1249 673 in
1285 617 1461 690 Moyse
1489 627 1513 653 ιι
1543 616 1787 682 baptizati
1814 626 1930 670 sunt
1957 616 2009 669 in
2040 615 2168 669 nube

575 721 621 767 et
651 713 703 765 in
729 712 859 765 mari
889 711 931 783 (l
955 712 1073 766 (ἴον.
1100 728 1159 778 x,
1185 714 1233 774 1,
1260 712 1315 771 2.
1350 713 1429 781 6).
1462 711 1519 766 Et
1551 710 1751 765 addidit
1778 713 1960 767 dicens
1992 728 2005 764 :
2044 709 2169 764 Hazc

572 813 740 858 autem
764 803 932 857 onmia
961 805 1141 876 ﬁgura:
1167 816 1355 859 nostra:
1385 808 1606 869 fuerunt.
1633 802 1785 871 Quod
1816 804 1974 858 hodie
2004 803 2165 857 etiam

572 898 798 969 geritur,
835 909 885 951 Ill
924 913 1021 967 per
1048 898 1346 953 ettorcistas
1389 912 1522 951 Voce
1554 896 1783 950 humana
1815 908 1863 949 et
1899 906 2166 966 potestate

574 990 751 1047 divina
788 989 1085 1061 ﬁftgc-lletur
1113 1001 1169 1046 et
1199 1003 1382 1045 uratur
1406 1001 1455 1045 et
1483 1002 1686 1061 torque:
1711 999 1797 1044 tur
1821 990 2083 1054 diabolus,
2114 1000 2170 1045 et

575 1099 694 1141 cum
716 1086 868 1140 exire
898 1099 957 1139 se
985 1093 1039 1139 et
1069 1084 1315 1141 homines
1340 1085 1429 1138 Dei
1458 1084 1728 1139 dimittere
1756 1100 1900 1152 saepe
1921 1084 2082 1150 dicat,
2115 1084 2165 1138 in

576 1193 641 1234 co
684 1188 858 1233 tamen
899 1179 1044 1249 quod
1068 1178 1262 1234 dixerit
1292 1178 1457 1242 fallat,
1488 1193 1536 1233 et
1571 1178 1619 1232 itl
1649 1179 1786 1247 quod
1819 1194 1912 1249 per
1937 1178 2170 1233 Pharao-

577 1287 699 1326 nem
733 1272 878 1342 prius
905 1281 1114 1344 gestum
1140 1282 1222 1325 est
1252 1270 1442 1325 endem
1487 1270 1765 1324 mendacio
1794 1270 2168 1325 obstinationis

576 1376 632 1421 et
665 1365 867 1421 fraudis
898 1376 1162 1423 exerceat.
1205 1366 1336 1421 Cum
1363 1378 1537 1422 tamen
1570 1367 1634 1421 ad
1658 1383 1847 1437 aquam
1878 1366 2165 1419 salutarem

576 1470 735 1531 atque
756 1459 821 1513 ad
851 1459 1106 1527 Baptismi
1123 1460 1601 1515 Sanctiﬁcationem
1626 1461 1857 1526 venitur,
1883 1459 2053 1514 scrire
2074 1458 2168 1513 dc-

578 1553 767 1609 bemus
785 1562 838 1607 et
865 1550 1030 1606 ﬁdere
1056 1554 1179 1622 quia
1207 1553 1313 1607 illic
1327 1552 1993 1622 diabolusopprimitur,et
2011 1554 2169 1605 homo

581 1647 695 1703 Deo
721 1646 931 1703 dit-atus
951 1647 1126 1701 divina
1156 1648 1483 1718 indulgentia
1514 1648 1786 1701 liberatur.
1810 1646 1939 1700 Nam
1964 1646 2006 1699 si
2033 1646 2171 1700 sicut

2273 527 2467 581 valcrc.

2681 637 3051 696 CONCILIUM
3090 636 3454 695 ICONIENSE

2348 774 2556 815 CONTRA
2585 772 2985 824 CATAPIIRYGAS,
3021 773 3369 815 CELEBBATUII
3400 773 3541 815 ANNO
3697 775 3792 815 SUB

2802 866 3077 908 ΒΤΕΡΒΔΝΟ
3119 868 3249 909 ΡΑΡΔ
3290 868 3328 910 lo

2343 991 2632 1046 Concilium
2688 992 2962 1048 iconicnse
3001 992 3239 1048 ltahitttm
3269 1004 3353 1049 est
3389 1009 3531 1050 anno
3561 994 3689 1054 258.
3732 1010 3862 1061 seu,

2270 1086 2469 1151 verius,
2500 1087 2628 1154 9.56,
2675 1085 2838 1141 lcowii
2871 1088 2921 1141 itt
2952 1088 3180 1159 Phrygia
3211 1131 3225 1148 .
3258 1089 3544 1143 occasione
3572 1086 3868 1160 Cataphryo

2271 1195 2453 1250 garum
2502 1179 2906 1243 Ita-reticorttm,
2961 1190 3018 1234 ut
3085 1180 3154 1235 de
3206 1181 3258 1251 ip
3288 1196 3440 1235 orum
3509 1182 3863 1253 omniumque

2273 1273 2495 1326 aliorum
2549 1272 2922 1328 hrrctiCornm
2971 1273 3313 1343 Baptismatis
3353 1273 3551 1334 Valere.
3586 1274 3711 1343 quid
3757 1284 3872 1326 sta-

2273 1364 2528 1419 tuendum
2560 1366 2627 1418 sit
2660 1365 3010 1433 inquirerent.
3047 1365 3119 1419 Ex
3152 1362 3508 1436 Cappadocia,
3536 1364 3871 1433 Cilit'ia,Ga-

2273 1455 2395 1510 latia
2424 1456 2645 1526 aliisque
2664 1457 2922 1525 proximis
2942 1456 3302 1512 Orientalibus
3326 1458 3635 1528 rcgiouihns
3651 1464 3869 1529 episco-

2279 1552 2327 1621 pi
2355 1550 2419 1604 ad
2452 1551 2586 1605 hanc
2615 1553 2876 1624 synodum
2920 1562 3262 1608 acces~ernnt
3294 1570 3306 1605 :
3338 1568 3366 1606 a
3396 1553 3592 1620 quibus
3623 1552 3873 1608 omnibus

2275 1646 2618 1700 cmtsdtutnm
2650 1661 2711 1700 ac
2736 1645 3010 1702 decretum
3036 1656 3119 1702 est
3151 1646 3280 1700 nihil
3304 1662 3489 1701 eorum
3517 1663 3638 1717 quae
3665 1647 3733 1701 ab
3761 1646 3874 1702 hm-

579 1740 775 1810 scorpii
808 1748 863 1794 et
892 1754 1016 1810 serp
1053 1740 1297 1803 ntes.qui
1327 1740 1378 1793 in
1398 1741 1542 1794 sicco
1564 1739 1875 1809 przrvaleut,
1906 1738 1956 1791 in
1980 1754 2168 1805 aquam
2207 1758 2252 1817 Β
2282 1737 2460 1790 reticis
2490 1736 2623 1793 faeta
2653 1745 2795 1800 sunt,
2823 1737 2892 1791 ab
2929 1738 3166 1793 Ecclesia
3207 1736 3467 1793 Catholica
3502 1738 3873 1805 recipiendum

579 1835 891 1907 praacipitati
946 1834 1237 1903 praevalere
1268 1850 1375 1889 non
1410 1848 1568 1904 possu
1596 1843 1629 1886 ιῑ
1662 1832 1689 1871 δ
1716 1846 1806 1887 aut
1834 1847 1929 1887 sna
1969 1845 2173 1886 venena

576 1929 810 1983 retinere
841 1928 986 1991 ¢,sic
1011 1928 1302 1998 ctspiritns
1326 1942 1553 1997 nequam
1570 1923 1720 1991 d,cui
1749 1926 1942 1994 scorpii
1974 1933 2028 1978 et
2058 1939 2171 1979 ser-

579 2029 766 2092 pentes
790 2020 1150 2090 appellantur,
1182 2032 1238 2076 et
1265 2030 1439 2074 tamen
1471 2034 1566 2089 per
1607 2034 1703 2072 nos
1734 2018 1857 2073 data
1885 2034 1913 2071 a
1948 2017 2174 2072 Domino

583 2123 850 2183 potestate
874 2115 1172 2175 calcantur.
1208 2129 1525 2184 permanere
1567 2112 1703 2168 ultra
1736 2128 1839 2167 non
1870 2122 2091 2182 possunt
2120 2112 2173 2167 in

578 2207 815 2264 hominis
844 2222 1095 2278 corpore,
1130 2208 1182 2263 in
1219 2223 1328 2280 quo
1353 2208 1623 2279 baptizato
1646 2210 1697 2262 in
1727 2205 2061 2262 sanctiﬁcato
2093 2206 2175 2261 in-

578 2302 705 2373 cipit
731 2302 962 2371 Spiritns
986 2312 1205 2358 sanctus
1229 2303 1492 2358 habitare.

649 2393 792 2451 XVI.
818 2395 927 2451 Hoc
956 2395 1187 2467 denique
1209 2404 1263 2451 et
1289 2398 1451 2451 rebus
1478 2397 1607 2466 ipsis
1633 2396 1963 2467 experimur,
1994 2406 2051 2450 ut
2082 2410 2176 2450 nc-

579 2491 834 2547 cessitate
881 2501 1106 2559 urgente
1138 2492 1189 2543 in
1236 2489 1553 2556 a-gritudine
1585 2489 1833 2555 baptizati
1867 2497 1917 2543 et
1948 2488 2173 2558 gratiam

581 2582 855 2638 consecuti
870 2593 1087 2638 careant
1103 2582 1379 2638 immundo
1395 2582 1581 2653 spiritu
1598 2596 1703 2652 quo
1715 2590 1870 2635 antea
1890 2582 2178 2635 moveban-

588 2682 696 2738 tur,
725 2683 780 2729 et
810 2674 1105 2731 laudabiles
1142 2690 1205 2729 ac
1245 2675 1548 2742 probabiles
1593 2675 1643 2729 in
1699 2673 1938 2729 Ecclesia
1974 2674 2171 2739 vivant,

582 2769 810 2843 plusque
839 2785 933 2840 per
947 2768 1064 2824 dies
1090 2770 1327 2842 singulos
1359 2771 1410 2826 in
1433 2781 1779 2841 augmentum
1804 2771 2043 2826 caelestis
2060 2785 2179 2841 gra-

584 2863 673 2919 tia:
702 2878 797 2934 per
828 2864 947 2918 ﬁdei
992 2864 1321 2919 incrementa
1366 2864 1668 2934 proﬁciant.
1715 2865 1781 2919 Et
1808 2874 1995 2919 contra
2035 2880 2178 2935 sa-pe

585 2956 829 3011 nonnulli
854 2955 922 3011 de
955 2956 1060 3012 illis
1085 2957 1175 3028 qui
1206 2958 1322 3011 sani
1365 2957 1722 3028 baptizantur,
1757 2960 1799 3013 si
1833 2957 2175 3027 postmodum

585 3064 816 3121 peccare
835 3052 1120 3117 coeperint,
1138 3052 1328 3121 spiritu
1351 3050 1626 3106 immundo
1647 3052 1905 3106 redeunte
1933 3055 2175 3121 quatiun-

2280 1829 2846 1893 ess'ezordinatimtes,
2893 1830 3242 1900 Bap‘ionum,
3284 1845 3537 1884 manuum
3574 1830 3873 1901 impositio-

2280 1936 2396 1983 nes,
2420 1921 2628 1977 aliudve
2654 1938 2864 1977 sincrum
2891 1924 3115 1992 quodvis
3140 1922 3208 1976 ab
3235 1921 3503 1977 haereticis
3529 1921 3873 1978 administra-

2282 2024 2390 2068 tum
2434 2015 2722 2069 invalidum
2763 2030 2904 2070 esse.
2949 2015 3274 2084 Stephanus,
3319 2013 3553 2084 pontifex
3595 2013 3868 2070 Romanus

2279 2109 2560 2180 epi~c0pos
2581 2109 2884 2165 Orientales
2909 2111 3022 2165 hate
3037 2110 3423 2165 constituentes
3444 2109 3866 2164 excontmunicat

2278 2212 2332 2258 et
2368 2204 2673 2274 apostolica
2717 2202 2862 2258 sedis
2887 2203 3265 2258 communione
3298 2203 3468 2272 privat
3496 2220 3511 2257 :
3548 2204 3711 2273 ipsam
3739 2215 3866 2257 vero

2278 2297 2539 2369 synodum
2570 2297 2872 2362 erraticam,
2906 2308 3089 2351 contra
3117 2296 3499 2365 Apostolorum
3524 2295 3867 2351 traditionem

2279 2408 2563 2448 erroneum
2590 2392 2780 2463 dogma
2812 2390 3242 2452 confirmantem.
3269 2391 3539 2460 reprobat.
3570 2389 3871 2446 Orientales

2280 2486 2344 2540 ad
2376 2487 2688 2542 Pontilicem
2736 2502 2862 2541 suos
2894 2485 3109 2557 quidem
3145 2486 3344 2555 legatos
3366 2528 3382 2553 ,
3412 2486 3500 2555 qui
3532 2484 3601 2540 de
3629 2484 3788 2539 rebus
3817 2484 3866 2537 in

2281 2597 2395 2652 sytr
2420 2581 2489 2635 do
2528 2581 2694 2651 gestis
2733 2596 2913 2636 coram
2957 2578 3203 2647 pontiﬁce
3249 2579 3507 2634 rationem
3558 2580 3866 2643 redderent,

2281 2674 2624 2745 ablegarent;
2659 2689 2843 2728 verum
2875 2674 3100 2728 Romam
3132 2672 3319 2727 venien
3346 2688 3425 2733 es.
3456 2688 3484 2725 a
3519 2682 3707 2726 sancto
3753 2671 3871 2727 Ste-

2282 2766 2459 2837 phano
2489 2766 2737 2837 ponttﬁce
2766 2782 2936 2836 neque
2964 2765 3184 2836 reci'pti,
3221 2781 3392 2837 neque
3420 2766 3584 2820 auditi
3627 2766 3865 2823 fuerunt.

2282 2860 2363 2918 0h
2388 2877 2545 2933 quam
2581 2876 2792 2916 causam
2834 2860 3196 2927 Ftrmiliauus,
3230 2859 3490 2915 Cmsareze
3519 2859 3871 2929 Cappadocia:

2283 2959 2568 3026 episcopus
2593 2955 2656 3010 ad
2685 2955 3011 3026 Cvprianutn
3038 2970 3155 3010 eam
3188 2970 3306 3025 quae
3333 2965 3449 3010 acta
3478 2954 3635 3025 hujus
3662 2953 3869 3010 concilii

2284 3063 2520 3117 enarrat,
2549 3061 2601 3105 et
2630 3052 2696 3105 de
2723 3050 2908 3120 legatis
2950 3063 3052 3103 non
3077 3049 3272 3105 auditis
3302 3048 3455 3104 valde
3493 3048 3866 3119 conqueritur;

586 3153 700 3210 tur;
730 3152 781 3196 ut
817 3141 1157 3197 manifestum
1188 3142 1257 3197 sit
1277 3142 1549 3198 diabolum
1576 3145 1626 3197 in
1653 3144 1924 3214 Btptisino
1950 3143 2051 3198 ﬁde
2072 3159 2181 3199 cre-
2206 3113 2250 3176 C
2284 3148 2562 3210 epistolam
2596 3158 2908 3217 sequentem
2941 3145 3077 3201 hanc
3097 3146 3437 3217 conScripsit.
3483 3144 3710 3208 Βλιιοκη
3744 3157 3870 3198 ann.

586 3236 766 3290 dentis
793 3235 1029 3301 ctu-ludi,
1052 3236 1096 3291 si
1131 3234 1261 3291 ﬁdes
1292 3238 1631 3307 postmodum
1651 3236 1928 3305 defecerit,
1948 3238 2177 3308 regredi.

587 3326 700 3383 Nisi
718 3327 980 3399 sijnstntn
1009 3329 1327 3399 quihusdam
1359 3330 1569 3384 videtur
1591 3345 1644 3385 ut
1676 3332 1748 3385 illi
1780 3332 1868 3402 qni
1902 3344 2047 3386 extra
2078 3332 2179 3387 Ec-

589 3420 809 3475 clesiam
834 3421 972 3489 apud
999 3419 1340 3476 adver~arios
1356 3431 1410 3476 et
1435 3422 1780 3478 antichristos-
1805 3424 2021 3494 profana
2046 3440 2182 3496 aqua

589 3514 901 3587 polluuntur
923 3513 1169 3577 baptizati
1184 3514 1511 3581 judicentnr,
1536 3516 1587 3569 hi
1611 3532 1737 3571 vero
1755 3518 1841 3587 qtti
1871 3518 1920 3572 in
1943 3517 2183 3573 Ecclesia

591 3610 931 3680 baptizantur
958 3609 1135 3665 minus
1162 3610 1355 3676 indulg-
1380 3610 1504 3665 mia:
1535 3618 1590 3665 et
1620 3614 1804 3679 gratiae
1834 3611 2027 3666 divina:
2057 3628 2187 3666 con-

591 3706 759 3761 secuti
787 3720 906 3760 essc
931 3705 1233 3770 videantur,
1251 3713 1305 3759 et
1324 3712 1503 3767 tantus
1533 3707 1704 3761 honor
1733 3706 1991 3762 habeatur
2010 3709 2182 3763 haere-

592 3796 714 3853 ticis
736 3806 791 3851 ut
825 3796 946 3851 inde
975 3797 1254 3852 venientes
1283 3811 1387 3852 non
1410 3804 1809 3870 interrogentur
1827 3812 2077 3856 utrumne
2092 3802 2186 3858 loti

598 3891 706 3946 sint
733 3906 800 3945 an
831 3889 1056 3961 perfusi.
1088 3900 1339 3946 utrumne
1376 3892 1553 3947 clinici
1581 3893 1692 3947 sint
1734 3910 1799 3947 an
1831 3896 2183 3965 peripatetici,

596 3985 737 4054 apud
770 4001 867 4039 nos
896 3996 1075 4038 autem
1105 3986 1171 4038 de
1202 3985 1404 4056 integra
1447 3985 1568 4042 ﬁdei
1599 3988 1821 4044 veritate
1849 3989 2185 4053 detrahatur,

593 4086 648 4131 et
679 4077 949 4148 Baptismo
966 4075 1333 4134 ecclesiastico
1357 4077 1608 4148 tnajestas
1627 4095 1720 4135 sua
1740 4090 1792 4135 et
1813 4082 2070 4138 sanctitas
2091 4083 2189 4139 de-

592 4182 830 4238 regetur.

663 4260 828 4317 XVII.
884 4262 1181 4331 Rescripsi,
1215 4263 1286 4318 ﬁli
1335 4264 1674 4325 charissime.
1723 4266 1789 4320 ad
1841 4267 2045 4323 litteras
2072 4277 2191 4325 tuas

599 4368 857 4427 quantum
890 4373 1051 4429 parva
1081 4368 1261 4413 nostra
1309 4357 1653 4414 mediocritas
1684 4360 1870 4426 valuit,
1898 4370 1954 4416 et
1980 4363 2190 4417 ostendi

602 4452 730 4524 quid
758 4467 856 4506 nos
886 4462 1089 4507 tantum
1121 4453 1172 4506 in
1197 4453 1352 4507 nohis
1380 4461 1462 4508 est
1492 4454 1805 4521 sentiamus,
1827 4458 2021 4511 nemini
2049 4473 2189 4528 prte-

599 4544 899 4598 scribentes
925 4544 1211 4614 quominus
1240 4553 1437 4597 statuat
1475 4546 1617 4616 quod
1651 4557 1795 4616 ptttat
1828 4551 2192 4622 nnn~quisqne

598 4638 922 4710 pra-positus
946 4650 1098 4692 actus
1124 4637 1208 4692 sui
1235 4638 1493 4694 rationem
1522 4639 1746 4694 Domino
1773 4641 2193 4705 redditurus,se-

600 4733 839 4787 cundum
865 4732 1004 4798 quod
1035 4733 1225 4786 beatus
1248 4736 1526 4802 apostolus
1552 4734 1750 4788 Paulus
1778 4736 1828 4788 in
1852 4736 2074 4805 cpistola
2099 4754 2192 4794 sua

596 4828 662 4883 ad
685 4827 953 4881 Romanos
977 4825 1163 4880 scribit
1186 4835 1241 4881 et
1266 4826 1393 4881 dicit
1421 4843 1434 4881 :
1472 4827 1824 4897 Unusquisque
1848 4841 2075 4884 nostrum
2099 4849 2192 4901 pro

596 4936 651 4976 se
701 4919 947 4974 rationem
991 4918 1150 4976 dabit.
1183 4918 1307 4976 Non
1353 4937 1471 4993 ergo
1520 4938 1611 4977 nos
1657 4922 1869 4978 invicem
1902 4925 2195 4992 judicemus

1810 5037 2100 5096 LECTION
2107 5041 2191 5099 ES

662 5177 689 5246 ξι
723 5174 780 5246 [ῃ
803 5173 1001 5246 Moysen
1028 5170 1291 5246 LamuLin:
1324 5174 1465 5246 Ebur.
1494 5175 1605 5228 ΝΟ.
1631 5177 1677 5234 1,
1704 5178 1749 5227 2,

599 5236 810 5353 Primi};
847 5236 977 5301 Lips.
1009 5243 1054 5288 et
1093 5244 1204 5288 vett.
1249 5238 1527 5289 Praevalere
1567 5248 1769 5305 possunt
1812 5242 1966 5294 Oxon.
2014 5240 2194 5306 R590“-

646 5318 675 5352 α
778 5338 789 5350 .

646 5318 769 5352 amet
778 5338 789 5350 .

2285 3241 2414 3303 Q58,
2448 3241 2537 3305 H,
2573 3240 2638 3295 15
2666 3250 2721 3293 et
2751 3239 2839 3294 16.

2354 3332 2570 3388 Certum
2609 3344 2711 3396 est,
2742 3332 2913 3403 inquit
2937 3332 3129 3403 Pagins
3157 3331 3221 3387 ad
3248 3346 3373 3387 ann.
3404 3330 3528 3385 Chr.
3561 3329 3684 3392 235,
3714 3345 3765 3383 n.
3802 3328 3870 3383 15

2287 3438 2340 3485 ct
2364 3430 2448 3491 16,
2481 3428 2762 3483 Concilium
2793 3427 3093 3493 lcouieuse,
3125 3429 3176 3482 in
3218 3443 3324 3493 quo
3368 3425 3705 3495 rehaptizatio
3760 3423 3869 3476 hac-

2288 3524 2573 3577 reticornm
2605 3524 2841 3584 decreta,
2869 3530 2993 3573 aute
3026 3518 3283 3590 Stephani
3326 3518 3686 3587 pontiﬁcatum
3732 3519 3872 3571 ccle—

2292 3616 2521 3672 bratnm.
2575 3614 2630 3670 Id
2688 3615 2829 3668 enim
2899 3614 3098 3670 diserta
3147 3622 3368 3669 testatur
3430 3612 3767 3667 Firmiliauus
3819 3611 3873 3665 in

2289 3709 2509 3778 epistola
2549 3707 2613 3762 ad
2654 3707 3001 3779 Cyprianum.
3040 3706 3130 3761 ulti
3168 3706 3237 3761 de
3264 3705 3526 3761 lcouiensi
3570 3702 3777 3776 synodo
3806 3704 3879 3759 ita

2287 3802 2562 3870 IOquilttr:
2597 3800 2747 3867 Quod
2795 3811 2952 3855 totum
2993 3816 3084 3853 nos
3130 3799 3433 3867 iampridem
3473 3800 3527 3853 in
3565 3797 3766 3856 Iconio.
3792 3798 3877 3867 qui

2294 3895 2537 3967 Phrygia:
2565 3896 2702 3949 locus
2726 3906 2817 3960 est,
2845 3894 3063 3957 cotlecti,
3092 3894 3143 3947 in
3173 3911 3327 3947 unum
3370 3893 3780 3948 convenientibus
3818 3909 3883 3947 ea:

2295 3988 2339 4041 (ἰ
2360 3989 2465 4041 .llta
2492 4002 2537 4041 et
2558 3986 2756 4049 Cilicia,
2791 3997 2836 4040 et
2871 3986 3063 4040 cwteris
3102 3986 3343 4055 proximis
3372 3985 3664 4056 regionibus
3694 3984 3881 4051 conﬁr-

2294 4082 2559 4135 mavimus.
2595 4081 2689 4136 Ubi
2721 4096 3014 4149 pronomen
3042 4096 3132 4134 nos
3163 4097 3267 4134 non
3292 4079 3359 4133 de
3385 4080 3552 4150 ipsius
3583 4078 3877 4134 Firmiliani

2295 4188 2544 4244 persooa,
2561 4173 2653 4227 sed
2670 4175 2844 4244 potius
2866 4174 2932 4228 de
2950 4173 3064 4243 ejus
3085 4172 3350 4227 decessori
3360 4174 3457 4227 bus
3474 4173 3840 4243 accipiendum
3862 4191 3877 4236 ;

2292 4281 2413 4323 cum
2446 4266 2786 4321 Ftrmilianns
2816 4282 2933 4322 eam
2964 4265 3223 4336 synodmn
3248 4265 3568 4337 jampridem
3595 4266 3883 4321 collectam

2292 4359 2544 4425 afﬁrmet,
2589 4372 2641 4414 et
2693 4360 2743 4413 in
2781 4358 2885 4412 ﬁoe
2919 4358 3159 4428 ejusdem
3190 4358 3428 4424 epistnlm
3481 4358 3669 4430 synodi
3725 4358 3885 4427 lmjus

2294 4460 2612 4507 vetustatem
2686 4451 3116 4507 manifestissime
3186 4452 3415 4517 indicet,
3472 4462 3523 4505 ut
3582 4452 3889 4507 observavit

2298 4548 2539 4603 Valesios
2566 4549 2616 4603 in
2644 4546 2793 4601 Notis
2831 4547 3131 4601 Eusebionis
3159 4545 3223 4601 ad
3251 4547 3347 4601 lib.
3374 4561 3468 4611 vn,
3499 4562 3615 4617 cap.
3647 4548 3699 4601 7.
3730 4546 3883 4610 Nam,

2295 4660 2414 4699 cum
2459 4643 2761 4713 Stephanus
2804 4658 2957 4712 pap-t,
2987 4640 3257 4714 Cypriano
3294 4642 3558 4707 scribens,
3607 4642 3890 4711 antiquam

2300 4739 2557 4795 Ecclesia:
2624 4740 3066 4794 c0nsuetudinem
3128 4741 3177 4792 iu
3249 4738 3567 4809 recipiendis
3618 4738 3891 4794 luet-elicis

2295 4834 2553 4888 adversus
2578 4843 2928 4888 assertatorcs
2954 4833 3076 4886 novi
3100 4831 3362 4900 dogmatis
3383 4838 3746 4901 apposuisset,
3772 4830 3891 4885 Fir-

2298 4928 2545 4983 milianns
2596 4933 2695 4982 hoc
2733 4937 3104 4997 argumentum
3142 4927 3398 4981 adversus
3443 4924 3602 4981 Afros
3660 4923 3892 4982 fortasse

2256 5042 2674 5102 VARIANTES.

2358 5184 2380 5212 ε
2422 5181 2658 5233 Retinere
2684 5183 2911 5232 nesciunt
2936 5184 3069 5231 Lam.
3100 5180 3239 5232 Ebor.
3270 5182 3376 5233 NG.
3404 5183 3447 5231 1.
3478 5181 3599 5231 Bod.
3624 5181 3672 5231 Ξ.

2364 5244 2391 5283 d
2427 5246 2499 5293 An
2524 5259 2548 5293 s
2582 5247 2723 5294 iritus
2748 5258 2954 5307 tthttam
2983 5246 3113 5307 Lam,
3144 5246 3181 5294 Ε
3208 5258 3281 5307 or.
3311 5244 3416 5295 NG.
3444 5247 3489 5296 1.
3518 5244 3645 5296 Bod.
3685 5246 3731 5297 2.
3768 5242 3895 5296 Pos-

2302 5315 2415 5359 sunt
2440 5318 2491 5359 et
2516 5309 2618 5372 spir
2641 5316 2717 5358 tus
2743 5303 2900 5360 Oxon.
2936 5303 3130 5359 Pamel.
3158 5306 3332 5373 Rigalt.

1806 5434 2046 5491 STEPH.
2089 5435 2359 5495 BALUZII
2400 5438 2621 5495 NUT/E.

605 5626 640 5679 Α
674 5553 736 5609 In
755 5553 883 5677 rulae
908 5561 952 5606 et
981 5554 1031 5608 in
1050 5554 1198 5609 mari.
1234 5553 1360 5612 Haac
1382 5568 1487 5610 non
1511 5562 1727 5615 exSIant
1750 5554 1800 5610 in
1824 5554 2010 5611 codice
2028 5556 2198 5611 sancti

652 5642 750 5679 rnu
780 5641 809 5679 ι»
829 5640 889 5679 ιι.

652 5640 889 5687 rnntpnt.

669 5695 808 5753 XVI.
836 5694 1122 5772 ς-βιὶηὶεἱ
1144 5714 1213 5750 an
1239 5698 1573 5772 peripatetici.
1613 5698 1721 5755 Nisi
1776 5706 2049 5772 constaret
2093 5698 2202 5769 hic,

592 5773 673 5842 agi
697 5776 772 5823 de
800 5766 992 5842 clunis,
1026 5772 1074 5824 nl
1100 5779 1183 5824 est
1214 5766 1544 5842 paralyticis,
1572 5773 1995 5842 facilepntarem
2017 5766 2198 5838 h-gen.

589 5832 712 5892 dum
749 5846 874 5888 esse
902 5832 1074 5905 Cynici
1096 5832 1316 5910 propter
1346 5832 1473 5899 lianc
1514 5849 1677 5905 verba
1718 5832 1941 5901 Seneca:
1987 5832 2211 5910 ex'epi.

2309 5558 2443 5613 stola
2474 5574 2600 5613 uix
2633 5578 2644 5612 :
2678 5558 2784 5614 Sed
2811 5556 2943 5612 idem
2970 5559 3064 5611 hoc
3086 5573 3257 5611 omnes
3280 5556 3494 5611 εποωηὶ
3520 5555 3671 5609 domo
3692 5556 3900 5610 concta.

2312 5637 2545 5697 manant,
2577 5629 2932 5701 Peripatetici,
2968 5630 3285 5694 Academici,
3315 5628 3507 5689 Stoici,
3540 5628 3739 5698 Cynici.

2384 5722 2547 5780 XV’ll.
2578 5754 2647 5765 -ι
2691 5721 2793 5776 Fili
2823 5722 3139 5779 charissime.
3178 5720 3360 5778 Codex
3415 5720 3589 5776 sancti
3631 5720 3899 5793 Araulplti

2316 5794 2473 5852 habet
2516 5796 2691 5866 frater.
