4262 6236
362 138 506 198 “55

356 350 554 406 ibidem
586 352 764 411 docet.
794 357 987 415 Contra
1014 361 1309 420 Orientales
1338 368 1532 423 nullam
1560 371 1662 425 vim
1688 373 1813 428 illtid
1849 374 1944 430 lia-

354 441 489 499 bere
515 444 866 513 demonstrat,
899 453 1037 521 apud
1068 470 1200 524 quos
1251 474 1463 530 semper
1490 462 1797 529 rt-haptizati
1830 469 1946 523 loe-

352 535 465 629 rint
495 537 755 607 lia-retici,
777 545 886 609 jam
917 543 1040 603 inde
1069 549 1137 604 ab
1168 549 1431 608 lconieiisi
1458 556 1683 627 synodo,
1719 575 1836 629 qua:
1875 560 1946 616 ob

351 626 703 687 Montanistas
732 633 903 691 luerat
932 637 1147 697 indicta.
1191 642 1284 698 His
1310 644 1455 699 addit
1479 646 1717 705 Valesius
1739 626 1945 723 illiony-

351 725 938 788 sium‘Alexaiidriiiuiii
980 734 1032 789 in
1061 739 1219 805 epist.
1264 740 1329 794 ad
1360 740 1720 800 Philemonem
1752 746 1946 802 Roma-

350 832 435 873 na:
467 821 616 877 urbis
648 825 1017 897 presbyterum
1039 870 1053 895 ,
1083 846 1240 901 quam
1270 835 1481 905 scripsit
1510 839 1609 893 sub
1640 839 1782 894 initia
1816 858 1946 911 putt-

352 911 585 970 tilicatus
619 915 767 987 Xysli
800 935 969 991 papae,
1014 924 1100 978 ubi
1132 926 1206 980 ait
1236 942 1250 981 :
1301 926 1446 982 Illud
1480 941 1724 999 prieterea
1764 934 1943 1004 didici,

353 1022 454 1060 non
482 1006 545 1060 ab
573 1007 715 1078 Afris
752 1012 874 1067 salis
905 1015 1038 1069 hunc
1063 1033 1251 1072 morem
1289 1036 1422 1075 nunc
1450 1025 1668 1091 primum
1699 1026 1946 1082 invectum

352 1101 527 1173 fuisse,
558 1104 648 1157 sed
667 1116 715 1159 et
742 1107 904 1162 multo
923 1122 1073 1165 antea
1099 1114 1417 1182 superiorum
1441 1118 1794 1187 episcoporum
1822 1131 1946 1175 tem-

353 1195 558 1263 poribus
585 1197 636 1250 in
659 1198 883 1254 ecclesiis
904 1202 1330 1273 popularissimis,
1351 1217 1395 1261 et
1418 1209 1469 1263 in
1484 1212 1709 1267 conciliis
1727 1215 1947 1283 fratrum

350 1288 493 1359 apud
518 1288 750 1346 Iconium
775 1304 821 1348 et
845 1295 1116 1367 Synnada,
1151 1314 1196 1355 et
1218 1304 1359 1373 apud
1385 1303 1515 1359 alios
1546 1307 1792 1374 plurimas
1814 1309 1948 1363 idem

347 1383 598 1438 sancitum
625 1385 803 1457 fuisse.
841 1388 974 1447 Hinc
993 1434 1007 1458 ,
1039 1398 1139 1448 sub
1167 1406 1410 1456 extrema
1444 1398 1731 1456 Alexandri
1759 1404 1946 1459 Severi

349 1482 615 1546 tempora,
645 1480 839 1549 quibus
869 1481 1208 1542 Firmiliatms
1228 1490 1293 1541 atl
1323 1490 1669 1548 (Imsarieusis
1697 1495 1946 1550 ecclesiae

348 1569 708 1626 sacerdotium
742 1589 933 1631 recens
975 1591 1248 1644 promotus
1278 1581 1484 1648 fuerat,
1518 1597 1573 1639 ut
1599 1588 1753 1643 docet
1783 1589 1948 1646 Ense-

346 1659 469 1717 bius
500 1663 551 1717 iii
583 1664 676 1719 lib.
702 1682 777 1733 νι,
809 1670 1072 1740 synodum
1097 1672 1426 1731 lconiensem
1455 1678 1733 1734 collccmm
1774 1683 1945 1736 credit
1974 1690 2021 1749 Β

350 1754 616 1821 Valesius,
679 1760 904 1833 ideoque
952 1775 1076 1822 ante
1106 1768 1338 1824 Cornelii
1370 1787 1518 1842 psipze
1556 1777 1941 1844 pontiﬁcatum.

349 1848 622 1908 Hactenus
669 1855 878 1925 Pagius.
908 1858 1234 1930 Hariluinus,
1264 1882 1317 1919 in
1364 1864 1545 1923 Indice
1578 1868 1941 1938 Canciliarum,

349 1946 480 1999 tomi
503 1961 539 2001 ι.
568 1945 732 2003 leonii
752 1963 798 2005 ei
819 1950 1084 2024 Synnadis
1105 1958 1327 2013 concilia
1344 1957 1519 2015 habita
1538 1976 1657 2016 e-se
1682 1978 1823 2018 anno
1839 1967 1945 2020 cir-

348 2037 485 2093 citer
505 2037 613 2095 255
638 2042 887 2098 afﬁrmat.
918 2047 992 2102 De
1021 2048 1101 2103 liis
1144 2049 1266 2106 vide
1300 2059 1355 2106 et
1384 2054 1735 2124 Augustinum
1761 2056 1854 2112 lib.
1887 2072 1943 2111 ιιι

348 2143 526 2190 contra
555 2134 816 2206 Crescan.,
848 2156 966 2213 cap.
1002 2144 1052 2208 1,
1084 2143 1137 2198 5.

980 2259 1309 2319 EPISTULA

349 2382 660 2436 FIRIILIANI,
694 2388 925 2430 EPIFCOPI
951 2390 1214 2433 CASSABEAE
1237 2394 1599 2445 CAPPADOCIB.
1625 2399 1692 2438 Αι)
1721 2398 1936 2440 CYPRU-

656 2484 764 2524 NUM
801 2485 1006 2527 CONTRA
1037 2488 1330 2529 EPISTHLAI
1356 2490 1635 2531 STEPHANI.

350 2582 669 2640 Anconem!
704 2602 912 2655 prorsus
962 2588 1184 2659 ejusdem
1224 2600 1299 2646 est
1340 2608 1453 2646 cum
1494 2593 1814 2661 prwcedenti,
1854 2594 1942 2648 sed

422 2677 577 2749 paulo
603 2678 940 2735 vehementius
959 2693 1003 2736 et
1030 2682 1258 2739 acerbius
1284 2702 1436 2755 quam
1454 2686 1743 2757 episcopum
1764 2686 1938 2742 deceat

422 2772 632 2842 scripta,
662 2789 722 2827 ea
746 2774 1081 2842 potissimam,
1107 2792 1352 2847 quantum
1377 2782 1624 2848 suspicor.
1660 2782 1722 2835 de
1748 2797 1902 2835 causa
1922 2822 1936 2845 ,

423 2868 558 2936 quod
581 2868 648 2921 ad
677 2866 985 2929 Firniiliani.
1016 2869 1266 2927 Helenum
1287 2885 1334 2928 et
1360 2886 1568 2929 caeteros
1589 2875 1797 2929 illarum
1823 2892 1941 2945 par-

424 2962 549 3015 tium
594 2964 856 3034 episcopos
899 2965 1191 3036 Stephanus
1231 2968 1387 3022 aliam
1431 2985 1628 3040 quoque
1673 2968 1941 3039 epistolam

418 3055 708 3127 scripserat,
731 3074 785 3112 se
817 3058 919 3112 illis
952 3076 1052 3114 non
1082 3061 1571 3116 communicaturum
1595 3062 1840 3131 quamdiu
1884 3064 1937 3115 in
1966 3095 2011 3160 Ο

420 3170 480 3208 ea
507 3155 753 3209 sententia
777 3155 840 3209 de
870 3157 1190 3226 baptizandis
1210 3158 1458 3213 literaticis
1484 3160 1841 3227 persisterent;
1866 3159 1941 3213 uti

419 3262 482 3299 ea:
508 3246 723 3313 epistola
755 3246 985 3319 Dionysii
1010 3249 1346 3304 Alexandrini
1364 3250 1431 3303 ad
1458 3248 1510 3304 X
1513 3252 1686 3315 istum,
1717 3250 1942 3321 Stepha-

418 3340 473 3394 ni
504 3356 863 3404 successorem,
891 3341 1033 3396 docet
1062 3340 1305 3398 Eusebius
1340 3341 1472 3397 Hist.
1511 3343 1705 3398 hccles.
1735 3343 1825 3399 lib.
1846 3360 1938 3410 vn,

415 3448 464 3488 c.
496 3434 552 3487 4.
587 3434 746 3504 Atque
767 3434 895 3487 adeo
926 3436 1158 3505 fortassis
1184 3437 1463 3491 consultius
1492 3441 1638 3507 foret.
1664 3454 1942 3510 numquam

333 3536 348 3600 ί
417 3527 606 3583 editam
651 3530 807 3600 fuisse
831 3528 962 3584 lianc
996 3530 1296 3600 epistolam,
1333 3531 1407 3585 ita
1433 3542 1487 3586 ut
1516 3543 1686 3603 putem
1712 3533 1943 3587 consulta

772 144 1104 209 El’lSTOLA
1142 150 1516 213 FIRMILIANI
1554 156 1645 214 AD
1691 152 2106 230 CYPRIANUM,
2137 164 2415 224 CONTRA
2458 166 2849 230 EPISTOLAM
2891 172 3256 235 STEPHANI.

358 257 541 315 Valere
568 257 728 326 dicit;
769 273 823 318 et
871 267 1137 336 qtioiitodo
1178 270 1291 326 Afri
1336 271 1387 327 id
1438 274 1668 331 refutare
1719 280 1939 347 possint,
1969 286 2022 343 Α

3505 181 3642 241 1154

2120 286 2258 339 illam
2286 288 2513 343 amisisse
2555 289 2855 347 Manutiam.
2910 293 3093 349 Verum
3140 313 3294 366 quum
3343 313 3375 351 a
3422 297 3640 356 Morelio

2121 380 2351 451 evulgato
2378 383 2461 440 sit.
2489 388 2867 453 praterntittere
2894 388 3038 442 nolui
3057 432 3071 448 .
3097 400 3201 444 tum
3224 392 3358 461 quod
3383 410 3461 446 res
3489 411 3643 463 quas-

2121 473 2238 526 dam
2286 478 2640 533 meniorandas
2669 482 2921 536 contineat
2944 525 2958 548 ,
2990 495 3094 537 tum
3125 486 3263 555 quod
3286 476 3503 543 antidoti
3531 490 3642 545 loco

2119 583 2228 621 esse
2251 580 2438 636 queant
2481 575 2628 625 verba
2655 575 2883 645 epistolte
2910 577 3033 631 dicti
3064 577 3297 651 Dionysii
3325 582 3392 635 ad
3420 582 3641 655 Stepha-

2120 674 2261 723 num,
2283 677 2435 725 quam
2459 662 2623 729 habet,
2651 666 2773 719 dicti
2798 668 2914 721 libr.
2946 685 2991 723 c.
3021 669 3075 732 '5,
3106 669 3375 739 Eusebius,
3398 684 3443 727 et
3464 676 3644 742 repetit

2122 751 2271 804 latius
2304 751 2626 821 Nicepliarus
2656 756 2791 812 Hist.
2820 760 2997 815 eccles.
3042 760 3131 817 lib.
3158 778 3229 827 vi,
3258 780 3303 817 c.
3335 764 3397 825 Ἲς
3449 782 3509 821 ex
3530 769 3642 836 qui-

2120 842 2210 897 bus
2241 844 2554 912 palinodiam
2584 849 2761 916 illam,
2792 852 2927 919 quod
2965 854 3126 921 aiunt,
3158 855 3396 911 cecinisse
3421 869 3640 913 constat.

2130 955 2148 988 ι
2173 936 2334 1002 Scito,
2357 941 2541 1010 inquit,
2562 946 2742 1012 frater,
2761 945 3030 999 orientales
3051 958 3199 1017 atque
3212 948 3361 1001 etiam
3382 948 3643 1006 ulteriores

2118 1032 2353 1087 ecclesias
2378 1050 2489 1103 quae
2525 1048 2673 1091 antea
2703 1038 3032 1103 dissidebant.
3057 1041 3126 1095 ad
3150 1045 3392 1099 unitatem
3416 1061 3522 1101 esse
3560 1064 3641 1103 re-

2121 1123 2319 1189 ductas,
2344 1143 2611 1199 omnesque
2638 1132 2806 1199 utique
2828 1149 3005 1187 earum
3029 1136 3275 1191 antistites
3293 1140 3558 1193 unanimes
3587 1153 3638 1195 et

2122 1219 2505 1287 consentientes,
2537 1239 2692 1293 supra
2720 1225 2924 1279 modum
2946 1227 3010 1282 de
3022 1244 3145 1295 pace
3173 1240 3218 1283 et
3235 1232 3506 1285 concordia
3526 1248 3640 1298 quw

2114 1333 2298 1389 praeter
2326 1327 2746 1395 exspectationem
2781 1329 2967 1384 accidit
2997 1330 3205 1397 (celari;
3252 1330 3635 1388 Demetrianum

2122 1415 2177 1470 in
2223 1419 2399 1487 primis
2442 1422 2829 1491 Antias/renum,
2870 1424 3213 1481 Tlieactistum
3253 1426 3634 1497 Caesariensem,

2124 1509 2452 1567 Mazubenem
2485 1512 2764 1583 Elienseni,
2799 1519 3082 1575 Alexandri
3118 1522 3345 1595 defuncti
3382 1541 3640 1581 successo-

2119 1620 2245 1669 rem,
2287 1604 2545 1661 Marinum
2581 1607 2808 1680 Tyriam,
2866 1610 3203 1668 Heliodorum
3247 1613 3634 1683 Laodicensem,

2119 1699 2206 1766 qui
2248 1699 2301 1751 in
2328 1700 2495 1753 locum
2543 1699 2893 1772 Thelymedris
2921 1707 3222 1777 subrogatus
3248 1719 3342 1773 est,
3389 1707 3639 1764 Helenum

2120 1788 2474 1856 Tliarsensem,
2505 1804 2551 1848 et
2574 1793 2809 1849 ecclesias
2831 1795 3023 1853 Cilicia:
3044 1814 3235 1860 omnes.
3268 1799 3638 1857 Firmiliaiium

2076 1892 2079 1895 '
2121 1895 2167 1938 et
2194 1885 2801 1956 Cappadociamomneni.
2825 1889 3121 1961 Prwcipuas
3137 1894 3270 1947 enim
3288 1896 3638 1966 episcoporum

2120 1980 2393 2045 nominavi,
2423 1996 2484 2034 ne
2504 1980 2717 2051 epistola
2747 1983 2946 2054 longior
2973 1984 3085 2053 ﬁat.
3131 2000 3252 2039 neve
3280 1986 3453 2041 multis
3480 1987 3642 2042 verbis

2119 2073 2215 2126 siin
2244 2074 2519 2128 molestior.
2548 2075 2654 2131 Sed
2688 2086 2733 2129 et
2754 2080 3001 2153 universa:
3028 2077 3493 2149 SyritzetArabite,
3526 2079 3641 2135 Me-

2119 2167 2403 2234 sopotamia
2425 2168 2555 2237 ipsa.
2578 2166 2793 2227 Pontus.
2818 2167 3077 2240 Bylliynia
3096 2186 3110 2233 ;
3131 2181 3199 2235 et,
3214 2173 3431 2227 utsemel
3450 2172 3636 2241 dicant,

2125 2262 2381 2314 exsultant
2411 2262 2592 2331 ubique
2627 2279 2816 2328 omnes,
2848 2264 3119 2318 concordia
3149 2274 3196 2319 et
3225 2268 3452 2338 fraterna
3474 2267 3644 2323 chari-

2122 2365 2224 2410 tate
2244 2356 2588 2427 glorificantes
2612 2355 2789 2411 Deum.
2818 2374 2838 2409 ι
2869 2355 3128 2413 Hactenus
3150 2356 3445 2431 Dionysius,
3469 2361 3556 2416 cui
3569 2362 3644 2417 si-

2116 2450 2259 2504 milia
2279 2451 2448 2505 videre
2468 2462 2540 2506 est
2560 2458 2701 2523 apud
2723 2452 2788 2506 D.
2824 2450 3191 2525 Hieronymum
3231 2467 3410 2511 contra
3444 2455 3645 2528 Lucife-

2118 2546 2308 2609 rianas,
2341 2554 2388 2599 et
2407 2546 2546 2615 apud
2573 2545 2621 2599 D
2676 2549 2808 2619 Aug.
2838 2548 2875 2603 ι.
2901 2564 2955 2603 ιιι
2983 2548 3174 2604 Contra
3200 2550 3367 2606 Cresc.
3406 2551 3637 2611 Gramm.

2119 2656 2165 2694 ο.
2196 2639 2299 2694 ιλ
2323 2649 2369 2693 et
2390 2641 2444 2706 5,
2490 2639 2594 2707 ubi,
2622 2657 2684 2695 ea;
2724 2642 2839 2709 ipsa
2872 2644 3193 2713 confessione
3228 2642 3635 2713 Donatistarum,

2118 2738 2272 2806 refert
2315 2733 2586 2789 orientales
2615 2735 2877 2807 episcopos
2904 2738 3171 2792 rescidisse
3197 2756 3285 2793 seu
3325 2742 3493 2808 potius
3529 2757 3641 2796 cor-

2118 2828 2307 2883 rexisse
2329 2844 2473 2882 suum
2482 2828 2758 2898 judicium,
2799 2845 2898 2900 quo
2921 2829 2993 2883 eis
3017 2830 3299 2901 placuerat,
3325 2833 3387 2886 de
3406 2832 3504 2887 ista
3532 2832 3640 2887 Ba-

2117 2923 2288 2994 ptismi
2321 2924 2594 2991 qiaestiane
2627 2919 2886 2994 Cypriana
2926 2933 2972 2979 et
2998 2924 3242 2997 Africana
3272 2926 3487 2982 concilia
3520 2943 3643 2983 con-

2116 3019 2301 3073 sentire
2316 3028 2568 3089 apartere.
2596 3016 2887 3074 ΡΑιιειιιιε.

2117 3152 2158 3209 Ι.
2182 3151 2521 3208 Firmiliantis
2547 3148 2813 3225 Cypriano
2833 3150 2983 3208 fratri
3001 3163 3049 3219 α,
3066 3152 3116 3207 in
3133 3154 3359 3209 Domino
3386 3153 3638 3212 salutem.

2046 3247 2363 3316 Accepimus
2421 3262 2514 3316 per
2565 3246 2917 3315 Rigatianum
2971 3246 3344 3303 charis-imum
3395 3258 3636 3305 nostrum

2046 3343 2324 3397 diaconum
2357 3360 2383 3394 a
2413 3341 2563 3396 vobis
2584 3343 2805 3398 missum
2831 3342 3035 3396 litteras
3055 3358 3189 3413 quas
3219 3342 3283 3397 ad
3312 3359 3409 3398 nos
3437 3342 3631 3411 fecisti,

2048 3439 2211 3493 frater
2251 3437 2635 3503 dilectissime;
2667 3448 2723 3494 et
2761 3438 2961 3507 gratias
2999 3448 3216 3509 propter
3272 3436 3374 3493 huc
3417 3437 3643 3493 Domino

2046 3548 2305 3587 maximas
2336 3530 2362 3570 ι)
2391 3533 2596 3603 egimus
2623 3531 2765 3604 quod
2809 3532 3090 3603 contigerit
3120 3540 3178 3587 ut
3202 3532 3291 3604 qui
3322 3546 3548 3605 corpore
3573 3532 3642 3588 ab

1556 3624 1940 3683 LECTIONES
2005 3625 2421 3682 VAlllANTES.

350 3776 354 3780 ,
404 3719 433 3749 ⁸
467 3717 627 3771 Fratri
652 3726 818 3773 autem
843 3723 953 3774 Mn.
980 3719 1132 3774 Mica.
1158 3723 1296 3775 Gaul.

2106 3722 2134 3762 b
2169 3721 2278 3772 Deo
2304 3722 2541 3772 maximas
2561 3724 2652 3772 Ar.

1687 3808 2047 3866 VARIURL‘M
2088 3806 2320 3864 NOTIE.

342 3914 347 3919 ‘
410 3901 941 3977 Erisr.FiniiiLniNi.
973 3937 1043 3945 —
1069 3904 1216 3962 Hanc
1231 3905 1533 3972 epistolam,
1552 3922 1708 3973 quam
1731 3907 1933 3977 primus

318 3977 563 4047 protulit
592 3976 860 4033 Morcllius
879 4022 892 4040 .
925 3979 1192 4035 habebant
1218 3978 1289 4033 eli
1308 3997 1376 4031 itii
1407 3980 1439 4031 ii
1468 3979 1557 4047 qui
1582 3979 1765 4033 Roma:
1795 3995 1932 4047 pra:-

316 4050 1072 4123 fiierunLeditionioperum
1112 4054 1281 4107 sancti
1319 4050 1573 4123 Cypriani
1620 4053 1669 4123 iii
1712 4052 1927 4123 ollicina

312 4120 485 4176 Pauli
529 4118 769 4175 Mannlii.
816 4118 901 4175 Illi
932 4134 1142 4187 autem,
1193 4136 1245 4175 iii
1279 4118 1601 4177 ait'LatinUs
1650 4122 1922 4189 Latinius,

310 4207 442 4247 min
491 4192 853 4261 probaverunt
892 4194 963 4247 uti
1006 4212 1035 4248 e
1076 4194 1309 4249 tenebris
1343 4193 1705 4262 proferretur;
1740 4192 1923 4261 hujus-

308 4278 439 4335 qiie
486 4263 701 4317 concilii
748 4276 1020 4320 ant-iorem
1070 4281 1130 4320 se
1174 4275 1229 4319 et
1274 4280 1550 4319 slluStll‘elll
1602 4267 1764 4320 fuisse
1813 4268 1925 4332 ipse

304 4342 565 4405 testatur
596 4351 856 4402 ingenue,
887 4352 1008 4392 Cum
1053 4337 1312 4405 majorum
1354 4338 1600 4405 exiempla
1644 4348 1921 4399 secutum,

304 4417 450 4461 luiii
500 4404 763 4471 hominis,
808 4409 858 4461 id
903 4419 985 4461 est
1026 4404 1349 4473 Firiiiiliani,
1394 4404 1547 4475 cuius
1591 4425 1651 4464 ea
1697 4410 1923 4479 epismla

298 4488 407 4535 est
434 4518 452 4539 ,
498 4482 844 4542 petulantiam
878 4480 1217 4534 detestatum.
1268 4480 1453 4534 Postea
1499 4482 1763 4535 l’ﬂlltelilh'
1786 4522 1799 4547 ,
1835 4481 1923 4549 qtii

294 4551 481 4607 illam
517 4561 790 4614 repererat
824 4552 874 4603 in
908 4567 1001 4606 sex
1034 4553 1268 4620 antiquis
1293 4551 1589 4614 codicibus.
1624 4568 1744 4607 eam
1773 4569 1927 4607 recu-

290 4623 398 4678 dit
426 4663 444 4685 ,
480 4621 710 4678 innitens
736 4632 948 4679 tamen.
982 4640 1087 4690 quo
1114 4638 1222 4694 erat
1253 4622 1307 4677 in
1340 4624 1723 4694 l‘t'lllpllbllc;tlﬂ
1753 4624 1923 4679 cliris-

290 4696 537 4751 tiaiiaiii
568 4701 624 4749 et
662 4695 1080 4749 ecclesiasticiini
1127 4693 1353 4759 all'ecm,
1402 4710 1459 4748 si:
1506 4695 1645 4749 illam
1689 4696 1917 4749 omissu-

282 4782 447 4824 rum
509 4763 703 4827 fuisse,
756 4766 895 4834 quod
952 4771 1107 4832 paufo
1161 4766 1530 4821 vehementius
1575 4778 1628 4821 et
1677 4768 1922 4822 acerbius

281 4854 496 4909 quam
529 4838 836 4909 episcopum
868 4838 1055 4893 deceat
1084 4840 1278 4905 scripta
1310 4848 1407 4901 Sit,
1454 4839 1551 4891 nisi
1588 4840 1697 4906 jam
1741 4858 1766 4889 :i
1811 4837 1921 4892 Mo-

275 4908 492 4969 fellio
538 4908 723 4963 fuisset
761 4909 923 4962 edita.
967 4909 1185 4964 SClllt‘el
1226 4909 1495 4964 Rullianus
1540 4920 1591 4963 et
1627 4910 1918 4963 Pamelitini

274 4991 743 5039 comiitoverimt
788 4980 919 5035 liber
960 4980 1256 5035 Firiniliaiii
1300 4983 1469 5052 stylus
1510 4998 1574 5036 ex
1621 4985 1919 5037 excatnlesa

270 5055 511 5112 centia
564 5052 820 5106 adversus
869 5068 1057 5122 papam
1108 5052 1437 5120 Stephantnii
1486 5052 1699 5109 diverse
1744 5055 1810 5106 ab
1854 5068 1919 5107 eo

262 5125 678 5186 sentit-litem.
722 5122 786 5177 At
811 5166 826 5187 ,
860 5124 904 5177 si
943 5136 1147 5179 attente
1185 5126 1618 5180 CO"Sltl8laS§t'lll
1668 5126 1825 5178 inanti
1867 5134 1918 5179 et

260 5214 485 5271 quam
539 5196 890 5271 vehementes
918 5197 1281 5271 soleanresse
1320 5196 1545 5271 allectus
1585 5213 1705 5251 cuni
1747 5211 1919 5271 :igtlIll'

259 5267 355 5331 de
415 5281 605 5324 csius:i
654 5269 925 5337 religionis
969 5278 1024 5322 et
1076 5267 1229 5330 lidei,
1277 5269 1709 5323 Consitlei'asseztt
1758 5270 1917 5321 etiam

252 5358 479 5419 quam
516 5338 806 5419 Velieliieiis
828 5347 880 5392 et
906 5340 1130 5394 acet-bus
1156 5341 1651 5419 lneratStepliantts
1680 5340 1919 5419 scribens

251 5408 595 5473 έανρι-ειιε
638 5408 1000 5483 Cyprianum,
1056 5411 1292 5480 proiecto
1340 5410 1477 5465 hinc
1523 5411 1919 5464 excainlesct-ii-

249 5492 427 5548 tiam
474 5481 893 5536 condonasseiit
926 5481 1270 5541 Firmiliano.
1308 5497 1479 5551 neque
1513 5497 1789 5551 propterea
1839 5495 1920 5536 te-

241 5557 502 5621 nebris
552 5552 911 5608 damnandum
955 5570 1074 5609 esse
1114 5563 1388 5623 putassent
1418 5554 1619 5607 illustre
1653 5554 1751 5606 hoc
1781 5555 1921 5606 anti-

237 5628 548 5707 quitatis
574 5626 953 5707 ecclesiastica:
978 5634 1417 5707 inminuit-litant,
1434 5626 1615 5707 iii-quo
1636 5639 1766 5678 sane
1790 5625 1925 5681 bene

234 5696 470 5767 shiilta
514 5706 650 5753 sunt
688 5698 865 5767 magni
898 5700 1149 5753 momenti
1180 5698 1373 5767 quibus
1404 5696 1563 5751 hodie
1591 5712 1922 5761 careremus,

227 5792 403 5843 cum
439 5768 677 5847 grandi
708 5782 888 5827 rerum
918 5779 1220 5829 nostrarum
1250 5768 1563 5843 diapendio,
1600 5777 1657 5828 ut
1686 5768 1740 5826 in
1766 5770 1927 5829 simili

2034 3915 2348 3975 argumento
2369 3905 2578 3960 censuit
2602 3904 2921 3961 Sirmondus
2943 3905 3110 3961 edens
3131 3905 3181 3959 in
3204 3906 3379 3962 lucem
3399 3904 3638 3963 libellum

2035 3991 2252 4048 precum
2299 3976 2587 4048 Marcellini
2631 3986 2684 4032 et
2726 3976 2961 4032 Fntlslitli
3004 3978 3264 4032 adversus
3308 3994 3496 4047 papam
3532 3979 3638 4034 Da-

2033 4063 2264 4103 ma~um.
2294 4047 2478 4114 Neque
2505 4051 2587 4102 illa
2621 4050 2982 4102 Romanorum
3009 4060 3095 4102 aut
3126 4050 3347 4105 Pamelii
3377 4065 3503 4103 cura
3537 4052 3635 4104 im—

2033 4120 2327 4192 pediviss'et
2370 4118 2425 4173 iii
2479 4122 2576 4175 liae
2618 4121 2733 4175 lucc
2778 4121 3074 4175 litterarum
3117 4124 3243 4192 quin
3285 4122 3510 4190 epistola
3546 4122 3633 4175 illa

2034 4191 2272 4263 prodiret
2303 4192 2353 4244 in
2387 4192 2680 4260 publicum.
2723 4192 2857 4246 Cum
2888 4194 3029 4245 enim
3059 4191 3265 4247 certum
3293 4197 3362 4247 sit
3394 4191 3540 4246 illam
3569 4208 3637 4247 ex

2030 4266 2197 4319 veteri
2228 4263 2371 4317 libro
2400 4264 2602 4318 editam
2636 4263 2803 4317 fuisse
2834 4280 2863 4317 a
2898 4263 3170 4330 Morellio,
3202 4265 3436 4320 extiterit
3471 4265 3635 4319 etiam

1952 4321 2082 4390 Din
2130 4350 2223 4390 sex
2265 4336 2542 4391 codicibus
2582 4335 2821 4390 Pamelio
2861 4336 3021 4399 vi~is,
3056 4337 3105 4389 in
3138 4321 3283 4390 iisin
3315 4336 3507 4405 thus
3551 4337 3636 4389 ιη-

2030 4420 2185 4463 veiua
2214 4419 2295 4462 est
2323 4424 2349 4459 a
2384 4407 2611 4474 Latinio,
2653 4408 2703 4462 iii
2751 4416 2956 4475 septem
2989 4408 3182 4476 quibus
3228 4409 3307 4461 usi
3355 4418 3479 4461 sunt
3528 4411 3639 4462 An-

2028 4478 2097 4549 gli
2126 4478 2177 4532 iii
2206 4494 2297 4531 sua
2327 4480 2596 4535 editio.ie.
2630 4480 2679 4534 in
2709 4478 2896 4534 decem
2926 4495 3047 4532 cum
3078 4479 3268 4549 quibus
3300 4494 3399 4549 ego
3428 4478 3633 4533 contuli

2028 4566 2192 4617 opera
2221 4552 2390 4604 sancti
2419 4551 2707 4622 Cypriani,
2738 4551 3076 4605 nianil'estuiii
3111 4561 3193 4606 est
3225 4551 3368 4605 illam
3403 4568 3506 4622 non
3540 4566 3635 4620 po-

2030 4624 2194 4676 tuisse
2220 4636 2434 4690 semper
2460 4621 2646 4684 latere,
2675 4622 2886 4678 etiamsi
2918 4622 3192 4678 Morellius
3216 4638 3320 4677 noti
3351 4621 3629 4677 edidisset.

2027 4692 2254 4749 Codices
2296 4709 2472 4748 autem
2516 4710 2637 4749 cum
2669 4696 2863 4765 quibus
2894 4694 3038 4749 illam
3071 4696 3272 4749 cumuli
3304 4706 3425 4748 stitit
3447 4736 3461 4759 ,
3497 4710 3633 4748 unus

2027 4764 2389 4832 Rt-iiiigiantis,
2413 4765 2484 4819 dii
2509 4788 2520 4813 ο
2541 4764 3019 4835 (Ζοιιιριιιιιιθειεθκ,
3045 4765 3152 4819 duo
3176 4765 3461 4831 Victorini,
3490 4781 3628 4819 imus

2030 4836 2376 4901 Pttliteanus,
2422 4853 2559 4890 ιιιιιις
2603 4838 2911 4892 monasnerii
2953 4836 3159 4891 Beccen
3195 4837 3274 4901 is,
3308 4837 3623 4902 Laetieiisis,

2026 4906 2335 4979 Bigotitnus
2357 4918 2411 4961 et
2436 4924 2573 4962 unus
2598 4924 2750 4961 meus
2799 4910 3075 4979 Asseiitior
3098 4918 3275 4962 autem
3304 4908 3542 4979 Panic-lio
3569 4916 3626 4962 et

2028 4980 2257 5041 liigaltio
2281 5024 2292 5038 ,
2326 4979 2760 5034 existimantibus
2790 4978 2935 5032 illam
2970 4994 3144 5046 grzece
3176 4980 3428 5048 scriptam
3463 4978 3628 5033 fuisse

2023 5067 2052 5103 a
2082 5050 2415 5113 Firniiliano,
2446 5066 2654 5104 versam
2682 5065 2861 5105 autem
2895 5053 3056 5106 latine
3074 5068 3101 5102 a
3123 5060 3308 5105 sant-to
3335 5049 3626 5120 Cypriano.

2027 5122 2261 5187 Epistula
2291 5139 2418 5192 ergo
2442 5121 2736 5194 Firmiliani
2767 5124 2979 5177 inventa
3007 5134 3090 5178 est
3116 5128 3168 5176 in
3197 5123 3380 5194 viginti
3408 5138 3504 5176 sex
3528 5136 3625 5177 co.

2024 5193 2232 5248 dicibns
2261 5196 2654 5264 llltlﬂtlsttl‘lplis.
2687 5193 2889 5248 BALUZ.

2098 5264 2134 5318 I.
2157 5295 2225 5306 —-
2244 5264 2597 5319 Firiiiilianus.
2630 5266 2841 5319 tia-sare
2861 5287 2886 5312 ι’
2913 5264 3267 5335 Cappadociae
3293 5265 3580 5334 episcopus
3606 5306 3622 5329 ,

2024 5337 2268 5403 Ol’lgt‘llls
2298 5340 2507 5390 auditor
2536 5346 2589 5391 et
2616 5335 2927 5399 admirator,
2960 5351 3016 5389 ut
3041 5338 3194 5391 docet
3234 5336 3496 5393 Eusebius
3525 5336 3623 5390 lib.

2027 5426 2106 5469 νι,
2135 5424 2253 5477 cap.
2284 5409 2350 5474 2,
2387 5406 2626 5462 Historia:
2649 5407 3031 5470 ecclesiastica},
3060 5408 3210 5478 cujus
3236 5421 3290 5463 ei
3320 5423 3524 5478 magna:
3554 5408 3616 5461 il-

2028 5481 2131 5535 lius
2159 5480 2312 5534 latine
2342 5497 2391 5534 in
2423 5480 2656 5533 Ecclesia
2692 5480 2780 5532 ιιι-ι
2811 5482 3134 5534 int-minuent
3164 5480 3309 5543 facit,
3337 5495 3460 5549 cap.
3482 5478 3553 5533 liti
3572 5488 3620 5534 et

2027 5554 2115 5607 lib.
2156 5568 2223 5606 vii
2244 5595 2257 5616 ,
2288 5567 2407 5621 cap.
2437 5553 2490 5608 5.
2522 5560 2577 5605 et
2600 5550 2690 5605 30.
2729 5549 2859 5606 Vule
2886 5552 3047 5604 etiam
3079 5551 3365 5616 epistolam
3399 5549 3625 5619 primani

2032 5626 2208 5677 Basilii
2237 5624 2305 5677 ad
2338 5622 2769 5695 Amphilochium.
2799 5622 3058 5695 Priesedit
3080 5623 3242 5692 priori
3274 5622 3627 5695 synodoAAn-

2032 5697 2315 5759 lioclienze,
2341 5708 2392 5750 tit
2417 5693 2653 5753 ostendit
2674 5694 2937 5751 Henricus
2958 5694 3199 5750 Valesius
3220 5695 3287 5750 ad
3311 5693 3627 5750 Eusebium.

2028 5768 2173 5827 Oblti
2191 5769 2334 5843 apud
2347 5767 2611 5833 Thaisum
2632 5767 2686 5825 in
2705 5766 2893 5826 Cilicia
2908 5782 3049 5828 anno
3063 5765 3266 5832 Christi
3278 5764 3601 5827 ΞἹΞοΒιωι
3612 5804 3625 5823 .
