4262 6236
275 194 416 252 “57

1304 195 1585 258 CONTRA
1623 195 2007 256 EPISTOLAM
2037 194 2396 256 STEPHANI.

3423 195 3564 255 ηδε

273 323 361 372 tur
387 310 630 384 longiore
673 319 942 370 terrarum
977 313 1151 385 spatio
1179 325 1300 370 esse
1341 312 1534 380 divisa,
1567 313 1862 369 secundum
1891 316 1940 377 Α
1969 329 2060 370 rus
2090 313 2501 384 Pmpbctarum,
2550 322 2609 366 ut
2633 312 2910 384 multiplex
2951 320 3004 368 et
3033 311 3212 368 divina
3253 324 3275 352 ο
3306 313 3567 382 sapientia

273 407 418 480 quod
449 417 501 464 ct
527 407 653 468 olim
681 407 962 464 intervallo
1006 417 1306 481 temporum
1351 418 1628 477 separatos
1670 410 1738 464 ab
1766 408 1868 465 Job

275 513 330 558 et
356 501 489 568 Noe,
519 501 609 572 qui
637 501 688 558 in
729 502 914 572 primis
954 501 1185 568 fuerant,
1218 502 1554 558 Ezechielem
1580 511 1634 558 et
1667 501 1868 558 Danie-

277 594 384 650 lem
411 593 738 663 posteriores
766 601 922 649 aetate
952 593 1017 649 ad
1045 593 1409 652 unanimitatis
1435 593 1710 649 vinculum
1759 593 1871 648 vir-

280 696 367 742 tus
394 685 571 742 divina
600 685 897 756 conjunxit,
930 693 1023 755 _ut,
1073 687 1314 754 quamvis
1343 687 1673 758 temporibus
1701 686 1874 756 longis

279 780 498 837 discreti
529 789 732 849 essent,
770 779 957 836 eadem
989 780 1170 837 divina
1202 782 1559 851 inspiratione
1590 781 1869 837 sentirent.

281 873 436 943 Quod
463 883 518 928 et
563 888 707 940 nunc
753 873 806 928 in
839 873 991 930 vobis
1032 874 1526 942 animadvertimus,
1561 884 1618 929 ut
1642 873 1731 945 qui
1763 874 1878 930 lon-

282 967 516 1040 gissimis
563 965 875 1038 regionibus
910 981 941 1022 a
983 967 1139 1026 nobis
1165 967 1396 1037 separati
1428 967 1577 1032 estis,
1607 982 1766 1022 sensu
1798 976 1875 1020 ta-

285 1075 409 1118 men
438 1069 491 1115 et
511 1057 702 1128 spiritu
719 1058 1003 1130 copulatas
1032 1075 1128 1114 vos
1158 1074 1280 1116 esse
1310 1059 1592 1115 nobiscum
1619 1058 1875 1128 probare-

285 1153 372 1209 tis.
427 1151 581 1220 Quod
620 1160 790 1208 totum
839 1151 941 1208 hoc
977 1151 1036 1208 fit
1079 1151 1260 1207 divina
1293 1152 1516 1210 unitate.
1574 1149 1730 1218 Nam,
1759 1165 1881 1206 cum

288 1245 548 1301 Dominus
577 1261 712 1302 unus
748 1253 910 1316 atque
942 1243 1082 1300 idem
1133 1245 1204 1302 sit
1242 1245 1334 1316 qui
1359 1244 1586 1322 Jiabitat
1615 1244 1672 1300 in
1702 1243 1880 1312 nobis,

290 1337 569 1408 conjungit
610 1336 805 1407 ubique
841 1346 895 1392 et
936 1337 1152 1408 copulat
1206 1351 1334 1392 suos
1385 1337 1600 1392 vinculo
1643 1335 1882 1391 unitatis.

287 1431 443 1492 Unde
473 1431 525 1486 in
558 1432 858 1488 universam
905 1441 1102 1488 terram
1134 1430 1301 1486 exivit
1327 1446 1493 1487 sonus
1523 1445 1709 1486 eorum
1737 1429 1828 1500 qui
1854 1445 1885 1486 a

285 1525 514 1582 Domino
543 1525 690 1580 missi
731 1534 855 1582 sunt
885 1525 1104 1580 unitatis
1151 1525 1344 1598 spiritu
1366 1524 1623 1580 velociter
1653 1539 1887 1579 curren-

291 1626 408 1683 tes;
453 1617 591 1674 sicut
611 1632 641 1674 e
671 1618 942 1674 contrario
964 1616 1097 1672 nihil
1134 1617 1351 1687 prodest
1374 1617 1580 1688 aliquos
1612 1615 1888 1686 proximos

1975 423 2069 478 per
2104 407 2299 461 multos
2339 407 2710 462 distribuatur.
2755 405 2908 463 Unde
2957 415 3010 460 et
3052 417 3229 461 tacere
3262 406 3567 476 prateipitur

1977 501 2147 568 primo
2176 500 2229 555 iu
2267 499 2545 570 prophetia
2591 500 2848 570 loquenti,
2891 500 2935 554 si
2963 499 3202 554 secundo
3229 499 3388 554 fuerit
3411 514 3570 555 reve-

1977 593 2140 648 latum
2165 592 2215 664 (ι
2248 591 2368 647 Cor.
2390 606 2504 659 xiv,
2531 592 2645 665 '50).
2670 594 2784 661 Qua
2815 609 2880 648 ex
2908 608 3067 648 causa
3096 593 3406 649 necessario
3429 592 3570 663 apud

1978 702 2076 741 nos
2109 686 2168 740 iit
2207 694 2266 741 ut
2296 702 2392 756 per
2419 687 2659 757 singulos
2705 701 2877 742 annos
2925 688 3164 742 seniores
3210 696 3265 742 et
3301 685 3575 757 praepositi

1979 779 2032 834 in
2083 795 2244 832 unum
2288 775 2670 834 conveniam'us
2711 779 2778 833 ad
2825 779 3158 848 disponenda
3185 794 3246 834 ea
3287 793 3405 850 quae
3431 793 3576 834 cura;

1980 881 2179 927 nostra:
2194 873 2480 926 commissa
2507 881 2651 937 sunt,
2676 881 2751 938 ut,
2777 871 2820 925 si
2849 887 2951 942 qua
2977 873 3224 941 graviora
3249 881 3392 936 sunt,
3419 886 3576 927 com-

1983 964 2133 1018 muni
2161 963 2390 1018 consilio
2420 963 2755 1034 dirigantur,
2796 964 2960 1034 lapsis
2985 979 3200 1035 quoque
3245 966 3497 1020 fratribus
3527 973 3584 1021 et

1983 1067 2106 1128 post
2131 1058 2398 1113 lavacrum
2441 1058 2676 1113 salutare
2705 1073 2735 1112 a
2768 1058 2984 1113 diabolo
3017 1059 3311 1114 vulneratis
3340 1075 3435 1130 per
3462 1074 3580 1130 pm-

1986 1151 2262 1206 nitentiam
2310 1151 2518 1207 medela
2546 1161 2854 1222 quaeratur;
2913 1168 3018 1209 non
3049 1153 3202 1224 quasi
3231 1169 3262 1208 a
3289 1153 3446 1208 nobis
3486 1169 3577 1209 re-

1988 1245 2300 1301 missionem
2323 1256 2660 1314 peccatorum
2682 1245 3196 1316 consequautur,sed
3216 1255 3271 1301 ut
3290 1261 3385 1316 per
3396 1261 3496 1302 nos
3517 1245 3584 1302 ad

1990 1337 2397 1409 intelligentiam
2450 1339 2770 1394 delictorum
2842 1353 3060 1394 suorum
3113 1348 3495 1396 convertantur
3530 1347 3586 1396 et

1992 1433 2222 1489 Domino
2264 1434 2474 1505 plenius
2509 1433 2820 1489 satisfacere
2845 1443 3122 1504 cogantur.

2067 1527 2126 1582 V.
2173 1526 2434 1595 Quoniam
2465 1541 2594 1582 vero
2623 1527 2824 1597 legatus
2867 1529 2968 1582 iste
3011 1542 3041 1581 a
3082 1527 3234 1583 vobis
3264 1528 3460 1584 missus
3486 1541 3582 1585 re-

1990 1619 2138 1690 gredi
2161 1619 2228 1674 ad
2256 1635 2350 1674 vos
2375 1619 2678 1687 festinabat,
2699 1629 2755 1674 et
2773 1620 3054 1675 hibernum
3083 1629 3295 1691 tempus
3325 1621 3586 1692 urgebat,

289 1719 347 1767 et
377 1710 596 1782 junctus
639 1710 740 1766 sibi
779 1725 901 1766 esse
927 1709 1267 1779 corporibus,
1311 1710 1358 1764 si
1411 1709 1592 1763 animo
1623 1716 1677 1762 et
1703 1717 1883 1764 mente
1912 1717 2244 1784 Bquantum
2290 1713 2558 1782 potuimus
2603 1711 2672 1768 ad
2720 1713 2921 1781 scripta
2966 1722 3142 1767 vestra
3189 1713 3588 1782 rescripsimus.

291 1800 608 1867 dissideant,
653 1801 866 1878 quando
893 1800 1116 1858 adunari
1143 1800 1336 1856 anima:
1363 1800 1583 1855 omnino
1615 1813 1720 1854 non
1755 1813 1881 1870 pos-

289 1896 397 1953 sint
435 1912 555 1968 quze
591 1910 650 1950 se
680 1909 709 1952 a
740 1895 832 1950 Dei
862 1895 1062 1950 unitate
1090 1894 1372 1950 diviserint
1402 1909 1416 1946 :
1450 1890 1584 1947 Ecce
1611 1893 1765 1959 enim,
1800 1891 1884 1944 in-

291 1988 424 2058 quit,
469 1988 556 2058 qui
584 1987 916 2059 longinquam
960 2003 1013 2042 se
1038 1987 1126 2042 abs
1152 1996 1199 2040 te
1244 1985 1476 2057 peribunt
1521 1983 1692 2057 (Psal.
1718 1999 1883 2050 Lxxu,

291 2081 407 2153 27).
452 2081 556 2138 Sed
592 2081 724 2138 tales
755 2081 1016 2152 judicium
1039 2081 1248 2138 Domini
1278 2095 1375 2152 pro
1403 2081 1593 2136 merito
1621 2095 1718 2135 suo
1739 2078 1886 2136 subi-

294 2173 480 2242 bunt,
542 2174 857 2230 recedentes
900 2189 929 2230 a
982 2173 1160 2230 verbis
1206 2173 1321 2243 ejus
1372 2173 1462 2244 qui
1522 2172 1734 2227 Patrem
1791 2186 1889 2242 pro

296 2270 498 2324 unitate
538 2268 860 2340 deprecatur
901 2277 956 2323 et
995 2267 1127 2323 dicit
1158 2285 1170 2320 :
1203 2266 1382 2336 Pater,
1415 2267 1484 2319 da
1521 2275 1595 2334 ut,
1639 2265 1890 2336 quomodo

297 2376 388 2433 ego
420 2370 467 2415 et
498 2371 551 2415 tu
580 2377 740 2415 unum
769 2377 976 2427 sumus,
1032 2361 1104 2416 sic
1133 2369 1179 2415 et
1232 2360 1284 2412 hi
1329 2360 1383 2414 in
1423 2359 1564 2415 nobis
1607 2375 1764 2412 unum
1792 2359 1891 2412 sint

302 2453 488 2528 (Joan.
515 2472 642 2519 xvn,
673 2455 788 2527 21).

371 2549 460 2604 IV.
515 2549 624 2604 Nos
651 2565 779 2606 vero
804 2565 889 2616 ea,
940 2565 1059 2620 qua:
1089 2565 1117 2604 a
1151 2550 1302 2605 vobis
1341 2550 1539 2618 scripta
1568 2556 1710 2612 sunt,
1737 2546 1894 2617 quasi

302 2653 484 2700 nostra
516 2643 728 2714 propria
779 2645 1115 2714 suscepimus
1145 2652 1192 2710 ει,
1225 2658 1322 2698 nec
1364 2643 1417 2697 in
1437 2653 1745 2697 transcursu
1769 2640 1896 2710 legi-

304 2754 454 2804 mus,
502 2737 598 2794 sed
655 2753 799 2810 saepe
843 2739 1068 2808 repetita
1116 2739 1394 2793 memoria:
1443 2735 1814 2792 mandavimus
1842 2732 1895 2788 ι’.

302 2830 488 2902 Neque
515 2830 672 2886 obest
696 2830 910 2886 utilitati
939 2829 1187 2896 salutari,
1219 2837 1312 2885 aut
1335 2828 1524 2884 eadem
1554 2839 1802 2883 retexere
1829 2824 1898 2896 ad

299 2923 725 2982 confirmandam
755 2924 1058 2990 veritatem,
1099 2933 1192 2980 aut
1234 2931 1291 2979 et
1336 2921 1580 2994 quaedam
1608 2920 1810 2976 addere
1829 2916 1898 2973 ad

301 3017 686 3076 cumulandam
715 3017 1106 3090 probationem.
1159 3018 1214 3073 Si
1271 3017 1396 3087 quid
1437 3025 1615 3070 autem
1669 3030 1699 3068 a
1747 3012 1901 3068 nobis

1989 1802 2057 1858 Et
2077 1803 2316 1872 quidem,
2349 1814 2607 1874 quantum
2651 1802 2718 1857 ad
2750 1802 2800 1857 id
2833 1803 3259 1874 pertineatquod
3284 1803 3589 1875 Stephanus

1989 1895 2143 1965 dixit,
2172 1897 2322 1968 quasi
2345 1897 2585 1966 Apostoli
2616 1911 2712 1951 eos
2739 1895 2830 1967 qui
2851 1896 2918 1952 ab
2949 1897 3144 1952 haeresi
3169 1897 3386 1953 veniunt
3411 1897 3592 1968 bapti-

1991 1994 2102 2048 zari
2135 1989 2507 2060 prohibuerint
2533 1999 2586 2060 et
2631 1990 2735 2044 hoc
2779 1989 3187 2044 custodiendum
3218 1991 3448 2060 posteris
3478 2000 3590 2046 tra-

1990 2085 2246 2149 diderint,
2298 2083 2607 2153 plenissime
2637 2097 2733 2137 vos
2782 2082 3135 2153 respondistis
3180 2085 3452 2139 neminem
3483 2093 3591 2140 tam

1992 2177 2214 2233 stultum
2270 2191 2389 2231 esse
2437 2175 2528 2246 qui
2553 2175 2653 2230 hoc
2697 2174 2884 2230 credat
2927 2176 3220 2246 Apostolos
3266 2175 3590 2246 tradidisse,

1993 2270 2208 2342 quando
2239 2272 2401 2325 etiam
2447 2269 2594 2339 ipsas
2644 2267 2883 2323 btereses
2919 2279 3131 2325 constet
3169 2269 3506 2326 execrabiles
3533 2285 3597 2326 ac

1995 2361 2334 2418 detestandas
2376 2371 2561 2432 postea
2610 2360 2904 2428 exstitisse,
2947 2375 3069 2416 cum
3096 2371 3152 2416 et
3175 2359 3434 2429 Marcion,
3459 2359 3597 2418 Cer-

1996 2456 2154 2512 donis
2185 2454 2500 2524 discipulus,
2552 2453 2853 2508 inveniatur
2892 2468 3017 2510 sero
3063 2461 3188 2526 post
3224 2455 3514 2524 Apostolus
3546 2461 3602 2510 et

1999 2558 2122 2620 post
2148 2549 2301 2618 longa
2330 2547 2398 2604 ab
2421 2548 2498 2602 eis
2531 2556 2769 2616 tempora
2798 2546 3113 2618 sacrilegam
3145 2548 3406 2605 adversus
3431 2549 3599 2605 Deum

2002 2643 2343 2697 traditionem
2373 2640 2645 2696 induxisse
2672 2659 2687 2707 ;
2728 2641 2948 2711 Apelles
2974 2659 3209 2714 quoque,
3243 2645 3594 2715 blasphemia:

2001 2739 2116 2808 ejus
2137 2737 2503 2800 consentiens,
2538 2738 2702 2790 multa
2726 2737 2830 2791 alia
2857 2751 2991 2792 nova
3022 2747 3077 2792 et
3104 2739 3351 2810 graviora
3380 2738 3507 2795 ﬁdei
3536 2755 3600 2795 ac

2002 2832 2215 2888 veritati
2247 2831 2459 2886 inimica
2489 2830 2777 2887 addiderit.
2824 2832 2929 2888 Sed
2961 2843 3015 2888 et
3042 2831 3311 2890 Valentini
3339 2846 3394 2891 et
3415 2835 3606 2892 Basili-

2005 2924 2088 2980 dis
2110 2934 2322 2994 tempus
2339 2922 2680 2978 manifestum
2704 2933 2807 2990 est,
2831 2923 2974 2993 quod
2995 2931 3050 2980 et
3072 2925 3191 2996 ipsi,
3223 2936 3345 2998 post
3365 2929 3602 2999 Aposto-

2005 3017 2088 3072 los
2117 3025 2171 3072 et
2206 3025 2326 3086 post
2365 3016 2575 3085 longam
2606 3025 2842 3083 aetatem,
2883 3016 3142 3072 adversus
3175 3017 3473 3074 Ecclesiam
3510 3020 3605 3076 Dei

300 3111 544 3169 additum
571 3111 750 3176 fuerit,
778 3127 881 3166 non
921 3111 999 3165 sic
1029 3109 1242 3166 additur
1267 3108 1418 3180 quasi
1444 3123 1474 3162 a
1516 3106 1670 3162 vobis
1695 3103 1902 3173 aliquid
1932 3115 1978 3178 ρ
2011 3110 2292 3166 sceleratis
2346 3109 2641 3164 mendaciis
2715 3110 2824 3165 suis
2899 3111 3292 3168 rebellaverint.
3371 3110 3609 3169 Crateros

302 3207 486 3263 minus
508 3206 706 3262 dictum
728 3207 816 3274 sit,
849 3204 945 3261 sed
975 3204 1225 3276 quoniam
1258 3218 1438 3260 sermo
1465 3201 1676 3257 divinus
1709 3199 1903 3254 huma—

303 3317 439 3357 nam
463 3312 710 3358 naturam
731 3298 1154 3372 supergreditur,
1180 3312 1279 3355 nec
1299 3305 1476 3369 potest
1501 3305 1668 3352 totum
1701 3302 1755 3349 et
1779 3310 1906 3363 pcr-

305 3400 510 3457 fectum
538 3397 717 3453 anima
753 3396 1062 3467 concipere,
1092 3395 1298 3450 idcirco
1318 3402 1374 3450 et
1401 3400 1580 3448 tantus
1603 3399 1690 3446 est
1713 3405 1910 3443 nume-

2021 3218 2238 3276 quoque
2289 3202 2572 3259 haereticos
2621 3212 2832 3259 constat
2860 3218 3052 3272 pravas
3075 3221 3199 3260 suas
3241 3217 3417 3264 sectas
3443 3216 3502 3262 et
3525 3208 3610 3264 in-

2023 3297 2304 3354 ventiones
2326 3312 2626 3368 perversas,
2661 3305 2820 3368 prout
2841 3297 3068 3368 quisque
3091 3313 3277 3354 errore
3300 3297 3494 3357 ductus
3505 3307 3610 3369 est,

1560 3483 1943 3544 LECTIONES
1967 3481 2384 3540 VARIANTES.

379 3591 408 3620 ⁸
445 3587 527 3640 Sic
555 3588 684 3637 Lam.
713 3583 1170 3647 Ebor.gAr.rMidt.
1202 3583 1329 3647 Yt'ct.
1356 3584 1659 3647 Suscipimus
1684 3582 1842 3634 Oxon.

377 3650 410 3690 δ
446 3652 726 3703 Mandamus
751 3645 898 3700 Mich.
934 3646 1062 3701 Vict.
1093 3646 1230 3699 σθαι.

2021 3577 2226 3692 oft}:
2268 3574 2422 3628 Mich.
2466 3573 2590 3629 Vict.
2633 3579 2726 3630 Ar.
2769 3577 2901 3630 Lam.
2941 3577 3085 3630 Ebur.
3127 3578 3236 3633 NG.
3277 3580 3324 3632 1.
3359 3577 3424 3633 Et
3458 3572 3616 3632 oratiu.

1669 3725 2030 3788 VARIOBUM
2069 3725 2303 3783 NOT/E.

307 3816 508 3887 nysius
537 3813 878 3887 Stephanum
905 3807 1488 3887 certioremi‘acicbat,
1514 3804 1731 3887 sedatos
1778 3818 1900 3887 esse

304 3880 520 3944 niotus.
550 3880 683 3955 quos
711 3883 1009 3956 inrorieute
1034 3880 1311 3936 Novatiaui
1340 3881 1772 3956 cuneitaverant,
1799 3880 1901 3927 ita-

305 3943 428 4031 Que
452 3943 641 4031 ouiiies
672 3955 928 4012 ecclesias
955 3954 1011 4009 in
1040 3969 1108 4008 eo
1140 3943 1482 4031 censentile,
1511 3947 1764 4031 ut‘lapsis
1793 3960 1902 4026 pce.

305 4019 547 4086 nitentia
574 4027 827 4088 daretur;
877 4042 1059 4080 verum
1104 4019 1606 4099 atljecerataliqnid
1633 4021 1700 4099 de
1730 4019 1902 4099 poeni-

305 4101 582 4166 tantibus,
606 4101 692 4167 qui
720 4099 788 4154 ab
810 4087 1073 4152 lmreticis
1095 4087 1737 4167 redirent,baptizandis,
1763 4087 1904 4167 quod

305 4159 669 4247 praetermisit
694 4169 996 4247 Eusebius;
1027 4168 1164 4223 unde
1186 4159 1463 4247 Barouins’
1486 4162 1605 4247 (hic
1631 4159 1910 4247 adigendus

303 4231 408 4302 cst
444 4242 711 4299 Parnelius
741 4231 1023 4296 Baroniuiu
1055 4250 1272 4294 secutus
1311 4237 1363 4292 iu
1410 4231 1549 4288 uotis
1578 4233 1646 4290 ad
1683 4231 1907 4303 Cypria-

305 4316 513 4386 num),
570 4315 904 4386 occasionem
947 4310 1176 4386 sumpsit
1218 4306 1526 4386 afﬁrmandi
1571 4321 1671 4386 pro
1724 4313 1909 4386 certo,

303 4391 402 4470 sic
434 4376 623 4470 attines
647 4385 764 4440 illas
789 4384 1045 4470 ecclesias
1061 4376 1410 4470 .acquievisse
1426 4379 1710 4470 Stephano
1731 4417 1745 4439 ,
1943 4411 1994 4470 D

303 4462 448 4532 ejus
469 4458 775 4532 decretum,
818 4454 885 4510 de
913 4469 1017 4532 non
1059 4446 1393 4532 baptizandis
1414 4448 1723 4532 luereticis,
1769 4446 1920 4500 abdi-

303 4520 448 4588 cata
477 4528 730 4598 Cypriani
759 4527 1047 4598 sententia,
1078 4520 1462 4598 convenirent;
1489 4520 1629 4590 quod
1655 4520 1788 4574 adeo
1815 4532 1919 4598 non

299 4616 404 4658 est
441 4588 814 4668 ab'Dionysio
838 4588 1096 4671 traditum
1117 4637 1146 4671 ,_
1186 4588 1538 4671 ut_defuncto_
1579 4588 1922 4671 postmodum

301 4673 615 4739 Stephano
643 4661 782 4724 idem
817 4669 906 4723 ille
934 4668 1220 4740 Dionysius
1249 4663 1477 4740 Xystutn
1509 4661 1766 4731 Stephani
1802 4675 1923 4740 suc-

301 4735 612 4803 ceséorem
642 4757 738 4812 per
771 4741 993 4814 alteram
1025 4735 1313 4814 epistolam
1347 4735 1656 4814 diligenter.
1681 4750 1744 4788 ac
1783 4735 1927 4814 serio

299 4803 661 4877 morweritf
685 4803 1340 4866 considerarent!entius
1377 4803 1691 4878 quarstiouis
1719 4803 1928 4878 pondus

298 4875 366 4946 et
399 4900 596 4942 causa:
624 4875 997 4938 difficultatem
1024 4900 1036 4934 :
1069 4875 1410 4950 Stcphanuui
1449 4878 1686 4950 quideui_
1717 4875 1922 4950 Heleno

297 4945 369 5019 et
407 4955 741 5030 Firmiliano
764 4996 778 5021 ,
809 4955 1128 5030 ueterisque
1167 4945 1522 5030 per_Cilici:ihi
1553 4959 1608 5004 et
1649 4945 1931 5030 Cappado-

295 5034 477 5090 ciam
515 5039 566 5082 et
606 5027 860 5100 finitimas
909 5025 1176 5100 ecclesias
1196 5023 1461 5092 episcopis
1507 5023 1794 5100 uunciasse
1836 5034 1932 5088 per

295 5106 589 5162 litteras,
639 5099 858 5153 minime
910 5096 1429 5152 communicaturum
1460 5108 1518 5148 se
1557 5107 1677 5146 cum
1727 5096 1826 5155 iis,
1867 5107 1933 5145 eu

293 5171 480 5249 quod
510 5169 823 5249 _lt:erelico_s
883 5169 1294 5249 reliaptizarettt.
1368 5164 1747 5249 Verttintatncu
1783 5177 1935 5249 'esse

291 5235 526 5316 εἶπεεηὶ
554 5242 810 5296 momenti
836 5235 1126 5316 negotium,
1151 5236 1316 5316 ὄντως
1339 5240 1438 5314 γὰρ
1453 5235 1702 5316 saxum
1738 5236 1934 5316 mea»

287 5325 354 5379 ἐκ
382 5307 536 5377 ἐξ-αῖς
558 5316 821 5387 μεγίσταῑς
845 5307 945 5368 re}.
990 5314 1294 5387 ,σὲττιςιιεςότςων⁸
1322 5307 1570 5387 quaedam.
1599 5309 1667 5368 ὡς
1696 5307 1938 5387 «maculo-

290 5378 410 5469 μαι
451 5378 605 5469 ὥςὲε
630 5378 751 5445 Iro-5;
777 5387 1086 5460 προσίοντας
1113 5385 1214 5437 ἀπὸ
1243 5382 1493 5469 αἱρέσεωί
1521 5378 1939 5463 προξατηχηὺἐν-

287 5451 437 5526 Ῐτας,
479 5454 594 5513 εἴτε
621 5451 958 5511 ἀπολούέσθαι
989 5459 1074 5509 καὶ
1123 5451 1572 5529 ἀπᾳκαῦαίρξσοαζ
1595 5451 1688 5529 1&3
1716 5458 1806 5507 τῆς
1835 5470 1940 5528 ,πα-

285 5519 481 5596 Ᾰᾷέάς
539 5533 628 5602 ³ςσιὶ
667 5529 956 5602 ἀκαθάρτου
995 5530 1158 5602 ζύμης
1195 5519 1937 5602 556301;:Pergitﬁllionvsius,

273 5589 516 5678 itaque
557 5600 664 5655 hoc
690 5615 758 5678 se
787 5589 855 5678 at)
884 5589 1210 5678 Antiochiaa,
1243 5595 1506 5678 Caesareae
1520 5589 1764 5678 ,qulim‘,
1791 5589 1938 5678 vri,

263 5659 663 5743 iagdiceae,
690 5669 842 5726 Tarsi
866 5671 1136 5743 episcopis
1166 5659 1409 5743 rogatum
1445 5659 1935 5743 scribereHXysto:

267 5733 436 5832 36a}.
494 5753 569 5799 et
622 5733 1071 5812 compresb'ytcris
1097 5742 1208 5799 suis
1229 5733 1496 5810 Dionysio
1527 5745 1582 5794 et
1606 5733 1942 5804 Philemoni,

2006 3799 2095 3874 qui
2127 3799 2340 3874 fuerant
2365 3797 2763 3874 ejusdemeum
2782 3799 3056 3874 Stephano
3081 3803 3372 3874 sententia
3393 3842 3409 3868 ,
3443 3803 3616 3874 serip-

2008 3872 2144 3926 sisse
2177 3871 2278 3925 liae
2305 3871 2371 3924 de
2397 3887 2455 3924 re
2487 3870 2692 3938 plenius
2719 3882 2775 3927 et
2799 3873 3043 3926 uberius.
3086 3871 3408 3928 Brennus.

2079 3939 2170 4018 IY.
2189 3971 2257 3981 ——
2281 3941 2610 4018 Manduriam.
2637 3941 3025 4018 Sic_l_loutb_ius
3051 3959 3148 4012 pro
3174 3945 3452 4018 praeterito
3474 3961 3624 4018 man-

2011 4013 2243 4098 dttltt'mrl‘ts
2269 4027 2338 4067 ex
2373 4014 2612 4082 quinque
2642 4013 2804 4098 cedd.
2833 4014 3081 4098 scriptis:
3115 4013 3377 4098 eqttibus
3419 4016 3616 4098 tresin

2012 4085 2145 4159 edit.
2170 4084 2346 4159 Oxon.
2366 4093 2766 4159 memorantur,
2790 4094 3014 4156 quartus
3029 4084 3376 4156 Bodleiauus,
3401 4087 3626 4159 quintus

2015 4158 2138 4210 novi
2181 4155 2402 4226 collegii
2441 4165 2546 4210 est.
2588 4156 2801 4212 Rourn.

2094 4227 2155 4282 V.
2179 4255 2253 4268 -
2275 4223 2523 4301 Hiberum
2545 4239 2763 4299 tempus.
2789 4228 2928 4284 Hinc
2949 4229 3171 4301 collegit
3191 4231 3456 4288 Baronius
3486 4230 3625 4284 hanc

2018 4301 2303 4370 epistulatn
2335 4299 2501 4354 fuisse
2531 4301 2788 4369 scriptam
2816 4316 2958 4355 anno
2997 4299 3127 4366 257⁷,
3171 4304 3447 4372 aliquanto
3491 4311 3628 4356 tem-

2022 4390 2151 4442 pore
2174 4382 2300 4427 ante
2324 4376 2595 4446 liyetnetn.
2616 4379 2684 4427 At
2707 4373 3081 4446 Pearsoniusiu
3106 4374 3390 4429 Annalibus
3412 4374 3629 4446 Cypria—

2027 4446 2156 4518 nicis
2183 4443 2591 4518 contenditista
2619 4444 2884 4518 accidisse
2914 4460 3059 4500 anno
3086 4448 3390 4518 superiore.
3424 4443 3620 4500 Bauuz.

2103 4515 2290 4571 Postea
2315 4515 2583 4570 exstitisse.
2618 4516 2816 4572 Verum
2857 4517 2958 4572 hoc
2989 4528 3102 4582 est,
3154 4515 3202 4571 si
3254 4518 3416 4572 modo
3444 4531 3628 4572 sermo

2028 4589 2097 4643 sit
2128 4588 2195 4642 de
2237 4587 2506 4641 haereticis
2537 4587 2681 4653 illis,
2725 4605 2956 4658 quorum
2995 4605 3158 4645 causa
3204 4602 3329 4646 tunc
3371 4588 3630 4654 temporis

2029 4660 2308 4729 agebatur,
2335 4674 2580 4728 quosque
2610 4661 2697 4715 hic
2721 4664 2957 4714 nominat
2990 4660 3335 4716 Firmilianns
3355 4702 3371 4726 ,
3397 4661 3628 4715 maxime

2030 4732 2246 4800 quidem
2275 4742 2517 4804 tempore
2553 4731 2671 4800 ejus
2701 4733 3058 4804 vigentibus;
3094 4734 3189 4788 sed
3234 4748 3388 4804 reque
3439 4746 3626 4804 verum

2031 4813 2147 4865 est,
2198 4804 2432 4856 luet'eses
2482 4803 2856 4874 ltaudrminus
2900 4803 3187 4871 pestiferas
3227 4802 3628 4874 ill—apostolico

2033 4890 2149 4928 aevo
2173 4875 2464 4945 chtitisse.
2510 4873 2709 4944 ltigubs
2752 4884 2933 4929 autem
2983 4885 3102 4941 est,
3151 4878 3241 4945 qui
3297 4873 3377 4930 de
3413 4875 3516 4931 hac
3570 4889 3630 4928 re

2033 4945 2341 5000 conferatur
2383 4944 2784 5010 Tertullianus,
2815 4961 2974 5015 supra
2995 4988 3012 5013 ,
3045 4950 3098 5003 in
3125 4944 3220 5004 lib.
3253 4949 3317 5002 de
3349 4945 3627 5016 Prwcript.

2038 5017 2234 5074 liceret.
2264 5033 2384 5085 cap.
2408 5018 2480 5071 55
2499 5026 2554 5072 et
2580 5018 2670 5072 54.
2714 5017 2924 5072 Reum.

2108 5088 2612 5160 Basilidistempus.
2661 5089 2832 5144 Variae
2879 5099 3009 5144 sunt
3053 5092 3344 5160 opiniones
3388 5090 3632 5146 virorum

2036 5157 2320 5234 docturu‘tn
2342 5159 2412 5234 de
2440 5169 2679 5234 tempore
2705 5175 2813 5230 quo
2842 5157 3102 5218 Basilides
3123 5163 3317 5234 dmgma
3341 5178 3496 5217 suum
3524 5162 3636 5216 dis-

2039 5231 2344 5306 seminavit.
2379 5233 2498 5306 Qua
2541 5229 2610 5285 de
2648 5229 3012 5306 controversia
3055 5234 3182 5289 vide
3199 5229 3541 5306 "quavdocte
3583 5241 3646 5288 et

2040 5301 2248 5357 erudite
2287 5302 2502 5370 scripsit
2540 5306 2748 5358 amicus
2777 5305 2908 5357 olim
2940 5317 3122 5360 noster
3153 5307 3202 5361 .l.
3239 5301 3300 5360 Β.
3332 5305 3638 5360 Cotelerius

2043 5373 2407 5446 inepistolain
2443 5374 2626 5446 Iguatii
2657 5376 2723 5428 ad
2750 5375 3082 5446 Trallianos,
3119 5379 3209 5432 ubi
3241 5388 3456 5446 tempus
3483 5376 3638 5430 Basi-

2043 5444 2165 5499 lidis
2189 5457 2400 5498 revocat
2427 5445 2493 5499 ad
2516 5446 2803 5509 imperium
2819 5445 3060 5502 Adriani.
3089 5449 3218 5504 Vide
3239 5444 3400 5504 etiam
3428 5449 3525 5502 viri
3548 5447 3638 5501 do-

2043 5513 2269 5571 ctissimi
2307 5516 2502 5570 Renali
2539 5515 2794 5576 Massueti
2835 5518 3242 5576 observationes
3272 5519 3339 5574 ad
3374 5518 3642 5574 Irenaeum

2045 5604 2167 5660 pag.
2203 5587 2302 5651 59,
2334 5586 2362 5657 §
2396 5587 2516 5642 lli.
2536 5587 2768 5662 ineptos
2797 5589 3044 5662 Basilidis
3070 5607 3288 5648 errores
3307 5633 3321 5652 ,
3353 5605 3493 5662 quos
3520 5607 3640 5662 por—

2047 5670 2184 5733 tenta
2205 5671 2376 5733 vocat,
2401 5660 2634 5733 graviter
2655 5665 2893 5733 exagitat
2914 5661 3273 5733 llierOnymus
3295 5665 3347 5716 in
3369 5660 3645 5733 epitaphie

2047 5731 2254 5788 Lucinii
2283 5730 2463 5788 Baetici
2492 5743 2546 5790 et
2572 5731 2626 5787 itt
2657 5730 2800 5792 libro
2825 5733 3060 5791 adversus
3098 5730 3460 5806 Vigilantiam.
3490 5730 3653 5792 Illum
