4216 6262
654 189 795 246 “59

1604 188 1938 249 EPISTOLA
1978 188 2349 249 FIRMIIJANI
2383 191 2474 248 AD
2513 187 2932 255 CYPBIANUM,

3794 185 3915 242 “60

653 318 838 381 postea
862 307 1161 371 induxisse;
1198 320 1332 379 quos
1358 321 1548 363 omnes
1577 311 1911 365 manifestum
1954 321 2033 365 est
2083 328 2110 364 a
2151 326 2231 365 se.
2265 313 2314 373 Α
2342 309 2482 381 quod
2508 324 2610 363 non
2633 309 2731 363 nisi
2757 309 2925 363 solius
2949 304 3202 362 Ecclesia:
3219 312 3435 369 est.eos
3450 303 3649 360 habere
3672 301 3915 360 defendit.

653 403 893 473 metipsis
913 402 1193 456 damnatos
1221 415 1361 466 esse,
1401 410 1455 457 el
1484 412 1608 458 ante
1638 404 1778 457 iliem
1805 402 1988 473 jitdicii
2023 404 2238 458 inexcu-

650 496 873 551 sabilem
929 494 1249 549 sententiam
1298 493 1556 552 adversus
1604 499 1923 567 semetipsos
1980 497 2179 552 dixisse
2219 512 2235 551 :

648 602 873 657 quorum
903 584 1162 654 baptisma
1189 586 1276 657 qui
1299 587 1602 647 conﬁrmat,
1626 588 1908 659 quidatiud
1937 604 2096 643 uuam
2116 604 2235 644 cum

647 679 777 749 ipsis
801 694 860 734 se
886 679 1187 749 adiudicat,
1217 691 1273 737 et
1300 697 1361 737 se
1392 681 1507 753 ipse
1546 684 1855 753 participem
1908 682 2100 737 talibus
2154 680 2235 736 fa-

646 773 838 829 ciendo
851 774 1195 830 oondemnat.

720 863 807 919 Vl.
828 865 934 921 Eos
952 877 1128 923 autem
1146 868 1234 939 qui
1253 867 1437 923 Rome
1461 878 1587 924 sunt
1603 884 1707 924 non
1726 869 1857 924 eain
1884 868 2133 923 omnibus
2148 868 2237 922 ob-

647 972 864 1014 servare
892 974 1010 1030 qua:
1024 960 1131 1015 sint
1151 962 1218 1014 ab
1239 962 1445 1032 origine
1471 961 1684 1026 tradita;
1707 972 1759 1016 et
1785 962 1977 1016 l'rustra
2011 967 2237 1031 Apo~to~

647 1051 818 1108 lorum
846 1053 1217 1109 auctoritatem
1252 1055 1581 1120 prietenderc
1605 1054 1743 1110 scire
1769 1055 1888 1124 quis
1916 1055 2077 1109 etiam
2110 1054 2235 1109 inde

647 1157 841 1217 potest,
868 1147 1008 1218 quod
1039 1148 1179 1204 circa
1209 1148 1561 1203 celebranilos
1600 1146 1716 1202 dies
1749 1146 1963 1201 PaSChic
2001 1159 2057 1202 et
2094 1149 2232 1202 circa

644 1243 807 1297 multa
842 1242 944 1296 alia
988 1240 1183 1297 divina:
1234 1242 1309 1297 rei
1343 1252 1674 1296 sacramenta
1712 1240 1891 1295 videat
1933 1256 2054 1296 esse
2094 1240 2234 1309 apud

642 1334 760 1390 illos
812 1333 1014 1405 aliquas
1056 1334 1396 1390 diversitates
1420 1377 1435 1402 ,
1467 1350 1564 1390 nec
1590 1335 1868 1389 observari
1908 1335 2015 1389 illic
2055 1338 2235 1390 omnia

641 1428 914 1502 mqualiter
952 1445 1072 1498 quae
1105 1428 1487 1501 Hierosolymis
1513 1430 1890 1494 observantur,
1939 1429 2233 1484 secundum

641 1524 782 1596 quod
807 1528 856 1580 in
875 1525 1083 1581 cxcteris
1109 1540 1321 1598 qiioiue
1347 1527 1589 1597 plurimis
1620 1531 1911 1599 provinciis
1942 1532 2107 1586 multa
2138 1546 2233 1601 pro

640 1619 879 1677 locorum
903 1629 954 1676 et
978 1622 1248 1676 nominum
1278 1622 1586 1679 diversitate
1618 1625 1907 1693 variantur,
1930 1641 2028 1681 nec
2052 1635 2229 1681 tamen

2419 404 2525 460 VII.
2573 402 2678 458 Sed
2708 413 2756 456 et
2790 402 2855 456 ad
2896 400 3038 455 illam
3077 410 3283 469 partem
3311 397 3447 452 bene
3473 413 3502 453 a
3529 396 3683 450 vobis
3712 411 3917 467 respon-

2341 513 2456 553 sum
2488 509 2565 551 i-st
2599 496 2688 550 ubi
2719 492 3097 556 Stephanusin
3127 490 3355 561 epistola
3388 506 3482 545 sua
3523 490 3660 545 dixit
3704 507 3723 540 ι
3760 490 3921 544 haere-

2342 591 2473 645 ticos
2491 604 2700 658 quoque
2720 592 2861 659 ipsos
2888 589 2944 643 in
2973 587 3236 654 baptismo
3263 582 3572 646 convenire.
3606 581 3821 653 etquod
3851 582 3920 635 al-

2341 695 2600 740 terutrum
2636 682 2663 721 b
2692 682 2757 737 ad
2789 698 2846 737 se
2879 681 3154 737 venientes
3192 670 3295 733 non
3341 678 3634 749 baptizent,
3664 676 3757 732 sed
3785 692 3921 731 coin-

2339 779 2610 833 municent
2640 785 2863 842 tantum,
2901 797 2919 830 ι
2950 775 3097 847 quasi
3152 783 3206 829 et
3247 788 3345 828 nos
3398 773 3499 829 ltoc
3532 772 3707 827 facere
3734 771 3923 827 debea—

2339 887 2479 929 mus.
2516 871 2633 941 Quo
2678 872 2729 925 iii
2775 872 2912 938 loco,
2945 874 3045 926 etsi
3078 886 3172 925 vos
3199 870 3305 939 jam
3339 868 3607 939 probastis
3637 867 3765 921 satis
3808 866 3924 921 ridi-

2338 969 2517 1024 culum
2551 978 2572 1005 ε
2599 982 2718 1023 esse
2758 977 2814 1020 iit
2838 966 2957 1036 quis
2991 975 3244 1037 sequatur
3271 971 3536 1026 errantes,
3587 960 3716 1015 illud
3750 969 3921 1017 tanien

2338 1076 2401 1116 ex
2424 1060 2713 1115 abundanti
2733 1058 2999 1123 addimus,
3030 1075 3135 1112 tioti
3163 1072 3282 1112 esse
3300 1057 3493 1112 mirum
3520 1055 3564 1109 si
3593 1054 3673 1109 sic
3696 1055 3923 1111 haeretici

2337 1167 2516 1228 agant,
2550 1156 2660 1225 qui,
2705 1155 2804 1209 etsi
2833 1156 2883 1208 in
2926 1151 3244 1225 quibusdam
3274 1149 3570 1205 minoribus
3596 1148 3921 1218 discrepant,

2340 1255 2390 1309 in
2418 1271 2482 1309 eo
2509 1264 2709 1320 tamen,
2757 1251 2897 1323 quod
2929 1261 3013 1306 est
3048 1250 3359 1313 maximum,
3395 1262 3560 1303 unum
3606 1257 3659 1302 et
3679 1246 3923 1303 eumdem

2337 1362 2653 1404 CttnsellSUIII
2695 1355 2875 1400 tenent
2903 1356 2959 1400 ut
3000 1342 3372 1414 blasphemeiit
3412 1341 3751 1407 Creatorem,
3782 1357 3925 1412 qureo

2337 1440 2459 1496 dant
2479 1440 2682 1495 somnia
2706 1438 2805 1493 sibi
2828 1448 2880 1493 et
2909 1428 3277 1508 phantasmata
3307 1436 3470 1507 ignoti
3498 1435 3589 1490 Dei
3615 1436 3924 1506 contingen—

2340 1545 2465 1599 tes;
2514 1548 2648 1603 quos
2679 1528 2704 1567 ά
2740 1535 2920 1602 utique
2982 1544 3319 1600 c0iisequens
3371 1537 3455 1584 est
3502 1528 3580 1584 sic
3620 1530 3926 1583 consentire

2338 1628 2391 1683 in
2416 1626 2661 1697 baptismi
2694 1625 2774 1679 Siti
2807 1623 3038 1679 vanitate
3067 1635 3122 1678 ut
3143 1623 3483 1679 consentiunt
3512 1623 3561 1676 in
3595 1621 3927 1692 repudianda

642 1724 859 1787 pr0pter
885 1712 986 1770 hoc
1010 1716 1077 1770 ab
1102 1715 1356 1771 Ecclesiae
1378 1716 1659 1772 catholica.
1680 1734 1810 1789 pace
1839 1729 1998 1790 atque
2026 1720 2226 1775 unitate
2256 1720 2303 1782 B
2330 1720 2619 1777 divinitatis
2648 1719 2889 1773 veritate.
2950 1719 3023 1773 De
3062 1717 3274 1788 quibus,
3306 1716 3556 1787 qii0niam
3589 1718 3808 1786 longum
3841 1724 3922 1769 est

638 1810 923 1883 aliquando
950 1811 1242 1868 discessum
1273 1825 1374 1869 est.
1428 1812 1579 1881 Quod
1614 1832 1753 1872 nunc
1795 1816 2099 1888 Stephanus
2128 1832 2224 1872 au-

638 1923 731 1963 sus
758 1920 841 1965 est
864 1913 1060 1972 facere,
1097 1926 1349 1981 rumpens
1378 1916 1660 1973 adversum
1704 1931 1798 1970 vos
1827 1930 2032 1984 pacein,
2065 1935 2223 1990 quam

638 2016 850 2073 semper
893 2015 1257 2061 antecessores
1284 2007 1400 2077 ejus
1430 2011 1701 2066 vobiscum
1730 2026 1911 2065 amore
1936 2023 1988 2066 et
2022 2013 2224 2069 honore

637 2107 823 2150 mutuo
850 2096 1235 2165 custodit-runt,
1263 2100 1437 2155 adhuc
1464 2104 1623 2157 etiam
1657 2103 1919 2158 infamatis
1950 2113 1975 2140 εί
2004 2103 2221 2159 Petrum

636 2199 687 2241 ct
716 2187 937 2243 Paulum
958 2189 1141 2245 beatos
1158 2193 1448 2261 apostolos,
1470 2196 1617 2265 quasi
1641 2196 1740 2250 hoc
1769 2196 1865 2267 ipsi
1887 2197 2222 2263 tradiderint,

636 2281 724 2350 qui
749 2281 800 2334 in
829 2283 1072 2350 epistolis
1088 2284 1198 2338 suis
1229 2285 1507 2341 liiei-eticos
1531 2290 1790 2344 exsecrati
1817 2302 1937 2342 sunt
1972 2300 2025 2343 et
2047 2302 2100 2343 ut
2130 2302 2223 2345 eos

636 2376 897 2430 evitemus
920 2388 1262 2434 monuerunt.
1294 2377 1447 2436 Unde
1472 2393 1694 2451 apparet
1724 2382 2061 2438 traditionem
2087 2383 2223 2438 hanc

635 2464 921 2527 humanam
972 2487 1093 2529 esse
1141 2489 1262 2545 qua:
1304 2475 1584 2533 haereticos
1623 2479 1819 2534 asserit
1844 2487 1895 2535 et
1937 2479 2219 2550 baptisma,

2328 1816 2392 1871 ad
2416 1814 2618 1885 singula
2648 1827 2831 1867 eorum
2861 1810 2945 1867 vel
2976 1810 3202 1866 scelesta
3229 1810 3309 1864 vel
3339 1823 3667 1879 supervacua
3696 1822 3925 1876 restiono

2327 1910 2457 1965 dere
2492 1911 2622 1964 satis
2665 1916 2749 1962 est
2788 1906 3020 1962 breviter
3049 1904 3250 1960 illudin
3268 1904 3588 1976 compendio
3605 1904 3805 1963 dicere.
3834 1919 3927 1959 eos

2328 2006 2417 2076 qui
2441 2018 2544 2058 non
2578 2010 2792 2057 teneant
2829 2011 2851 2038 ι’
2878 2015 3061 2055 verum
3108 1998 3409 2063 Dominum,
3468 1996 3701 2059 Patrem,
3740 2005 3928 2051 tenere

2330 2115 2435 2152 non
2465 2110 2621 2167 posse
2647 2109 2746 2149 nec
2774 2092 2893 2148 Filii
2920 2109 3016 2149 nec
3043 2091 3276 2162 Spiritus
3310 2090 3482 2145 sancti
3515 2089 3805 2153 veritatem,
3837 2105 3931 2145 se-

2329 2191 2560 2247 cundum
2593 2188 2732 2258 quod
2758 2186 2916 2243 etiam
2939 2182 2958 2223 ί
2982 2184 3058 2240 illi
3082 2185 3171 2256 qui
3200 2182 3928 2255 Cataplirygteappellantur,

2328 2291 2381 2338 et
2413 2296 2575 2337 novas
2605 2279 2911 2350 prophetias
2939 2292 3201 2348 usurpare
3240 2286 3534 2338 conantur,
3583 2289 3680 2331 nec
3714 2274 3931 2330 Patrem

2329 2388 2551 2449 possunt
2601 2376 2798 2432 habere
2846 2389 2946 2430 nec
3002 2372 3194 2429 Filium
3252 2381 3276 2419 8
3330 2385 3427 2427 nec
3476 2368 3755 2443 [Spiritum
3805 2386 3932 2424 san-

2326 2467 2595 2543 cnnn]h;
2638 2486 2671 2525 a
2717 2467 2908 2541 quibus
2962 2464 3009 2522 si
3070 2479 3375 2538 quairamus
3426 2479 3586 2534 quem
3651 2460 3930 2517 Christum

1843 2594 2138 2653 LECTION
2146 2592 2228 2651 ES
2280 2585 2698 2649 VARLANTES.

696 2732 723 2764 ⁸
755 2730 958 2783 infamat
978 2734 1068 2783 Ar.
1096 2733 1223 2783 Lam.
1251 2732 1391 2783 Ebur.
1418 2734 1529 2787 ΝΟ.
1554 2736 1598 2787 1.
1625 2732 1751 2787 Bod.
1776 2737 1822 2786 2.

693 2790 723 2832 δ
756 2796 893 2855 Quod
919 2796 977 2845 ad
1001 2795 1289 2846 alterutrum
1316 2799 1457 2848 Oron
1652 2822 1663 2835 .

694 2862 717 2891 ο
759 2860 1003 2909 l’robastis
1027 2858 1282 2909 ridiculum
1312 2858 1432 2910 Bod.
1458 2865 1503 2913 2.

693 2920 721 2995 (ξ
755 2921 890 2995 Quod
913 2923 1026 2995 ιφπ
1229 2922 1420 2995 'NC._1.

695 2988 718 3016 ε
753 2983 971 3048 quuod
994 2997 1090 3034 non
1115 2994 1318 3037 teneant
1340 2986 1474 3037 Lam.
1508 2986 1653 3038 Ebor.
1679 2987 1788 3040 ΝΟ.
1818 2988 1861 3038 1.

2392 2728 2411 2767 τ
2455 2729 2593 2790 Quod
2618 2728 2794 2791 utique
2824 2726 2949 2779 Bod.
2976 2730 3023 2777 2.

2390 2796 2415 2835 8
2450 2783 2556 2843 Nec
2579 2783 2782 2852 Filium;
2818 2792 2998 2856 quibus
3030 2791 3118 2841 Ar.
3152 2791 3201 2842 Ν
3208 2790 3261 2842 C.
3290 2791 3337 2841 1.
3365 2788 3510 2841 Ebor.
3536 2786 3663 2838 Bod.
3687 2789 3734 2838 2.
3771 2783 3926 2839 Mich.

2332 2860 2535 2971 γῗιὲίε
2561 2920 2694 2969 Lam.
2718 2917 2980 2979 Sanctum;
3007 2916 3186 2981 (ιυίδιιε
3218 2912 3330 2982 Περι

1897 3093 2256 3152 γΑιιιυιιυιι
2274 3094 2506 3153 ΝΟΤιΕ.

629 3232 767 3291 idem
799 3232 1154 3305 Hieronymus
1183 3234 1274 3289 lib.
1308 3247 1345 3289 it
1370 3273 1384 3291 .
1415 3232 1655 3288 adversus
1685 3231 2022 3305 Iovinianum
2051 3241 2211 3288 vocat

628 3307 926 3378 magistrum
966 3304 1186 3378 luxnria:
1218 3316 1262 3358 et
1301 3306 1706 3378 turpissimarum
1735 3304 2123 3378 complexuum,
2153 3315 2209 3360 et

629 3377 681 3432 in
715 3376 955 3447 epistola
1005 3376 1074 3431 ad
1125 3376 1497 3445 Ctesiphontem
1548 3376 1807 3431 adversus
1860 3376 2208 3447 Pelagianos,

626 3457 1011 3503 commemorat
1050 3449 1374 3516 impii-talem
1409 3447 1675 3503 Basilidis.

698 3519 788 3576 Vl.
808 3551 877 3562 —-
903 3518 1117 3574 Frustra
1142 3519 1519 3589 Apostolorum.
1546 3518 1767 3583 Contra,
1786 3518 2101 3576 Vincentius
2123 3520 2213 3575 Li-

626 3591 859 3648 rinensis
880 3592 947 3647 de
975 3590 1075 3647 hoc
1102 3592 1217 3663 ipso
1245 3594 1457 3662 negotio
1484 3606 1646 3662 agens
1671 3592 1775 3645 ait:
1810 3591 1876 3646 Ut
1902 3608 2073 3645 omnes
2100 3591 2213 3647 luce

626 3664 814 3719 clarius
852 3663 1054 3718 uideant
1094 3665 1350 3717 beatorum
1392 3664 1749 3733 Apostolorum
1790 3665 1933 3717 beata
1959 3665 2210 3719 successio

623 3748 815 3805 quanta
841 3736 889 3791 vi
911 3751 1130 3801 semper,
1152 3745 1341 3804 quanto
1366 3738 1553 3799 studio,
1575 3745 1763 3801 quanta
1784 3733 2098 3789 contentione
2125 3736 2213 3789 de-

624 3808 844 3877 fenderit
870 3818 1117 3877 suscepr
1140 3806 1292 3861 semel
1317 3805 1578 3875 religionis
1606 3810 1960 3877 integritatem.
1992 3807 2055 3861 Et
2087 3824 2208 3862 mox

622 3876 766 3935 addit
789 3876 1119 3947 Stephanum
1140 3876 1334 3947 Papam
1352 3879 1568 3949 ilignum
1582 3876 1921 3933 existimasse
1938 3878 1981 3931 si
1994 3879 2212 3947 reliquos

622 3966 796 4006 omnes
822 3960 1018 4005 tantum
1043 3949 1163 4017 ﬁdei
1191 3950 1452 4004 devotione
1480 3950 1693 4004 vinceret
1717 3960 1963 4014 quantum
1996 3950 2091 4004 loci
2117 3967 2211 4004 au-

620 4034 852 4079 ctoritate
870 4020 1161 4089 superabit.
1204 4020 1307 4076 Per
1337 4022 1625 4093 Apostolos
1658 4021 1777 4077 hi-ic
1805 4034 1856 4076 et
1888 4022 2014 4076 alibi
2058 4024 2211 4077 intel-

621 4093 855 4165 lignntttr
885 4094 1077 4148 Petrus
1104 4103 1159 4146 et
1181 4093 1413 4165 Paulus,
1446 4108 1581 4163 quos
1622 4093 1859 4148 Ecclesia
1901 4093 2207 4148 considerat

620 4177 677 4219 ut
717 4166 1027 4221 fundatores
1069 4164 1324 4219 Ecclesia:
1367 4165 1641 4219 ROmanze.
1674 4165 1856 4231 Magna
1900 4165 2201 4219 animorum

618 4240 965 4294 contentione
989 4237 1096 4307 agit
1118 4245 1181 4289 ita
1209 4248 1293 4307 est
1317 4252 1434 4292 alvo
1463 4250 1648 4292 nostro
1673 4237 1899 4306 quiestio
1918 4234 1986 4290 de
2008 4236 2203 4302 duplici

619 4312 794 4381 capite
825 4311 876 4362 iti
909 4306 1169 4362 Ecclesia.
1192 4306 1350 4381 μοις»
1389 4310 1748 4381 ιἐῐθττθκιμιειε
1788 4316 1915 4362 tunc
1956 4310 2204 4381 utrinque

617 4378 760 4436 dii-ta
786 4390 842 4434 et
865 4381 998 4434 facta
1020 4386 1164 4433 sont.
1189 4378 1322 4433 Illud
1351 4388 1553 4433 tantum
1578 4379 1752 4433 dicam
1780 4378 2060 4445 legendam
2085 4396 2207 4434 esse

617 4451 1056 4507 exercitationem
1097 4451 1165 4503 de
1200 4449 1453 4520 singulari
1500 4452 1728 4517 primattt
1770 4450 1910 4505 Petri
1947 4466 2106 4519 quam
2137 4466 2201 4505 ea

615 4526 902 4579 occasione
927 4520 1134 4591 scripsit
1164 4522 1247 4575 vir
1275 4523 1666 4577 illustriSsimus
1687 4522 1879 4577 Petrus
1905 4520 1973 4576 de
2002 4522 2199 4588 Marca,

615 4595 1047 4663 archiepiscopus
1076 4591 1409 4649 Parisiensis.

690 4664 969 4720 Nominum
1009 4665 1313 4720 diversitate.
1338 4666 1591 4732 Quamvis
1618 4664 1734 4719 limc
1764 4664 1922 4719 lectio
1947 4673 2201 4720 constans

613 4736 685 4792 sit
726 4739 777 4792 in
817 4738 1069 4791 omnibus
1104 4737 1339 4805 antiquis
1377 4736 1806 4806 exemplaribus,
1854 4750 1980 4806 puto
2019 4747 2195 4793 tamen

614 4807 895 4881 legendum
917 4810 1037 4864 esse
1057 4808 1334 4862 hominum.
1357 4808 1558 4865 ΒΛιῑη.

694 4882 733 4935 Λ
746 4898 802 4935 ec
840 4891 1006 4951 tamen
1053 4890 1259 4951 propter
1293 4882 1386 4934 lioc
1430 4882 1490 4933 ob
1521 4880 1761 4935 Ecrlesite
1785 4879 2048 4935 catholica:
2076 4897 2200 4950 pace

610 4963 763 5026 atque
807 4946 1003 5026 unitate
1028 4946 1320 5026 aliquando
1362 4952 1637 5026 discessum
1664 4963 1753 5007 est.
1811 4955 1896 5006 Ait
1932 4952 2014 5026 cl._
2056 4946 2196 5026 Cou-

614 5022 844 5081 stantiiis
878 5022 1171 5079 Fit-miliani
1198 5040 1275 5074 vei
1291 5025 1353 5078 ba
1382 5023 1612 5079 all‘erens
1640 5026 1690 5079 in
1723 5036 1844 5077 nota
1878 5025 1941 5076 ail
1988 5024 2046 5077 S.
2084 5025 2195 5079 Ire-

612 5103 715 5152 naai
745 5096 1035 5167 Epistolain
1080 5097 1145 5148 ail
1180 5094 1476 5149 Romaoinii
1523 5096 1836 5167 episcopum
1884 5094 2150 5151 Victorem
2178 5138 2194 5160 ,

610 5171 700 5240 qui
751 5174 975 5223 Asianos
999 5168 1249 5235 pascliatn
1286 5168 1373 5221 die
1405 5168 1471 5240 l4
1501 5169 1718 5240 mensis
1746 5168 2081 5223 celebrantes
2129 5170 2195 5224 ab

612 5239 703 5297 Ec.
726 5241 856 5296 li-sia
886 5253 1138 5311 separare
1163 5247 1388 5295 conatus
1406 5239 1598 5304 fuerat,
1639 5260 1659 5293 ι
1695 5239 1976 5302 Ci-leritas,
2000 5243 2196 5311 quippe

610 5330 739 5385 qua,
784 5324 837 5367 ut
862 5310 1085 5367 credere
1114 5322 1232 5371 est.
1273 5327 1373 5380 pax
1402 5312 1467 5367 ad
1496 5312 1763 5385 modicum
1814 5314 2191 5385 inti-rtnrba:a,

610 5384 666 5441 in
695 5386 956 5454 integrum
986 5385 1225 5437 restituta
1250 5397 1328 5438 ρει
1353 5423 1369 5447 ,
1402 5384 1617 5438 unitatis
1651 5397 1821 5454 rapite
1865 5384 2191 5440 oblivionem

611 5455 682 5512 ita
712 5454 952 5526 peperit,
985 5466 1039 5507 ut
1074 5456 1142 5508 ali
1170 5454 1549 5527 etaliqiiando
1578 5456 1875 5511 discessum
1924 5471 2048 5527 esse
2082 5456 2190 5527 Cy.

649 5525 781 5582 riani
828 5536 985 5581 aetate
1013 5540 1080 5597 ne
1110 5526 1436 5597 recoleretur
1476 5527 1711 5597 quidem.
1754 5547 1773 5579 ι
1810 5527 1958 5581 Rom.
1993 5525 2188 5597 Pontif.

661 5600 860 5668 putata:
900 5614 952 5662 ιι.
1002 5596 1091 5651 99.
1148 5596 1450 5666 Quinetiam
1496 5596 1729 5653 testatus
1774 5610 1853 5652 est
1910 5596 2192 5653 Anatolius

607 5668 970 5730 Laodicenus,
1003 5669 1048 5721 is
1076 5668 1165 5735 qui
1206 5677 1333 5723 ante
1363 5671 1646 5725 concilium
1676 5670 1855 5723 lloruit
1880 5668 2186 5735 Niczenum,

611 5736 1009 5794 contentionem
1038 5737 1205 5808 istam
1232 5736 1300 5794 dc
1328 5738 1581 5808 paschatc
1610 5749 1850 5796 exortam
1892 5741 1961 5796 ab
1988 5741 2192 5798 lrenazo
2234 5788 2239 5797 .

2232 4347 2284 4407 D

2315 3244 2557 3303 pacatam
2589 3247 2730 3298 esse,
2758 3238 2985 3304 utrisque
3011 3230 3264 3299 partibus.
3290 3229 3493 3304 inquit,
3525 3228 3579 3284 in
3611 3244 3707 3304 sua
3735 3228 3917 3304 regula

2316 3300 2770 3373 perseverantibus,
2800 3300 2945 3359 necva
2971 3315 3136 3372 capto
3157 3302 3476 3372 antiquitatis
3491 3317 3631 3355 more
3646 3300 3920 3373 declinem

2316 3371 2464 3430 tibus.
2500 3376 2631 3431 Viite
2661 3378 2888 3431 Anatolii
2920 3371 3097 3431 locum
3128 3371 3324 3429 ibidem
3346 3373 3657 3427 adductum.
3703 3371 3917 3426 Ιὶουτιι.

2390 3447 2477 3503 Vll
2504 3446 2899 3502 —Alteriitrum
2921 3447 2991 3502 ad
3009 3464 3063 3501 se
3082 3447 3344 3501 uenientes.
3375 3446 3457 3500 Ad
3492 3443 3751 3516 Cypriani
3791 3443 3921 3516 Epi-

2314 3520 2502 3574 stolam
2522 3520 2592 3574 ad
2612 3517 2937 3590 Pompeium,
2957 3518 3047 3573 ubi
3068 3516 3323 3590 Stephani
3344 3517 3503 3590 verba
3519 3513 3921 3590 adhuc-plenius

2312 3591 2632 3653 afferuntur,
2668 3587 2768 3646 hoc
2797 3604 3067 3646 annotavit
3102 3587 3381 3655 Rigaltius.
3416 3606 3435 3638 i
3476 3587 3793 3643 RectiSsima
3823 3597 3920 3642 ess

2319 3663 2433 3719 haec
2455 3677 2739 3733 scriptura.
2771 3663 2882 3719 lloc
2908 3673 3011 3728 est,
3044 3677 3217 3731 neque
3244 3661 3553 3733 venientem
3581 3677 3609 3711 a
3640 3658 3918 3733 litat-cinae

2318 3728 2929 3804 baptizat'Moutanus.
2982 3728 3157 3794 neque
3214 3732 3519 3787 venientem
3573 3747 3601 3783 a
3660 3728 3919 3804 Montano

2318 3801 2827 3876 baptizatMarcii-n.
2859 3805 2975 3861 Non
3007 3804 3345 3877 rebaptizant
3368 3805 3684 3859 alterutrum
3734 3801 3801 3855 ad
3852 3815 3916 3856 se

2315 3889 2619 3934 venientes.
2672 3880 2875 3936 ltou'ru.

2388 3950 2638 4021 Spiritum
2666 3962 2920 4005 sanctum.
2968 3947 3188 4004 Certum
3218 3956 3303 4003 est
3350 3946 3465 4002 lucc
3503 3947 3612 4002 duo
3647 3945 3915 4021 Vocabula

2314 4018 2657 4078 non'exstare
2704 4022 2758 4077 in
2802 4022 2950 4077 libris
2984 4021 3181 4075 nostris
3220 4035 3319 4074 nec
3352 4022 3403 4074 in
3451 4029 3680 4087 quatuor
3719 4018 3921 4087 Argit-

2313 4098 2482 4149 canis.
2518 4094 2591 4149 ltri
2622 4103 2781 4148 etiam
2814 4096 2880 4148 ile
2921 4108 3028 4148 uno
3058 4106 3156 4147 suo
3198 4101 3423 4147 testatur
3465 4090 3772 4153 l’atnelius,
3811 4090 3915 4159 qui

2316 4176 2492 4220 tamen
2531 4166 2615 4220 illa
2656 4165 2861 4220 addidit
2899 4181 2961 4219 ex
3004 4165 3191 4219 codice
3229 4162 3406 4225 edito,
3437 4164 3488 4217 in
3516 4162 3668 4231 cujus
3698 4160 3912 4231 margi-

2310 4239 2468 4293 nibus
2503 4236 2741 4293 Joannes
2778 4236 3076 4301 Cauchius,
3123 4234 3545 4299 Ultrajectinus,
3573 4242 3917 4303 :lppuSllt’l'nl

2310 4310 2692 4381 castigatimies
2731 4324 2794 4365 es
2839 4309 2998 4362 variis
3037 4307 3312 4362 codicibus
3338 4306 3750 4381 _manii_-criptis.
3776 4304 3913 4381 Alie-

2312 4376 2489 4435 maith
2535 4392 2711 4437 tamen
2753 4380 2929 4434 adhuc
2961 4380 3182 4434 dubium
3223 4394 3292 4431 an
3337 4378 3451 4433 liaic
3487 4377 3596 4432 duo
3636 4376 3910 4431 voeabula

2309 4453 2487 4507 addita
2523 4456 2719 4507 iuerint
2746 4468 2811 4508 ex
2842 4452 2979 4506 libro
3002 4450 3168 4506 veteri
3189 4490 3205 4515 ,
3237 4466 3303 4503 an
3335 4466 3462 4503 vero
3492 4464 3556 4503 ex
3585 4452 3909 4513 Coniectura

2305 4523 2525 4579 Cancliii
2551 4535 2778 4580 tantum.
2802 4521 2847 4577 N
2868 4540 2960 4586 im,
2982 4524 3105 4592 quia
3129 4523 3183 4578 in
3207 4519 3478 4577 veteribus
3502 4520 3648 4574 libris
3670 4529 3791 4589 post
3814 4536 3910 4572 vo-

2304 4612 2420 4651 Cetn
2445 4597 2609 4666 ﬁlium
2631 4597 2843 4650 additur
2866 4612 2977 4656 nec,
3004 4596 3071 4649 ita
3097 4606 3149 4666 ut
3181 4594 3457 4666 videantur
3484 4592 3655 4666 aliqua
3675 4592 3905 4666 deesse,

2303 4664 2607 4739 conjererat
2638 4669 2902 4722 Pamedus
2928 4665 3168 4739 addenda
3198 4680 3318 4720 esse
3346 4664 3455 4717 iluo
3482 4664 3568 4718 illa
3602 4665 3865 4739 vocabula
3884 4709 3901 4730 ,

2303 4748 2357 4793 et
2404 4738 2607 4795 addiilit
2664 4741 2851 4795 videns
2903 4738 3263 4807 conjecturam
3322 4751 3471 4789 suam
3522 4738 3902 4807 conﬁrmat-im

2301 4814 2622 4867 auctoritate
2653 4812 2770 4867 libri
2799 4805 3112 4866 Cattcltifini.
3159 4808 3215 4863 In
3258 4808 3441 4863 codice
3484 4822 3640 4876 porro
3664 4805 3901 4865 Cancbii

2301 4895 2584 4939 annotatas
2605 4884 2785 4945 fuisse,
2818 4899 2922 4938 non
2954 4883 3126 4937 solum
3155 4880 3328 4934 varias
3360 4878 3618 4933 lectiones
3646 4891 3900 4937 veterum

2302 4955 2590 5019 libroruin,
2634 4955 2727 5011 sed
2766 4957 2926 5009 etiam
2964 4953 3301 5023 eonjecmras
3342 4950 3491 5021 ejus,
3540 4962 3723 5006 monet
3773 4952 3902 5023 ipse

2301 5025 2566 5082 Painilius
2595 5029 2647 5083 in
2674 5026 3109 5082 annotatiimibus
3135 5026 3266 5078 suis.
3300 5023 3479 5088 Itaque
3510 5039 3605 5077 nos
3634 5024 3752 5078 hirc
3778 5028 3899 5080 duo

2301 5100 2578 5162 voiabola,
2609 5116 2729 5170 quae
2760 5100 2930 5169 posita
2947 5109 3067 5151 sunt
3087 5096 3205 5170 sine
3232 5102 3575 5170 auctoritate,
3604 5112 3669 5150 ex
3700 5100 3899 5168 caiijeo

2298 5178 2447 5226 ctura
2480 5166 2714 5235 tantum,
2745 5166 2896 5224 uncis
2921 5168 3304 5223 conclusinms.
3338 5166 3539 5222 Bawz.

2371 5243 2611 5298 Indicant
2661 5242 2877 5313 quidem
2926 5240 3050 5296 Var.
3090 5240 3279 5313 VLectt.
3328 5241 3466 5309 apud
3520 5238 3645 5313 odit.
3698 5241 3895 5298 Oxon.

2298 5315 2540 5373 colli-ctua
2573 5310 2857 5370 tria‘verlia
2889 5330 2980 5367 nec
3001 5312 3257 5382 Spiritum
3284 5321 3517 5365 sanctum
3550 5310 3600 5363 in
3646 5329 3898 5380 quarum-

2298 5388 2405 5442 illis
2433 5389 2583 5443 libris
2610 5388 2849 5456 Anglicis
2877 5385 3095 5448 deesse;
3140 5386 3232 5438 sed
3276 5398 3458 5456 revera
3480 5383 3539 5456 in
3566 5384 3781 5439 duobus
3816 5403 3893 5443 ex

2299 5460 2424 5521 illis.
2461 5460 2514 5514 hi
2539 5471 2660 5515 sunt
2691 5452 3014 5514 Bodleianns
3038 5465 3091 5530 et
3130 5455 3259 5509 Novi
3288 5452 3512 5523 Colli-gii
3540 5458 3706 5510 codex
3726 5501 3739 5524 ,
3777 5474 3891 5530 ap-

2297 5541 2447 5601 paret
2486 5548 2578 5585 nec
2626 5543 2737 5602 post
2771 5546 2957 5585 vocem
3001 5528 3312 5602 ﬁliuniciim
3362 5530 3713 5602 sequentibus
3741 5528 3893 5585 coii-

2291 5597 2559 5672 junctum.
2601 5597 2657 5660 lit
2696 5604 2867 5659 altero
2892 5612 3071 5656 autem
3110 5598 3459 5672 epistularum
3500 5597 3757 5672 Cypriani
3791 5618 3894 5658 eo.

2294 5670 2445 5746 dice,
2486 5676 2574 5745 qui
2620 5692 2784 5746 penes
2810 5684 2893 5731 est
2943 5672 3084 5728 idem
3137 5670 3453 5743 Collegium,
3504 5670 3643 5729 haud
3700 5684 3897 5732 exstat

2296 5744 2591 5807 Firmiliaui
2618 5744 2864 5822 epistola.
2893 5746 3094 5805 801ml.
