4262 6236
352 215 485 275 “(il

1346 228 1650 289 EPISCOPI
1687 229 2027 289 CESAi‘iE/E
2066 222 2542 291 CAPPADDCl/E.

3510 241 3650 297 “6?.

349 339 666 411 prmtlicent.
694 341 1093 414 respondebunt
1118 360 1241 403 eum
1273 360 1333 405 se
1355 350 1649 421 praedicare
1678 350 1766 420 qui
1788 351 1945 406 mise—
1974 353 2022 412 A
2051 361 2195 407 ctum
2235 369 2339 407 non
2373 370 2515 421 esse,
2550 355 2895 411 considerent
2923 365 2977 413 et
3008 358 3309 429 intelligant
3347 359 3643 430 spiritalem

349 432 419 501 rit
452 432 706 501 Spiritum
753 450 847 503 per
898 436 1204 492 Montanum
1237 450 1291 495 et
1336 440 1569 497 Priscam
1600 443 1856 496 loculum.
1887 441 1941 496 in

346 524 543 592 quibus
593 540 712 580 cum
737 528 1226 588 animadvertamus
1259 550 1363 589 non
1410 535 1650 591 veritatis
1685 535 1940 605 Spiritum

344 616 443 671 sed
466 618 667 673 erroris
684 620 867 686 fuisse,
894 626 1265 695 cognoscimus
1286 642 1379 681 eos
1406 628 1493 698 qui
1519 627 1705 681 falsam
1731 628 1941 681 illorum

346 709 694 779 prophetiam
725 723 910 767 contra
939 715 1141 771 Christi
1166 718 1324 772 fidem
1358 717 1630 773 vindicant
1669 718 1942 774 Christum

346 802 548 858 habere
574 820 679 858 non
715 820 893 875 posse.
937 808 1042 863 Sed
1080 821 1135 865 et
1161 812 1342 866 creteri
1383 814 1580 882 quique
1611 811 1873 878 haeretici,
1897 813 1940 866 si

348 911 405 951 sc
435 896 503 951 ab
551 896 793 953 Ecclesia
836 900 928 955 Dei
958 902 1242 967 sciderint,
1285 905 1417 958 nihil
1466 905 1664 961 habere
1711 915 1945 975 potesta-

349 988 416 1043 tis
461 998 554 1043 aut
592 991 779 1060 gratia:
826 1003 1083 1061 possunt,
1135 996 1349 1065 quando
1397 997 1571 1051 omnis
1618 1008 1854 1068 petestas
1891 1009 1946 1054 et

348 1082 519 1153 gratia
552 1082 603 1136 in
633 1083 873 1139 Ecclesia
906 1090 1194 1143 constituta
1218 1090 1307 1154 sit,
1340 1089 1428 1144 ubi
1459 1090 1746 1160 prmsident
1770 1092 1943 1162 majo-

351 1192 439 1232 res
467 1187 611 1241 natu,
645 1178 815 1248 quiet
857 1180 1157 1251 baptizandi
1186 1195 1240 1239 et
1277 1201 1493 1240 manum
1545 1187 1858 1257 imponendi
1890 1197 1945 1243 et

350 1270 633 1326 ordinandi
679 1272 955 1341 possident
984 1285 1324 1345 potestatem.
1384 1278 1649 1335 llaeretico
1679 1282 1845 1348 enim,
1873 1282 1947 1336 si-

350 1376 441 1420 cut
488 1365 737 1421 ordinare
768 1382 873 1421 non
916 1356 1042 1424 licet
1090 1386 1188 1427 nec
1252 1388 1467 1428 manum
1524 1375 1821 1445 imponere,
1878 1378 1949 1430 ita

350 1474 449 1515 nec
509 1459 780 1530 baptizare
825 1477 925 1516 nec
977 1464 1261 1534 quicquam
1319 1478 1502 1523 sancte
1544 1485 1642 1523 nec
1696 1471 1950 1539 spiritali-

348 1562 429 1607 ter
448 1570 656 1637 gerere,
687 1555 903 1626 quando
942 1558 1152 1613 alienus
1197 1562 1267 1614 sit
1317 1577 1347 1615 a
1398 1562 1627 1631 spiritali
1676 1573 1732 1617 et
1760 1564 1947 1618 deifica

348 1650 653 1705 sanctitate.
712 1651 864 1718 Quod
905 1661 1072 1708 totum
1126 1671 1222 1709 nos
1266 1656 1591 1727 jampridem
1639 1658 1693 1712 in
1742 1660 1944 1723 lconio,

2047 445 2376 500 nativitatem
2426 446 2541 500 sine
2573 447 2773 516 Spiritu
2806 464 2927 504 esse
2980 465 3083 505 non
3134 467 3318 521 posse,
3350 453 3646 508 secundum

2045 538 2185 608 quod
2213 549 2267 593 et
2316 540 2501 594 beatus
2542 542 2816 611 apostolus
2861 543 3057 600 Paulus
3083 560 3177 599 eos
3203 546 3291 615 qui
3320 546 3387 598 ab
3432 545 3645 601 Joanne

2047 634 2299 705 baptizati
2345 633 2579 693 fuerant.
2627 636 2940 705 priusquam
2996 639 3191 693 missus
3228 649 3373 694 esset
3419 640 3652 709 Spiritus

2047 736 2321 781 sanctusa
2379 727 2635 793 Domino,
2689 729 2979 800 baptizavit
3029 732 3207 787 denuo
3239 732 3463 801 Spiritali
3511 733 3650 801 Bap-

2049 822 2235 887 tismo,
2267 830 2319 875 et
2344 822 2421 875 sic
2452 824 2530 876 eis
2566 836 2788 877 manum
2818 824 3075 893 imposuit
3104 835 3161 878 ut
3189 825 3496 893 acciperent
3526 824 3650 891 Spi-

2049 915 2209 968 ritum
2258 914 2664 985 sanctum(iict.
2697 918 2833 985 xxx).
2888 916 3057 983 Quale
3105 927 3187 971 est
3239 928 3415 971 autem
3450 926 3505 970 ut
3530 933 3652 971 cum

2048 1006 2272 1062 Paulum
2295 1016 2413 1077 post
2443 1006 2667 1060 Joannis
2690 1008 2948 1076 baptisma
2983 1008 3175 1063 iterato
3204 1008 3495 1077 discipulos
3523 1022 3653 1062 suos

2050 1102 2353 1171 baptizasse
2384 1101 2683 1169 videamus,
2733 1118 2832 1158 nec
2861 1118 2955 1157 eos
2982 1104 3071 1173 qui
3118 1104 3184 1157 ab
3229 1104 3420 1159 haeresi
3454 1104 3518 1157 ad
3552 1103 3655 1158 Ec-

2050 1194 2275 1249 clesiam
2326 1195 2549 1250 veniunt
2596 1206 2714 1265 post
2758 1195 2995 1251 illicitam
3043 1208 3096 1251 et
3150 1197 3426 1265 profanam
3457 1213 3644 1250 eorum

2054 1287 2367 1340 tinctionem
2415 1287 2688 1356 baptizare
2720 1286 3063 1343 dubitemus?
3116 1287 3226 1341 Nisi
3259 1290 3301 1341 si
3333 1289 3415 1341 his
3441 1290 3648 1358 episco-

2054 1378 2133 1446 pis
2161 1388 2186 1414 ι
2214 1380 2404 1448 quibus
2434 1377 2638 1452 [nunc]
2669 1379 2691 1416 ι’
2719 1379 2893 1433 minor
2912 1382 3004 1434 fuit
3037 1381 3253 1446 Paulus,
3276 1392 3331 1435 ut
3361 1381 3411 1434 hi
3441 1383 3658 1451 quidem

2054 1471 2259 1539 possint
2302 1487 2396 1541 per
2441 1472 2610 1525 Solam
2654 1488 2841 1526 manus
2895 1473 3289 1542 impositiouem
3321 1475 3661 1529 venientibus

2055 1565 2325 1620 hmreticis
2362 1565 2492 1620 dare
2519 1566 2775 1633 Spiritum
2809 1576 3076 1631 sanctum,
3118 1567 3314 1622 Paulus
3339 1578 3517 1622 autem
3549 1567 3665 1621 ido-

2051 1674 2187 1713 neus
2235 1674 2341 1712 non
2372 1656 2531 1712 fuerit
2560 1658 2647 1727 qui
2694 1658 2761 1713 ab
2811 1658 3018 1715 Joanne
3069 1660 3350 1730 baptizatis
3396 1661 3657 1731 Spiritum

346 1743 441 1827 qui
470 1742 717 1814 Phrygiae
738 1745 887 1800 locus
916 1757 1018 1813 est,
1052 1748 1263 1803 collecti
1296 1750 1347 1803 in
1381 1766 1545 1804 unum
1576 1752 1944 1806 convenienti-
1982 1760 2024 1819 Β
2052 1762 2295 1807 sanctum
2322 1768 2417 1822 per
2434 1768 2623 1807 manus
2648 1753 3046 1822 impnsitionem
3075 1754 3249 1821 daret,
3272 1755 3372 1809 nisi
3396 1772 3490 1811 eos
3518 1759 3666 1826 prius

350 1836 453 1895 bus
473 1854 539 1892 cx
565 1837 773 1893 Galatia
798 1850 853 1895 et
892 1839 1079 1896 Cilicia
1105 1851 1160 1897 et
1187 1844 1398 1897 caeteris
1437 1845 1697 1914 proximis
1718 1846 1951 1915 regioni-

353 1930 473 1993 bus,
506 1931 940 1987 confirmavimus
960 1934 1246 1989 tenendmn
1275 1946 1460 1991 contra
1486 1937 1767 1992 haereticos
1785 1938 1950 1992 firmi-

354 2031 435 2077 ter
463 2032 516 2078 et
548 2024 946 2092 vindicandum,
975 2041 1095 2081 cum
1124 2042 1151 2080 a
1184 2028 1503 2098 quibusdam
1536 2029 1603 2085 de
1636 2032 1735 2087 ista
1763 2046 1822 2086 re
1852 2031 1951 2086 du-

354 2116 642 2175 bitaretur.

428 2211 568 2266 Vill.
600 2212 939 2286 thuoniam
970 2216 1277 2285 Stephanus
1308 2226 1362 2272 et
1389 2217 1476 2284 qui
1512 2217 1586 2271 illi
1609 2218 1956 2273 consentiunt

360 2305 697 2362 contendunt
744 2308 1114 2364 dimissionem
1170 2319 1512 2380 peccatorum
1558 2320 1613 2363 et
1665 2311 1957 2365 secundam

362 2400 693 2456 nativitatem
723 2402 774 2456 in
808 2402 1183 2459 luereticorum
1214 2405 1484 2473 Baptisma
1513 2420 1668 2475 posse
1699 2406 1959 2475 procede—

362 2509 445 2563 re,
494 2495 633 2566 apud
676 2511 811 2566 quos
832 2496 997 2552 etiam
1046 2498 1148 2568 ipsi
1188 2497 1513 2554 conﬁtentur
1552 2498 1807 2569 Spiritum
1836 2515 1961 2554 san-

2057 1847 2221 1902 etiam
2254 1846 2511 1901 Ecclesim
2536 1847 2811 1917 Baptismo
2835 1848 3175 1918 baptizasset.

2126 1984 2215 2039 lx.
2263 1984 2390 2039 Illud
2422 2000 2635 2055 quoque
2665 1986 2957 2039 absurdum
2993 1987 3134 2056 quod
3169 2004 3273 2043 non
3300 1998 3485 2056 potant
3516 2006 3667 2061 qum-

2052 2078 2279 2133 rendum
2322 2093 2444 2131 esse
2474 2079 2593 2148 quis
2639 2079 2707 2131 sit
2748 2078 2835 2133 ille
2863 2079 2952 2149 qui
3006 2080 3379 2148 baptizaverit,
3426 2098 3492 2137 eo
3522 2082 3663 2155 quod

2055 2173 2144 2244 qui
2187 2172 2487 2241 baptizatus
2519 2172 2589 2226 sit
2633 2174 2858 2242 gratiam
2895 2176 3151 2244 consequi
3186 2177 3381 2245 poterit
3414 2177 3659 2234 invocata

2064 2267 2300 2320 trinitate
2342 2266 2618 2319 nomimnn
2652 2266 2821 2321 Patris
2849 2278 2902 2321 et
2935 2268 3054 2323 Filii
3096 2280 3149 2323 et
3185 2270 3419 2340 Spiritus
3471 2276 3663 2329 sancti.

2069 2359 2273 2414 Deinde
2308 2359 2421 2414 haec
2450 2361 2552 2414 erit
2579 2361 2839 2430 sapientia
2890 2379 3048 2431 quam
3090 2365 3276 2420 scribit
3319 2365 3521 2422 Paulus
3548 2384 3671 2423 esse

2071 2452 2123 2506 in
2154 2452 2237 2507 his
2265 2453 2352 2521 qui
2395 2451 2616 2521 perfecti
2645 2462 2787 2507 sunt.
2838 2453 2907 2508 At
2935 2455 3055 2524 quis
3083 2466 3166 2511 est
3190 2456 3240 2510 in
3278 2457 3513 2513 Ecclesia
3542 2476 3665 2529 per-

1563 2665 1947 2740 LECTIONES
1989 2682 2406 2740 VARIANTES.

428 2821 453 2850 ⁸
488 2816 570 2869 Sic
594 2821 684 2871 Ar.
714 2820 847 2869 Imm.
873 2819 1018 2871 Ebor.
1044 2818 1152 2873 NG.
1186 2821 1225 2871 1.
1253 2822 1315 2870 At
1339 2822 1493 2872 Oxon.
1520 2818 1597 2870 De
1622 2820 1820 2883 quibus.

2138 2820 2167 2858 ι)
2193 2821 2285 2882 Qui
2309 2828 2423 2872 sunt
2441 2833 2568 2871 nunc
2587 2819 2760 2882 conjic.
2782 2821 2950 2872 Rmuli.

1702 2960 1837 3016 νΑΒ
1846 2960 2064 3019 IORUM
2103 2960 2334 3018 NOTAE.

442 3097 542 3155 Ubi
563 3097 1459 3177 prtesidentruajoresitatu.Cra-ce,
1472 3100 1606 3177 ςξπου
1624 3104 1957 3177 πρρρεὰθεντω
1986 3102 2031 3165 C
2064 3116 2335 3177 proun‘ec,
2396 3099 2735 3177 firmantibus
2786 3099 2917 3154 illttd
2965 3115 3063 3155 ms.
3143 3099 3279 3177 i_\‘ovi
3313 3103 3554 3177 Leollegii
3609 3127 3671 3167 ac

364 3172 414 3225 οἱ
436 3172 798 3247 πρεσϐιξτιρο-ι.
818 3170 908 3227 Sic
920 3171 1093 3247 etiam
1113 3188 1270 3247 supra
1304 3170 1673 3247 Firmilianns,
1694 3173 1805 3247 Mos
1819 3174 1957 3242 apud

365 3260 461 3321 nos
478 3243 598 3321 fuit,
625 3243 815 3310 inquit,
844 3252 899 3295 ut
924 3258 1013 3321 per
1031 3244 1258 3321 singulos
1278 3260 1439 3297 annos
1453 3246 1692 3321 seniores
1709 3244 1775 3321 (poi
1790 3267 1957 3321 πρεσο

369 3314 598 3389 ςύτερᾳι)
618 3324 685 3389 _et
737 3315 998 3389 praepositi
1044 3316 1293 3389 inﬁnitum
1314 3317 1699 3389 couveniamus.
1722 3314 1959 3386 Utroque

366 3384 889 3454 loco'designantur,
945 3386 996 3438 ni
1038 3384 1226 3450 fallor,
1268 3388 1562 3455 superioris
1588 3388 1829 3451 ordinis,
1863 3384 1956 3442 seu

366 3459 458 3525 qni
518 3456 840 3526 praisident,
900 3456 1220 3527 presbyteri.
1291 3458 1655 3523 Prwsjdentem
1718 3460 1960 3513 nominat

368 3528 690 3600 episcopum
712 3527 1077 3581 Tertullianus
1104 3530 1154 3581 in
1187 3531 1279 3582 lib.
1312 3530 1375 3582 de
1406 3529 1686 3589 Pudicitia,
1720 3546 1837 3600 cap.
1866 3531 1955 3592 14.

369 3608 426 3653 ct
451 3598 543 3653 illo
570 3599 783 3666 quidem
832 3603 1239 3669 presbyterorum
1284 3602 1500 3655 nomine
1540 3598 1833 3669 episcOpi‘a
1863 3619 1955 3657 ve—

371 3669 576 3724 teribus
606 3670 870 3724 interdum
901 3672 1272 3739 appellantur:
1315 3687 1438 3725 raro
1480 3672 1713 3726 vicissim
1735 3714 1749 3735 ,
1801 3674 1958 3742 idque

367 3742 866 3795 accmnmodatione
894 3751 1097 3795 tantum
1142 3743 1206 3796 ad
1234 3742 1356 3797 Vet.
1386 3743 1534 3797 Test.
1580 3744 1753 3798 locum
1772 3785 1785 3806 ,
1819 3745 1952 3811 epis.

370 3829 613 3885 coporum
642 3813 798 3867 titulo
818 3814 1084 3885 donantur
1101 3815 1419 3885 presbyteri.
1442 3814 1660 3868 Confer.
1683 3820 1954 3870 Annotatt.

370 3886 437 3938 ad
491 3884 696 3939 Concil.
747 3894 933 3939 contra
971 3884 1197 3939 Noetuni
1244 3886 1351 3939 vol.
1388 3886 1450 3945 ll,
1484 3885 1765 3955 Reliquiar.
1802 3886 1955 3940 Sacr.

370 3972 427 4028 p.
460 3956 589 4019 577,
619 3957 702 4028 ubi
738 3967 913 4028 tamen
950 3958 1125 4011 minus
1155 3968 1301 4011 recte
1331 3956 1604 4012 dubitasse
1636 3973 1722 4012 me
1762 3956 1953 4021 fateor,

372 4027 551 4081 utrum
586 4027 766 4097 plures
793 4027 1031 4097 episcopi
1061 4029 1112 4081 in
1144 4043 1343 4093 unum,
1390 4030 1507 4083 sive
1542 4032 1591 4083 in
1641 4030 1957 4097 provinciali

370 4099 636 4161 concilio,
682 4100 921 4163 collecti,
956 4100 1235 4170 presbyteri
1265 4100 1423 4153 tertio
1469 4101 1668 4154 sreculo
1699 4101 1955 4155 Ecclesia:

370 4172 805 4226 nominarentur.
834 4170 1001 4225 Porro
1027 4171 1165 4241 apud
1191 4172 1499 4241 episeopnm
1531 4171 1687 4225 sitam
1710 4188 1828 4225 esse
1863 4187 1958 4241 po-

369 4252 620 4313 testatem
654 4241 787 4296 ritus
819 4256 1007 4297 omnes
1028 4240 1476 4305 administrandi,
1508 4243 1840 4313 baptizandi,
1864 4240 1954 4296 nf-

372 4312 620 4374 ferendi,
653 4328 868 4368 manum
906 4314 1249 4382 imponendi,
1295 4312 1606 4379 ordinandi,
1665 4315 1958 4369 credebant

372 4384 613 4455 antiqui;
646 4385 741 4439 sed
770 4396 821 4439 et
845 4386 1171 4456 presbyteris
1200 4385 1393 4449 licere,
1438 4395 1495 4439 ut
1541 4387 1728 4440 muniti
1774 4397 1959 4440 aucto-

373 4458 536 4538 ritate
582 4457 815 4538 episcopi
864 4458 1212 4538 liap‘tinzarent
1240 4466 1398 4527 atque
1444 4456 1747 4538 offerrent.‘
1781 4457 1956 4538 Daudi

2065 3172 2384 3233 Bodleiano;
2415 3173 2541 3241 quin
2572 3181 2625 3224 et
2649 3171 2877 3225 fortaSSe
2898 3173 3277 3226 revocandum.
3312 3171 3523 3232 llourn'.

2133 3244 2201 3297 In
2231 3242 2433 3298 Iconio.
2479 3244 2764 3313 Dionysius
2810 3242 3205 3297 Alexandrinus
3253 3246 3353 3300 hoc
3392 3248 3669 3309 lcuniensc

2063 3316 2224 3384 idque
2246 3318 2294 3367 in
2322 3314 2572 3387 Synnada
2592 3315 3145 3387 Conciliumsanxisse
3171 3333 3358 3372 rursus
3386 3322 3670 3387 tingendus

2061 3402 2181 3442 esse
2210 3387 2515 3450 haereticos,
2544 3386 2594 3438 in
2627 3386 2780 3440 tertia
2814 3386 3039 3454 epistola
3068 3387 3131 3439 ad
3163 3387 3528 3445 Philemonem
3562 3395 3670 3449 Ro-

2060 3475 2278 3531 manum
2329 3467 2738 3531 commemorat.
2786 3456 2959 3511 Verba
3004 3458 3121 3523 ejus
3167 3461 3305 3525 apud
3353 3463 3662 3531 Eusebium,

2064 3529 2205 3583 Hist.
2231 3528 2429 3609 Eccles.
2449 3544 2543 3593 vn,
2568 3529 2617 3591 7,
2642 3528 2757 3581 hmc
2782 3539 2936 3581 sunt:
2960 3532 3486 3601 Μεμάθηκακαὶτοῦτο
3508 3528 3667 3609 ὅτι

2060 3608 2146 3655 νῦν
2175 3602 2219 3655 οἱ
2257 3604 2306 3655 ἐν
2333 3602 2529 3677 Ἀφρικῇ
2552 3603 2700 3671 μόνον
2715 3607 2867 3655 τοῦτο
2891 3606 3291 3677 παρεισήγαγον,
3320 3606 3540 3662 ἀλλὰκαὶ
3564 3602 3666 3677 πέρὸ

2060 3674 2245 3727 πολλοῦ
2272 3668 2678 3746 uacui-foueam!)
2704 3675 2843 3743 ἡμῶν
2881 3668 3202 3735 ἑπιᾶκὸπουέ
3225 3677 3274 3746 ἐν
3311 3686 3423 3737 ταῖς
3445 3668 3670 3736 uoluae)-

2060 3747 2418 3819 θρωποτὰταις
2466 3744 2916 3819 ἐκκληάίαιςᾳκατὰ
2955 3753 3069 3803 ταῖς
3118 3745 3351 3819 σννρδοις
3392 3758 3489 3803 τῶν
3521 3752 3666 3808 ἀδελ-

2064 3813 2265 3890 patinis
2296 3816 2476 3885 Ἰκονίῳ
2498 3813 2863 3890 κᾳὶ-Σνννάδοις
2887 3820 2971 3869 καὶ
2990 3819 3131 3890 παρὰ
3153 3818 3350 3890 πολλοῖς
3376 3828 3528 3877 τοῦτο
3550 3824 3665 3880 ἔδοι

2060 3884 2160 3951 ξεν,
2177 3884 2262 3951 ὧν,
2280 3895 2385 3939 pic,
2406 3884 2555 3954 A’pnd
2577 3884 2809 3939 Iconium
2825 3896 3000 3939 autem
3022 3884 3256 3941 "nisime
3283 3891 3350 3942 ob
3381 3891 3669 3950 Montanis-

2062 3967 2235 4009 tarum
2288 3957 2617 4029 Baiitismum
2663 3965 2859 4009 motam
2909 3971 3029 4011 esse
3080 3960 3428 4026 quaestionem
3489 3965 3662 4029 istam,

2062 4037 2271 4081 conSIat
2293 4044 2355 4082 ex
2387 4027 2682 4080 Firniiliani
2705 4029 2882 4081 verbis
2914 4029 3045 4080 infra
3066 4069 3081 4093 ,
3118 4031 3166 4081 iu
3186 4045 3303 4095 cap.
3340 4032 3424 4086 15.
3452 4027 3663 4093 Reum,

2062 4101 2151 4171 Ait
2181 4099 2500 4154 Prudentius
2532 4098 2780 4171 Illaranus
2809 4100 2861 4151 in
2894 4098 3010 4151 Vi:a
3051 4100 3107 4153 S.
3138 4102 3389 4171 Cypriani
3442 4109 3663 4165 editioni

2061 4170 2365 4224 Baluzianae
2408 4169 2705 4237 prmmissa,
2745 4170 2772 4241 §
2806 4186 2955 4233 χχχι,
2990 4187 3041 4239 p.
3085 4169 3290 4227 cxrin:
3335 4173 3452 4228 Nisi
3502 4181 3547 4231 si
3586 4184 3664 4234 liis

2061 4243 2314 4319 episcopis
2340 4242 2521 4319 quibus
2546 4258 2681 4319 nunc
2725 4243 2821 4312 fuit
2878 4241 3107 4319 Paulus;
3141 4243 3422 4319 legendum
3456 4253 3664 4319 ρυιηγίι

2062 4313 2338 4369 Pamelius
2365 4313 2428 4367 de
2470 4314 2652 4382 quibus
2684 4329 2838 4370 nunc.
2872 4312 2967 4367 sed
3010 4314 3326 4371 manifestus
3353 4329 3435 4372 est
3458 4312 3663 4378 'Helleo

2062 4385 2287 4447 nismtls,
2310 4388 2516 4465 τούτοιί
2537 4386 2983 4465 toﬁ-timendum;
3023 4395 3127 4446 τοῖς
3156 4394 3265 4465 νὴ,
3292 4390 3375 4465 his_
3396 4394 3664 4465 episcopis

2064 4470 2207 4535 nunc
2250 4457 2623 4535 existentibus.
2653 4455 2778 4510 Haec
2818 4457 3089 4535 ille,_qu;e
3116 4460 3328 4535 quidem
3364 4455 3501 4517 haud
3538 4455 3658 4535 pro-

373 4530 579 4597 quidem
607 4526 981 4600 (Baptispmum)
1009 4529 1156 4582 habet
1193 4530 1274 4595 ius
1314 4526 1543 4582 summus
1569 4529 1835 4593 sacerdos,
1876 4531 1958 4599 qui
1985 4536 2037 4595 1)
2064 4526 2281 4591 bibent,
2317 4544 2383 4582 ne
2410 4528 2637 4581 sentiam
2678 4528 3045 4597 reponendum
3074 4542 3195 4584 esse
3223 4532 3309 4600 qui
3340 4546 3463 4587 sunt
3493 4526 3656 4596 nunc.

375 4610 451 4654 cst
480 4600 763 4670 cpiscopus.
790 4598 988 4653 Dehinc
1016 4600 1293 4670 presbyteri
1321 4610 1368 4654 et
1404 4601 1636 4661 diaconi,
1667 4617 1767 4654 non
1793 4612 1961 4655 tamen

376 4673 491 4725 sine
539 4672 762 4741 episcopi
813 4672 1113 4726 auctoritate
1168 4682 1373 4742 propter
1407 4671 1645 4726 Ecclesia:
1696 4673 1956 4726 honorem.

384 4743 499 4809 Quo
519 4745 691 4804 salvo,
724 4743 866 4797 salva
915 4759 1018 4812 pax
1066 4753 1155 4797 est.
1210 4744 1448 4814 Alioquin
1497 4744 1648 4797 etiam
1693 4744 1836 4797 laicis
1869 4745 1961 4813 jus

377 4824 482 4879 est,
524 4824 627 4870 etc.
659 4814 785 4869 Haec
804 4814 1163 4869 Tertullianus
1188 4818 1239 4868 in
1271 4814 1361 4871 lib.
1393 4815 1455 4868 de
1477 4814 1758 4885 Baptismo,
1794 4831 1843 4871 c.
1871 4817 1959 4881 17,

380 4885 524 4940 haud
548 4886 697 4941 ﬁnito
725 4887 926 4941 saeculo
954 4886 1212 4941 Ecclesize
1242 4887 1479 4942 secundo
1499 4887 1698 4941 docuit.
1722 4888 1801 4941 Ad
1820 4888 1964 4941 solos

380 4972 516 5011 vero
555 4959 840 5028 episeopos
881 4956 1161 5011 ordinandi
1211 4960 1298 5027 jus
1344 4959 1646 5028 pertinere,
1695 4962 1963 5013 consentit

377 5044 504 5101 cum
560 5029 895 5101 Hieronymo
935 5030 1182 5084 universa
1240 5030 1550 5095 antiquitas.
1613 5030 1765 5085 Adde
1820 5029 1962 5099 quod

378 5099 525 5156 idem
585 5101 671 5156 hic
720 5099 1093 5159 Firmilianus.
1151 5102 1240 5168 qtti
1299 5102 1672 5171 episeoporum
1718 5101 1962 5156 ordinem

377 5174 791 5244 presbyterorum
820 5173 1037 5228 nomine
1072 5172 1156 5227 his
1202 5173 1334 5227 locis
1360 5173 1678 5243 appellavit,
1727 5174 1966 5243 singulos

376 5245 698 5316 episcopos,
748 5245 1124 5316 presbyteros,
1172 5245 1464 5310 diaconos,
1505 5244 1966 5316 alibi_in_epistola

376 5330 479 5369 sua
506 5313 670 5371 titulis
699 5313 813 5371 suis
839 5313 1099 5371 distinxit.
1132 5316 1301 5371 Porro
1338 5318 1413 5370 ait
1443 5316 1602 5381 infra,
1633 5313 1660 5385 §
1692 5313 1788 5379 12,
1821 5316 1965 5385 epis-

376 5400 549 5458 copos
596 5386 932 5444 ordinatione
962 5387 1159 5443 vicaria
1189 5386 1855 5511 successisseRApostolis.

1567 5472 1728 5511 ourn.

1567 5472 1728 5512 OUTH.

461 5530 790 5588 Potestalem.
817 5530 1001 5587 Codex
1029 5531 1328 5593 Laetiensis,
1356 5529 1667 5600 facultatem.
1696 5531 1784 5585 Sic
1812 5530 1971 5584 etiam

374 5616 451 5659 se
478 5602 667 5675 legisse
695 5604 749 5659 in
779 5603 969 5659 codice
999 5602 1395 5658 Mareliianensi
1430 5610 1672 5725 testatui'3
1688 5601 1972 5657 Pamelius.

1676 5689 1827 5725 ALUZ.

1676 5689 1827 5729 ALUZ.

470 5743 575 5803 Nec
604 5747 903 5820 spiritaliter
931 5762 1121 5817 gerere.
1157 5746 1298 5802 Edit.
1332 5744 1582 5817 princeps
1625 5754 1845 5815 praestat
1890 5755 1979 5801 aut

833 5843 1105 5905 PATROL.
1154 5842 1265 5905 III.

368 5812 399 5829 δ

2065 4613 2163 4668 pro
2207 4600 2311 4654 isto
2340 4599 2519 4667 quibus
2563 4615 2700 4651 nunc
2725 4641 2738 4659 ,
2772 4614 2894 4653 cum
2928 4600 3067 4653 absit
3106 4599 3417 4669 praepositio
3446 4607 3509 4660 de
3537 4622 3662 4666 ante

2064 4671 2244 4738 quibus
2265 4687 2294 4723 a
2316 4671 2474 4725 codd.
2505 4670 2742 4738 scriptis,
2777 4670 2917 4739 quod
2949 4672 3115 4724 sciam
3140 4674 3412 4730 omnibus.
3445 4678 3658 4737 Rourn.

2139 4741 2274 4796 VIII.
2302 4773 2371 4782 —-—
2404 4741 2598 4808 Quibus
2628 4758 2780 4795 nunc.
2819 4742 3115 4810 Prmposito
3145 4743 3295 4799 deest
3329 4748 3380 4801 in
3410 4755 3659 4809 omnibus

2064 4814 2464 4880 exemplaribus
2494 4814 2726 4882 antiquis
2757 4823 2810 4865 et
2840 4814 2891 4866 in
2935 4812 3169 4869 editione
3210 4816 3540 4876 Morelliana.
3585 4826 3655 4880 ιι-

2066 4886 2171 4939 lam
2216 4885 2484 4940 Pamelius
2511 4884 2708 4953 adjecit
2732 4899 2796 4937 ex
2828 4886 3102 4950 conietura
3122 4928 3137 4951 ,
3169 4888 3289 4956 quia
3321 4892 3663 4950 existimabat

2063 4970 2287 5012 sensum
2310 4958 2513 5026 absque
2540 4970 2603 5008 ea
2636 4970 2742 5008 non
2771 4966 3218 5026 pOSSQACmtSlHI‘C.
3244 4958 3441 5017 BALUZ.

2141 5026 2249 5105 IX_._
2278 5059 2345 5105 —.
2398 5023 2628 5105 {inquis
2672 5035 2761 5105 est_
2788 5028 2840 5078 in
2897 5023 3128 5105 Ecclesia
3180 5035 3465 5105 perfectus.
3509 5036 3655 5105 Opii-

2068 5114 2155 5154 me
2204 5098 2335 5153 Novi
2396 5098 2619 5166 Collegii
2663 5096 2867 5158 codex,
2927 5108 2985 5149 nt
3034 5100 3121 5165 qui
3178 5096 3281 5153 est'
3318 5104 3371 5156 in
3424 5096 3659 5163 Ecclesia

2108 5170 2323 5238 erfectus
2346 5181 2391 5225 et
2412 5170 2616 5240 sapiens
2647 5172 2741 5240 hoc
2766 5177 2853 5240 aut
2883 5168 3127 5238 defendat
3153 5181 3239 5223 aut
3262 5176 3458 5231 credat.
3490 5178 3543 5232 in
3567 5183 3661 5234 tri-

2108 5188 2323 5238 eriecms
2346 5188 2391 5225 et
2412 5188 2616 5240 sapiens
2647 5188 2741 5221 uoc
2766 5188 2853 5221 aur
2883 5188 3127 5238 αειεηααι
3153 5188 3239 5223 aut
3262 5188 3458 5231 credat.
3490 5188 3543 5232 In
3567 5188 3661 5234 tri-

2070 5188 2172 5296 gus
2203 5257 2414 5311 quoque
2438 5240 2595 5296 codd.
2627 5239 2839 5307 scriptis
2882 5242 2930 5293 in
2978 5240 3107 5294 edit.
3158 5244 3332 5298 Oxon.
3374 5254 3661 5306 nominatis

2073 5314 2158 5379 qui
2177 5312 2647 5390 p_ro_quis]egittit:,
2667 5320 2729 5390 _et
2749 5311 2837 5390 qui
2863 5320 2988 5365 ante
3014 5312 3118 5390 hoc
3136 5316 3304 5368 abest.
3326 5318 3662 5390 Quapropter

2076 5385 2379 5453 posthabita
2415 5382 2632 5438 Pamelii
2666 5383 2919 5445 lectione,
2949 5399 3066 5450 quae
3093 5384 3321 5443 fortasse
3350 5382 3414 5443 ex
3442 5382 3663 5448 Cau'ehii

2077 5456 2383 5524 conjectura
2409 5463 2613 5509 tantum
2638 5467 2753 5509 orta
2777 5465 2879 5515 est,
2902 5454 3265 5509 Morellianam
3312 5459 3465 5514 istam
3511 5480 3668 5517 revo-

2077 5529 2230 5591 cavi;
2258 5531 2433 5596 posito
2462 5536 2655 5603 tamen
2682 5541 2745 5580 ex
2776 5524 2886 5603 fide
2918 5526 3120 5603 codicis
3148 5526 3282 5582 Novi
3314 5528 3532 5603 Collegii
3580 5548 3671 5590 aut

2077 5614 2176 5668 pro
2200 5608 2520 5672 autemante
2548 5598 2767 5672 verbum
2796 5596 3342 5672 defendat.‘C:eterum
3365 5596 3523 5672 paulo
3545 5619 3674 5663 ante

2081 5685 2181 5741 pro
2227 5671 2411 5737 poterit
2444 5671 2677 5741 priorem
2708 5670 2833 5723 lect.
2873 5669 3402 5741 potueritirevoravi.
3457 5676 3678 5735 Rou'ru.

2082 5738 2155 5784 ζ.-
2194 5743 2258 5796 At
2306 5738 2559 5815 quis—est.
2616 5738 2694 5795 lta
2744 5738 3051 5796 emendavit
3102 5740 3377 5799 Pamelius
3428 5762 3493 5803 ex
3549 5749 3692 5811 libro

3095 5833 3173 5903 37
