4262 6236
602 243 741 300 1167

1814 238 2145 300 EPISTOLA
2188 237 2561 299 FJRMILIANI

3754 235 3895 294 1168

592 364 697 419 hoc
737 378 871 435 aqua
917 375 1020 433 qua
1065 361 1338 433 tinguntur
1382 360 1653 417 lavacrum
1701 369 1784 418 est
1824 362 1930 417 illis
1974 363 2188 418 carnale
2216 367 2267 423 Α
2294 362 2673 433 fonssignatus,
2703 360 2974 432 paradisus
2994 362 3300 428 cumfructu
3329 369 3594 426 pomorum
3612 352 3785 427 (Cant.
3820 372 3894 421 iv,

599 467 830 522 tantmn,
857 472 960 509 non
991 454 1247 519 Baptismi
1267 464 1687 510 sacramentum.

672 549 811 603 XIV.
838 546 993 616 Quod
1021 545 1067 601 si
1089 545 1358 615 Baptisma
1390 545 1769 600 haereticorum
1794 545 1995 601 habere
2018 553 2196 616 potest

596 642 1062 715 regenerationem
1112 639 1366 695 secunda:
1420 640 1748 707 nativitatis,
1794 656 1899 693 non
1955 639 2193 694 hmretici

598 738 694 794 sed
728 736 821 791 ﬁlii
857 735 949 790 Dei
987 744 1013 772 ⁸
1044 734 1387 805 computandi
1423 745 1545 789 sunt
1572 735 1665 805 qui
1698 734 1837 804 apud
1868 734 1990 788 illos
2022 734 2195 803 bapti-

597 840 786 887 zantur
813 848 828 889 :
857 830 1090 885 secunda
1118 829 1261 885 enim
1287 830 1537 884 nativitas
1561 844 1681 899 quae
1710 838 1794 884 est
1834 830 1887 883 in
1917 829 2193 899 Baptismo

596 925 737 979 ﬁlios
768 923 859 978 Dei
905 931 1145 993 generat.
1198 921 1253 978 Si
1292 932 1472 979 autem
1501 938 1698 993 sponsa
1725 922 1920 978 Christi
1954 938 2058 976 una
2087 931 2192 984 est,

594 1034 717 1089 quae
750 1026 832 1073 est
858 1016 1104 1071 Ecclesia
1131 1016 1415 1079 catholica,
1450 1017 1563 1084 ipsa
1585 1026 1667 1071 est
1694 1031 1813 1086 quae
1839 1015 1950 1069 sola
1975 1024 2197 1085 generat

592 1111 690 1167 Dei
714 1110 876 1165 ﬁlios.
918 1109 1105 1180 Neque
1131 1108 1275 1164 enim
1307 1108 1489 1162 multa:
1516 1107 1542 1145 ι)
1574 1122 1788 1177 sponsae
1816 1105 2040 1172 Christi,
2071 1121 2193 1160 cum

595 1206 743 1261 dicat
768 1205 1058 1275 Apostolus
1093 1222 1105 1255 ε
1140 1201 1408 1272 Despondi
1445 1219 1532 1256 vos
1567 1204 1655 1254 uni
1684 1202 1791 1255 viro
1814 1201 2057 1270 virginem
2084 1216 2197 1253 cas-

595 1310 700 1355 tam
727 1301 988 1369 assignare
1014 1296 1215 1351 Christo
1233 1295 1425 1369 (llCor.
1445 1296 1610 1367 x132);
1634 1298 1835 1351 etAudi
1859 1297 1968 1364 ﬁlia
1992 1307 2039 1349 et
2060 1296 2193 1359 vide,

595 1406 644 1449 et
684 1394 876 1448 inclina
901 1408 1079 1446 aurem
1110 1400 1270 1455 tuam,
1301 1399 1346 1443 et
1378 1390 1668 1443 obliviscere
1700 1390 1877 1459 populi
1904 1390 1977 1441 tui
2002 1401 2047 1450 ε,
2078 1390 2198 1459 quia

596 1486 900 1542 desideravit
924 1500 1013 1538 rea:
1036 1484 1253 1554 speciem
1282 1490 1420 1534 tuam
1451 1480 1625 1552 (Psal.
1654 1496 1799 1544 κων,
1827 1479 1943 1550 ill);
1990 1489 2065 1543 et,
2106 1480 2197 1534 Ve-

593 1583 668 1647 ni,
714 1596 921 1650 sponsu,
955 1578 1018 1631 de
1047 1576 1264 1639 Libano,
1298 1575 1533 1630 advenies
1560 1583 1606 1628 et
1634 1574 1963 1644 pertransibis
1991 1591 2021 1625 a
2050 1574 2195 1644 prin-

597 1678 730 1747 cipio
763 1676 880 1745 ﬁdei
913 1672 1099 1743 (Cant.
1130 1687 1202 1737 tv,
1230 1668 1337 1739 8);
1367 1679 1421 1723 et
1460 1668 1729 1738 Ingressus
1758 1685 1868 1721 sum
1906 1668 1959 1720 in
1998 1668 2197 1720 hortum

602 1786 791 1833 meum,
816 1782 959 1822 saror
992 1781 1122 1829 mea,
1155 1778 1343 1832 sponsa
1382 1760 1561 1833 (Cant.
1586 1761 1731 1829 v,l).
1755 1760 2006 1814 Videmus
2038 1775 2195 1813 unam

598 1876 887 1933 personam
908 1860 1104 1929 ubique
1126 1855 1373 1927 preponi,
1397 1858 1516 1925 quia
1538 1864 1592 1909 et
1616 1870 1811 1923 sponsa
1835 1865 1916 1908 est
1943 1870 2065 1907 una.
2083 1854 2196 1908 Non

598 1964 681 2010 est
706 1964 884 2008 autem
913 1966 1013 2005 una
1049 1948 1328 2004 nobiscum
1364 1947 1736 2002 haereticorum
1765 1962 2054 2019 synagoga,
2074 1948 2199 2018 quia

602 2063 703 2102 nec
730 2060 924 2115 sponsa
946 2052 1030 2099 est
1053 2042 1295 2096 adultera
1320 2051 1373 2094 et
1401 2039 1707 2105 furnicaria;
1726 2039 1867 2094 unde
1900 2056 1997 2095 nec
2024 2050 2200 2109 potest

598 2142 739 2197 ﬁlios
769 2140 862 2194 Dei
892 2153 1079 2208 parere
1102 2156 1114 2191 :
1135 2135 1237 2191 nisi
1255 2136 1322 2201 si,
1346 2133 1639 2189 secundum
1661 2136 1800 2203 quod
1823 2133 2095 2204 Stephano
2118 2135 2198 2188 vi-

604 2234 782 2294 detur,
808 2232 1031 2286 hatresis
1053 2228 1265 2299 quidem
1293 2228 1429 2296 parit
1456 2235 1511 2282 et
1539 2227 1780 2296 exponit,
1811 2228 2082 2296 expositos
2111 2243 2197 2280 au-

595 2338 705 2383 tem
737 2324 974 2381 Ecclesia
1005 2322 1247 2393 suscipit,
1275 2330 1330 2376 et
1357 2336 1494 2392 quos
1527 2336 1633 2375 non
1666 2321 1776 2391 ipsa
1805 2322 2073 2390 pepererit
2102 2336 2196 2390 pro

598 2425 713 2479 suis
735 2422 921 2487 nutrit,
936 2435 1056 2476 eum
1074 2419 1302 2472 Iiliorum
1317 2417 1613 2471 alienorum
1634 2429 1803 2471 mater
1816 2432 1936 2472 esse
1952 2431 2056 2471 non
2075 2432 2197 2486 pos-

594 2519 688 2572 sit.
710 2516 777 2571 Et
792 2515 910 2570 ideo
934 2512 1182 2568 Christus
1204 2510 1460 2565 Dominus
1478 2520 1681 2577 noster,
1712 2526 1869 2565 unam
1887 2526 2007 2565 esse
2024 2511 2197 2564 maui-

596 2614 801 2669 testans
847 2622 1101 2679 sponsam
1150 2621 1297 2661 suam
1346 2616 1398 2660 et
1433 2605 1649 2659 unitatis
1667 2604 2196 2675 ejussacramentum

601 2707 883 2762 declarans
899 2703 974 2757 ait
994 2720 1007 2756 :
1028 2702 1130 2768 Qui
1156 2716 1255 2754 non
1285 2709 1356 2754 est
1385 2715 1597 2762 mecum,
1626 2698 1867 2752 adversus
1888 2715 1965 2751 me
1990 2708 2059 2752 est
2082 2695 2134 2762 d;
2156 2706 2202 2751 et

599 2801 685 2871 qui
707 2816 808 2853 non
828 2812 1024 2849 mecum
1046 2792 1262 2863 colligit,
1295 2792 1491 2861 spargit
1518 2790 1668 2861 (Luc.
1713 2806 1787 2854 χι,
1818 2789 1935 2861 2⁵5).
1972 2790 2027 2847 Si
2053 2791 2195 2845 enim

600 2894 878 2949 nobiscum
910 2897 993 2946 est
1029 2886 1298 2950 Christus,
1332 2885 1569 2939 haeretici
1606 2894 1784 2939 autem
1815 2900 1920 2939 non
1954 2891 2079 2939 sunt
2104 2898 2199 2938 no-

596 2986 829 3047 biscum,
873 2997 970 3052 pro
1013 2987 1163 3035 certo
1200 2976 1457 3032 adversus
1484 2975 1754 3030 Christum
1782 2986 1905 3030 sunt
1937 2976 2190 3031 limretiei.

2300 456 2534 525 12,15).
2581 454 2679 524 Qui
2733 465 2909 510 autem
2961 468 3249 523 numquam
3303 452 3356 506 in
3408 452 3550 506 hunc
3580 450 3796 506 hortum
3819 451 3897 505 in-

2299 549 2585 612 troierunt,
2613 563 2786 617 neque
2811 546 3110 617 paradisum
3135 562 3163 598 a
3194 546 3304 600 Deo
3331 554 3575 599 creatore
3598 545 3895 614 plantatnm

2298 643 2567 707 viderunt,
2612 642 2881 712 quomodo
2918 642 2985 696 de
3016 640 3165 696 fonte
3195 641 3284 711 qui
3318 641 3461 696 intus
3503 639 3742 695 inclusus
3769 650 3790 674 "-
3812 648 3897 695 est

2298 736 2547 792 etdiviuo
2563 736 2739 806 sigillo
2758 735 2996 806 signatus
3013 743 3117 801 est,
3138 749 3326 805 aquam
3348 734 3520 787 vivam
3538 733 3731 787 lavacri
3752 731 3897 786 salu-

2300 832 2427 884 taris
2457 830 2702 899 prmhere
2724 828 2885 884 alicui
2910 827 3199 900 poterunt?
3240 826 3372 882 Cum
3404 842 3531 881 vero
3551 836 3603 881 et
3629 841 3748 880 arca
3777 824 3895 880 Noe

2298 924 2429 978 nihil
2449 923 2593 978 aliud
2620 924 2780 979 fuerit
2800 940 2957 994 quam
2981 931 3373 978 sacramentum
3396 921 3649 976 Ecclesia:
3666 920 3891 985 Christi,

2297 1031 2417 1086 qua:
2448 1027 2595 1083 tunc,
2626 1016 2876 1071 omnibus
2906 1016 3034 1070 toris
3066 1015 3437 1085 pereuntibus,
3470 1028 3567 1068 eos
3600 1012 3743 1067 solos
3770 1027 3891 1067 ser-

2297 1109 2440 1163 vavit
2468 1110 2559 1180 qui
2591 1111 2727 1163 intra
2757 1124 2936 1163 arcam
2988 1107 3225 1171 luerunt,
3257 1106 3541 1162 manifeste
3584 1106 3893 1160 instruimur

2298 1202 2364 1257 ad
2382 1202 2637 1257 Ecclesiae
2676 1202 2930 1256 unitatem
2962 1200 3411 1271 perspiciendum,
3442 1196 3895 1268 quemadmodum

2299 1308 2353 1352 et
2374 1296 2648 1367 apostolus
2666 1296 2857 1351 Petrus
2871 1297 3047 1366 posuit
3067 1295 3287 1351 dicens:
3313 1295 3403 1349 Sic
3432 1305 3480 1350 et
3511 1311 3596 1349 vos
3624 1293 3641 1330 τ
3666 1294 3897 1347 similiter

2298 1390 2465 1443 salvos
2492 1390 2639 1459 faciet
2662 1388 2930 1460 Baptisma
2961 1389 3003 1460 (Ι
3036 1387 3149 1442 Pet.
3186 1404 3265 1453 tu,
3294 1388 3409 1458 2|),
3443 1388 3737 1442 ostendens
3759 1402 3895 1456 quo-

2302 1484 2478 1546 niam,
2530 1483 2802 1553 quomodo
2836 1492 2859 1528 δ
2889 1482 2979 1552 qui
3028 1497 3149 1537 cum
3188 1481 3303 1537 Noe
3354 1481 3408 1536 in
3468 1497 3591 1535 arca
3637 1496 3741 1535 non
3794 1480 3901 1535 fue-

2302 1584 2446 1639 runt,
2480 1590 2585 1629 non
2620 1585 2822 1629 tantum
2846 1576 3053 1645 purgati
3082 1586 3137 1629 et
3167 1574 3359 1629 salvati
3387 1571 3412 1609 ¹ι
3444 1589 3539 1644 per
3567 1589 3759 1642 aquam
3793 1590 3897 1628 non

2301 1680 2447 1736 sunt,
2478 1669 2573 1725 sed
2623 1669 2805 1724 statim
2861 1669 3064 1723 diluvio
3108 1668 3202 1723 illo
3235 1668 3531 1738 perierunt,
3564 1669 3642 1722 sic
3670 1678 3727 1723 et
3758 1684 3900 1722 nunc

2301 1764 2624 1834 quicumque
2655 1764 2707 1817 in
2750 1763 2992 1818 Ecclesia
3042 1778 3163 1817 cum
3195 1763 3409 1818 Christo
3437 1777 3543 1817 non
3571 1772 3716 1825 sunt,
3769 1762 3900 1817 foris

2303 1856 2581 1925 peribunt,
2612 1856 2711 1910 nisi
2740 1855 2805 1909 ad
2841 1856 3055 1910 unicum
3086 1864 3142 1910 et
3190 1854 3425 1909 salutare
3454 1854 3711 1910 Ecclesia:
3752 1854 3900 1908 lava-

2302 1963 2453 2003 crum
2500 1962 2595 2017 per
2644 1948 3014 2017 paenitentiam
3036 1955 3419 2001 convertantur
3451 1944 3490 2000 ί.

2375 2044 2513 2100 XVI.
2557 2042 2741 2111 Qualis
2786 2059 2915 2098 vero
2955 2058 3108 2098 error
3134 2042 3205 2096 sit
3223 2052 3278 2097 et
3325 2050 3524 2113 quanta
3573 2041 3643 2095 sit
3685 2040 3897 2096 caecitas

2303 2138 2421 2208 ejus
2446 2138 2537 2209 qui
2568 2138 2943 2193 remissionem
2976 2148 3317 2208 peccatorum
3346 2136 3476 2191 dicit
3496 2136 3635 2205 apud
3659 2151 3895 2207 synago-

2301 2246 2397 2301 gas
2436 2230 2812 2287 litereticorum
2856 2229 2973 2284 dari
3016 2244 3192 2300 posse.
3225 2245 3326 2285 nec
3348 2238 3623 2300 permanet
3672 2228 3722 2281 in
3776 2227 3900 2281 fun-

2300 2326 2555 2382 damento
2582 2325 2738 2380 unius
2760 2323 3039 2389 Ecclesiae,
3068 2340 3188 2395 qua:
3232 2324 3399 2379 semel
3427 2338 3455 2376 a
3481 2322 3700 2378 Christo
3735 2338 3902 2392 supra

2303 2431 2507 2490 petram
2552 2419 2777 2473 solidata
2809 2427 2911 2482 est,
2968 2417 3097 2473 hinc
3124 2416 3344 2487 intelligi
3390 2425 3569 2486 potest
3609 2415 3753 2486 quod
3799 2416 3901 2470 soli

2303 2512 2465 2567 Petro
2508 2511 2757 2567 Christus
2802 2510 2999 2565 dixerit
3031 2528 3045 2564 :
3083 2509 3423 2580 Quacumque
3461 2510 3699 2579 ligaveris
3752 2526 3905 2579 super

2305 2614 2509 2665 terrant,
2545 2614 2690 2657 erunt
2719 2604 2879 2672 ligata
2904 2613 2951 2656 et
2972 2605 3025 2656 in
3049 2602 3187 2657 caelis
3212 2617 3232 2665 ;
3262 2614 3307 2656 et
3334 2618 3662 2673 quaecumque
3686 2602 3903 2656 solveris

2300 2712 2452 2765 super
2473 2704 2678 2759 terram,
2713 2704 2861 2748 erunt
2880 2693 3048 2749 soluta
3074 2694 3193 2747 etin
3214 2694 3351 2749 cretis
3377 2693 3593 2767 (Matth.
3626 2710 3739 2760 xw,
3780 2693 3899 2763 I9);

2309 2801 2365 2846 et
2390 2792 2585 2847 iterum
2616 2791 2668 2845 in
2686 2790 2975 2861 Evangelio
3003 2789 3282 2861 quandnin
3305 2790 3481 2843 solost
3523 2789 3904 2857 Apostolosin-

2302 2884 2534 2937 sufﬂavit
2560 2882 2810 2939 Christus
2835 2882 3024 2938 dicens
3054 2901 3068 2936 :
3110 2882 3336 2953 Accipite
3359 2882 3612 2951 Spiritum
3643 2892 3895 2936 sanctum.

2303 2976 2364 3032 Si
2395 2975 2421 3015 ¹ί
2455 2979 2600 3049 cujus
2640 2978 2931 3032 remiseritis
2976 2986 3217 3048 peccata,
3272 2976 3585 3031 remittentur
3613 2977 3731 3041 illi;
3776 2986 3821 3030 et
3858 2977 3907 3031 si

598 3077 690 3143 Et,
716 3078 760 3131 si
787 3090 885 3129 nos
904 3072 1207 3144 colligimus
1227 3086 1347 3125 cum
1365 3069 1603 3134 Christo,
1628 3086 1731 3122 non
1749 3070 2197 3141 colliguntautem
2225 3066 2271 3129 C
2303 3072 2450 3142 cujus
2488 3072 2768 3138 tenueritis,
2814 3071 3112 3126 tenebuntur
3150 3069 3328 3141 (Joan.
3376 3086 3473 3136 xx,
3514 3069 3605 3134 9.2,
3636 3070 3751 3139 25).
3800 3069 3902 3123 Po-

600 3171 881 3228 nobiscum
907 3167 1165 3226 hrcretiei,
1190 3165 1307 3220 sine
1328 3163 1491 3218 dubio
1522 3173 1800 3234 spargunt.

672 3264 790 3319 XV.
834 3261 941 3318 Sed
964 3275 1065 3316 nec
1090 3257 1217 3314 illud
1249 3255 1676 3326 praitereundum
1706 3265 1789 3310 est
1808 3271 1837 3309 a
1866 3257 2019 3312 nobis
2049 3258 2191 3327 quod

599 3376 629 3414 a
657 3358 809 3413 vobis
836 3352 1145 3411 necessario
1172 3351 1373 3406 dictum
1401 3357 1504 3414 est,
1535 3347 1676 3419 quod
1706 3348 1970 3413 Ecclesia,
2004 3364 2195 3404 secun-

600 3450 729 3508 dttm
772 3447 1052 3505 Canticum
1098 3444 1454 3507 canticorum,
1511 3441 1688 3495 hortus
1730 3441 1800 3496 sit
1846 3442 2117 3497 conclusus
2143 3453 2197 3499 et

2301 3173 2470 3219 testas
2491 3180 2619 3235 ergo
2645 3175 2987 3233 peccatorum
3015 3164 3459 3219 remittendorum
3486 3162 3758 3232 Apostolis
3779 3162 3904 3217 data

2300 3264 2383 3311 est
2412 3264 2465 3310 et
2492 3254 2747 3309 Ecclesiis
2764 3269 2895 3325 quas
2926 3254 3003 3308 illi
3030 3270 3059 3308 a
3076 3252 3290 3309 Christo
3318 3254 3463 3309 missi
3486 3254 3902 3320 constituerunt,

2298 3360 2352 3404 et
2379 3348 2648 3420 episcopis
2676 3349 2766 3420 qui
2795 3350 2875 3404 eis
2898 3349 3236 3405 ordinatione
3274 3350 3468 3405 vicaria
3505 3357 3899 3404 successerunt.

2299 3445 2495 3500 Hostes
2520 3454 2700 3499 autem
2728 3445 2885 3499 unius
2901 3445 3181 3502 catholicae
3198 3444 3476 3511 Ecclesiae,
3494 3446 3544 3499 in
3560 3460 3661 3516 qua
3682 3459 3780 3499 nos
3803 3460 3901 3498 su-

1812 3576 2111 3635 LECTION
2120 3579 2203 3637 ES
2248 3580 2333 3637 VA
2344 3579 2665 3637 RIANTES.

667 3729 693 3757 τι
728 3726 836 3777 Non
858 3723 1125 3781 haereticis,
1150 3720 1238 3771 sed
1270 3716 1385 3768 ﬁdei
1409 3714 1717 3779 computandi
1740 3722 1856 3766 sunt
1882 3716 2014 3767 Lam.
2054 3716 2198 3768 Ebor.

611 3785 1033 3904 "vg'iim‘gcfdm
1065 3858 1257 3911 sponsae
1304 3842 1452 3895 Mich.
1500 3846 1588 3893 Ar.
1629 3842 1764 3893 Lam.
1812 3843 1955 3894 Ebor.
2002 3844 2107 3895 ΝΟ.
2158 3845 2197 3893 1.

605 3917 733 3970 Bod.
754 3920 803 3967 2.
824 3912 997 3965 Routh.

670 3983 694 4012 ο
733 3977 967 4045 populum
993 3983 1128 4026 tuum
1150 3974 1241 4045 4r.
1442 3968 1588 4020 Ebor.
1614 3968 1725 4019 ΝΟ.
1754 3967 1878 4019 Bod.
1906 3973 1952 4020 ‘2.

601 4038 608 4047 ⁸
670 4045 700 4082 <1
731 4038 911 4094 Contra
934 4052 1014 4089 me
1041 4046 1119 4087 est
1142 4038 1231 4085 Ar.

673 4110 698 4138 ⁶
731 4093 871 4155 Intus
893 4103 1087 4152 clausus
1109 4100 1199 4149 Ar.
1225 4098 1356 4148 Lam.
1385 4093 1529 4146 Ebor.
1558 4093 1666 4147 ΝΟ.
1696 4097 1741 4145 1.

2372 3714 2390 3753 ί
2430 3718 2511 3768 Sic
2536 3723 2590 3768 et
2614 3732 2704 3769 nos
2725 3718 2951 3770 similiter
2974 3723 3066 3771 Ar.
3095 3722 3230 3772 Lam.
3256 3722 3404 3773 Ebor.
3433 3726 3542 3777 ΝΟ.
3572 3727 3617 3777 1.
3646 3724 3769 3778 Bod.
3796 3730 3843 3778 Ξ.

2370 3782 2397 3821 8
2433 3782 2671 3839 Quoniam
2694 3785 2807 3839 quia
2833 3784 2966 3833 Lam.
2994 3784 3139 3833 Ebor.
3168 3788 3215 3836 Ν
3222 3785 3277 3836 C.
3304 3788 3349 3837 1.

2365 3842 2396 3914 1}
2431 3843 2514 3914 εἰς
2538 3847 2628 3894 Ar.
2655 3842 2801 3914 Ebor.
2827 3848 2963 3896 Lam.
2989 3847 3101 3899 ΝΟ.
3128 3850 3173 3898 1.
3199 3848 3261 3899 Et
3280 3848 3452 3901 salvati
3475 3850 3627 3903 onu'tt.
3656 3856 3813 3906 Oxon.

2374 3907 2391 3944 ἱ
2433 3906 2668 3957 Conversi
2693 3913 2787 3957 Ar.

2376 3968 2390 4019 ἱ
2431 3969 2704 4033 Evangelio
2729 3971 2777 4019 in
2804 3970 2909 4021 solo
2932 3974 3023 4021 Ar.
3054 3973 3187 4025 Lam.

2372 4033 2402 4070 ιι
2437 4034 2669 4083 Sanctum
2693 4046 2706 4081 :
2734 4034 2873 4096 cujus
2897 4036 2987 4085 Ar.

1960 4202 2321 4261 VARIORUM
2358 4204 2590 4263 NOTAE.

686 4349 825 4411 XIV.
845 4380 913 4390 -—
930 4345 1099 4402 Filius
1125 4342 1239 4398 Dei.
1265 4342 1380 4413 Ego
1403 4356 1508 4396 non
1531 4340 1717 4395 dubito
1740 4341 1865 4409 quin
1892 4339 2013 4413 hate
2041 4342 2204 4398 lectio

609 4427 750 4484 bona
778 4425 865 4479 sit.
897 4420 965 4477 Et
990 4427 1168 4472 tamen
1198 4416 1249 4469 in
1276 4412 1513 4484 qniuque
1540 4413 1688 4467 libris
1714 4412 1983 4467 veteribus
2013 4414 2206 4485 legitur

617 4499 769 4566 fidei;
798 4496 850 4548 in
878 4489 1139 4566 meosed
1171 4487 1367 4566 fideles.
1404 4485 1602 4566 Bapuz.
1697 4554 1707 4562 .

686 4556 888 4624 Christo
940 4556 1190 4632 Spiritum
1219 4559 1406 4632 induit.
1455 4556 1823 4632 llzre_scripsi_t
1852 4556 1902 4632 in
1941 4557 2058 4611 loco
2087 4557 2210 4632 plus

617 4640 785 4700 semel
814 4627 1111 4692 memorato
1140 4634 1211 4686 cl.
1242 4629 1534 4700 Maranus:
1562 4627 1696 4680 Cum
1727 4628 2060 4700 existimaret
2086 4628 2209 4682 Fir-

619 4698 868 4770 milianus
890 4704 1231 4761 adversarios
1260 4716 1387 4755 suos
1411 4702 1461 4753 in
1485 4699 1761 4767 Baptismo
1784 4698 1912 4753 foris
1934 4701 2001 4755 ab
2015 4700 2211 4755 adultis

618 4792 873 4850 suscepto
903 4777 1116 4833 Christo
1146 4775 1370 4850 gratiam
1402 4785 1718 4850 agnus-cere“,
1748 4771 1825 4825 sic
1866 4771 2207 4850 eos__t_'ef_elli_t,

619 4857 760 4913 Nam
786 4841 848 4907 ’δε
896 4867 995 4904 non
1023 4841 1283 4901 ment—itur.
1316 4875 1387 4884 ———
1424 4843 1649 4913 Spiritus
1678 4841 1918 4896 Sanctus.
1953 4844 2084 4898 Illud
2115 4845 2215 4897 nisi

616 4931 661 4985 si
691 4947 723 4983 a
754 4923 955 4981 Christo
988 4919 1239 4990 Spiritum
1268 4915 1616 4990 induit,gidem
1640 4916 1782 4990 Valet
1805 4930 1867 4990 ac
1887 4927 2006 4990 post
2029 4914 2212 4990 Chris-

616 5010 764 5063 tum;
801 5010 901 5050 nec
923 4985 1215 5063 probabilis
1243 4998 1325 5041 est
1353 4988 1664 5063 conjectura
1694 4985 1915 5063 Cauchii
1946 4996 2000 5063 et
2027 4987 2215 5063 l’ame-

616 5073 710 5138 lii,
754 5055 842 5140 qui
885 5055 1192 5140 glegendutrr
1221 5067 1407 5140 putant
1437 5055 1596 5140 {illisi
1642 5074 1693 5140 tt.
1718 5056 1919 5140 Christo
1949 5059 2213 5140 _Spiritum

616 5127 721 5198 non
747 5127 969 5195 induit:
986 5138 1120 5203 Qum
1149 5131 1350 5186 Marani
1373 5130 1547 5203 illiilli,
1569 5127 1959 5203 quidemhaud
2006 5127 2218 5203 satisfa-

619 5218 787 5271 ciunt.
821 5209 959 5279 Quid
990 5210 1033 5262 si
1064 5221 1163 5259 non
1192 5203 1331 5279 d_u_cit
1372 5202 1501 5279 latet
1537 5202 1761 5279 ill-V908.
1785 5202 1977 5279 induit?
2006 5202 2217 5259 Reum.

703 5271 959 5353 Virginem
980 5287 1190 5353 castam.
1221 5272 1497 5353 Morellius
1521 5271 1689 5326 edidit
1713 5272 1956 5344 virginem
1982 5285 2216 5353 sanctam

620 5347 836 5413 castam.
865 5351 1131 5425 Pamelius
1154 5347 1626 5425 expunxitvoneem
1655 5356 1883 5425 sanctam
1902 5388 1916 5409 ,
1943 5348 2064 5416 quia
2097 5363 2215 5425 eam

618 5446 727 5484 non
756 5424 1065 5481 inveniebat
1092 5424 1142 5474 in
1168 5416 1569 5487 manuscriptis.
1595 5426 1643 5471 el
1668 5416 1791 5485 quia
1817 5433 1922 5470 non
1951 5420 2216 5487 reperitur

620 5498 761 5568 apud
792 5496 1127 5568 Apostolum.
1159 5491 1481 5568 Ego_tam_e_n
1516 5489 1656 5542 illam
1690 5490 1864 5568 inveni
1897 5487 1950 5542 in
1979 5507 2073 5545 sex
2103 5508 2214 5568 tua:

617 5560 931 5638 ιιίιδενίρὶίδ.
962 5565 1069 5620 Sed
1096 5564 1251 5619 deest
1281 5564 1333 5617 iu
1365 5560 1486 5613 aliis
1516 5572 1768 5638 quatuor.
1804 5560 1937 5615 Tres
1964 5577 2095 5638 vero
2123 5562 2215 5635 qui

614 5632 825 5694 habent
861 5652 1049 5694 vocem
1093 5645 1323 5690 sanctam
1367 5647 1471 5684 non
1521 5632 1723 5687 habent
1751 5646 1964 5687 castam.
1999 5632 2216 5699 Alteru-

610 5716 754 5776 tram
777 5718 955 5767 autem
984 5717 1196 5775 oportet
1219 5703 1443 5760 auferri.
1467 5702 1812 5762 Retinuimus
1838 5719 1956 5760 eam
1984 5718 2107 5771 qua;
2137 5714 2227 5776 est

615 5775 754 5829 avud
783 5779 1117 5849 Apostolum.
1152 5778 1350 5837 Bswz.

2380 4344 2495 4425 XV.
2516 4374 2586 4383 -—
2604 4343 3026 4425 Fonssignntus.
3060 4346 3163 4403 Ista
3198 4348 3462 4425 liab_eutur
3489 4351 3651 4408 etiam
3679 4354 3732 4409 in
3759 4354 3916 4425 epis-

2231 4452 2284 4512 Ι)
2312 4416 2424 4512 ιοῐέ
2436 4426 2714 4512 .cxx‘tvtet
2735 4418 2793 4512 in
2811 4419 3050 4512 epistola
3081 4436 3259 4512 Lsxvi.
3283 4422 3477 4479 Bawz.

2385 4490 2475 4571 Sic
2514 4500 2561 4543 ct
2592 4506 2681 4570 nos
2706 4490 2959 4571 similiter.
2994 4492 3222 4571 'I‘e_xtum
3263 4510 3509 4571 sacrum.
3551 4496 3922 4571 Cyprianique

2311 4562 2525 4616 codices
2558 4560 2795 4630 quinque
2844 4562 3041 4637 in‘var.
3070 4563 3219 4619 lectt.
3264 4566 3393 4621 edit.
3444 4560 3921 4632 Oxon','comn'ie-

2314 4642 2582 4757 atomos,
2616 4640 2834 4688 secutus
2874 4650 2965 4688 nos
2995 4650 3093 4705 pro
3126 4653 3213 4691 vos
3253 4638 3668 4709 imprimendum
3700 4648 3917 4698 curavi.

2362 4719 2524 4757 ourn.

2362 4719 2524 4759 OUTII.

2385 4776 2771 4850 Convertuntur.
2807 4776 2882 4832 De
2911 4778 3113 4834 celebri
3147 4781 3443 4850 quaestione
3471 4781 3573 4838 hac
3602 4800 3766 4841 unum
3799 4802 3926 4841 mo-

2315 4849 2454 4925 ueho
2475 4850 2751 4925 ;_existere
2777 4862 3087 4925 arg_umenta
3111 4849 3179 4925 ab
3206 4852 3377 4908 altera
3408 4864 3554 4920 parte
3583 4858 3926 4925 temporibus

2313 4920 2420 4973 illis
2441 4919 2621 4983 allata,
2646 4919 2837 4993 quibus
2856 4920 3150 4976 Firmiliani
3170 4939 3499 4993 suorumque
3524 4919 3764 4983 rationes
3786 4944 3927 4983 con-

2316 4993 2675 5067 vellantur,et
2701 4991 3247 5067 Baptismuswnomine
3277 4995 3333 5050 S.
3363 4991 3642 5053 Trinitatis
3672 5015 3701 5053 a
3722 5002 3928 5067 quovis

2316 5062 2633 5116 administro
2661 5063 2963 5117 celebratus
2994 5066 3254 5132 ﬁrmatur,
3286 5083 3405 5121 eum
3428 5068 3553 5122 alibi
3589 5081 3697 5124 tum
3726 5062 3782 5126 in
3811 5088 3928 5126 an-

2319 5134 2695 5209 notationibus
2737 5134 2796 5187 S.
2825 5134 3111 5209 Augusuni
3157 5139 3223 5191 ad
3264 5138 3704 5209 Carthaginiense
3748 5147 3931 5208 septi.

2322 5222 2464 5280 mum
2512 5205 2816 5280 concilium.
2856 5206 2960 5280 Hie
2980 5209 3030 5262 in
3062 5209 3213 5263 libris
3250 5205 3493 5280 ejusdem
3516 5213 3689 5268 Patris
3714 5214 3779 5268 de
3805 5205 3927 5270 Ba-

2322 5279 2506 5348 ptismo
2539 5277 2640 5341 legi
2676 5287 2917 5345 possunt.
2944 5279 3157 5335 Rourn.

2375 5347 2895 5425 XVl.—-f.‘cclesia...
2915 5367 3072 5425 suprn
3091 5361 3304 5420 petram.
3322 5352 3487 5409 Paulo
3503 5366 3621 5425 post
3641 5355 3785 5412 dicet
3805 5357 3935 5415 lun-

2320 5421 2566 5475 datnenta
2589 5419 2847 5474 Ecclesiae
2861 5437 3024 5490 super
3044 5419 3261 5478 Petrum
3280 5419 3539 5482 collocata
3570 5428 3753 5487 fuisse.
3782 5429 3933 5488 Vide

2320 5493 2519 5567 librum,
2535 5494 2595 5546 de
2616 5490 2820 5567 Ilnitate
2834 5491 3097 5567 Ecclesia,
3122 5496 3209 5549 ulti
3232 5499 3327 5549 ista
3343 5499 3932 5567 explicanturBsz.

2395 5564 2725 5642 Ordinatione
2754 5566 2963 5642 vicaiia.
3000 5565 3132 5642 Vide
3162 5577 3318 5642 n_ota_s
3347 5564 3559 5626 nostras
3598 5572 3664 5626 ad
3701 5575 3927 5642 episto-

2320 5636 2422 5690 lam
2450 5650 2671 5700 Lxxxw,
2702 5633 2839 5705 Lupi
2868 5636 3248 5693 Ferrariensis.
3274 5638 3470 5696 BALUZ.

2397 5708 2519 5762 Pari
2557 5723 2671 5761 cum
2708 5709 2779 5762 eis
2817 5718 2994 5763 morte.
3036 5708 3114 5763 Ita
3145 5712 3479 5768 restituimus
3510 5730 3579 5769 ex
3611 5714 3716 5771 ﬁde
3750 5717 3933 5773 unius

2326 5778 2523 5836 codicis
2547 5778 2752 5848 antiqui
2779 5780 3115 5839 bibliotheca:
3140 5783 3322 5853 regite.
3342 5781 3493 5841 Hanc
3518 5801 3681 5856 porro
3700 5789 3937 5845 restitu-
