4216 6262
301 305 441 361 M69

1372 316 1679 375 EPISCOPI
1713 320 2054 379 CESAHEXE
2086 324 2167 379 CA
2177 325 2304 380 PPA
2315 325 2563 383 DOCIAE.

3460 344 3599 401 H70

298 437 443 489 mus,
471 432 525 525 et
550 423 840 525 adversarii
859 429 1049 497 nostri,
1072 430 1159 501 qui
1198 432 1470 501 Apostolis
1500 436 1877 501 successimus,
1909 440 1961 499 Α
1986 439 2055 494 sti
2081 439 2147 493 ad
2172 439 2329 495 fidem
2348 450 2402 497 et
2418 442 3179 517 baptismisanctificationem,
3201 458 3255 504 ut
3273 453 3596 525 quicumque

294 517 708 573 sacerdotia'sibi
737 519 917 575 illicita
949 532 1133 577 contra
1157 538 1255 579 nos
1268 525 1598 581 vindicantes
1623 536 1676 582 et
1705 527 1891 583 altaria

293 612 518 679 profana
551 622 853 682 ponentes,
903 615 1032 686 quid
1084 615 1225 670 aliud
1253 625 1376 671 sunt
1417 633 1574 688 quam
1622 618 1798 674 Cbore
1841 628 1896 674 et

300 702 509 761 Dathan
553 716 606 761 et
635 705 859 774 Abiron,
908 710 1019 779 pari
1049 710 1253 766 scelere
1295 713 1558 781 sacrilegi,
1592 720 1645 766 et
1674 712 1888 768 easdem

291 811 428 867 quas
455 810 509 853 et
538 797 608 852 illi
635 813 820 868 paenas
841 800 1014 856 daturi
1045 818 1163 856 eum
1190 804 1271 857 his
1293 803 1383 873 qui
1403 803 1503 857 sibi
1526 804 1887 871 consentiunt,

288 891 583 946 secundum
614 893 756 963 quod
787 896 945 949 etiam
977 904 1102 951 tunc
1129 897 1340 952 illorum
1375 897 1658 969 participes
1688 906 1742 952 et
1763 897 1884 952 fau-

289 992 434 1039 tores
467 985 580 1053 pari
604 1002 722 1041 cuin
756 989 835 1043 eis
853 1000 1024 1059 morte
1055 990 1350 1059 perierunt.

361 1078 526 1134 XVII.
571 1080 746 1152 Atque
776 1096 875 1151 ego
924 1084 974 1137 in
1006 1083 1103 1138 hac
1142 1094 1291 1154 parte
1331 1084 1475 1154 juste
1523 1086 1770 1157 indignor
1816 1087 1883 1142 ad

291 1169 429 1227 hanc
461 1181 568 1226 tam
596 1184 837 1243 apertam
861 1185 913 1229 et
945 1175 1279 1232 manifestam
1305 1178 1879 1247 Stephanistultitiam,

290 1267 431 1337 quod
459 1265 548 1335 qui
580 1264 659 1320 sic
695 1264 763 1321 de
812 1268 1151 1338 episcopatus
1181 1272 1260 1323 sui
1294 1271 1411 1325 loco
1440 1273 1698 1342 gloriatur
1723 1282 1777 1327 et
1822 1288 1880 1328 se

289 1360 681 1414 successionem
737 1359 879 1414 Petri
927 1370 1110 1417 tenere
1158 1363 1465 1429 contendit,
1522 1379 1684 1433 super
1724 1380 1882 1435 quem

286 1451 631 1507 fundamenta
660 1451 917 1508 Ecclesiae
937 1454 1198 1510 collocata
1230 1466 1375 1523 sunt,
1397 1457 1593 1511 multas
1622 1458 1756 1512 alias
1788 1474 1881 1526 pe-

290 1556 400 1601 tras
431 1545 648 1601 inducat
690 1556 744 1601 et
786 1546 1134 1603 ecclesiarum
1168 1549 1453 1605 multarum
1496 1567 1631 1606 nova
1661 1553 1885 1609 aedilicia

286 1642 597 1708 constituat,
652 1639 779 1696 dum
816 1657 936 1698 esse
967 1643 1077 1699 illic
1118 1644 1379 1714 baptisma
1429 1662 1525 1703 sua
1571 1651 1886 1706 auctoritate

289 1731 552 1787 defendit.
608 1731 740 1787 Nam
771 1736 861 1804 qui
884 1735 1223 1805 baptizantur
1265 1740 1538 1808 complent
1581 1745 1695 1797 sine
1721 1743 1883 1799 dubio

290 1823 545 1879 Ecclesia:
570 1841 871 1882 numerum.
929 1826 1030 1895 Qui
1057 1840 1235 1884 autem
1269 1832 1531 1901 baptisma
1556 1849 1739 1889 eorum
1760 1852 1882 1906 pro—

287 1924 399 1988 hat,
428 1923 495 1978 de
527 1923 808 1995 baptizatis
834 1935 888 1980 et
937 1926 1227 1981 Ecclesiam
1262 1928 1371 1983 illic
1413 1944 1533 1984 esse
1581 1929 1880 1985 conﬁrmat.

286 2016 399 2073 Nec
430 2018 673 2088 intelligit
702 2017 973 2074 obfuscari
1000 2035 1029 2074 a
1060 2034 1117 2075 se
1147 2030 1202 2077 et
1228 2022 1459 2092 quodam
1492 2024 1651 2078 modo
1681 2024 1881 2078 aboleri

287 2109 592 2165 Christianae
638 2121 800 2181 pctrze
857 2113 1132 2168 veritatem
1163 2116 1253 2184 qui
1288 2114 1363 2169 sic
1395 2116 1568 2184 prodit
1602 2127 1655 2171 et
1685 2116 1883 2171 deserit

288 2204 568 2258 unitatem.
612 2204 829 2260 Iudaeos
862 2215 1062 2271 tamen,
1113 2208 1357 2277 quamvis
1388 2208 1685 2279 ignorantia
1711 2226 1883 2265 caecos

288 2305 339 2350 et
362 2297 681 2366 gravissimo
705 2296 941 2352 facinore
962 2300 1306 2365 constrictos,
1331 2302 1503 2355 zelum
1534 2302 1625 2356 Dei
1655 2304 1884 2371 Aposto-

288 2392 371 2446 lus
394 2390 629 2446 haberell
662 2391 962 2461 profitetur.
992 2394 1315 2464 Stephanus,
1346 2397 1432 2466 qui
1464 2411 1559 2466 per
1584 2398 1879 2452 successio-

289 2502 411 2541 nem
442 2486 753 2541 cathedram
795 2488 939 2543 Petri
973 2488 1172 2545 habere
1215 2506 1274 2545 se
1300 2490 1573 2560 praedicat,
1603 2492 1748 2546 nullo
1794 2476 1885 2547 ad-

289 2594 479 2635 versus
507 2580 788 2636 hzereticos
828 2583 943 2637 zelo
989 2584 1270 2648 excitatur,
1314 2584 1617 2639 concedens
1644 2585 1748 2639 illis
1774 2600 1881 2640 non

288 2672 555 2728 modicam
598 2673 692 2728 sed
724 2674 1011 2731 maximam
1064 2677 1247 2747 gratia:
1277 2687 1616 2747 potestatem,
1648 2686 1706 2733 ut
1744 2679 1887 2735 dicat

289 2783 385 2823 eos
406 2766 432 2804 ι)
461 2778 514 2823 et
535 2779 806 2826 asseveret
833 2785 927 2841 per
953 2772 1203 2842 baptismi
1251 2784 1644 2828 sacramentum
1698 2775 1886 2832 sordes

288 2862 484 2917 veteris
519 2863 749 2919 hominis
778 2864 1017 2928 abluere,
1054 2867 1270 2937 antiqua
1333 2876 1522 2922 mortis
1554 2878 1771 2939 peccata
1797 2869 1887 2925 do-

290 2971 453 3024 nare,
513 2959 920 3028 regenaratione
972 2959 1178 3013 coelesti
1241 2960 1377 3014 filios
1427 2961 1518 3015 Dei
1565 2960 1779 3027 facere,
1819 2964 1884 3018 ad

291 3062 544 3106 :eternam
577 3052 739 3107 vitam
776 3052 943 3108 divini
980 3052 1176 3107 lavacri
1213 3052 1635 3109 sanctiﬁcatione
1681 3070 1889 3125 repara-

1996 539 2049 586 et
2064 531 2383 602 ubicumque
2397 532 2421 569 ἀ
2437 534 2487 588 in
2504 536 2722 591 nomine
2746 536 2941 592 Christi
2960 538 3257 609 baptizatus
3276 542 3594 609 fuerit,cou-

1994 635 2250 695 sequatur
2294 629 2471 681 statim
2512 630 2738 698 gratiam
2787 630 3017 699 Christi,
3063 636 3275 702 quando
3307 638 3430 693 huic
3469 639 3591 695 loco

1993 718 2227 773 breviter
2246 720 2454 774 occurri
2486 723 2657 788 possit
2685 733 2739 776 et
2764 722 2868 777 dici
2896 726 3171 793 quoniam,
3208 727 3251 780 si
3282 728 3334 783 in
3370 732 3590 787 nomine

1994 812 2188 867 Christi
2220 813 2379 867 valuit
2403 812 2533 868 foris
2560 815 2824 884 baptisma
2856 816 2920 870 ad
2960 817 3228 873 hominem
3249 824 3586 893 purgandum

1991 906 2044 960 in
2085 905 2324 974 ejusdem
2353 906 2551 962 Christi
2594 910 2808 964 nomine
2832 910 3010 965 valere
3048 912 3157 965 illic
3198 916 3367 982 potuit
3392 928 3445 969 et
3473 933 3585 971 ma-

1990 1013 2090 1052 nus
2120 999 2386 1069 impositio
2415 1000 2481 1053 ad
2517 1002 2887 1071 accipiendum
2920 1002 3175 1073 Spiritum
3205 1018 3473 1065 sanctum.
3518 1010 3595 1065 Et

1988 1092 2442 1161 incipientcmtera
2470 1103 2492 1129 θ
2510 1110 2721 1165 quoque
2745 1112 2863 1165 qua:
2890 1098 3029 1165 apud
3060 1098 3340 1155 haereticos
3361 1112 3594 1171 aguntur

1985 1184 2123 1255 justa
2152 1186 2445 1257 etlegitima
2468 1189 2659 1255 videri,
2690 1190 2905 1259 quando
2936 1191 2990 1246 in
3023 1194 3238 1248 nomine
3266 1194 3466 1250 Christi
3491 1214 3585 1268 ge-

1987 1290 2193 1347 rantur,
2221 1281 2515 1335 secundum
2538 1282 2685 1352 quod
2708 1298 2805 1338 vos
2833 1284 2884 1337 in
2898 1285 3121 1353 epistola
3145 1296 3320 1341 vestra
3347 1292 3589 1345 exsecuti

1987 1376 2141 1441 estis,
2183 1390 2287 1429 non
2322 1374 2421 1428 nisi
2458 1374 2511 1428 in
2537 1375 2771 1431 Ecclesia
2820 1377 2932 1431 sola
2960 1378 3137 1433 valere
3192 1395 3349 1445 posse
3386 1396 3582 1437 nomen

1987 1465 2203 1533 Christi,
2250 1466 2335 1522 cui
2363 1467 2451 1520 utti
2486 1468 2815 1522 concesserit
2850 1466 3094 1524 Christus
3132 1471 3370 1526 caalestis
3400 1474 3585 1543 gratia:

1989 1570 2326 1631 potestatem.

2062 1652 2202 1709 XIX.
2235 1652 2387 1721 Quod
2435 1663 2612 1708 autem
2643 1652 2877 1724 pertinet
2902 1654 2969 1709 ad
2999 1656 3448 1712 consuetudinem
3500 1673 3587 1713 re-

1986 1745 2295 1814 futandam,
2346 1762 2505 1816 quam
2535 1746 2785 1801 videntur
2838 1762 3110 1816 opponere
3157 1749 3401 1815 veritati,
3463 1752 3584 1821 quis

1990 1851 2094 1895 tam
2123 1855 2293 1895 vanus
2323 1840 2393 1894 sit
2446 1849 2505 1894 ut
2554 1840 2763 1895 veritati
2814 1840 3259 1896 consuetudinem
3312 1845 3583 1911 prmferat,

1987 1942 2076 1987 aut
2093 1934 2204 2003 qui,
2228 1943 2501 2003 perspecta
2527 1934 2663 1997 luce,
2690 1933 2936 1988 tenebras
2956 1949 3063 1988 non
3086 1933 3582 2004 derelinquat?Nisi

1986 2029 2029 2082 si
2062 2038 2115 2083 et
2139 2027 2374 2093 Judzeos,
2410 2027 2626 2082 Christo
2645 2027 2990 2093 adventante,
3020 2028 3071 2083 id
3102 2039 3183 2083 est
3210 2031 3457 2097 veritate,
3486 2031 3585 2085 ad-

1982 2121 2135 2191 juvat
2167 2122 2217 2173 iu
2251 2120 2430 2190 aliquo
2454 2121 2825 2190 antiquissima
2859 2123 3194 2176 consuetudo
3218 2164 3233 2189 ,
3264 2122 3427 2193 quod,
3457 2124 3587 2179 reli-

1987 2224 2071 2269 cta
2105 2212 2123 2249 ί
2149 2229 2289 2268 nova
2318 2214 2556 2267 veritatis
2598 2214 2679 2267 via
2700 2255 2713 2279 ,
2749 2214 2799 2266 in
2853 2221 3116 2269 vetustate
3168 2216 3584 2283 permanserint.

1986 2308 2139 2378 Quod
2169 2308 2384 2380 quidem
2425 2308 2685 2362 adversus
2714 2306 3042 2377 Stephanum
3078 2322 3175 2361 vos
3215 2308 3415 2372 dicere,
3448 2309 3584 2376 Atri,

1987 2405 2233 2475 potestis,
2256 2403 2465 2473 cognita
2498 2404 2745 2468 veritate,
2779 2418 3018 2456 errorem
3050 2417 3150 2457 vos
3175 2402 3584 2457 consuetudinis

1986 2498 2289 2567 reliquisse.
2321 2498 2585 2552 Caeterum
2632 2510 2731 2549 nos
2783 2495 2993 2549 veritati
3049 2504 3104 2549 et
3132 2495 3582 2551 consuetudinem

1983 2590 2278 2661 jungimus,
2315 2598 2368 2643 et
2406 2588 2785 2643 consuetudini
2816 2587 3180 2643 Romanorum
3234 2588 3585 2644 consuetudi-

1989 2701 2134 2746 nem,
2164 2684 2258 2739 sed
2291 2683 2534 2738 veritatis
2571 2682 2893 2752 opponimus
2918 2724 2931 2747 ,
2966 2682 3033 2735 ab
3082 2682 3234 2736 initio
3263 2682 3366 2737 hoc
3396 2692 3609 2738 tenen-.

1990 2788 2070 2833 tes
2096 2776 2237 2847 quod
2266 2793 2295 2831 a
2324 2774 2538 2831 Christo
2567 2786 2621 2829 et
2641 2775 2709 2829 ab
2734 2783 2757 2821 ε
2780 2774 3051 2843 Apostolis
3079 2774 3333 2828 traditum
3354 2784 3454 2829 est.
3475 2774 3587 2830 Nec

1989 2869 2334 2925 meminimus
2377 2869 2478 2922 hoc
2528 2865 2667 2936 apud
2712 2880 2810 2920 nos
2840 2864 3129 2935 aliquando
3172 2866 3427 2934 crepisse,
3459 2880 3583 2921 eum

1988 2977 2202 3032 semper
2228 2960 2345 3015 istic
2370 2959 2715 3015 observatum
2738 2958 2809 3012 sit
2835 2966 2893 3011 ut
2923 2956 3135 3011 nonnisi
3170 2972 3328 3010 unam
3360 2956 3455 3013 Dei
3480 2957 3582 3012 Ec-

1989 3055 2210 3111 clesiam
2236 3068 2512 3119 uocemus,
2546 3062 2598 3108 et
2627 3060 2869 3106 sanctqu
2898 3049 3168 3119 Baptisma
3196 3050 3408 3104 nonnisi
3459 3065 3584 3104 sau—

292 3161 371 3200 re.
432 3146 533 3212 Qui
558 3145 635 3200 sic
660 3160 846 3216 magna
889 3154 944 3201 et.
981 3145 1220 3202 coelestia
1249 3146 1501 3201 Ecclesia:
1528 3162 1749 3202 munera
1790 3146 1892 3202 hae-
1918 3153 1962 3213 (ζ
1996 3158 2095 3203 cla:
2136 3146 2390 3202 Ecclesia:
2428 3154 2884 3215 computaremus.
2929 3143 3114 3206 Plane,
3157 3142 3413 3213 quoniam
3463 3144 3581 3213 qui«

291 3241 472 3296 retieis
490 3241 803 3297 conceditet
829 3242 1033 3307 tribuit,
1056 3242 1183 3313 quid
1209 3242 1348 3297 aliud
1380 3256 1402 3281 υ
1427 3243 1709 3314 agitqnam
1735 3257 1885 3298 com-

294 3334 529 3388 municat
558 3335 635 3387 eis
656 3333 844 3403 quibus
868 3342 1069 3387 tantum
1094 3334 1279 3403 gratim
1296 3333 1534 3389 defendit
1555 3349 1616 3389 ac
1632 3335 1885 3390 vindicat.

297 3427 361 3481 Et
400 3426 597 3481 frustra
630 3428 741 3496 jam
782 3428 986 3483 dubitat
1026 3428 1078 3482 in
1107 3430 1316 3483 exteris
1347 3444 1558 3500 quoque
1583 3432 1887 3485 consentire

296 3522 373 3575 eis
398 3532 451 3576 et
474 3521 736 3592 particeps
761 3537 900 3586 esse,
954 3530 1011 3576 ut
1040 3531 1093 3577 et
1118 3523 1277 3577 simul
1300 3538 1420 3577 cum
1461 3527 1539 3577 eis
1582 3524 1883 3588 conveniat,

297 3628 350 3672 et
378 3618 650 3673 orationes
680 3618 878 3686 pariter
903 3632 1025 3672 cum
1054 3618 1243 3673 iisdem
1288 3619 1527 3682 misceat,
1557 3628 1610 3673 et
1635 3620 1804 3675 altare
1824 3633 1886 3675 ac

297 3711 616 3766 sacrificium
644 3725 928 3767 commune
966 3712 1274 3766 constituat.

372 3803 553 3862 XVIII.
584 3804 689 3861 Sed
712 3805 764 3860 in
793 3806 1042 3871 multum,
1067 3805 1254 3874 inquit,
1286 3805 1493 3875 proiicit
1522 3822 1715 3861 nomen
1737 3805 1893 3861 Chriv

1991 3244 2113 3299 dam
2153 3243 2221 3297 de
2246 3257 2430 3297 eorum
2464 3241 2730 3311 baptismo
2757 3238 3073 3293 dubitabant
3100 3239 3213 3308 qui,
3249 3238 3351 3292 etsi
3386 3253 3492 3292 non
3524 3249 3582 3292 ut

1990 3353 2090 3393 nos
2118 3336 2416 3406 PrOphetas
2462 3334 2725 3404 rccipiunt
2755 3376 2768 3397 ,
2806 3331 3024 3388 eosdem
3058 3341 3236 3386 tamen
3291 3331 3503 3386 Patrem
3532 3344 3587 3385 et

1992 3430 2185 3485 Filium
2201 3426 2229 3464 ιι
2259 3444 2417 3484 nosse
2440 3427 2717 3484 nobiscum
2736 3425 3004 3490 videntur,
3032 3424 3244 3494 plurimi
3263 3422 3422 3478 simul
3447 3439 3581 3479 con-

1990 3525 2267 3580 venientes
2320 3524 2371 3576 in
2419 3522 2620 3584 Iconio,
2671 3518 3081 3590 diligentissime
3132 3517 3478 3592 tractavimus
3529 3527 3584 3570 et

1993 3616 2430 3672 confirmavimus
2458 3613 2846 3685 repudiandum
2870 3627 2992 3666 esse
3018 3626 3179 3665 omne
3206 3610 3426 3665 omnino
3453 3610 3581 3681 bap-

1991 3710 2145 3766 tisma
2175 3708 2317 3780 quod
2347 3709 2416 3763 sit
2446 3718 2595 3763 extra
2625 3706 2921 3762 Ecclesiam
2946 3706 3317 3760 constitutmn.

2062 3803 2181 3859 XX.
2219 3802 2300 3857 Ad
2347 3801 2479 3857 illttd
2525 3809 2705 3856 autem
2750 3798 2895 3869 quod
2926 3814 3023 3869 pro
3052 3800 3323 3854 haereticis
3352 3807 3584 3869 ponunt,

1538 3946 1910 4004 LECTIONES
1940 3943 2353 4002 VARIANTES.

367 4099 389 4125 η
426 4096 624 4146 Habere
648 4096 903 4146 conﬁtetur
929 4098 1016 4143 Ar.
1048 4095 1179 4143 Lam.
1210 4092 1355 4143 Ebor.
1386 4092 1492 4143 ΝΟ.
1520 4093 1564 4140 1.
1594 4089 1765 4141 Routlt.

362 4158 389 4194 ιι
427 4158 567 4208 Dicat
588 4159 664 4207 eis
684 4161 771 4208 Ar.
804 4160 936 4207 Lmn.
964 4156 1107 4207 Ebor.
1139 4156 1245 4205 ΝΟ.
1272 4158 1316 4205 1.
1346 4156 1467 4205 Bod.
1496 4156 1538 4204 2.

365 4228 391 4298 οι
423 4222 549 4298 Quid
572 4221 701 4270 aliud
726 4224 829 4298 agit
850 4222 1099 4298 Ar._Lant.
1126 4219 1270 4298 Ebor.
1296 4218 1403 4298 Νρ.
1434 4221 1477 4268 1.
1508 4216 1631 4298 gilii.
1663 4219 1704 4298 2ἲ

306 4349 345 4399 Β
369 4287 409 4398 «ἃ
434 4276 740 4383 Quicumque
757 4276 836 4334 "et
876 4285 1173 4346 ubicumque
1212 4285 1301 4332 Ar.
1333 4282 1462 4331 Lam.
1505 4280 1646 4331 Ebur.
1693 4276 1801 4328 ΝΕ.
1846 4279 1885 4326 l.

349 4364 375 4395 (Ι
418 4385 428 4395 .
458 4386 500 4401 ...

2048 4092 2079 4165 Σ
2110 4085 2303 4165 Catt'era.
2324 4095 2521 4165 quoque
2547 4081 2675 4143 apud
2700 4081 2983 4137 haereticos,
3004 4077 3134 4137 justa
3160 4078 3249 4125 Ar.
3279 4077 3412 4124 Lam.
3442 4076 3584 4127 Ehor.

1996 4150 2096 4201 ΝΟ.
2125 4150 2167 4197 1.
2199 4146 2325 4197 Bod.
2353 4150 2397 4196 ‘2.

2053 4211 2073 4248 ι
2096 4210 2295 4259 Βοέροιει
2318 4210 2519 4259 Forsan.
2542 4206 2716 4257 Routlt.

2058 4278 2082 4315 Β
2117 4273 2359 4337 Apostolis
2382 4273 2511 4337 Lam.
2538 4271 2583 4318 Ν
2593 4266 2627 4315 C
2636 4306 2645 4316 .
2686 4270 2730 4318 1.
2760 4267 2905 4337 _Ebo_r.

2058 4338 2084 4375 II
2111 4326 2286 4387 Filium
2310 4343 2363 4385 et
2384 4335 2469 4399 Sp.
2493 4339 2714 4381 sanetum
2738 4334 2825 4380 Ar.
2849 4331 2981 4380 Lam.
3011 4328 3150 4379 Ebor.
3178 4328 3286 4381 ΝΟ.
3318 4329 3362 4377 Δι.
3391 4326 3511 4377 Bod.
3539 4328 3585 4377 2.

1596 4471 1956 4530 VARIORUM
1995 4468 2224 4527 NOTAE.

307 4619 503 4673 tionem
534 4632 652 4671 esse
682 4615 969 4683 legitimam
999 4613 1287 4669 ostendere
1316 4612 1565 4666 videntur
1590 4611 1749 4665 etiam
1784 4609 1885 4683 alia
1915 4609 1964 4669 D
1991 4606 2126 4683 d_i_eis
2149 4602 2439 4683 Anglicani
2481 4616 2587 4672 quo
2625 4600 2739 4670 ipse
2782 4600 3049 4683 utebatur,
3093 4608 3204 4652 tum
3236 4596 3582 4683 quodan'tea

307 4705 485 4744 vetera
531 4682 887 4758 exemplaria,
935 4703 1055 4753 quae
1102 4688 1298 4739 habent
1340 4686 1451 4753 pari
1482 4701 1594 4758 cum
1625 4682 1888 4758 eis_perie-

311 4774 447 4814 t'ttnt.
483 4753 730 4827 Quinque
759 4769 809 4812 et
841 4759 1108 4813 editiones
1140 4758 1429 4826 przrfernnt
1456 4756 1666 4824 pariter.
1697 4753 1895 4807 BALUZ.

383 4831 758 4896 X\"II.—Quid
780 4832 922 4884 aliud
944 4831 1064 4900 agit.
1090 4830 1151 4883 Et
1176 4830 1334 4883 isttttn
1358 4827 1756 4900 quttqttelocunt
1774 4840 1899 4890 sup-

313 4904 447 4972 plevi
460 4919 573 4956 tlltlS
590 4919 652 4956 ex
676 4903 775 4957 fide
790 4898 1016 4970 quatuor
1033 4914 1270 4956 veterum
1285 4899 1668 4972 exvmplarium
1684 4898 1896 4972 Dacus.

388 4972 572 5027 XVIII.
595 5004 662 5012 —
686 4974 749 5026 Et
780 4968 1097 5043 ubicumque.
1142 4972 1306 5026 Miror
1345 4973 1442 5025 ista
1478 4968 1900 5043 excididisseju

313 5047 548 5100 editione
572 5045 804 5113 Rigaltii,
833 5062 952 5100 cum
981 5039 1190 5098 essu-ct.
1224 5048 1272 5096 iu
1304 5042 1617 5113 Morelliana
1638 5050 1692 5113 et
1723 5041 1772 5093 in
1803 5039 1903 5091 Pa-

314 5120 539 5173 mcliaua
570 5129 623 5174 et
654 5119 705 5171 in
737 5112 985 5171 omnibus
1016 5115 1249 5183 antiquis
1278 5115 1569 5170 codicibus.
1604 5112 1771 5178 Magis
1800 5112 1901 5163 mi-

315 5205 404 5246 ror
434 5189 630 5243 omissa
664 5206 783 5244 esse
826 5190 892 5241 ab
933 5188 1153 5257 Anglis,
1195 5187 1285 5255 qui
1325 5187 1570 5254 ignorare
1613 5199 1716 5237 non
1749 5193 1901 5250 pote-

313 5272 435 5317 rant
467 5262 556 5315 illa
591 5262 774 5315 haberi
810 5260 859 5315 ni
893 5259 1097 5312 duabus
1130 5257 1455 5310 editionihus
1484 5272 1511 5307 a
1546 5270 1629 5307 me
1660 5268 1898 5306 comme-

314 5336 537 5388 moratis
582 5343 636 5387 et
680 5333 730 5386 in
761 5332 997 5399 quinque
1027 5328 1306 5385 codicibus
1334 5330 1443 5381 suis
1474 5325 1730 5399 antiquis.
1764 5321 1899 5376 Vide

315 5421 433 5476 qum
458 5405 638 5458 notavi
659 5418 825 5476 _s_upra
856 5397 924 5453 ad
950 5400 1230 5476 epistolam
1263 5414 1444 5476 vam.
1484 5397 1680 5449 BALUZ.

386 5477 530 5530 XIX.
556 5504 625 5514 ——
649 5472 769 5525 Non
800 5482 852 5523 ut
881 5488 991 5523 nos.
1031 5472 1176 5523 llauc
1206 5471 1525 5530 lectionem,
1572 5480 1727 5533 quam
1773 5472 1900 5531 puto

315 5563 436 5600 esse
478 5547 735 5613 optimam
757 5584 770 5606 ,
803 5542 981 5594 inveni
1012 5543 1062 5593 in
1098 5557 1202 5591 uno
1234 5541 1370 5613 libro
1397 5552 1522 5613 meo
1552 5546 1752 5589 vetere.
1788 5534 1901 5613 M01

321 5607 714 5681 rellius'posuit
746 5629 845 5664 non
875 5628 997 5675 vos;
1026 5625 1253 5677 eamque
1284 5610 1571 5681 lectionem
1600 5620 1698 5675 ego
1727 5607 1905 5681 reperi

321 5688 374 5740 iu
416 5678 647 5755 quatuor
690 5683 966 5755 codicibus
1009 5681 1263 5750 antiquis.
1300 5679 1567 5755 [latuelins
1606 5678 1911 5755 emendavit

321 5773 386 5810 ex
430 5749 743 5824 conjectura
785 5762 838 5808 et
864 5754 1085 5821 scripsit
1114 5765 1267 5805 novos
1301 5750 1611 5817 Proriltetas,
1647 5756 1755 5824 tum
1786 5749 1908 5819 quia

322 5821 689 5898 conjecturam
704 5840 854 5882 suam
872 5826 1239 5879 confirmatam
1255 5824 1448 5894 reperit
1476 5821 1793 5876 auctoritate
1822 5835 1913 5876 cov

1998 4668 2341 4733 Firmilianus
2385 4668 2659 4728 novarum
2687 4671 3088 4741 prophetiarum
3123 4668 3594 4741 meminerit._lta-
3678 4684 3679 4691 η

1998 4766 2103 4820 que
2145 4745 2488 4820 exaeditione
2530 4738 2753 4798 Pamelii
2788 4738 3029 4820 :emersit
3069 4738 3597 4820 \'ulgaris._Vidett_tr

2002 4810 2178 4875 autem
2208 4818 2550 4872 Firmilianus
2593 4814 2895 4881 respexisse
2921 4814 2984 4865 ad
3016 4812 3264 4865 Iucresim
3306 4810 3594 4865 Marcioni-

2006 4903 2215 4953 tarum,
2264 4905 2398 4957 quos
2446 4887 2772 4956 Epiphanius
2816 4886 2915 4957 ait!
2937 4884 3248 4957 repudiasse
3290 4884 3485 4957 Legem
3532 4895 3596 4934 ac

2007 4955 2325 5031 Pmphotas.
2368 4955 2547 5012 Monet
2588 4966 2848 5031 printer-ea
2893 4955 3159 5009 Pamelins
3192 4955 3241 5006 in
3275 4956 3460 5031 codice
3498 4967 3599 5006 suo

2008 5024 2304 5103 Anglicani»
2344 5032 2443 5099 legi
2488 5039 2533 5083 et
2574 5024 2825 5103 Spiritum
2869 5037 3101 5079 sanctum
3140 5037 3263 5094 post
3310 5024 3601 5103 I’atrem_et

2008 5094 2225 5159 Filium.
2258 5094 2419 5169 Quod
2442 5116 2541 5165 ego
2574 5102 2625 5152 in
2660 5099 2808 5151 nullo
2838 5112 3025 5151 eorum
3055 5107 3295 5169 veterum
3328 5094 3603 5169 exempla-

2007 5179 2144 5230 rium
2176 5166 2351 5240 reperi
2390 5172 2583 5237 quibus
2624 5184 2750 5222 usus
2790 5184 2907 5240 sum
2951 5170 3001 5221 in
3034 5169 3131 5221 hac
3158 5166 3386 5240 epistola
3420 5181 3598 5220 uecen-

2007 5247 2193 5300 senda.
2232 5238 2439 5309 Itejecit
2478 5251 2655 5295 autem
2698 5239 2965 5293 Pamelins
3009 5240 3110 5292 hoc
3139 5238 3597 5294 additamentum,

2006 5319 2128 5387 quia
2178 5314 2530 5384 Cataphrygm
2585 5327 2707 5387 non_
2741 5311 2989 5364 eumdem
3042 5310 3296 5387 Spiritum
3350 5319 3595 5387 sanctum

2004 5377 2128 5441 cum
2156 5377 2435 5440 catholicis
2456 5377 2853 5449 agnoscebant,
2884 5377 3181 5450 utpote'qui
3213 5397 3316 5433 non
3348 5379 3475 5432 illud
3504 5377 3601 5431 sed

2003 5459 2310 5513 Montanum
2342 5472 2462 5509 esse
2494 5454 2817 5524 paracletutn
2849 5468 2878 5506 a
2908 5452 3123 5507 Christo
3165 5452 3486 5522 promissum
3516 5451 3603 5504 di-

2009 5539 2215 5585 cerent.
2254 5528 2449 5581 BALUZ.

2081 5602 2344 5655 Statuenti
2394 5601 2477 5653 hic
2528 5596 2745 5651 Baluzio
2785 5595 3089 5664 respexisse
3135 5594 3503 5649 Firmilianum
3535 5591 3604 5646 ad

2013 5672 2353 5731 Marcionitas
2382 5680 2524 5723 recte
2564 5683 2803 5736 opponas
2823 5710 2838 5733 ,
2867 5677 3077 5722 veteres
3105 5676 3283 5736 patres
3312 5666 3361 5719 id
3390 5679 3606 5734 semper

2017 5747 2207 5801 solitos
2242 5758 2363 5797 esse
2404 5757 2500 5811 pro
2548 5750 2696 5794 certo
2736 5748 2993 5804 statuere,
3023 5740 3181 5811 alium
3230 5753 3291 5791 ac
3335 5736 3604 5791 diversum

2021 5820 2185 5874 Deum
2215 5810 2506 5886 agnoscere
2532 5812 2892 5877 Marcionitas,
2923 5811 3012 5881 qui
3043 5810 3245 5866 Christi
3276 5811 3488 5865 Patrem
3522 5822 3622 5863 ne»
