4216 6262
555 288 686 344 1171

1798 276 2131 334 EPISTOLA
2174 274 2543 332 FIRMIIJANI

3721 265 3862 319 1172

555 410 612 456 ct
637 400 788 456 aiunt
816 397 1126 470 Apostolum
1156 395 1378 462 dixisse,
1411 395 1532 450 Sive
1571 409 1660 466 per
1687 393 2028 458 occasionem,
2054 394 2157 449 sive
2182 390 2236 452 Α
2260 406 2380 446 rum
2405 390 2496 461 qui
2513 387 2889 452 admittuntur,
2919 394 3100 442 utnon
3120 383 3362 446 ablatis”
3391 398 3488 454 μοι·
3509 381 3765 438 Ecclesia:
3790 381 3863 436 la-

559 511 656 566 per
683 495 965 556 veritatem,
999 489 1233 546 Christus
1252 490 1580 544 annuntietur
1607 486 1858 558 (Philip.,
1889 502 1928 552 ι,
1960 486 2070 556 18),
2104 496 2164 544 ιιι

557 587 1010 658 respondeamus,
1039 585 1282 655 ineptum
1323 591 1436 646 est,
1469 580 1683 652 quando
1719 578 2060 634 manifestum
2093 577 2164 638 sit

557 681 882 754 Apostolum
909 679 964 734 in
987 678 1214 750 epistola
1240 693 1332 733 sua
1361 691 1464 747 qua
1483 675 1586 730 hoc
1607 673 1762 739 dixit,
1795 687 1968 742 neque
1987 671 2160 726 haere-

569 777 800 832 ticorum
832 789 1008 846 neque
1051 767 1322 843 baptismi'
1351 785 1536 826 eorum
1584 767 1911 824 mentionem
1945 763 2159 830 fecisse,

566 868 662 925 sed
684 869 921 923 locutum
943 881 1065 922 esse
1086 865 1153 922 de
1181 864 1436 920 fratribus
1466 871 1693 927 tantum,
1716 860 1830 915 sive
1857 857 2057 930 perlide
2080 874 2166 914 se-

567 979 691 1020 cum
716 961 1082 1036 loquentibus,
1098 960 1213 1016 sive
1237 961 1289 1014 in
1310 957 1414 1012 llde
1439 957 1646 1011 sincera
1671 953 2161 1025 perseverantibus,

565 1072 670 1114 nec
697 1064 944 1127 oporteat
971 1055 1074 1110 hoc
1102 1054 1264 1122 longo
1293 1059 1519 1106 tractatu
1556 1058 1832 1112 excutere,
1867 1044 1964 1100 sed
1993 1045 2163 1114 ipsam

567 1153 703 1208 satis
725 1151 796 1205 sit
826 1149 1110 1220 epistolam
1156 1147 1361 1216 legere,
1389 1153 1444 1200 et
1475 1141 1600 1212 quid
1628 1139 1916 1212 Apostolus
1947 1137 2164 1204 dixerit,

571 1246 642 1301 de
667 1246 785 1315 ipso
812 1242 1068 1312 Apostolo
1091 1253 1504 1310 recognoscere.

650 1336 796 1394 XXI.
827 1335 967 1404 Quid
997 1350 1148 1406 ergo,
1177 1332 1444 1403 inquiunt,
1479 1329 1570 1384 liet
1613 1326 1679 1382 de
1719 1326 1802 1382 his
1831 1326 1920 1396 qui
1948 1324 2015 1379 ab
2052 1323 2164 1382 hac-

570 1430 759 1487 reticis
771 1428 1054 1483 venientes
1071 1426 1187 1480 sine
1208 1424 1469 1480 Ecclesite
1483 1423 1750 1494 baptismo
1766 1418 1986 1476 admissi
2005 1426 2130 1474 sunt
2144 1418 2166 1471 ‘t

569 1523 632 1580 Si
659 1521 727 1575 de
753 1518 953 1574 saeculo
981 1525 1362 1580 excesserunt,
1396 1516 1445 1569 in
1481 1529 1668 1569 eorum
1717 1525 1940 1566 numero
1967 1508 2167 1566 haben-

571 1625 666 1669 tur
691 1611 781 1683 qui
813 1610 958 1681 apud
986 1625 1088 1665 nos
1114 1608 1426 1664 catechisati
1451 1607 1670 1674 quidem
1716 1616 1862 1672 sunt,
1891 1603 1987 1658 sed
2019 1603 2169 1674 prius

565 1722 728 1778 quam
743 1702 1428 1774 baptizarenturobierunt,
1445 1717 1552 1756 non
1581 1698 1743 1754 modo
1768 1697 1955 1752 dicunt
1973 1705 1998 1731 ιι
2021 1710 2170 1750 emo-

2266 496 2488 537 vacrum
2516 479 2790 543 sordibus,
2815 494 2914 536 nec
2943 478 3178 550 peccatis
3204 476 3488 548 expositis,
3515 485 3764 546 usurpata
3788 483 3865 530 te-

2271 590 2422 632 mere
2444 573 2934 638 communicatione
2981 569 3290 641 contingant
3318 583 3514 638 corpus
3543 576 3599 624 et
3639 566 3867 637 sangui-

2265 680 2388 722 nem
2422 663 2670 727 Domini,
2723 678 2845 717 cum
2881 661 3139 730 scriptum
3176 660 3245 720 sit
3279 678 3292 713 :
3341 659 3658 727 Quicumque
3711 657 3868 712 edait

2272 775 2458 831 panem
2507 767 2592 811 aut
2643 755 2824 810 biberit
2871 755 3080 809 calicem
3122 752 3330 808 Domini
3375 753 3603 820 indigne,
3633 767 3746 805 reus
3778 751 3871 805 erit

2268 851 2498 923 corporis
2523 860 2568 905 et
2590 849 2856 921 sanguinis
2875 847 3086 902 Domini
3117 845 3161 919 (l
3191 846 3311 901 Cor.
3343 862 3419 910 ιι,
3446 845 3570 916 27).

2338 941 2505 998 XXII.
2535 940 2643 996 Nos
2668 943 2828 995 etiam
2863 940 2982 995 illos
3007 953 3143 1009 quos
3167 937 3220 993 hi
3243 937 3332 1008 qui
3359 941 3509 1007 prius
3542 937 3594 991 in
3624 936 3871 992 Ecclesia

2268 1037 2536 1093 catholica
2559 1036 2796 1106 episcopi
2825 1034 3055 1100 fuerant,
3071 1044 3123 1088 et
3145 1030 3486 1103 postmodum
3506 1031 3610 1089 sibi
3634 1040 3872 1100 potesta-

2271 1143 2379 1186 tem
2416 1130 2626 1186 clerica:
2669 1127 3020 1184 ordinationis
3068 1133 3407 1182 assumentes
3435 1124 3870 1194 baptizaveruut,

2274 1239 2375 1294 pro
2394 1238 2499 1277 non
2521 1220 2806 1290 baptizatis
2823 1218 3100 1275 habendos
3114 1217 3499 1288 indicavimus.
3513 1216 3580 1272 Et
3605 1216 3708 1271 hoc
3731 1215 3874 1285 apud

2272 1331 2374 1372 nos
2403 1315 2743 1380 observatur,
2773 1324 2831 1368 ut
2855 1314 3177 1384 quicumque
3229 1310 3296 1364 ab
3331 1309 3436 1364 illis
3472 1310 3628 1364 tincti
3657 1310 3726 1364 ad
3767 1326 3868 1364 nos

2273 1410 2516 1474 veniunt,
2549 1417 2820 1477 tamquam
2851 1405 3013 1462 alieni
3059 1413 3113 1460 et
3143 1403 3273 1458 nihil
3303 1401 3601 1466 consecuti,
3632 1403 3794 1458 unico
3824 1413 3882 1457 et

2269 1517 2401 1560 vero
2418 1501 2676 1571 Ecclesia:
2705 1499 2982 1556 catholicae
2997 1497 3272 1567 Baptismo
3287 1496 3427 1565 apud
3456 1511 3555 1552 nos
3583 1496 3864 1566 baptizen-

2273 1604 2360 1650 tur
2388 1603 2444 1650 et
2475 1592 2673 1650 lavacri
2704 1591 2880 1648 vitalis
2926 1590 3389 1661 regenerationem
3439 1596 3864 1659 consequantur.

2273 1689 2343 1743 Et
2369 1698 2545 1742 tamen
2571 1685 2801 1740 multum
2824 1683 3206 1740 interestinter
3225 1698 3346 1741 eum
3364 1683 3451 1752 qui
3482 1682 3681 1738 invitus
3707 1692 3764 1738 et
3793 1699 3891 1737 ue-

567 1775 869 1858 lamentum
890 1798 1130 1855 veritatis
1159 1806 1214 1851 et
1244 1795 1386 1862 tidei,
1416 1794 1482 1850 ad
1522 1808 1706 1864 quam,
1739 1790 1928 1847 relicto
1959 1803 2168 1854 errore,
2202 1793 2247 1853 Β
2274 1779 2525 1836 cessitate
2557 1778 2948 1848 persecutionis
2965 1785 3183 1832 coactus
3200 1775 3572 1840 succubuit,et
3598 1775 3748 1830 illum
3778 1778 3870 1845 qui

573 1901 959 1965 pervenerant,
991 1891 1092 1945 etsi
1119 1887 1643 1945 consummationem
1672 1885 1856 1955 gratiae
1884 1883 2160 1938 consecuti
2271 1873 2530 1943 sacrilega
2559 1870 2835 1926 voluntate
2864 1868 3039 1924 audax
3067 1879 3253 1923 contra
3284 1867 3582 1923 Ecclesiam
3611 1867 3868 1930 rebellat,

570 1959 682 2045 non
730 1996 876 2054 sunt,
925 1994 1099 2042 morte
1127 1983 1406 2055 praeventi.
1438 1981 1540 2052 Qui
1568 1988 1748 2036 autem
1775 1978 1950 2035 adhuc
1977 1979 2028 2032 in
2058 1992 2162 2032 sm-
2266 1967 2418 2024 veliu
2435 1967 2645 2022 Patrem
2663 1975 2716 2020 et
2739 1965 2906 2018 Deum
2931 1973 2953 2000 ο
2973 1960 3418 2017 Christiettotius
3437 1959 3890 2015 rnttitdicondito-

569 2083 694 2138 culo
732 2051 1050 2149 permanent
1097 2051 1434 2146 baptizentur
1466 2051 1746 2130 Ecclesia:
1777 2069 2071 2139 Baptismo,
2108 2078 2166 2121 ut
2268 2075 2383 2116 rem
2407 2058 2570 2129 impia
2599 2071 2734 2112 voce
2761 2053 3193 2126 bla3plieinat.Et
3215 2069 3316 2108 non
3346 2052 3507 2122 pudet
3534 2051 3874 2122 Stephanum

572 2175 952 2230 remissionem
1004 2178 1348 2242 peccatorum
1400 2165 1659 2235 consequi
1707 2164 1932 2235 possint,
1961 2178 2049 2228 ne,
2075 2176 2168 2231 per

573 2268 809 2321 alienam
838 2263 1337 2337 praesumptionem,
1367 2263 1418 2316 in
1455 2259 1683 2330 pristino
1720 2271 1904 2311 errore
1949 2270 2169 2310 manen-

576 2358 821 2425 tes,sine
849 2357 1033 2428 gratim
1060 2354 1526 2410 consummatione
1555 2350 1872 2414 moriantur.
1901 2345 2166 2402 Caeterum

577 2453 738 2523 quale
768 2450 1028 2507 delictum
1053 2457 1158 2516 est,
1186 2449 1269 2503 vel
1299 2447 1511 2502 illorum
1541 2446 1629 2516 qui
1655 2443 1964 2510 admittunt,
1981 2441 2064 2497 vel
2082 2456 2173 2496 co-

2273 2154 2375 2210 hoc
2389 2160 2713 2216 asserere,ut
2730 2165 2824 2220 per
2837 2145 2956 2203 eos“
2975 2148 3214 2218 qui,cum
3234 2146 3334 2217 ipsi
3353 2145 3408 2200 in
3427 2145 3677 2202 omnibus
3690 2159 3889 2213 pecca-

2272 2250 2342 2304 tis
2365 2245 2780 2309 sintconstituti,
2796 2246 2940 2299 dicat
2965 2257 3123 2312 posse
3147 2242 3519 2296 remissionem
3542 2253 3884 2310 peccatorum

2278 2341 2417 2407 dari,
2433 2341 2584 2411 quasi
2610 2339 2776 2408 possit
2789 2353 2907 2393 esse
2930 2337 2982 2391 in
3001 2337 3162 2390 domo
3178 2335 3365 2390 mortis
3377 2335 3650 2388 lavacrum
3663 2333 3873 2388 salutis!

2354 2435 2541 2492 XXIII.
2573 2434 2671 2492 Ubi
2711 2449 2840 2504 ergo
2863 2433 2969 2490 erit
3000 2430 3143 2503 quod
3174 2430 3434 2501 scriptum
3475 2437 3596 2484 est:
3635 2428 3710 2488 Ab
3750 2444 3896 2496 aqua

1811 2555 2198 2614 LECTIONES
2234 2552 2649 2609 VARIANTES.

642 2686 672 2716 ⁸
694 2685 803 2736 Non
824 2685 1069 2734 modicum
1087 2679 1260 2745 coniic.
1286 2677 1458 2745 Routh.
1492 2674 1618 2727 Vide
1637 2681 1735 2745 not.

641 2748 673 2786 δ
697 2735 775 2800 νυι
793 2761 890 2798 non
911 2746 1086 2807 abluti,
1111 2735 1553 2796 communicatione
1577 2739 1897 2800 continguaut
1918 2736 2007 2786 Ar.
2038 2735 2171 2784 Lam.

579 2813 728 2865 Ebor.
755 2811 861 2863 ΝΟ.
888 2813 936 2862 1.

2347 2669 2372 2698 α
2408 2665 2673 2715 Dominum
2696 2663 2939 2716 Christum
2962 2665 3053 2712 Ar.
3083 2663 3192 2714 ΝΟ.
3221 2664 3267 2712 1.

2346 2729 2373 2770 α
2406 2728 2491 2783 Sic
2516 2733 2608 2782 Ar.
2639 2730 2770 2779 Lam.
2798 2726 2946 2778 Ebor.
2974 2726 3080 2778 NG.
3107 2728 3152 2777 1.
3180 2730 3250 2778 Μ.
3276 2729 3333 2778 R.
3362 2724 3458 2786 Qui
3482 2725 3576 2788 ipsi
3597 2724 3708 2789 Περ.

1916 2904 2277 2964 VARIORUM
2315 2904 2552 2962 NOTIE.

580 3025 770 3084 garent
797 3013 1065 3072 creavisse
1091 3008 1373 3084 mundum.
1408 3001 1960 3084 audiTertullianum
1999 2999 2177 3084 adhuc
2204 3002 2247 3064 C
2282 2999 2570 3084 Existimat
2593 2999 2854 3082 Rigaltius
2883 2997 3111 3084 verbum
3141 2996 3324 3084 habent
3362 2994 3737 3084 reponendum
3769 3005 3896 3065 post

583 3071 905 3142 catholicum
938 3087 989 3138 in
1032 3083 1132 3136 hac
1162 3082 1278 3150 ipsa
1308 3079 1376 3133 de
1407 3074 1664 3150 Baptismi
1702 3074 1997 3150 quiestione
2034 3071 2176 3150 idem

583 3165 983 3227 suggerentem.
1006 3153 1161 3227 Non
1185 3142 1361 3216 debeo,
1393 3142 1585 3217 inquit,
1629 3147 1681 3198 in
1701 3142 1830 3226 (illis
1860 3142 2181 3227 (limreli‘cis)

585 3212 865 3300 agno-scere
879 3225 1014 3300 qiuod
1037 3225 1162 3278 mihi
1185 3233 1257 3276 est
1276 3212 1607 3300 praeceptum,
1627 3216 1747 3300 quia
1768 3212 1875 3300 non
1891 3215 2022 3300 idem
2044 3212 2183 3300 Dens

586 3285 656 3355 est
671 3300 815 3353 nobis
830 3309 876 3353 et
894 3285 1022 3352 "illis.
1046 3313 1133 3350 nec
1158 3285 1289 3348 unus
1313 3285 1567 3354 Christus,
1597 3285 1649 3340 id
1670 3296 1762 3349 est,
1790 3286 1963 3339 idem:
1986 3285 2054 3338 de
2087 3285 2182 3340 Ba-

591 3372 946 3440 ptismo,cap.
982 3367 1067 3421 15.
1105 3365 1287 3433 Itaque
1319 3373 1552 3416 veterem
1593 3357 2179 3440 revocavilec'tionem,

588 3426 707 3512 qua:
727 3426 846 3494 cum
867 3426 1069 3512 melior
1089 3426 1468 3512 apparet,_titrti
1483 3438 1658 3510 exstat
1675 3429 1724 3480 in
1739 3427 1924 3512 codice
1939 3426 2182 3479 Bodleia-

588 3499 660 3567 tio
675 3521 834 3580 atque
865 3510 956 3563 illo
983 3499 1382 3580 Novi-Collegii,
1405 3501 1724 3580 cmterisque
1755 3499 1979 3579 l‘ortasse
2027 3512 2178 3580 mss."

589 3585 682 3654 qui
709 3569 761 3638 in
784 3582 1022 3654 editione
1043 3579 1221 3654 Oxon.
1239 3569 1420 3654 alieni
1454 3574 1654 3654 solent,
1679 3571 1878 3654 quippe
1894 3584 2016 3622 cum
2039 3569 2182 3654 nulla

589 3640 660 3709 sit
698 3655 929 3707 varietas
962 3650 1208 3706 lectionis
1239 3647 1433 3702 ibidem
1485 3649 1686 3700 notata.
1730 3640 1997 3694 Caeterum
2027 3640 2180 3692 addi-

594 3737 888 3780 tamentum
918 3722 1071 3788 illud,
1095 3731 1140 3774 et
1166 3720 1417 3790 Spiritum
1450 3711 1745 3790 sanctumin
1763 3711 1926 3790 codd.
1943 3712 2185 3790 quinque

591 3808 866 3863 repertum
901 3781 1069 3848 fuisse
1108 3781 1352 3863 novimus
1378 3803 1445 3842 ex
1479 3791 1599 3841 ead.
1647 3784 1903 3863 editione.
1938 3781 2186 3863 Qsteudit

593 3854 727 3922 vero
751 3870 835 3920 hic
863 3868 978 3933 ipse
1002 3863 1298 3933 Firmiliaui
1329 3861 1480 3933 locus
1503 3855 1914 3933 recresensisse
1933 3854 1999 3907 de
2028 3854 2184 3908 Patre

594 3939 839 4008 Filioque
869 3927 966 4008 hos
996 3936 1209 4008 quidem
1234 3932 1603 4008 Montanistas.
1635 3927 1847 3981 Rourn.

670 3996 789 4068 XX.
817 4038 886 4049 -ο
920 3996 1141 4078 Perﬁde.
1189 4005 1265 4078 Ita
1297 4001 1653 4078 Morelliu‘sct
1681 4008 1913 4078 quatuor
1944 3996 2062 4052 libri
2092 4012 2184 4053 ve-

596 4092 772 4137 teres:
794 4081 883 4134 alii
911 4069 1140 4149 qualuor
1171 4076 1369 4129 habent
1398 4089 1487 4141 per
1514 4071 1687 4149 fidem.
1732 4069 1928 4149 Βλιιιμ.

671 4152 812 4207 XXI.
834 4183 904 4192 -—
927 4140 994 4204 'ln
1019 4165 1193 4203 eorum
1224 4140 1499 4200 numero...
1534 4143 1798 4200 habentur.
1834 4140 1923 4195 Sic
1954 4140 2187 4196 restitui-

599 4240 721 4279 mus
750 4225 889 4277 hunc
921 4224 1093 4276 locum
1125 4218 1440 4273 auctoritate
1471 4214 1662 4268 vetusti
1690 4211 1890 4266 codicis
1917 4209 2184 4281 Compen-

601 4296 804 4350 diensis
843 4303 899 4350 et
940 4291 1279 4356 Michaelini,
1331 4291 1384 4342 in
1430 4287 1624 4356 quibus
1667 4282 2060 4356 vothobentur
2104 4292 2187 4340 est

601 4367 956 4434 transposita,
987 4363 1080 4417 sed
1113 4354 1288 4415 tamen
1320 4354 1598 4434 cuin—nota
1629 4354 1823 4416 veteri,
1857 4369 1976 4422 qua:
2007 4364 2184 4408 osten-

602 4438 682 4491 dit
728 4430 814 4492 u'bi
865 4435 1244 4504 ponendaqsit,
1289 4430 1699 4504 niinirutnnpost
1735 4439 1925 4504 vocem
1957 4441 2183 4480 numero.

601 4509 789 4578 Itaque
831 4497 973 4562 cadit
1011 4503 1319 4578 coojectura
1368 4498 1580 4567 Rigaltii
1623 4497 1764 4550 hunc
1789 4497 1976 4578 locum
2009 4511 2194 4578 einen:

603 4567 800 4634 dun-tis.
831 4567 1273 4634 BALuz.—-—'Edd.
1304 4585 1523 4633 omnes,
1554 4585 1653 4622 non
1682 4567 1831 4622 modo
1859 4569 2054 4624 dicunt.
2085 4567 2192 4624 Sed

602 4652 909 4720 recipienda
960 4642 1589 4720 videbatur‘conjectura
1638 4638 1932 4717 Prudentia
1975 4638 2192 4720 blztrano

603 4708 940 4791 (VitaCypr.
973 4719 1088 4792 §51
1121 4714 1276 4784 extr.)
1306 4726 1356 4792 et
1383 4712 1618 4767 liontliio
1663 4708 1966 4792 cmn‘mnnis
1995 4709 2189 4792 (scilic.

606 4780 710 4847 non
761 4780 1016 4845 modicum
1071 4780 1288 4858 dicunt).
1318 4785 1643 4858 Gouunonu.
1662 4811 1732 4858 —_—
1755 4780 1888 4858 Cum
1921 4790 2039 4858 post
2070 4796 2189 4836 ver-

605 4867 734 4920 bum
788 4863 1017 4917 obierunt
1043 4863 1215 4932 posita
1237 4852 1398 4932 esset
1426 4865 1560 4932 ante
1611 4852 1809 4932 Baluzii
1840 4853 2190 4932 mutationem

608 4951 712 4990 vox
770 4921 1062 5000 habentur,
1102 4930 1389 5002 Rigaltius
1426 4928 1603 5002 locum
1674 4925 1753 4977 sic
1795 4921 2189 5002 emendandum

609 5009 820 5072 voluit,
879 4993 1079 5060 habent
1120 4993 1223 5057 ηὸτι
1271 4999 1422 5054 modo
1495 4997 1711 5072 discunt
1772 4993 2187 5072 emolumentum.

608 5066 961 5134 Aﬂ'ert'vero
1009 5076 1190 5130 Fellus
1241 5073 1455 5141 longam
1519 5071 1614 5123 sed
1689 5066 1820 5141 satis
1877 5074 2190 5141 contortam

611 5151 1108 5219 interpretationem
1163 5135 1482 5205 verborum,
1540 5156 1642 5195 non
1673 5138 1822 5193 modo
1853 5135 2192 5219 dicunt_ento-

611 5207 916 5277 Iumentum.
975 5219 1162 5274 Ausim
1211 5229 1341 5286 ergo
1387 5226 1708 5286 reponere._
1751 5207 2192 5286 non__modi0tun

612 5296 1003 5348 emolumentum
1033 5309 1052 5358 ;
1079 5280 1300 5352 Graeco:
1319 5288 1392 5341 Οὐ
1427 5280 1628 5358 μέτριον
1656 5280 1833 5358 κέρδος
1859 5282 2086 5358 diuitiae
2108 5285 2196 5358 nari

612 5371 856 5426 πίστεως.
883 5352 1110 5419 Exstant
1131 5374 1312 5424 voces,
1339 5352 1442 5411 non
1473 5352 1726 5426 modicam
1754 5368 1913 5426 supra
1944 5352 1972 5422 δ
2007 5353 2098 5408 Η.
2131 5355 2198 5408 Et

615 5423 895 5506 postquam
941 5436 1059 5491 IIth
1103 5423 1316 5501 scripsi,
1344 5423 1921 5506 visisnblaranip'erbis
1979 5428 2197 5506 gavisus

614 5494 927 5576 suin,'quod
977 5516 1100 5560 ante
1144 5494 1229 5576 me
1260 5500 1448 5576 eodem
1483 5498 1593 5576 fere
1622 5494 1781 5576 modo
1807 5495 2000 5576 _locum
2025 5499 2198 5576 corri-

617 5566 1040 5647 gere’voluisset.
1075 5595 1094 5628 ι
1132 5575 1310 5647 Alium
1357 5567 1964 5647 locntn,__inqui.t,‘[erige
2006 5566 2199 5647 dillici:

619 5637 809 5703 liorem
849 5647 1136 5702 emendare
1160 5645 1416 5700 conabor.
1454 5643 1528 5696 De
1559 5641 1622 5693 iis
1650 5638 1738 5706 qui
1767 5637 1898 5691 foris
1947 5637 2200 5706 baptizati

624 5733 744 5786 sine
769 5733 908 5772 novo
935 5719 1209 5786 Baptismo
1241 5717 1293 5768 iu
1322 5711 1562 5786 Ecclesia
1602 5709 1872 5773 obierunt,
1907 5709 1986 5762 sic
2015 5708 2202 5786 statuit

623 5781 986 5839 Firmilianus.
1016 5778 1096 5836 'Si
1131 5787 1194 5837 de
1236 5782 1421 5835 accido
1452 5796 1554 5833 non
1587 5786 1705 5831 sunt
1743 5786 1902 5831 morte
1937 5778 2202 5834 nrtcventi.

2286 3072 2559 3133 habentur,
2593 3083 2646 3126 et
2674 3068 2751 3125 Sic
2781 3068 3069 3124 enitendat:
3101 3069 3298 3122 habent
3343 3085 3448 3121 non
3498 3069 3646 3121 modo
3673 3069 3896 3123 discunt

2287 3143 2684 3196 emolumentum
2710 3143 2937 3196 veritatis
2965 3151 3009 3192 et
3050 3140 3171 3206 fidei
3194 3156 3210 3192 :
3234 3138 3330 3193 sed
3361 3139 3531 3194 multo
3561 3141 3738 3207 aptius
3781 3141 3890 3210 legi

2288 3224 2507 3282 posset:
2543 3214 2725 3267 habent
2752 3231 2852 3268 non
2883 3211 3139 3265 modicum
3189 3212 3604 3275 emolumentum,
3654 3227 3752 3278 pro
3792 3229 3901 3265 non

2289 3287 2437 3339 modo
2461 3286 2636 3340 dicunt
2663 3297 2749 3338 aut
2782 3302 2884 3338 non
2912 3284 3062 3337 modo
3089 3283 3312 3338 discunt.
3353 3302 3368 3332 :
3402 3283 3526 3336 llmc
3558 3284 3809 3338 Martinus
3833 3286 3890 3338 in

2300 3355 2400 3408 Vit.
2431 3357 2491 3409 S.
2517 3355 2781 3426 Cypriani,
2811 3356 2951 3426 §5l,
2979 3372 3031 3424 p.
3058 3353 3184 3408 118.
3209 3354 3313 3410 Sed
3344 3353 3489 3410 haud
3517 3369 3740 3410 necesse
3773 3369 3902 3410 esse

2290 3436 2346 3482 ut
2373 3427 2596 3480 addatur
2619 3427 2816 3489 turbent,
2840 3429 3050 3494 Opinor.
3087 3427 3300 3480 Rouru.

2360 3498 2696 3569 Contingunt.
2743 3500 2796 3552 ln
2833 3500 3070 3553 editione
3100 3498 3416 3569 Patneliana
3443 3511 3778 3569 perperam,
3800 3513 3901 3564 per

2288 3586 2526 3625 errorem
2555 3567 2820 3624 ‘videlicet
2860 3568 3212 3640 typographi,
3243 3579 3300 3623 et
3335 3567 3460 3622 dein
3497 3569 3548 3624 in
3587 3568 3900 3637 Rigaltiana

2288 3653 2341 3696 et
2372 3643 2422 3695 in
2454 3642 2742 3709 Anglicana
2774 3643 3031 3707 scriptum
3061 3651 3142 3694 est
3171 3642 3506 3708 continguant
3529 3683 3542 3703 .
3577 3640 3670 3694 Sed
3704 3656 3812 3698 non
3842 3641 3903 3694 in

2290 3714 2527 3767 editi0ue
2553 3712 2836 3767 Goulartii.
2868 3715 3010 3766 Sane
3041 3712 3176 3765 hanc
3205 3727 3421 3780 pravam
3458 3712 3747 3780 lectionem,
3778 3711 3900 3768 An-

2288 3786 2358 3854 gli
2403 3785 2642 3838 scribunt
2680 3802 2737 3838 se
2777 3785 3044 3838 invenisse
3085 3784 3136 3837 in
3177 3794 3410 3852 quatuor
3433 3783 3710 3836 codicibus
3739 3785 3897 3836 anti-

2289 3857 2428 3927 quis.
2471 3857 2575 3912 Sed
2616 3856 2756 3910 istud
2798 3871 2902 3909 non
2945 3856 3134 3925 probat
3163 3855 3307 3927 illam
3341 3869 3461 3908 esse
3502 3856 3852 3927 retinendam
3881 3895 3899 3916 ,

2289 3926 2410 3982 cum
2441 3945 2596 3994 prava
2630 3929 2699 3981 sit
2725 3929 2942 3981 omnino
2970 3937 3023 3979 et
3051 3926 3271 3980 minime
3298 3927 3480 3978 latina.
3520 3926 3726 3980 BALUZ.

2365 4019 2676 4076 Necessitate
2733 4020 3093 4090 persecutionis
3154 4027 3356 4071 coactus
3419 4019 3699 4073 succubuit.
3758 4017 3902 4083 Hic,

2290 4093 2430 4161 quod
2459 4101 2671 4146 constat
2714 4108 2780 4145 ex
2833 4090 3225 4160 superioribus,
3285 4090 3515 4144 clericus
3563 4091 3907 4159 designatur.

2289 4164 2534 4219 Clericus
2581 4172 2756 4220 autem
2812 4163 2992 4230 lapsus
3045 4162 3237 4216 ordine
3301 4176 3455 4216 sacro
3511 4161 3714 4216 moveri
3769 4163 3910 4215 stili-

2291 4245 2376 4292 tus
2431 4244 2544 4300 est,
2604 4249 2776 4294 neque
2829 4235 2879 4288 ei
2934 4234 3112 4299 licuit,
3167 4244 3225 4287 ut
3265 4231 3570 4301 baptizandi
3602 4239 3764 4288 ritum
3802 4235 3911 4287 ad~

2291 4307 2638 4362 ministraret.
2663 4305 2875 4359 Rouru.

2213 4411 2266 4472 1)
2363 4399 2530 4456 XXII.
2559 4430 2629 4438 —
2656 4395 3048 4472 Deumﬂhrisﬁ.
3081 4398 3185 4472 Ista
3217 4397 3293 4449 sic
3325 4406 3907 4472 ponuritur‘tamquam

2298 4472 2343 4526 si
2375 4474 2512 4527 Deus
2535 4484 2675 4525 esset
2697 4470 2944 4524 conditor
2965 4468 3162 4523 Christi
3187 4477 3242 4522 et
3261 4469 3424 4522 totius
3455 4467 3657 4521 mundi.
3687 4467 3908 4522 Viden-

2298 4544 2614 4616 dutnigitur
2637 4559 2702 4594 an
2727 4541 2884 4616 lectio
2907 4542 3100 4616 veteris
3129 4539 3245 4616 libri
3273 4539 3568 4616 [icmigiani
3590 4539 3908 4616 _etd_u_o_rum

2298 4609 2714 4680 Anglic—auorum
2742 4611 3072 4681 prurl'ereuda
3100 4611 3196 4672 sit,
3231 4613 3317 4676 qui
3351 4626 3446 4678 pro
3478 4609 3666 4664 Christi
3694 4610 3910 4666 habent

2297 4685 2576 4744 Dominum
2606 4695 2851 4744 nostrum.
2886 4688 2952 4738 At
2979 4684 3020 4738 si
3047 4698 3107 4736 ea
3134 4682 3296 4737 lectio
3319 4683 3491 4752 placet
3518 4725 3532 4747 ,
3561 4681 3790 4735 tollenda
3814 4695 3910 4736 est

2297 4758 2626 4822 coniunctio.
2650 4755 2704 4809 lu
2739 4771 2844 4809 uno
2875 4771 2993 4807 meo
3023 4755 3214 4823 legitur
3229 4751 3666 4806 DominiChristi.
3688 4753 3903 4808 Bactra.

2297 4859 2367 4868 —
2395 4829 2468 4884 Ex
2501 4830 2633 4882 edit.
2675 4826 2852 4882 Oxon.
2895 4836 3106 4880 constat
3150 4837 3366 4880 exstare
3420 4825 3584 4882 verba
3617 4823 3910 4879 Dominum

2299 4900 2576 4964 Christum,
2609 4915 2738 4958 non.
2771 4908 2827 4952 ut
2856 4899 2929 4951 ait
2978 4897 3246 4963 Baluzius,
3278 4895 3553 4950 Dominum
3584 4906 3812 4950 nostrum
3847 4899 3908 4950 in

2297 4972 2456 5028 codd.
2489 4981 2542 5024 et
2588 4969 2720 5023 Novi
2748 4970 2994 5038 Collegii.
3031 4969 3111 5022 Ab
3143 4967 3247 5022 hoc
3277 4967 3493 5034 quidem
3542 4984 3668 5030 ms.,
3702 4970 3844 5020 sicut
3879 4988 3912 5021 ει

2297 5044 2420 5098 cod.
2447 5041 2759 5106 Bodleiano,
2790 5041 2931 5094 baud
2957 5041 3093 5094 male
3121 5039 3272 5093 abest
3297 5038 3554 5108 particula
3584 5048 3631 5092 et
3661 5051 3784 5090 ante
3803 5055 3879 5090 vn

2298 5130 2390 5168 ces
2414 5116 2566 5167 totius
2599 5113 2795 5166 nnmdi.
2834 5113 2909 5165 Ad
2958 5113 3119 5166 verba
3151 5121 3329 5165 autem
3381 5111 3522 5178 quod
3555 5111 3768 5175 attinet,
3800 5108 3888 5164 Pa

2299 5198 2420 5238 trem
2437 5197 2480 5238 et
2509 5183 2674 5241 Deum
2693 5182 2900 5246 Christi,
2923 5185 3167 5237 similiter
3187 5185 3398 5236 locutus
3411 5195 3490 5235 est
3508 5182 3763 5252 Dominus
3787 5184 3912 5252 ipse

2299 5258 2364 5312 ad
2397 5257 2614 5311 Mariam
2669 5255 3035 5324 Magdalcnam
3081 5255 3131 5307 in
3158 5254 3216 5307 S.
3251 5253 3472 5306 Joannis
3498 5251 3782 5324 Evangelia
3807 5251 3911 5319 kx,

2301 5331 2388 5384 17.
2422 5328 2682 5383 Similiter
2710 5323 3042 5394 soripscrunt
3066 5325 3308 5398 Apostoli
3348 5325 3486 5398 ejus.
3519 5323 3716 5398 Confer
3747 5323 3912 5380 Rom.

2300 5417 2391 5468 xv,
2420 5401 2452 5456 6
2483 5417 2498 5464 ;
2530 5399 2575 5454 ll
2607 5399 2720 5453 Cor.
2761 5415 2832 5463 ιιι,
2858 5399 2891 5453 5
2921 5415 2934 5464 ;
2969 5395 3186 5468 Ephes,
3221 5414 3257 5460 ι,
3287 5398 3342 5464 5,
3375 5397 3440 5452 17
3467 5414 3482 5463 ;
3509 5395 3733 5461 Coloss.,
3768 5414 3803 5461 ι,
3829 5398 3914 5462 3;

2306 5472 2461 5537 Ileb.,
2495 5489 2533 5538 ι,
2563 5473 2596 5528 9
2629 5489 2640 5534 ;
2672 5471 2692 5527 Ι
2724 5470 2863 5534 Pet.,
2890 5471 2998 5534 1,5.
3035 5469 3246 5524 Rouru.

2379 5565 2477 5631 Qui
2506 5580 2621 5617 cum
2651 5562 2875 5632 ἱμείρω
2896 5562 2992 5632 ipsi
3018 5560 3072 5614 in
3098 5560 3326 5632 omnibus
3355 5560 3572 5630 peccatis
3595 5560 3695 5632 sint
3728 5561 3923 5632 consti-

2304 5630 2421 5691 tuti.
2451 5630 2697 5690 Veterem
2726 5630 3014 5689 lectionem
3045 5633 3273 5687 restitui.
3299 5631 3510 5686 Primus
3533 5631 3696 5686 edidit
3727 5630 3926 5688 Fellus

2305 5715 2427 5776 post
2454 5706 2670 5776 codices
2695 5706 2924 5776 scriptos
2963 5705 3049 5775 qui
3078 5719 3194 5758 cum
3223 5703 3323 5772 ipsi
3361 5718 3457 5776 pro
3478 5704 3566 5771 qui
3590 5702 3716 5776 ipsi,
3738 5705 3926 5776 quod

2305 5772 2521 5845 quidem
2543 5793 2610 5831 es
2639 5772 2836 5846 duplici
2858 5772 3090 5832 lectione
3119 5785 3298 5831 ortum
3325 5772 3556 5834 videtur.
3587 5772 3924 5834 Posuitau-
