4262 6236
362 237 507 297 H73

1390 236 1693 303 EPISCOPI
1729 240 2077 303 CESABI‘LE
2112 240 2589 303 CAPPADOCUE.

3511 245 3649 303 H74

359 356 535 411 aliena
582 354 779 417 abstine
821 364 868 411 te
905 366 954 411 et
1000 373 1031 412 a
1061 360 1203 429 fonte
1247 356 1416 421 alieno
1444 374 1507 411 ne
1539 357 1722 415 biberis
1758 357 1943 432 (Prov.
1975 362 2026 423 Α
2052 359 2303 419 cundiam
2347 359 2501 416 facile
2548 368 2850 425 vertuntur,
2894 368 2951 417 ut
2999 361 3067 415 de
3120 360 3267 419 nullo
3320 360 3425 415 alio
3482 362 3651 437 magis

359 468 438 518 Ix,
463 450 553 520 19,
571 452 712 525 just.
739 451 934 525 LXX),
953 452 999 508 si
1033 454 1221 511 relicto
1262 452 1517 508 Ecclesia:
1546 451 1696 508 fonte
1725 453 1953 525 signato,

360 545 594 603 alienam
624 559 818 621 aquam
858 560 959 617 pro
991 556 1080 603 tua
1113 545 1344 617 suscipis
1382 555 1437 601 et
1491 545 1733 615 profanis
1788 544 1953 601 fonti-

356 634 467 696 bus
494 640 791 697 Ecclesium
820 640 1015 711 polluis
1041 639 1066 695 ?
1094 639 1320 715 Quando
1360 640 1503 696 enim
1535 640 1801 710 baptismo
1841 640 1954 701 hae-

359 736 660 795 reticorum
682 737 1071 801 communicas,
1100 734 1230 807 quid
1252 733 1397 789 aliud
1424 749 1583 804 quam
1601 732 1670 789 de
1697 735 1953 804 voragine

359 840 414 888 et
444 845 602 886 emno
626 829 833 886 illorum
861 828 1020 894 bibis,
1038 837 1092 883 et
1112 827 1227 899 ipse
1250 826 1505 882 Ecclesia
1526 825 1956 882 sanctificatione

350 914 640 997 purgatus.
661 921 958 981 alienarum
981 920 1220 977 sordium
1249 919 1591 974 contactibus
1618 918 1955 990 inquinat-is?

358 1015 469 1073 Nec
497 1014 693 1073 metuis
714 1013 976 1085 judicium
1008 1013 1099 1067 Dei
1133 1012 1400 1068 haereticis
1426 1011 1790 1066 testimonium
1820 1026 1953 1065 con-

364 1119 447 1166 tra
471 1107 772 1165 Ecclesiam
802 1106 1109 1178 perhibetis,
1142 1120 1264 1161 cum
1317 1104 1574 1178 scriptum
1605 1104 1675 1157 sit
1704 1122 1717 1156 :
1764 1102 1955 1161 Falsus

366 1200 506 1265 testis
535 1216 639 1254 non
679 1199 773 1253 erit
815 1199 1095 1273 impunitus
1122 1196 1306 1266 (Prov.
1334 1212 1446 1263 nx,
1488 1195 1568 1270 5).
1597 1194 1734 1269 Quin
1764 1196 1951 1264 immo,

359 1303 422 1350 tu
445 1292 715 1349 haereticis
731 1292 981 1348 omnibus
1005 1290 1159 1362 pejor
1186 1306 1280 1346 es:
1313 1306 1457 1357 nam,
1477 1305 1598 1344 cum
1631 1289 1756 1345 inde
1775 1289 1950 1356 multi,

358 1386 577 1461 Cognito
615 1401 801 1442 errore
830 1400 949 1450 suo,
979 1386 1043 1439 ad
1080 1395 1131 1440 te
1160 1383 1377 1451 veniant
1403 1392 1460 1437 ut
1482 1383 1737 1438 Ecclesiae
1765 1397 1950 1437 verum

356 1479 541 1534 lumen
568 1478 853 1549 accipiant,
889 1488 943 1533 tu
972 1477 1304 1532 venientium
1335 1489 1552 1530 errores
1588 1473 1835 1543 adjuvas,
1859 1469 1949 1538 "et,

363 1572 657 1628 obscurato
679 1571 879 1628 lumine
894 1571 1273 1627 ecclesiasticae
1285 1569 1548 1634 veritatis,
1569 1568 1818 1624 tenebras
1839 1567 1951 1623 bae-

353 1665 541 1721 reticae
588 1664 763 1721 noctis
803 1664 1131 1720 accumulas.
1168 1661 1412 1734 Cumque
1440 1677 1499 1717 se
1533 1662 1607 1715 illi
1635 1662 1688 1715 in
1718 1661 1951 1731 peccatis

2062 470 2221 526 quant
2271 453 2337 508 de
2387 464 2438 508 te
2489 453 2632 508 dicat
2662 454 2936 525 Scriptura
2989 453 3208 509 divina:
3246 452 3415 508 Homo
3445 455 3646 508 animo-

2057 565 2143 603 sus
2198 555 2346 618 parat
2394 547 2505 601 lites
2534 589 2548 612 ,
2590 557 2632 599 et
2688 548 2763 599 vir
2809 546 3087 601 iracundus
3131 555 3405 620 exaggerat
3447 555 3653 617 peccata

2063 638 2245 715 (Prov.
2284 655 2431 704 χχιχ,
2451 636 2569 713 2‘2).
2612 638 2759 697 Lites
2788 640 2931 695 enim
2967 647 3021 694 et
3042 640 3407 694 dissensiones
3426 650 3653 710 quantas

2064 731 2267 804 parasti
2294 746 2392 805 per
2423 730 2696 786 Ecclrsias
2728 731 2891 786 totius
2930 732 3158 787 mundi?
3203 731 3487 787 Peccatum
3527 748 3655 788 vero

2059 841 2218 898 quam
2252 840 2503 897 maguum
2535 824 2630 880 tibi
2658 826 3013 897 exaggerasti,
3041 825 3254 896 quando
3286 836 3338 881 te
3375 840 3405 881 a
3434 834 3514 880 tot
3532 840 3655 896 gre-

2058 921 2217 992 gibus
2232 919 2432 973 scidisti
2460 918 2757 987 !,Excidisti
2781 920 2921 973 cnim
2945 920 3205 989 teipsum.
3230 918 3348 975 Noli
3375 929 3427 975 te
3444 918 3652 985 fallere;

2060 1012 2325 1084 siquidem
2352 1013 2442 1068 ille
2470 1024 2551 1068 est
2580 1028 2704 1069 vere
2725 1012 3099 1068 sehismaticus
3119 1013 3210 1084 qui
3240 1028 3298 1068 se
3329 1029 3359 1067 a
3401 1028 3519 1069 com
3532 1031 3650 1069 mu-

2059 1105 2219 1160 nione
2246 1105 2626 1161 ecclesiasticae
2669 1106 2888 1160 unitatis
2943 1118 3242 1176 apostatam
3273 1105 3461 1163 fecerit
3485 1125 3498 1160 :
3523 1107 3649 1177 dum

2059 1198 2202 1254 enim
2239 1208 2395 1268 putas
2430 1212 2618 1252 omnes
2648 1213 2675 1250 a
2722 1209 2772 1253 te
2802 1198 3059 1253 abstineri
3096 1214 3274 1270 posse,
3305 1200 3478 1255 solum
3508 1210 3559 1255 te
3587 1200 3656 1259 ab

2058 1291 2309 1346 omnibus
2347 1291 2671 1345 abstinuisti.
2706 1290 2813 1345 Nec
2863 1301 2915 1346 te
2954 1291 3251 1347 informare
3300 1291 3365 1347 ad
3412 1293 3650 1364 regulam

2055 1385 2299 1440 veritatis
2317 1393 2371 1439 et
2396 1386 2545 1456 pacis
2566 1385 2648 1440 vel
2673 1387 2713 1439 A
2725 1385 2913 1454 postoli
2936 1367 3199 1459 praecepta
3229 1394 3516 1456 potuerunt
3534 1400 3651 1441 mo-

2058 1479 2237 1533 nentis
2264 1486 2319 1533 et
2345 1477 2606 1531 dicentis:
2636 1476 2855 1531 Obsecro
2881 1494 2999 1550 ergo
3025 1495 3110 1533 vos
3137 1496 3227 1552 ego
3243 1481 3439 1533 vinctus
3459 1480 3514 1533 in
3535 1478 3645 1533 Do-

2058 1573 2212 1639 mino,
2240 1571 2394 1642 digne
2434 1571 2698 1625 ambulare
2726 1573 2988 1626 vocatione
3028 1589 3127 1643 qua
3156 1574 3318 1627 vocati
3358 1574 3498 1639 estis,
3534 1590 3651 1629 cum

2056 1668 2194 1722 onmi
2223 1665 2508 1719 humilitate
2533 1682 2709 1719 sensus
2737 1676 2782 1719 et
2824 1665 3045 1732 lenitate,
3078 1684 3191 1721 cum
3218 1669 3466 1739 patientia
3492 1669 3649 1724 susti—

358 1772 482 1814 8558
511 1767 566 1821 el
584 1758 715 1812 ηἱΙιίΙ
742 1758 928 1829 ﬁmum
946 1757 1146 1813 habere
1177 1772 1255 1824 se.
1274 1771 1336 1810 ³ο
1355 1765 1635 1831 propterea
1667 1755 1734 1809 ad
1762 1753 1951 1808 Εεοῖθ-
1979 1764 2027 1827 Β
2056 1772 2229 1817 nentes
2255 1762 2466 1814 invicem
2494 1761 2549 1814 in
2601 1760 2889 1827 dilectione,
2920 1762 3042 1815 satis
3072 1771 3277 1832 agentes
3304 1777 3506 1815 servare
3533 1763 3650 1816 uni-

353 1851 489 1906 siam
510 1852 698 1913 venire
714 1852 1004 1915 fateantur,
1037 1861 1089 1904 tu
1114 1850 1192 1904 eis
1212 1850 1581 1905 remissionem
1605 1858 1948 1919 peccatorum

349 1946 651 2014 subtrahis,
674 1961 795 2019 qua:
822 1947 876 2001 in
910 1946 1177 2017 baptismo
1207 1944 1383 2011 datur,
1417 1944 1543 1998 dum
1576 1942 1713 1998 dicis
1730 1941 1947 2013 eosjam

349 2039 650 2112 baptizatos
675 2048 731 2095 et
745 2047 896 2095 extra
915 2038 1213 2094 Ecclesium
1233 2036 1487 2093 Ecclesia:
1507 2035 1733 2106 gratiam
1755 2049 1949 2091 conse-

348 2145 525 2192 cutos.
555 2134 666 2191 Nec
694 2134 955 2204 intelligis
976 2133 1185 2188 animas
1225 2146 1412 2187 eorum
1436 2130 1504 2185 de
1542 2145 1702 2199 manu
1734 2138 1821 2184 tua
1852 2145 1946 2184 ex-

344 2228 489 2301 quiri
505 2242 628 2283 eum
642 2227 829 2298 judieii
845 2226 963 2281 dies
982 2224 1210 2288 venerit,
1225 2223 1318 2294 qui
1352 2222 1659 2277 sitientibus
1686 2221 1943 2277 Ecclesia:

345 2331 536 2401 potum
559 2320 788 2395 negasti,
809 2329 865 2374 et
882 2317 1185 2373 volentibus
1202 2317 1382 2372 vivere
1400 2331 1563 2372 causa
1576 2314 1764 2371 mortis
1781 2313 1951 2369 fuisti.

346 2413 417 2472 Et
436 2416 652 2486 insuper
672 2412 991 2487 indignaris.

420 2507 615 2565 XXIV.
634 2507 768 2564 Vide
786 2524 891 2579 qua
918 2506 1187 2577 imperitia
1216 2502 1621 2576 reprehendere
1641 2501 1840 2559 audeas
1861 2513 1956 2557 eos

343 2602 439 2675 qui
463 2610 648 2657 contra
671 2600 1008 2656 mendacium
1029 2614 1125 2671 pro
1139 2600 1363 2655 veritate
1385 2598 1650 2653 nituntur.
1666 2594 1798 2662 Quis
1810 2592 1953 2649 enim

338 2693 539 2764 justius
574 2695 839 2771 indignari
859 2705 1047 2751 contra
1072 2695 1301 2750 alterum
1324 2691 1546 2750 debuit?
1574 2700 1826 2746 utrumne
1866 2687 1958 2758 qui

343 2793 534 2855 hostes
556 2790 651 2847 Dei
673 2791 887 2853 asserit,
903 2806 972 2845 an
991 2806 1118 2847 vero
1131 2788 1490 2860 quiadversus
1513 2802 1633 2843 eum
1658 2785 1745 2857 qui
1766 2786 1947 2838 hostes

341 2886 445 2943 Dei
461 2885 652 2941 asserit
671 2894 697 2924 δι
710 2900 808 2955 pro
823 2885 1075 2940 Ecclesiae
1093 2884 1319 2939 veritate
1333 2881 1630 2940 consentitb
1643 2882 1665 2934 ?
1677 2879 1786 2936 Nisi
1808 2878 1950 2948 quod

339 2978 625 3053 imperitos
638 2978 798 3033 etiam
816 2978 1088 3033 animosos
1104 2984 1263 3048 atque
1278 2975 1566 3031 iracundos
1578 2988 1697 3030 esse
1708 2973 1954 3028 manifes-

2057 1863 2212 1908 talem
2242 1853 2455 1923 spiritus
2494 1853 2547 1907 in
2598 1853 2957 1924 conjunctione
3005 1855 3188 1925 pacis;
3237 1870 3395 1908 unum
3443 1870 3648 1924 corpus,

2053 1959 2101 2002 et
2130 1964 2263 2001 unus
2293 1948 2527 2018 spiritus,
2555 1946 2688 2000 sicut
2712 1946 2879 2005 uocati
2910 1948 3028 2002 estis
3053 1947 3107 2001 in
3131 1963 3234 2002 una
3263 1963 3351 2016 spe
3373 1948 3652 2002 vocationis

2046 2050 2245 2095 vestrm.
2288 2038 2432 2094 Unus
2474 2036 2755 2102 Dominus,
2810 2054 2913 2091 una
2955 2038 3122 2106 fides,
3172 2055 3331 2092 unum
3364 2038 3641 2109 baptisma,

2050 2149 2187 2187 unus
2212 2131 2351 2185 Deus
2373 2142 2418 2184 et
2446 2140 2589 2200 pater
2626 2126 2872 2195 omnium,
2900 2130 2985 2199 qui
3008 2145 3160 2201 super
3186 2146 3359 2184 omnes
3379 2171 3394 2194 ,
3431 2140 3453 2167 ο
3483 2140 3531 2183 et
3563 2147 3655 2201 per

2055 2228 2249 2291 omnia,
2277 2234 2324 2279 et
2350 2226 2405 2278 iu
2433 2223 2664 2277 omnibus
2688 2221 2833 2277 nobis
2865 2221 3027 2292 (Eph.
3053 2238 3129 2290 ιν,
3150 2222 3296 2291 1-6).

2128 2318 2295 2373 XXV.
2328 2316 2456 2371 Haec
2500 2315 2743 2387 Apostoli
2772 2313 3021 2369 mandata
3057 2324 3109 2368 et
3138 2313 3600 2369 monitasalutarie
3626 2313 3653 2351 (ί

2059 2429 2218 2484 quam
2279 2410 2566 2482 diligenter
2618 2409 2927 2479 Stephanus
2971 2409 3235 2479 implevit,
3290 2409 3649 2467 humilitatem

2058 2521 2251 2563 sensus
2281 2514 2335 2560 et
2361 2506 2636 2560 lenitatem
2658 2503 2831 2573 primo
2856 2502 2907 2557 in
2938 2503 3059 2558 loco
3083 2518 3327 2559 servans.
3345 2502 3484 2571 Quid
3506 2504 3647 2559 enim

2061 2602 2315 2661 humiliu‘s
2360 2611 2452 2656 aut
2495 2601 2672 2655 lenius
2697 2614 2856 2670 quam
2882 2612 3011 2653 cum
3035 2606 3114 2653 tot
3138 2599 3406 2668 episcopis
3438 2613 3534 2668 per
3567 2608 3647 2651 to-

2060 2706 2173 2755 tum
2200 2693 2456 2751 mundum
2488 2692 2831 2757 dissensisse,
2861 2705 3043 2763 pacem
3075 2704 3195 2746 cum
3225 2690 3447 2761 singulis
3490 2690 3636 2744 vario

2048 2786 2333 2845 discordiae
2360 2801 2562 2858 genere
2615 2792 2979 2854 rumpentem,
3011 2782 3171 2841 modo
3199 2798 3319 2838 cum
3346 2781 3638 2837 Orientali—

2053 2883 2174 2947 bus,
2202 2880 2346 2952 quod
2392 2894 2491 2933 nec
2539 2894 2635 2933 vos
2672 2878 2843 2933 latere
2887 2874 3228 2941 confidimus,
3272 2874 3432 2929 modo
3459 2875 3645 2929 vobis-

2055 2995 2197 3046 cum,
2225 2978 2314 3048 qui
2345 2978 2396 3032 in
2428 2974 2646 3032 Meridie
2675 2973 2841 3039 estis;
2888 2987 2917 3025 a
2948 2971 3141 3042 quibus
3186 2969 3389 3042 legatos
3435 2968 3647 3039 episco-

341 3083 461 3132 tum
483 3060 587 3140 βὲι,
617 3071 741 3131 dum
781 3086 875 3144 per
898 3070 1132 3145 inopiam
1161 3068 1362 3135 consilii
1391 3075 1446 3129 et
1466 3069 1729 3126 sermonis
1756 3066 1821 3123 ad
1847 3071 1954 3135 ira—
1981 3068 2026 3132 C
2058 3088 2155 3145 pos
2176 3073 2438 3143 patienter
2464 3069 2594 3129 satis
2632 3076 2688 3123 et
2716 3063 2906 3122 leniter
2932 3063 3190 3135 suscepit,
3222 3073 3282 3118 ut
3307 3076 3404 3119 eos
3435 3076 3537 3118 nec
3577 3060 3644 3121 ad

1589 3212 1970 3273 LECTIONES
2008 3211 2421 3272 VARIANTES.

405 3358 435 3388 ⁸
471 3355 595 3417 Quia
614 3354 849 3407 adversus
868 3351 1159 3417 hostesADei
1182 3354 1358 3404 asserit
1380 3352 1510 3404 Lam.

408 3421 439 3463 b
458 3414 722 3477 Contendit
746 3417 886 3484 forte,
912 3414 1085 3470 Routlt.

2124 3356 2148 3382 (⁵
2185 3350 2276 3412 Qut
2300 3358 2377 3400 est
2397 3360 2547 3411 super
2567 3339 2735 3412 omnia
2744 3341 3055 3412 ΔΙιαηιε-Ιξὺον.

2113 3413 2141 3453 d
2175 3406 2397 3465 S'alnhria
2419 3406 2508 3462 Ar.
2540 3412 2667 3465 Lam.
2696 3407 2841 3460 Ebur.
2868 3406 2975 3458 NC.
3005 3408 3051 3457 t.

1677 3543 2030 3602 VARIORUM
2066 3543 2295 3602 ΝΟΤᾹΞ.

339 3707 455 3756 tem
487 3693 761 3751 Pamelins
788 3699 907 3747 sunt
938 3703 1034 3760 pro
1056 3689 1158 3742 sint
1186 3701 1254 3743 ex
1276 3682 1499 3740 Caucltii
1518 3684 1605 3739 vel
1638 3683 1827 3740 codice
1857 3684 1939 3740 vel

339 3770 655 3839 conjectura
683 3764 948 3839 ejusdem.
982 3762 1190 3839 Reum.
1230 3832 1241 3839 _
1278 3792 1281 3799 ~

421 3826 616 3896 XXIII.
642 3826 809 3891 -Ἀὺ
838 3849 973 3905 aqua
1001 3833 1189 3905 aliena.
1215 3832 1451 3905 Annotat
1467 3827 1632 3882 editio
1652 3826 1942 3905 Anglicana

340 3922 555 3970 textum
602 3908 745 3964 hunc
788 3898 986 3961 frustra
1029 3903 1156 3957 alibi
1189 3902 1387 3971 requiri
1412 3915 1572 3970 quam
1598 3915 1648 3952 tu
1694 3898 1943 3971 versione

340 3969 558 4056 grzeca,
582 3981 840 4056 nimirum
873 3976 1062 4056 abesse
1091 3990 1119 4028 a
1146 3969 1439 4056 codicibus
1463 3972 1695 4056 hebraeis
1735 3980 1790 4025 et
1826 3969 1944 4025 vul-

338 4043 704 4129 gatolatino,
728 4049 915 4129 haberi
946 4058 1121 4101 tamen
1146 4047 1204 4129 in
1228 4045 1437 4129 syriaca
1456 4043 1740 4126 narabica,
1768 4050 1823 4095 et
1842 4055 1945 4129 Iar-

339 4112 559 4184 fnenica
587 4112 1047 4192 interpretatione,
1075 4127 1128 4172 et
1155 4112 1277 4192 hinc
1302 4114 1492 4192 confici
1522 4128 1677 4192 posse
1698 4112 1942 4192 eamdem

335 4182 653 4254 versionem
685 4182 943 4265 graecam,
987 4182 1147 4265 etiam
1180 4189 1288 4265 illic
1321 4186 1503 4265 ubi__ab
1528 4182 1750 4265 hebrum
1774 4182 1946 4265 disce—

341 4271 517 4335 ditur,
542 4255 740 4336 ubiqtie
762 4274 1023 4318 terrarum
1048 4260 1364 4336 invaluisse.
1389 4257 1756 4336 Tertulliauus
1780 4255 1872 4336 ltb.
1905 4269 1941 4320 ι,

341 4327 1063 4397 εόνθῦειιηῖδίθωίοιιθηιε
1122 4331 1245 4385 Non
1298 4340 1468 4402 putem
1523 4327 1947 4402 impudentiorem

2047 3685 2266 3738 turnior.
2293 3681 2568 3737 Vitruvius
2590 3681 2641 3734 in
2671 3678 2985 3749 prmfatione
3008 3676 3132 3733 libri
3156 3691 3244 3732 tu:
3276 3674 3642 3749 Animadverte

2047 3756 2217 3829 potius
2243 3753 2477 3829 indoctos
2494 3769 2658 3829 quam
2675 3746 2865 3806 Vdoctos
2873 3750 3060 3829 _grqtia
3089 3763 3352 3829 superare.
3382 3746 3639 3829 Hierony-

2047 3818 2167 3883 inus
2195 3826 2244 3879 in
2286 3818 2541 3895 Apologia
2580 3822 2844 3895 adversus
2873 3818 3126 3895 Rufinum
3146 3818 3163 3871 ἐ
3194 3818 3466 3895 animosus
3493 3818 3641 3895 inho-

2046 3907 2217 3950 nestus
2256 3889 2349 3948 est:
2390 3889 2593 3949 No'nius
2631 3893 2948 3948 Marcellus:
2990 3891 3221 3944 Animosi
3259 3889 3498 3942 dicuntur
3533 3890 3642 3940 ira-

2047 3968 2221 4021 cundi.
2252 3967 2580 4037 Augustinus
2605 3964 2864 4037 Sermone
2889 3979 3048 4037 cutv
3068 3962 3136 4016 de
3163 3958 3605 4037 verltis_Apo‘stoli
3630 3977 3642 4012 :

2054 4031 2365 4093 Humanum.
2378 4038 2472 4106 fuit
2498 4052 2699 4101 errare;
2727 4034 3035 4088 diabolicum
3059 4043 3134 4106 est
3160 4048 3248 4106 per
3270 4031 3643 4106 animositatem

2049 4110 2102 4163 in
2143 4126 2314 4164 errore
2340 4100 2563 4161 manere.
2599 4100 2915 4178 Agebardus
2945 4106 2997 4159 in
3030 4100 3173 4178 libro;
3195 4102 3257 4178 tle
3297 4100 3557 4178 Grandine
3597 4111 3643 4154 et

2053 4179 2345 4245 Tonitruis,
2379 4172 2837 4260 [totatimperitos
2867 4177 3011 4260 loqui
3038 4174 3392 4228 confidenter.
3428 4172 3644 4252 Animo-

2052 4267 2143 4307 sus
2171 4244 2346 4307 tamen
2378 4250 2517 4322 apud
2546 4244 2768 4322 Lat—inus
2794 4244 3157 4322 accipiebatur
3187 4261 3282 4314 pro
3311 4258 3503 4313 magno
3528 4244 3644 4322 viro

2044 4324 2105 4379 “et
2144 4324 2264 4379 furti
2305 4314 2486 4378 animo
2517 4320 2779 4394 praedito,
2811 4314 3134 4394 animositas
3175 4331 3305 4372 vero
3344 4330 3441 4386 pro
3479 4314 3640 4371 vehe-

725 4409 893 4462 aliena
922 4421 1054 4489 aqua
1087 4402 1185 4489 Iulii
1224 4390 1317 4456 deo
1356 4390 1753 4489 tilnqilur.'Vitie
1794 4406 1948 4451 notas
1971 4427 2025 4489 Β
2052 4396 2336 4489 mentiset
2361 4390 2559 4464 impetu
2588 4390 2884 4489 animibln.

336 4469 415 4540 ad
445 4469 727 4544 epistolam
759 4493 945 4542 Lxxut,
967 4469 1207 4529 Ecclesia
1236 4469 1462 4544 paradisi
1488 4473 1670 4524 instar.
1693 4469 1890 4544 Bawz.

418 4539 612 4612 XXIV.
637 4582 708 4593 —-
727 4539 946 4605 lustius;
975 4548 1092 4603 Non
1124 4539 1339 4616 possum
1368 4544 1618 4616 omittere
1667 4542 1793 4616 quin
1832 4539 1937 4616 Aad-

334 4641 600 4684 moneam
646 4634 852 4695 septem
894 4612 1444 4695 veteraexetnpluria
1477 4612 1731 4695 praferpe
1768 4612 1936 4675 inius-

335 4701 472 4754 tius.
517 4698 681 4768 Sequi
711 4685 895 4747 tamen
939 4689 1136 4762 placuit
1171 4688 1460 4768 editionem
1500 4685 1737 4750 Morelli,
1779 4698 1937 4753 quam

334 4758 676 4826 confirmant
709 4767 804 4821 tria
828 4758 1009 4819 vetera
1041 4758 1471 4828 exemplariaJn.

424 4843 677 4898 Adversus
706 4853 818 4892 eum
831 4837 936 4907 qui.
954 4835 1027 4889 Ita
1041 4827 1309 4907 Morellins
1338 4827 1681 4907 ettreslibris
1707 4835 1935 4907 veteres.

330 4897 551 4971 omnes
562 4912 651 4966 alii
666 4897 1039 4965 omittunteum
1055 4906 1158 4973 qui,
1177 4905 1336 4956 etiam
1353 4917 1490 4957 unus
1518 4901 1844 4973 Anglicanus
1856 4897 1933 4973 In.

423 4968 694 5056 Imperitos
716 4983 862 5056 etiam
880 4968 1515 5056 animososﬂuint_i|_iattus
1536 4976 1571 5031 Ι.
1597 4968 1635 5055 ις,
1652 4986 1700 5024 c.
1721 4968 1941 5056 Ifﬂihil

329 5056 487 5113 enim
510 5043 659 5129 pejus
674 5043 744 5129 est
759 5053 821 5105 iis
837 5046 1144 5129 quipanlum
1158 5047 1362 5129 aliquid
1376 5046 1510 5129 ult-ra
1540 5046 1729 5129 primas
1750 5043 1941 5096 litteras

329 5117 608 5202 progreséi
623 5169 636 5187 ,
656 5117 858 5202 falsam
876 5117 1215 5202 sibiscientia:
1234 5120 1611 5202 persuasionem
1633 5117 1941 5202 induerunt:

326 5186 474 5255 iram
500 5210 545 5254 et
574 5186 751 5252 cedere
778 5190 1106 5265 praecipiendi
1142 5186 1317 5265 peritis
1354 5190 1704 5265 indignantur,
1737 5195 1783 5238 et
1814 5186 1943 5265 velut

325 5275 469 5340 iure
488 5270 709 5342 quodam
736 5257 1016 5342 potestatis,
1040 5257 1270 5342 quo'fere
1290 5260 1388 5342 ltoc
1411 5257 1669 5342 hominum
1691 5257 1946 5342 get-iusin-

327 5328 582 5399 tumeicit
607 5383 621 5405 ,
664 5328 935 5407 imperiosi
962 5328 1121 5407 atque
1152 5328 1352 5407 interitu
1393 5334 1648 5386 ambientes
1678 5328 1944 5407 stultitiam

322 5397 523 5471 suam
551 5397 841 5484 perdocent.
877 5397 1217 5484 Vide'etiam
1251 5403 1639 5484 _lib._vt_,_cap.
1669 5402 1734 5484 4,
1763 5397 1940 5484 etilli.

320 5467 444 5541 vin
464 5525 477 5549 ,
508 5467 626 5555 cap.
658 5484 711 5537 2.
729 5480 967 5555 Joannes
982 5474 1435 5555 ‘Saresberiensis,
1584 5467 1678 5554 an,
1697 5471 1761 5523 de
1776 5467 1945 5555 qugis

322 5544 669 5622 Cufialiu'm,
696 5568 817 5623 cap.
847 5551 911 5607 9:
944 5549 1041 5606 Ille
1063 5559 1231 5605 tamen
1256 5546 1559 5623 contradicit
1583 5544 1730 5599 citius
1755 5552 1800 5594 et
1828 5558 1944 5623 per:

324 5613 576 5686 tinacius
603 5613 688 5698 qui
713 5613 781 5679 in.
796 5623 1055 5698 paucitate
1082 5634 1263 5698 rerum
1280 5616 1594 5698 addiscentla
1622 5613 1947 5698 conisumpsit

322 5684 592 5764 certatam,
616 5684 661 5754 'et
684 5684 827 5752 tanta
846 5694 1081 5765 angustia
1104 5691 1369 5765 premitur,
1394 5697 1478 5753 ut,
1502 5688 1547 5742 si
1558 5684 1769 5765 uerbum
1792 5700 1947 5765 unum

324 5756 450 5829 erat
489 5756 591 5826 duo.
612 5756 948 5833 subduceris:
978 5756 1198 5833 elinduis
1228 5762 1318 5830 ﬁat
1347 5767 1394 5815 et
1421 5759 1595 5830 quavis
1622 5766 1791 5813 statua
1819 5756 1946 5813 lacis

2123 4466 2336 4522 Consilii
2365 4476 2410 4519 et
2437 4457 2726 4519 'sermonis.
2763 4462 3015 4518 Forsitan
3056 4462 3349 4534 scripserat
3383 4457 3620 4514 Firmilia

2043 4554 2163 4611 nus,
2195 4541 2449 4600 συνέσεως
2473 4540 2566 4611 καὶ
2586 4538 2757 4611 λόγου.
2791 4535 3006 4611 Βουτῃ.

2113 4609 2277 4666 Parat
2309 4611 2440 4665 lites.
2473 4607 2546 4663 Ita
2578 4602 2839 4680 scriptum
2871 4617 2954 4662 est
2982 4607 3034 4660 in
3066 4618 3160 4680 se;
3189 4602 3639 4680 librisantiquis;

2043 4692 2154 4738 tres
2181 4682 2268 4737 alii
2298 4681 2495 4737 habent
2524 4676 2832 4750 paritIMihi
2860 4686 3037 4750 autem
3066 4676 3404 4750 prierlectio
3431 4676 3642 4729 videtur

2043 4770 2163 4809 esse
2191 4754 2398 4823 melior,
2421 4746 2541 4822 quia
2569 4751 2622 4806 in
2650 4752 2822 4821 capite
2848 4765 2973 4823 χχιι
2991 4746 3397 4823 Proverbiorum
3414 4790 3429 4815 ,
3452 4763 3518 4802 ex
3540 4763 3645 4816 quo

2042 4836 2288 4896 sumptus
2323 4819 2407 4880 est
2440 4819 3070 4896 lticlocus',_‘legiturvir
3102 4819 3379 4896 iracundus
3402 4828 3642 4888 provocat

2043 4892 2204 4971 rixas.
2230 4895 2385 4971 Apud
2405 4895 2721 4971 Cassianum
2746 4893 2842 4947 lib.
2869 4908 2988 4957 vm,
3014 4905 3131 4962 cap.
3159 4893 3211 4958 1,
3238 4892 3495 4960 scriptum
3522 4899 3636 4945 est:

2055 4968 2146 5023 Vir
2171 4967 2432 5023 animosus
2459 4977 2607 5038 parat
2634 4967 2795 5019 rixas.

2121 5040 2283 5095 XXV.
2313 5070 2383 5079 ——
2408 5032 2545 5105 Quid
2571 5038 2702 5091 enim
2730 5035 2993 5105 humilius.
3023 5033 3194 5091 Simili
3223 5033 3393 5088 ironia
3417 5032 3645 5088 Lactanv

2048 5113 2173 5176 tius,
2201 5128 2319 5179 cap.
2352 5104 2443 5178 9.5,
2477 5112 2538 5163 de
2566 5104 3255 5179 MortibusPersecutorum,
3290 5119 3417 5159 usus
3445 5113 3528 5179 est
3557 5106 3632 5159 lo-

2048 5199 2219 5254 quens
2257 5176 2324 5237 de
2353 5176 2671 5254 crudelitate
2700 5178 3005 5254 Maximiani
3036 5179 3294 5232 adversus
3326 5176 3635 5254 mendicos,

2049 5247 2183 5324 quos
2210 5253 2523 5324 congregari
2553 5266 2743 5307 omnes
2770 5250 2930 5324 jussit
2959 5259 3012 5303 et
3038 5256 3349 5324 exportatos
3376 5247 3640 5324 naviculis

2048 5320 2102 5381 in
2144 5340 2291 5380 mare
2319 5320 2518 5395 mergi.
2563 5325 2651 5379 Ait
2689 5336 2820 5447 ego
2849 5321 3186 5378 Lactantius:
3215 5320 3638 5379 Adconminem

2049 5396 2452 5447 misericordem.
2481 5395 2567 5447 aui
2594 5398 2734 5447 oravi
2773 5393 2867 5447 erit
2894 5410 2958 5447 ne
2984 5393 3094 5447 auis
3122 5391 3212 5445 illo
3236 5392 3517 5447 imperante
3542 5392 3632 5445 mi-

2049 5396 2420 5453 misericordem
2437 5391 2469 5462 ,⁷
2481 5395 2567 5464 qui
2592 5391 2867 5467 providerit
2894 5410 2958 5448 ne
2984 5393 3094 5462 quis
3122 5391 3212 5445 illo
3236 5392 3517 5463 imperante
3542 5392 3632 5445 mi-

2049 5485 2129 5524 ser
2154 5477 2299 5524 esset.
2330 5467 2533 5525 Bswz.

2124 5541 2166 5599 Α
2204 5540 2384 5607 quibus
2437 5540 2625 5609 legatos
2674 5538 2979 5609 episcopos,
3036 5544 3140 5609 etc.
3203 5533 3353 5609 Haud
3380 5530 3642 5609 dpbium,

2052 5603 2264 5667 videtur
2316 5610 2443 5681 quin
2483 5603 2563 5665 'ab
2613 5603 2813 5681 Afris,
2846 5603 3021 5681 potius
3062 5606 3225 5681 quam
3279 5605 3347 5659 ab
3396 5603 3653 5681 Orienta-

2053 5685 2196 5741 libus
2226 5724 2241 5748 ,
2298 5675 2529 5743 Romam
2577 5681 2732 5751 missi
2775 5675 2883 5735 sint
2930 5675 3114 5751 legati.
3142 5675 3519 5751 rAContrariutn
3559 5684 3663 5751 ta:-

2056 5772 2179 5812 men
2226 5743 2506 5817 affirmant
2556 5750 2822 5811 Baronius
2868 5752 2923 5806 in
2980 5743 3305 5819 Annalibus,
3349 5755 3404 5802 et
3454 5743 3674 5801 Natalis
