4262 6236
653 234 791 289 H75

1902 237 2236 294 EPISTOLA
2283 237 2658 296 Fll’tMlLlANl

3800 239 3936 295 1176

649 368 954 409 sermonem
1011 353 1200 407 saltem
1252 353 1504 424 colloquii
1544 354 1846 410 communis
1899 357 2226 421 admitteret,
2261 361 2308 418 Α
2335 374 2492 411 unum
2523 359 2774 424 baptisma
2797 399 2813 424 ,
2841 372 2973 412 unus
3003 356 3142 412 Deus
3190 358 3408 431 (Ep/tes.
3444 374 3515 425 tv,
3559 359 3642 431 5).
3683 358 3741 414 Si
3775 373 3939 414 unum

655 447 831 501 adlmc
865 448 1102 515 insuper,
1136 445 1442 499 dilectionis
1463 458 1516 500 et
1539 447 1820 501 cbaritatis
1847 463 2074 514 memor,
2104 463 2239 518 prm-

653 542 860 612 ciperet
907 537 1226 592 fraternitati
1259 539 1521 593 universa:
1562 554 1629 593 ne
1670 541 1789 609 quis
1818 555 1912 595 eos
1942 541 1992 594 in
2023 541 2238 596 domum

663 649 813 689 suam
856 635 1142 702 reciperet,
1173 643 1231 688 ut
1279 634 1643 700 venientibus,
1678 650 1783 689 non
1837 637 2010 690 solum
2063 653 2162 708 pax
2190 647 2244 693 et

659 726 988 789 connnunio,
1037 725 1130 780 sed
1175 734 1228 780 et
1259 735 1456 780 tectum
1489 736 1544 780 et
1591 727 1879 798 hospitium
1932 741 2238 798 negaretur.

655 819 772 874 Hoc
820 829 902 874 est
945 833 1189 873 scrvaSSe
1222 819 1480 873 unitatem
1521 820 1742 890 spiritus
1783 823 1834 876 in
1862 822 2244 892 conjunctione

655 913 824 981 pacis,
853 911 1169 968 abscindere
1210 927 1267 967 se
1295 928 1324 966 a
1370 913 1645 969 charitatis
1678 915 1900 982 unitate,
1933 926 1987 971 et
2015 917 2245 973 alienum

654 1023 714 1062 se
741 1023 836 1078 per
865 1007 1045 1062 omnia
1097 1008 1346 1062 fratribus
1397 1007 1594 1074 facere,
1625 1018 1680 1063 et
1723 1019 1911 1064 contra
1943 1025 2245 1067 sacramen-

659 1112 772 1155 tum
801 1112 855 1154 ct
886 1101 1043 1154 fidem
1077 1100 1411 1154 contumacis
1436 1101 1618 1155 l'urore
1649 1101 1934 1157 discordia:
1954 1104 2240 1160 rebellare.

659 1193 815 1263 Apud
851 1194 1008 1246 talem
1055 1203 1229 1262 potest
1258 1207 1380 1247 esse
1406 1209 1566 1246 unum
1607 1209 1806 1264 corpus
1831 1207 1884 1249 et
1912 1212 2046 1250 unus
2087 1199 2247 1268 spiri-

635 1296 763 1351 'tus,
796 1288 935 1357 apud
968 1303 1127 1357 quem
1155 1287 1383 1342 fortasse
1440 1288 1550 1357 ipsa
1573 1289 1752 1343 anima
1781 1305 1882 1343 una
1925 1307 2029 1344 non
2062 1301 2146 1345 est
2171 1292 2248 1346 sic

657 1382 862 1438 lubrica
892 1394 944 1436 ct
973 1382 1187 1436 mobilis
1211 1391 1264 1437 et
1294 1383 1498 1436 incerta
1527 1382 1549 1434 ?
1582 1382 1688 1437 Sed
1715 1393 1973 1454 quantum
2001 1384 2065 1438 ad
2099 1384 2247 1439 illum

657 1475 914 1548 pertinet,
957 1474 1342 1544 relinquamus.
1377 1474 1727 1529 Excutiamus
1759 1477 1934 1546 potius
1965 1476 2014 1530 id
2047 1475 2114 1531 de
2143 1493 2250 1545 quo

664 1569 894 1622 maxima
951 1569 1176 1638 quat-suo
1221 1577 1325 1622 est.
1379 1568 1477 1635 Qui
1511 1568 1845 1623 contendunt.
1887 1571 1952 1624 ab
1985 1569 2250 1624 hzcreticis

665 1662 967 1731 baptizatos
1011 1662 1088 1716 sic
1145 1662 1309 1734 recipi
1370 1673 1624 1731 oportere
1678 1672 1943 1732 tamquam
2027 1663 2248 1733 legitimi

656 1755 910 1826 baptismi
940 1757 1166 1827 gratiam
1190 1768 1532 1818 consecutos,
1564 1772 1729 1809 unum
1776 1756 1934 1810 nobis
1960 1765 2120 1826 atque
2144 1757 2248 1812 illis

663 1851 926 1921 baptisma
954 1850 1139 1904 dicunt
1165 1866 1284 1906 esse
1311 1860 1363 1905 et
1387 1851 1437 1905 in
1464 1849 1614 1904 nullo
1637 1849 1969 1917 discrepare.
1991 1847 2096 1903 Sed
2124 1848 2252 1919 quid

659 1944 734 2000 ait
781 1943 1050 2014 apostolus
1108 1943 1354 1999 Paulus?
1405 1942 1553 1997 Unus
1605 1941 1886 2006 Dominus,
1945 1958 2048 1995 una
2100 1941 2251 2010 ﬁdes,

2340 459 2501 520 atque
2530 449 2669 505 idem
2701 461 2784 504 est
2832 467 2952 505 cum
2996 462 3180 507 nostro
3225 451 3489 522 baptisma
3535 451 3934 517 haereticorum,

2341 543 2457 597 sine
2483 542 2644 597 dubio
2671 554 2725 597 et
2755 543 2885 598 fides
2916 559 3019 598 una
3053 551 3153 598 est.
3191 543 3247 598 Si
3280 552 3458 600 autem
3505 543 3638 601 fides
3686 559 3792 600 una
3829 553 3933 612 θεῖ,

2345 636 2527 704 utique
2557 645 2612 690 et
2658 635 2913 692 Dominus
2959 652 3097 692 unus
3143 646 3245 692 est.
3277 637 3334 691 Si
3367 637 3625 692 Dominus
3655 654 3794 693 unus
3831 649 3936 705 est,

2349 742 2688 798 consequens
2733 739 2816 784 est
2855 729 3037 785 dicere
3087 730 3209 798 quia
3238 746 3374 785 unus
3402 739 3503 784 est.
3529 729 3586 786 Si
3612 740 3794 787 autem
3822 730 3941 785 haec

2353 822 2550 890 unitas,
2585 839 2707 894 qua:
2747 826 2985 895 separari
3031 825 3251 880 omnino
3280 834 3335 880 et
3369 824 3534 879 dividi
3589 841 3692 880 non
3741 833 3941 896 potest,

2351 919 2510 973 etiam
2537 919 2680 990 apud
2711 919 2996 975 brereticos
3044 921 3156 990 ipsa
3186 930 3290 985 est,
3317 920 3446 991 quid
3478 920 3612 976 ultra
3661 919 3945 975 contendi.

2352 1027 2491 1076 IIIIIS,
2521 1022 2578 1066 ut
2600 1013 2724 1083 quid
2749 1000 2869 1066 illos
2892 1011 3176 1067 haereticos
3204 1024 3258 1066 et
3289 1028 3392 1066 non
3422 1011 3746 1068 christianos
3781 1025 3946 1067 voca-

2349 1119 2470 1157 mus
2497 1105 2519 1158 ?
2551 1104 2743 1170 Porro,
2776 1120 2895 1159 cum
2945 1104 3100 1159 nobis
3127 1114 3182 1159 et
3208 1104 3474 1160 Inereticis
3502 1121 3603 1160 nec
3633 1105 3773 1160 Deus
3799 1119 3943 1158 unus

2351 1201 2442 1266 sit,
2476 1215 2578 1254 nec
2629 1199 2887 1254 Dominus
2933 1216 3090 1265 unus,
3125 1215 3224 1255 nec
3255 1215 3356 1254 una
3384 1199 3650 1268 Ecclesia,
3685 1215 3783 1255 nec
3809 1197 3950 1254 fides

2358 1308 2483 1354 una,
2517 1292 2612 1347 sed
2646 1308 2744 1348 nec
2777 1309 2912 1348 unus
2960 1294 3230 1364 spriritus,
3262 1304 3352 1348 aut
3378 1309 3576 1365 corpus
3607 1310 3796 1362 unum,
3823 1311 3942 1350 ma-

2363 1386 2615 1442 nifestum
2664 1398 2746 1440 est
2791 1402 2889 1442 nec
2922 1388 3183 1458 baptisma
3213 1389 3367 1443 nobis
3414 1398 3469 1444 et
3497 1387 3764 1444 haereticis
3794 1404 3943 1445 com-

2355 1497 2514 1535 mune
2539 1495 2657 1535 esse
2688 1495 2868 1551 posse,
2899 1480 3091 1552 quibus
3121 1481 3254 1534 nihil
3282 1494 3364 1535 est
3385 1481 3608 1536 omnino
3625 1497 3938 1537 commune.

2354 1573 2422 1628 Et
2447 1581 2625 1628 tamen
2656 1589 2760 1628 non
2783 1571 2948 1645 pudet
2975 1571 3310 1642 Stephanum
3343 1574 3539 1628 talibus
3558 1573 3817 1629 adversus
3840 1573 3951 1629 Ec-

2353 1665 2572 1719 clesiam
2623 1664 2976 1734 patrocinium
3009 1675 3268 1735 praestare
3315 1674 3370 1720 et
3409 1675 3628 1737 propter
3658 1665 3954 1722 hazreticos

2357 1757 2683 1813 asserendos
2708 1757 3098 1811 fraternitatem
3129 1756 3398 1823 scindere,
3418 1759 3640 1829 insuper
3653 1768 3708 1812 et
3724 1757 3958 1830 Cypria-

2356 1866 2480 1905 num
2505 1849 2995 1922 pseudo-christum
3024 1860 3077 1905 et
3097 1850 3627 1921 pseudo-apostolum
3642 1851 3956 1907 etdolosum

2355 1946 2660 2015 operarium
2714 1944 2914 2000 dicere.
2943 1944 3044 2012 Qui
3096 1943 3277 1998 omnia
3334 1944 3387 2000 in
3420 1960 3482 2001 se
3530 1960 3654 2002 esse
3707 1945 3960 2004 conscius

1973 2056 2334 2114 VARIORUM
2371 2058 2603 2115 ΝΟΤᾹΣ.

661 2181 964 2238 Alexander
986 2181 1036 2234 in
1074 2179 1211 2234 Hist.
1235 2179 1412 2232 eecles.
1443 2176 1550 2232 Sed
1581 2175 1680 2230 hoc
1710 2176 1763 2230 in
1790 2174 1952 2229 Afros
1977 2183 2188 2246 gestum
2217 2190 2247 2228 a

657 2254 931 2322 Stephano
959 2252 1142 2312 fuisse,
1176 2263 1293 2319 post
1323 2248 1672 2322 Pearsonium
1697 2247 1997 2322 retulerunt
2030 2246 2244 2322 Pagius,

658 2317 1055 2388 'I‘ill'cmoutius,
1088 2317 1401 2391 Basnagius.
1429 2319 1597 2388 «Quid
1627 2334 1694 2373 ex
1721 2319 1936 2391 illorum
1959 2317 2246 2391 verborum

659 2397 800 2451 serie
851 2396 1077 2450 lucidius
1149 2388 1345 2462 (inquit
1385 2391 1706 2447 Pearsonius
1755 2390 1806 2444 in
1839 2389 2123 2443 Annalibus
2147 2388 2248 2462 Cy-

697 2468 921 2529 rt'anicis,
973 2467 1038 2520 ad
1088 2482 1215 2519 ann.
1247 2461 1352 2532 LVI)
1385 2479 1546 2534 quam
1581 2462 1787 2530 legatos
1813 2475 1907 2516 eos
1943 2461 2247 2534 episcopali

697 2488 921 2529 rtamcrs,
973 2488 1038 2520 au
1088 2488 1215 2519 :lllll.
1247 2488 1352 2532 LVI)
1385 2488 1546 2534 quill"
1582 2488 1787 2530 legatum
1813 2488 1907 2516 cu:
1953 2488 2247 2531 υμιδυυμίιιι

657 2488 865 2593 iionore
881 2539 1222 2608 conspicuos.
1244 2538 1432 2590 nonab
1452 2534 1836 2608 Orientalibus,
1863 2532 1955 2608 sed
1982 2533 2050 2586 ab
2069 2533 2248 2608 lis-[Illi

660 2614 715 2665 in
746 2609 961 2664 Meridie
1006 2603 1192 2670 erant,
1225 2609 1323 2662 hoc
1371 2618 1453 2662 est
1479 2605 1642 2670 Afris,
1677 2605 1869 2658 missos
1901 2604 2107 2658 fuisse?
2133 2603 2241 2657 Ne.-

659 2699 763 2750 que
792 2683 947 2736 aliter
980 2681 1094 2735 lure
1136 2679 1432 2735 Firmiliaui
1478 2675 1824 2750 verbaL(qua2
1852 2676 2011 2750 citata
2040 2689 2242 2750 praece—

658 2745 834 2824 (111111),
862 2753 1201 2821 intelligenda
1231 2767 1351 2806 eSsc
1378 2750 1571 2804 sentio.
1602 2745 1720 2800 Nisi
1742 2748 1878 2824 quod
1907 2748 2245 2824 nongratiam

655 2819 847 2894 referre
887 2819 1150 2895 Stephano
1177 2825 1229 2877 in
1258 2825 1354 2895 isto
1383 2837 1672 2895 possumus,
1700 2820 1950 2895 quodper
1976 2819 2118 2895 illius
2158 2819 2244 2895 itt-

657 2889 1024 2951 Ituntauitatein
1055 2911 1195 2950 nunc
1237 2889 1486 2949 elfectum
1529 2892 1618 2953 sit,
1655 2899 1711 2944 ut
1738 2891 1860 2944 fidei
1888 2901 1940 2943 et
1967 2889 2245 2956 sapientia:

660 2980 855 3021 vestrae
887 2968 1310 3036 experimentum
1338 2976 1654 3036 caperemus
1680 2960 1874 3032 (Suln‘a
1906 2979 1958 3036 p,
1978 2960 2132 3029 2‘22).
2157 2961 2246 3015 Illa

657 3042 801 3092 enim
850 3035 1208 3093 inhumanitas
1240 3037 1373 3092 nihil
1419 3035 1560 3089 aliud
1595 3045 1710 3087 erat
1739 3049 1898 3103 quam
1948 3035 2243 3102 legatorum

661 3112 903 3178 rejectio,
939 3125 1034 3178 per
1062 3125 1220 3180 quam
1267 3125 1357 3163 nec
1386 3105 1731 3180 confabulatio
1774 3106 1892 3180 jam
1928 3113 2238 3180 possetesse,

659 3174 746 3234 aut
797 3174 962 3236 sermo
996 3174 1297 3235 communis.
1335 3180 1410 3232 Illi
1441 3174 1596 3246 legati
1644 3177 1694 3228 in
1724 3176 1931 3246 synodo
1959 3174 2243 3245 Carthagi-

660 3254 830 3306 niensi
865 3252 1096 3307 secunda
1130 3253 1332 3307 missi.»
1369 3250 1513 3320 ἕνη.
1541 3249 1749 3320 ιὶουζτιι.

732 3324 842 3379 Nec
871 3325 939 3377 ad
968 3340 1243 3378 sermonem
1273 3317 1576 3375 admitteret.
1613 3318 1665 3372 Id
1697 3329 1808 3382 est,
1840 3332 1907 3388 ne
1939 3317 1990 3369 in
2020 3330 2247 3388 conspe-

654 3408 798 3450 ctum
828 3397 1038 3466 quidem
1069 3411 1221 3448 suum
1253 3394 1437 3466 venire
1465 3391 1820 3459 permitteret.
1852 3387 2054 3466 Eodem
2087 3387 2246 3466 modo

658 3458 1001 3522 humanitatis
1042 3477 1095 3519 et
1135 3458 1610 3521 urbanitatis’usus
1649 3469 1732 3514 est
1770 3476 1951 3514 comes
1981 3458 2246 3515 Flandrite

655 3556 777 3608 erga
803 3540 1004 3603 legatos
1023 3537 1313 3592 Clementis
1337 3550 1486 3604 papae
1510 3532 1630 3608 VII,
1650 3532 1741 3608 qui
1771 3541 1968 3584 tantum
1998 3530 2170 3608 abfuit
2189 3542 2242 3608 ut

658 3604 975 3673 anilirentnr,
1009 3610 1176 3679 inquit
1208 3608 1518 3675 Radulphus
1547 3605 1615 3679 tle
1650 3604 1781 3656 [tivo
1807 3644 1821 3667 ,
1845 3613 1913 3679 _ut
1943 3620 2004 3679 ne
2031 3604 2242 3679 minussi

660 3684 859 3753 quidem
892 3675 1109 3752 fuerint,
1142 3680 1230 3734 sed
1260 3681 1519 3753 rejecli_ac
1550 3676 1798 3753 facessere
1829 3675 1982 3742 jussi,
2006 3675 2104 3753 nisi
2148 3675 2243 3728 sibi

655 3746 853 3807 uincula
877 3746 1081 3806 iiuillent
1107 3746 1412 3820 exspectare.
1434 3746 1757 3820 Emendabo
1768 3757 1946 3820 autem
1965 3787 1980 3809 ,
2005 3746 2124 3820 data
2151 3761 2243 3820 oc:

658 3826 896 3888 casione,
923 3825 1095 3878 locum
1127 3816 1206 3878 ex'
1226 3821 1545 3891 panegyrico
1565 3833 1721 3891 quem
1741 3816 1992 3891 Nazarius
2012 3817 2147 3870 dixit
2175 3817 2241 3871 ad

656 3895 1070 3950 Constantinum
1113 3889 1236 3964 post
1268 3889 1934 3964 devictumilllaxentiuni,
1978 3905 2098 3964 cum
2131 3905 2245 3964 nio-

658 3969 826 4021 destia
855 3966 1083 4022 Cmsaris
1111 3958 1233 4035 erga
1268 3965 1415 4018 illtnn
1448 3963 1711 4035 laudatur.
1756 3959 1827 4013 Ibi
1869 3958 2121 4035 sic_inter_
2143 3960 2243 4013 alia

659 4040 854 4108 legitur
886 4042 935 4092 in
967 4030 1216 4091 omnibus
1246 4037 1475 4108 antiquis
1505 4032 1778 4086 codicibus
1805 4030 2243 4108 et_ed_itionibus:

673 4103 830 4164 Vocas
860 4110 926 4162 ad
955 4113 1260 4163 societatem.
1294 4103 1584 4175 Appetitum
1614 4114 1757 4158 tuum
1788 4103 2007 4172 refugit,
2040 4118 2246 4155 aversa-

658 4193 761 4248 tur,
796 4183 1057 4234 horrescit.
1093 4180 1204 4234 Vox
1237 4179 1549 4248 appetitum,
1585 4175 1704 4229 heic
1735 4175 1853 4228 loco
1886 4190 1991 4226 non
2024 4190 2121 4227 suo
2155 4189 2248 4242 po-

661 4255 797 4317 sita,
839 4253 1077 4307 exercuit
1119 4249 1433 4305 industriam
1474 4248 1813 4317 criticornni;
1844 4260 2068 4317 quorum
2111 4261 2248 4299 non-

662 4315 792 4378 nulli
814 4332 1137 4378 censuerunt
1187 4319 1551 4391 reponendum
1573 4332 1691 4391 esse
1713 4316 1951 4380 a/[ectum
1969 4356 1982 4377 ,
2002 4315 2247 4391 animui-

663 4414 796 4448 cum.
847 4396 1006 4449 Miror
1045 4406 1224 4448 autem
1249 4385 1446 4445 "veram
1492 4389 1805 4452 lectionem,
1846 4404 1965 4455 qua:
1995 4385 2162 4440 facilis
2193 4397 2248 4442 et

660 4468 814 4521 obvia
857 4476 968 4531 est,
1002 4466 1200 4520 nemini
1231 4479 1415 4518 eorum
1450 4463 1500 4514 in
1533 4470 1769 4514 mentem
1794 4451 2243 4531 veniSselltcpo-
2274 4451 2326 4510 D

662 4539 895 4593 nendum
928 4528 1009 4592 est
1039 4539 1217 4607 itaque
1247 4543 1535 4607 aspectum,
1573 4531 1726 4607 utsit
1753 4544 1973 4607 sensus:
2012 4528 2250 4584 Vocabas

660 4609 984 4665 Maxentium
1009 4608 1073 4662 ad
1098 4602 1404 4662 societatem
1437 4603 1664 4674 imperii.
1698 4605 1766 4656 At
1794 4602 1997 4674 illeLut
2021 4611 2140 4674 erat
2165 4615 2251 4655 na-

661 4693 780 4734 tura
810 4684 955 4733 l'erox
984 4692 1037 4734 et
1062 4681 1352 4752 superbus,
1387 4670 1579 4731 nedum
1607 4676 1656 4730 id
1685 4673 1824 4742 quod
1853 4670 2114 4752 atterebas
2141 4688 2252 4725 am-

663 4752 820 4823 plecti
851 4751 1048 4815 voluit,
1077 4743 1168 4804 sed
1193 4751 1349 4802 etiam
1370 4756 1822 4823 aspectumtuum
1847 4743 2068 4823 refugit,
2097 4757 2252 4797 aver—

663 4815 811 4877 satus
853 4832 968 4884 est,
1013 4823 1247 4884 horruit,
1290 4820 1383 4874 sed
1423 4815 1582 4873 etiam
1622 4817 1759 4871 ultro
1799 4815 2064 4868 lacessivit
2090 4829 2248 4885 quem

662 4896 867 4950 ambire
893 4894 1167 4957 debuerat,
1187 4902 1244 4946 ut
1273 4892 1464 4962 legitur
1491 4888 1646 4962 paulo
1675 4898 1810 4962 post.
1834 4886 2031 4962 Bawz.

738 4965 978 5020 Fortasse
1020 4968 1130 5035 ipsa
1164 4957 1356 5016 anima.
1390 4957 1677 5035 Recentior
1709 4959 2079 5035 Iiemjgianus,
2112 4957 2253 5026 apud

659 5056 804 5109 quem
831 5026 1048 5109 fortasse
1073 5054 1172 5088 una
1198 5035 1374 5109 animo
1393 5042 1464 5086 est
1489 5033 1560 5084 sic
1589 5031 1802 5109 lubrica
1835 5026 1906 5082 In.

735 5100 906 5165 Unum
925 5109 1192 5172 baptisma.
1221 5104 1414 5161 Nescio
1436 5119 1540 5174 quo
1561 5103 1718 5156 modo
1738 5101 2021 5174 factumest
2048 5110 2105 5154 ut
2129 5100 2248 5174 ista,

657 5198 776 5252 qua:
801 5189 1013 5236 exstant
1034 5181 1084 5234 in
1109 5177 1344 5252 Epistula
1367 5172 1512 5245 Pauli
1537 5178 1599 5252 ad
1627 5173 2118 5252 Ephesiosmmissa
2147 5172 2253 5227 sint

661 5245 780 5308 istic
810 5255 860 5306 in
889 5261 1011 5305 octo
1038 5249 1429 5318 exemplaribus
1460 5246 1712 5318 antiquis.
1738 5245 1812 5298 In.

733 5323 794 5379 Si
832 5322 1083 5377 Dominus
1123 5314 1251 5374 unus
1280 5330 1373 5375 est.
1408 5319 1518 5374 Hoc
1551 5314 1850 5372 membrum
1881 5314 2137 5368 oniissum
2169 5325 2253 5369 est

657 5398 712 5450 in
759 5395 992 5449 editione
1040 5392 1282 5462 Rigaltii,
1334 5392 1638 5446 restitutum
1688 5388 1740 5441 in
1782 5387 2093 5462 Anglicana.
2133 5383 2244 5462 Sed

656 5468 840 5520 nescio
867 5457 1291 5536 quonam'modo
1319 5464 1515 5536 factum
1548 5470 1628 5515 est
1657 5468 1710 5513 ut
1745 5457 1896 5536 Altgli
1927 5459 2128 5525 absque
2159 5459 2243 5512 ul-

659 5537 768 5588 lius
821 5529 940 5592 libri
982 5538 1174 5590 veteris
1201 5534 1758 5598 auctoritate,conlra
1799 5529 1957 5583 fidem
1999 5536 2240 5584 veterum

652 5609 1038 5673 exemplarium
1067 5617 1120 5661 et
1145 5604 1395 5661 editionis
1427 5603 1752 5663 Morellianzl‘
1781 5599 2090 5670 scripserint
2117 5616 2241 5673 conf

643 5671 853 5750 sequens
881 5691 954 5735 est
982 5695 1083 5750 qu_a
1113 5681 1282 5733 unitas
1311 5683 1422 5750 est;
1453 5678 1556 5738 nisi
1586 5675 1628 5729 si
1660 5672 1962 5750 maluerunt
1987 5671 2248 5750 amplecti

638 5742 1001 5820 coniecjnrani
1033 5746 1278 5818 Pamelii,
1315 5742 1408 5810 aui
1436 5755 1728 5819 monuerat
1776 5746 1831 5801 in
1859 5742 2102 5808 margine
2130 5758 2248 5820 sum

2350 2175 2601 2231 editionis
2623 2175 2904 2248 legendum
2926 2190 3048 2232 esse
3067 2176 3238 2231 unitas
3253 2218 3269 2240 ,
3294 2178 3378 2232 vel
3400 2177 3777 2234 auctoritatem
3799 2176 3958 2234 Gou-

2353 2249 2518 2312 lartii,
2535 2249 2626 2318 qui
2641 2265 2758 2304 eam
2777 2264 2962 2303 vocem
2984 2249 3164 2317 posuit
3195 2249 3246 2302 in
3265 2258 3540 2313 contextu,
3560 2249 3706 2304 nulla
3735 2249 3960 2304 Pamelii

2355 2321 2648 2374 mentione.
2664 2319 2987 2374 Reinhartus
3005 2319 3055 2372 in
3075 2335 3168 2373 sua
3187 2320 3422 2375 editione
3447 2321 3683 2389 reposuit
3708 2337 3859 2374 unus.
3875 2322 3959 2376 In.

2352 2421 2424 2431 —-
2449 2392 2635 2446 Exstat
2661 2393 2712 2444 in
2740 2391 2871 2444 Novi
2897 2390 3037 2445 Coll.
3069 2391 3257 2446 codice
3279 2392 3402 2462 quia
3421 2407 3556 2445 unus
3573 2402 3666 2453 est,
3682 2393 3826 2462 quod
3846 2393 3964 2446 edi-

2347 2463 2427 2517 dit
2456 2464 2723 2536 Baluzius.
2756 2463 3026 2536 Legerim,
3055 2463 3350 2536 quia_Deus
3397 2479 3530 2516 unus
3580 2474 3684 2519 est.
3722 2463 3774 2518 id
3811 2466 3956 2536 quod

2348 2535 2626 2604 sequentia
2667 2535 2830 2587 verba
2880 2534 3129 2606 suadent.
3167 2534 3302 2600 Quia
3353 2549 3449 2604 pro
3477 2537 3615 2603 quod
3652 2536 3795 2606 apud
3829 2534 3960 2594 hos

2349 2607 2641 2674 scriptores
2669 2607 2791 2676 poni
2821 2605 2978 2662 solet.
3024 2605 3230 2661 Roma.

2420 2696 2914 2752 Pseudo-cltristmn.
2940 2695 3205 2751 Imitatum
3225 2706 3307 2752 cst
3330 2697 3471 2752 istud
3493 2715 3560 2754 ex
3582 2701 3761 2767 capite
3775 2699 3958 2756 unde—

2346 2770 2487 2842 cimo
2543 2769 2798 2842 [Epistulae
2852 2785 2887 2823 ιι
2935 2768 3095 2842 Pauli
3143 2769 3209 2824 ad
3245 2768 3578 2825 Corinthios.
3624 2770 3763 2825 Hinc
3790 2782 3956 2842 pater.

2348 2841 2522 2910 inquit
2543 2840 2835 2903 Pamelius.
2865 2841 3229 2895 vehementiam
3252 2841 3482 2907 epistola:
3520 2840 3959 2914 Stephani—paper

2347 2914 2399 2965 in
2428 2929 2583 2967 causa
2619 2914 2775 2983 fuisse
2825 2928 2916 2965 cur
2959 2915 3422 2983 tamﬁvehementer
3449 2915 3600 2967 etiam
3628 2926 3810 2970 contra
3839 2933 3958 2970 eum

2348 2982 2626 3038 scriberent
2652 2982 2940 3055 Cyprianus
2977 2995 3022 3038 et
3055 2982 3413 3038 Firmilianus.
3449 2985 3618 3041 Recte
3648 3002 3800 3042 sane.
3831 2987 3955 3042 Non

2272 3067 2316 3129 ρ
2350 3056 2495 3111 enim
2541 3055 2683 3129 aliud
2738 3070 2915 3108 causa:
2960 3055 3190 3118 exstitit.
3221 3073 3317 3111 cur
3347 3055 3722 3126 Firmilianus,
3753 3059 3841 3128 qui
3899 3061 3957 3114 in

2352 3139 2462 3183 tela
2492 3127 2719 3198 epistola
2744 3141 3010 3181 summmn
3058 3143 3297 3182 amorem
3328 3130 3548 3183 unitatis
3578 3127 3841 3195 declarat,
3873 3133 3959 3185 sic

2353 3210 2529 3254 tamen
2560 3200 2610 3252 in
2639 3198 2972 3270 Stephanum
3004 3199 3303 3258 invehatur.
3335 3210 3392 3251 ut
3414 3215 3537 3255 eum
3570 3201 3961 3270 diSputationis

2350 3280 2486 3342 aestu
2514 3271 2794 3342 abreptum
2825 3268 2991 3342 fuisse
3030 3279 3227 3340 pateat.
3275 3270 3418 3326 Nihil
3473 3268 3730 3328 lenius'ac
3762 3274 3955 3342 placa-

2352 3341 2512 3396 bilius
2558 3339 2851 3413 Cypriauo.
2899 3339 3122 3412 ejusque
3169 3343 3336 3397 animi
3373 3344 3666 3398 moderatio
3716 3339 3836 3400 cum
3890 3345 3951 3400 in

2349 3415 2600 3468 omnibus
2629 3413 2749 3466 aliis
2770 3417 2951 3475 rebus,
2983 3422 3092 3467 tum
3127 3416 3357 3469 maxime
3387 3417 3436 3470 in
3464 3415 3558 3469 hac
3577 3415 3644 3470 de
3681 3415 3956 3483 baptismo

2351 3486 2718 3539 controversia
2774 3486 2996 3546 enituit;
3047 3485 3140 3538 sed
3189 3494 3369 3540 tamen
3425 3503 3544 3542 eum
3592 3487 3861 3542 interdum
3919 3507 3952 3542 a

2350 3572 2560 3612 summa
2586 3556 2671 3609 ilia
2704 3557 2920 3612 lenitate
2951 3557 3016 3610 ad
3054 3557 3514 3612 vehementiorem
3543 3574 3717 3614 causa:
3754 3559 3956 3614 defen-

2347 3629 2556 3683 sionem
2601 3627 2888 3700 transiisse
2935 3627 3250 3700 perSpicitur
3293 3645 3356 3684 ex
3403 3631 3630 3700 cpistola
3679 3631 3744 3685 ad
3784 3631 3958 3687 Pom-

2351 3700 2548 3768 peium.
2598 3698 2820 3753 Videtur
2875 3711 3056 3771 autem
3110 3698 3526 3771 (Iypriauuni'et
3568 3703 3952 3760 Firmilianum

2350 3771 2485 3846 illud
2529 3772 2579 3824 in
2610 3771 2800 3846 primis
2842 3769 3330 3846 ofi‘endisse,'_quod
3388 3773 3698 3836 Stephanus
3740 3784 3963 3846 putaret

2351 3841 2698 3897 abstinendus
2729 3843 3143 3905 rebaptizantes.
3169 3843 3392 3914 Propter
3416 3846 3532 3900 hinc
3552 3859 3730 3901 autem
3743 3841 3956 3910 'verba,

2352 3929 2471 3983 quae
2501 3922 2653 3985 putat
2685 3928 2789 3967 non
2822 3928 2951 3985 esse
2984 3914 3266 3982 Stephani,
3294 3916 3543 3972 dubitare
3566 3934 3624 3973 se
3650 3921 3726 3972 ait
3767 3918 3964 3973 Chris—

2355 3984 2532 4040 tianus
2564 3987 2744 4054 Lupus
2799 3986 2850 4038 in
2883 3984 3102 4039 scholiis
3134 3987 3246 4040 suis
3287 3987 3352 4042 ad
3382 3988 3580 4044 librum
3627 3989 3958 4045 Tertulliani

2351 4058 2416 4130 de
2444 4056 2927 4130 Prwscriptionibns
2959 4059 3199 4130 adversus
3257 4061 3540 4123 Invreticos,
3599 4077 3666 4115 an
3719 4063 3961 4130 cpistola

2352 4127 2647 4182 Firmiliani
2674 4129 2745 4182 sit
2789 4144 2938 4183 vera.
2972 4128 3173 4183 Tamen
3205 4145 3362 4185 nemo
3395 4131 3658 4187 hactenus
3684 4127 3809 4187 ante
3840 4134 3961 4188 ιιι-

2350 4215 2478 4270 pum
2507 4201 2558 4254 id
2581 4200 2682 4272 sibi
2711 4201 2961 4268 sumpsit,
2989 4209 3070 4272 uti
3096 4201 3277 4256 dicere
3302 4201 3531 4258 auderet
3549 4219 3667 4257 eam
3697 4219 3820 4259 esse
3851 4206 3993 4272 fal—_

2349 4286 2464 4325 sam
2502 4282 2594 4325 aut
2616 4271 2683 4326 de
2725 4272 2844 4339 ejus
2871 4271 3188 4325 auctoritate
3215 4272 3504 4329 dubitaret.
3539 4274 3606 4329 Et
3641 4285 3788 4330 certe
3850 4278 3960 4330 ista

2351 4342 2576 4397 facilitas
2629 4342 2914 4402 accusandi
2967 4342 3211 4398 falsitatis
3251 4345 3451 4412 scripta
3494 4358 3737 4401 veterum
3788 4349 3964 4404 valde

2354 4415 2639 4469 temeraria
2667 4425 2751 4470 est
2781 4424 2835 4469 et
2862 4414 3151 4485 periculos.
3177 4415 3307 4470 Nam
3351 4417 3396 4470 si
3419 4418 3614 4486 cuique
3642 4419 3802 4473 liceat
3831 4421 3965 4473 ina-

2356 4501 2456 4540 nes
2479 4487 2742 4554 ejusmodi
2793 4488 3133 4555 conjecturas
3169 4489 3357 4556 sequi;
3407 4489 3608 4542 nullum
3651 4491 3758 4544 erit
3806 4493 3963 4546 anti—

2354 4558 2575 4632 quitatis
2625 4569 3053 4632 monumentum,
3111 4559 3259 4632 quod
3324 4559 3556 4632 iniquas
3608 4563 3963 4632 suspiciones

2354 4628 2591 4700 effugiat.
2649 4629 2850 4684 Bawz.
2909 4659 2977 4668 —-
3028 4629 3105 4684 lta
3170 4628 3441 4686 Baluzius‘.
3521 4631 3670 4687 Haud
3705 4628 3962 4688 ‘interea

2355 4700 2483 4754 mihi
2534 4703 2679 4755 visus
2731 4711 2814 4755 est
2872 4701 3108 4756 voluisse
3150 4700 3250 4756 hoc
3313 4704 3549 4758 scribere
3608 4701 3964 4760 Christianus

2353 4769 2536 4844 Lupus
2576 4814 2590 4836 ,
2663 4771 2957 4828 Firmiliani
2990 4777 3246 4844 epistola
3278 4789 3344 4827 an
3399 4790 3650 4844 germana
3707 4776 3822 4838 sit,
3898 4794 3964 4833 se

2353 4841 2636 4920 dubitare;
2672 4845 2764 4920 ‘de
2801 4841 3282 4920 appellationibus
3329 4841 3506 4920 auiem
3540 4847 3817 4920 probrosis
3844 4847 3966 4920 Cy-

2355 4914 2542 4981 priano
2582 4931 2612 4969 a
2667 4915 2939 4985 Stephano
2992 4916 3303 4980 attributis,
3355 4932 3421 4970 an
3479 4917 3562 4972 hac
3615 4919 3682 4972 ab
3733 4933 3805 4972 eo
3861 4914 3965 4974 rc—

2357 5000 2484 5040 vera
2552 4987 2772 5055 prolata:
2831 4988 3070 5052 fuerint,
3116 5002 3175 5042 se
3227 4987 3497 5043 hmsitare.
3553 4989 3676 5044 Vid.
3728 4987 3966 5046 Scholia

2357 5055 2473 5130 ejus
2498 5057 2564 5130 ad
2587 5057 2921 5119 Tertulliani,
2941 5074 2990 5113 c.
3022 5060 3073 5123 4,
3106 5074 3158 5128 p.
3190 5058 3312 5114 12L
3340 5061 3408 5113 At
3433 5061 3802 5126 cOgitandum,
3827 5066 3963 5130 qui-

2355 5129 2720 5203 busdicteriis
2773 5131 2964 5203 ipsum,
2995 5141 3050 5203 ut
3079 5130 3307 5197 videtur,
3351 5130 3674 5203 Cyprianum
3720 5129 3968 5190 lacessi-

2354 5201 2491 5254 verit
2543 5210 2692 5256 vetus
2738 5201 2952 5268 quidam
3007 5201 3498 5270 Stephanianre'de
3563 5203 3963 5260 haereticorum

2354 5271 2622 5340 baptismo
2648 5273 2943 5344 sementim
2970 5283 3160 5344 stator,
3203 5275 3292 5343 qui
3323 5285 3406 5328 est
3431 5285 3618 5330 auctor
3644 5276 3704 5328 de
3727 5273 3965 5344 Βρύαν-

2351 5345 2571 5418 tismate,
2602 5343 2667 5418 ad
2691 5343 2783 5418 fin.
2807 5359 2895 5413 op.
2926 5343 2983 5399 S.
3011 5343 3283 5414 Cypriani.
3314 5345 3572 5418 Conferas
3592 5362 3710 5418 quae
3734 5347 3809 5402 de
3828 5347 3965 5404 Fir-

2347 5413 2551 5468 miliani
2583 5415 2807 5485 epistola
2839 5430 2998 5485 supra
3024 5413 3371 5471 annotantur.
3398 5413 3613 5474 Rouru.

2419 5507 2520 5575 Qui
2547 5509 2754 5581 omnia.
2773 5509 2902 5576 Qua:
2930 5511 3102 5564 omnia
3121 5511 3403 5581 legendum
3425 5511 3555 5566 olim
3583 5511 3726 5575 duxi,
3759 5515 3960 5581 prius-

2344 5593 2513 5654 quam
2535 5582 2612 5634 sic
2661 5596 2718 5634 se
2745 5580 2944 5654 habere
2985 5580 3254 5654 novissem
3288 5583 3580 5639 editionem
3612 5580 3953 5654 principem,

2343 5649 2643 5726 siquidemp
2655 5661 2840 5726 postea
2887 5653 3158 5726 Pamelius
3206 5655 3294 5723 qui
3333 5671 3426 5725 pro
3456 5671 3572 5726 quae
3599 5649 3664 5711 ex
3696 5649 3803 5710 ms:
3833 5672 3956 5714 suo

2344 5721 2529 5789 edidit,
2579 5720 2720 5792 aliis,
2777 5724 2970 5790 fateor,
3003 5723 3155 5780 libris
3204 5720 3420 5797 scriptis
3447 5720 3952 5787 consentientibus.
