4216 6262
341 301 361 354 ίΙ
384 300 480 354 177

841 298 1352 357 PROLEGOMENA
1398 301 1485 357 DE
1526 300 1851 358 AUCTORF.
1892 301 2228 362 ANONYMO
2266 307 2445 364 LIBRI
2485 309 2575 366 DE
2614 309 3163 369 REBAPTISMATE.

3499 313 3638 370 H78

338 414 623 484 praevenit,
657 421 715 468 ut
749 414 900 468 alteri
927 430 988 469 ea
1019 431 1112 483 per
1141 416 1477 471 mendacium
1509 417 1770 486 obiiceret
1801 433 1920 488 quae
1953 426 2001 484 Α
2029 433 2080 477 ct
2107 425 2312 479 cunctis
2340 425 2548 481 clericis
2577 437 2630 482 et
2659 429 2806 482 omni
2843 428 3179 486 fraternitate
3208 430 3448 486 universi
3487 441 3640 502 opta-

335 508 452 576 ipse
483 522 549 561 ex
580 506 770 561 merito
800 505 984 562 audire
1012 507 1251 563 deberet.
1289 510 1431 566 Bene
1461 520 1511 565 te
1544 510 1722 564 valere
1748 512 1924 566 omni-

335 599 437 656 bus
465 599 618 655 nobis
648 613 771 654 cum
797 601 1059 656 universis
1085 603 1175 671 qui
1207 603 1258 657 in
1291 601 1469 658 Africa
1501 613 1628 658 sunt
1654 603 1922 675 episcopis

2035 531 2174 583 mus,
2224 527 2280 571 ut
2309 528 2569 588 perpetuo
2612 520 2892 576 unanimes
2936 531 2992 576 et
3014 537 3178 577 unum
3209 524 3507 579 sentientes
3535 523 3635 579 ha-

2026 607 2248 664 beamus
2271 611 2549 666 nobiscum
2581 613 2740 668 etiam
2763 612 2830 669 de
2850 614 3144 686 longinquo
3174 616 3461 674 adunatos.

1657 721 2015 779 VARIORUM
2055 724 2285 780 ΝΟΤᾸΕ.

332 815 437 870 Sed
454 816 682 869 fortasse
699 814 887 869 Grzece
905 815 1196 885 scripserat
1216 815 1560 870 Firmilianus
1584 816 1616 871 ἃ
1637 816 1696 876 δὴ
1723 820 1913 882 πάντα,

330 888 415 942 vel
444 886 565 943 τάδε
589 885 642 941 δὲ
662 888 853 942 πάντα.
881 886 958 941 ID.

405 958 535 1026 Qua:
562 959 690 1026 ipse.
740 958 794 1011 In
847 959 1147 1012 recentiore
1187 959 1374 1013 codice
1423 958 1739 1028 Remigiano
1783 961 1916 1014 etin

331 1031 635 1102 AngliCano
671 1029 892 1102 Pamelii
939 1030 1152 1102 legitur,
1203 1046 1314 1097 qua:
1367 1032 1411 1102 ei
1465 1032 1718 1084 immerito
1769 1032 1925 1102 objici

332 1103 588 1155 deberent.
619 1101 708 1157 Sic
737 1101 898 1154 etiam
946 1101 1001 1155 in
1029 1110 1258 1172 quatuor
1300 1101 1536 1170 antiquis
1581 1105 1634 1156 in
1685 1101 1921 1158 editiOne

331 1174 621 1240 Anglicana
643 1172 892 1227 laudatis.

408 1245 656 1297 Omnibus
704 1243 869 1298 nobis.
920 1243 1045 1299 Haec
1089 1243 1217 1298 mihi
1251 1243 1501 1299 videntur
1547 1260 1668 1301 esse
1713 1246 1915 1300 luxata.

330 1317 468 1384 Quid
498 1316 541 1369 si
580 1315 786 1385 legatur
809 1316 1104 1369 charissime
1144 1317 1322 1383 frater,
1350 1331 1536 1371 errore
1557 1317 1828 1386 irrepente
1853 1332 1923 1372 ex

329 1387 629 1458 ignorantia
679 1396 947 1452 notarum,
978 1397 1034 1441 ut
1060 1387 1221 1442 etiam
1249 1389 1523 1443 annotavit
1566 1388 1923 1460 Hieronymus

729 1511 956 1524 ——_—..._

356 1547 1259 1556 mm

1207 1700 2734 1854 PROLEGOMENA

2025 820 2354 896 ittﬂepistola
2404 823 2471 875 ad
2498 823 2702 876 Avitum
2729 823 2796 879 de
2818 825 3096 880 erroribus
3123 825 3373 896 Origenis
3399 869 3410 890 ,
3443 828 3530 884 ubi
3561 829 3637 885 ait

2024 890 2243 968 difﬁcile
2265 908 2414 968 _esse
2472 905 2717 968 notarum
2789 911 2947 964 posse
3014 890 3247 952 servare'
3290 899 3631 968 compendia.

2026 962 2210 1040 Simon
2255 962 2898 1040 GnnlartiusAmonuitkin
2948 968 3135 1023 codice
3162 962 3429 1040 episcopi:
3462 972 3633 1025 Acco-

2029 1035 2212 1088 nensis
2260 1039 2516 1102 scriptum
2566 1035 2927 1092 fuissezBene
2958 1049 3007 1093 te
3052 1035 3218 1094 valere
3245 1035 3366 1094 cuni
3387 1043 3633 1098 universis

2026 1107 2112 1179 qui
2139 1106 2190 1158 in
2219 1106 2395 1179 Africa
2416 1118 2533 1160 sunt
2567 1109 2819 1179 episcopis
2852 1121 2897 1164 et
2927 1114 3120 1165 cunctis
3160 1113 3358 1166 clericis
3399 1123 3446 1166 et
3493 1115 3632 1167 omni

2028 1176 2349 1251 fraternitate
2369 1176 2630 1251 optamus.
2664 1176 2834 1248 Quam
2863 1184 3170 1247 lectionem,
3207 1194 3264 1237 ut
3321 1183 3628 1251 meliorem,

2028 1249 2200 1330 posuit
2231 1248 3043 1330 Reinltartus._l§__tnihilominus
3089 1269 3188 1321 ego
3239 1256 3468 1323 prmfero
3494 1248 3631 1309 con?-

2024 1322 2288 1396 jectnram
2340 1337 2545 1396 meum.
2584 1322 2725 1376 Nihil
2771 1333 2961 1379 ‘tamen
3008 1341 3172 1379 auSns
3225 1322 3344 1380 Sum
3393 1337 3627 1396 mutare,

2027 1390 2316 1445 destitutus
2345 1394 2663 1448 auctoritate
2687 1405 2925 1450 veterum
2955 1398 3371 1467 exemplarium.

541 1994 683 2068 DE
743 1993 1264 2069 AUCTORE
1327 1945 1880 2070 ΛΝΟΝΥΜΟ
1936 1995 2232 2071 LIBRI
2283 1996 2426 2068 DE
2485 1997 3395 2075 REBAPTISMATE.

1471 2212 2425 2263 --—-—<>-3990000€E+¢—-—-

937 2416 1229 2458 ARTICULUS
1265 2417 1305 2458 1.

491 2539 622 2607 Quis
647 2546 826 2593 auctor
845 2541 1042 2610 operis,
1077 2549 1242 2609 etquo
1266 2541 1454 2594 siccato
1483 2539 1756 2610 ﬂoruerit?

389 2676 550 2732 Liber
570 2679 633 2733 de
663 2677 1054 2745 Rcbaptismate,
1083 2681 1257 2752 inquit
1283 2680 1360 2734 vir
1380 2680 1570 2734 doctus
1594 2678 1693 2753 (l),
1723 2695 1752 2734 a
1776 2695 1911 2738 non-

311 2769 470 2826 nullis
518 2771 769 2826 tribuitnr
798 2773 991 2830 Ursino
1041 2774 1346 2840 monacho,
1394 2789 1553 2843 quem
1598 2773 1909 2831 Gennadius

320 2865 581 2921 adversus
608 2882 723 2935 eos,
755 2871 844 2938 qui
874 2868 1280 2938 rebaptizabant
1309 2869 1510 2923 sreculo
1530 2884 1603 2929 iv.
1625 2868 1910 2938 scripsisse

311 2967 542 3015 testatur
572 2959 673 3033 (2).
710 2961 841 3030 Quae
859 2959 1038 3017 Ursini
1067 2963 1316 3017 monachi
1366 2961 1504 3016 libro
1533 2962 1795 3016 contineri
1834 2961 1911 3016 ait

314 3055 646 3120 Gennadius,
676 3070 738 3110 ea
770 3057 822 3110 in
851 3057 950 3111 hac
976 3056 1042 3111 de
1065 3057 1466 3127 Rebaptismate
1494 3057 1908 3126 pertractatione

311 3165 419 3204 non
447 3147 669 3206 difﬁcile
689 3160 772 3206 est
791 3150 1247 3207 animadvertere.
1279 3151 1419 3206 Nihil
1451 3153 1592 3206 enim
1623 3152 1765 3208 aliud
1796 3153 1906 3224 agit

308 3253 515 3305 auctor,
544 3243 866 3313 quicumque
898 3243 1112 3299 tandem
1143 3245 1232 3299 ille
1259 3245 1351 3310 sit,
1386 3245 1485 3300 nisi
1517 3256 1572 3298 ut
1599 3261 1695 3300 eos
1729 3245 1820 3314 qui
1851 3247 1902 3300 in

309 3336 506 3393 hzrresi
557 3336 812 3407 baptizati
865 3349 992 3393 sunt
1037 3355 1142 3394 non
1193 3338 1640 3410 rebaptizamlos,
1691 3339 1784 3394 sed
1835 3339 1903 3395 ad

305 3431 576 3487 saniorem
626 3431 786 3486 ﬁdem
828 3435 1104 3489 conversis
1151 3449 1341 3489 manus
1390 3434 1741 3503 imponendas
1783 3449 1904 3491 esse

305 3525 504 3580 vincat.
536 3523 642 3580 Sed
682 3524 910 3582 Ursinus
956 3525 1122 3581 libelli
1152 3525 1312 3595 hujus
1350 3537 1538 3582 auctor
1587 3527 1753 3584 videri
1795 3544 1900 3585 non

305 3626 518 3687 potest,
567 3618 670 3673 nisi
713 3619 1000 3690 episcopus
1035 3618 1202 3674 fuisse
1238 3620 1399 3674 tertio
1441 3621 1641 3675 saeculo
1669 3621 1900 3679 dicatur.

305 3707 636 3779 Episcopum
678 3725 736 3765 se
766 3725 886 3765 esse
931 3717 1114 3764 noster
1157 3709 1245 3763 ille
1287 3708 1534 3780 Scriptor
1574 3710 1776 3766 diserte
1805 3712 1900 3766 de—

1942 2398 1990 2457 B
2019 2397 2169 2451 sima:
2203 2397 2388 2452 matris
2418 2397 2671 2452 Ecclesia:
2705 2398 2970 2455 adversus
3001 2400 3174 2470 prisca
3204 2400 3454 2457 consulta
3496 2410 3619 2473 post

2019 2498 2097 2544 tot
2126 2491 2448 2546 smculorum
2481 2500 2680 2546 tantam
2724 2493 2920 2548 seriem
2959 2509 3101 2548 nunc
3137 2495 3366 2563 primum
3394 2508 3619 2566 repente

2015 2597 2076 2636 ac
2101 2586 2218 2638 sine
2244 2584 2458 2639 ratione
2485 2584 2785 2655 insurgere.
2820 2605 2840 2636 ›
2874 2585 3067 2657 Colligi
3097 2603 3164 2642 ex
3194 2587 3278 2642 his
3303 2588 3481 2645 verbis
3509 2606 3617 2646 non

2012 2675 2172 2731 debet
2198 2685 2474 2731 auctorem
2503 2677 2705 2732 saeculo
2745 2687 2940 2748 quarto
2976 2681 3202 2744 vixisse,
3243 2681 3338 2736 sed
3381 2690 3616 2738 tantum-

2015 2768 2178 2823 modo
2208 2785 2329 2824 eum
2355 2770 2407 2823 in
2430 2769 2807 2840 exaggerando
2837 2786 2944 2826 non
2970 2772 3126 2826 valde
3155 2771 3398 2828 timidum
3426 2773 3612 2832 fuisse.

2011 2862 2142 2918 Nam
2168 2872 2525 2934 praeterquam
2556 2865 2695 2933 quod
2721 2881 2786 2920 ne
2813 2875 3007 2937 quarto
3033 2867 3248 2939 quidem
3273 2869 3474 2924 saeculo
3495 2871 3613 2927 sine

2011 2957 2240 3013 absurda
2279 2958 2696 3028 exaggeratione
2741 2960 2978 3031 objicere
3004 2961 3174 3030 potuit
3204 2971 3273 3016 tot
3305 2962 3610 3017 saeculorum

2009 3059 2204 3104 tantum
2245 3052 2445 3116 seriem,
2489 3062 2638 3107 certe
2683 3053 2959 3124 conceptis
3005 3054 3184 3108 verbis
3212 3054 3452 3110 declarat
3484 3065 3611 3113 tunc

2011 3144 2241 3214 primum
2292 3146 2723 3199 controversiam
2779 3145 2847 3201 de
2900 3145 3174 3216 Baptismo
3232 3148 3608 3206 bzrrcticorum

2007 3237 2306 3301 exarsisse;
2331 3237 2473 3307 quod
2501 3235 2700 3292 sacculo
2733 3238 2891 3292 tertio
2920 3241 3135 3309 proprie
3161 3241 3428 3311 congruit.
3465 3241 3606 3311 Quin

2006 3331 2166 3386 etiam
2211 3331 2538 3402 Cyprianum
2583 3333 2788 3403 ipsum,
2841 3334 3004 3388 tacito
3055 3336 3301 3400 nomine,
3346 3345 3402 3389 ut
3429 3335 3606 3391 adhuc

2007 3425 2276 3480 viventem
2306 3434 2360 3479 et
2387 3425 2630 3482 diversas
2661 3438 2842 3498 partes
2870 3427 3192 3483 auctoritate
3230 3443 3322 3481 sua
3364 3437 3603 3484 tuentem

2002 3527 2296 3590 oppugnat.
2345 3517 2545 3573 Statuit
2594 3519 2736 3574 enim
2771 3517 2850 3591 (6)
2899 3520 3166 3592 ejusmodi
3213 3540 3232 3572 ‹
3269 3518 3602 3578 Controver-

2002 3613 2201 3668 siarum
2228 3613 2434 3669 nullum
2460 3629 2580 3669 esse
2609 3613 2860 3683 fructum,
2893 3615 2992 3672 nisi
3021 3625 3078 3671 ut
3105 3630 3243 3671 unus
3270 3616 3456 3684 homo,
3485 3619 3602 3689 qni-

2002 3721 2232 3777 cumque
2259 3705 2349 3760 ille
2371 3715 2474 3771 est,
2499 3722 2706 3777 magna:
2730 3707 3033 3778 prudentia:
3059 3717 3113 3762 et
3134 3710 3453 3765 constantiae
3480 3725 3600 3767 esse

301 3801 495 3856 clarat.
531 3819 548 3852 ι
579 3800 852 3872 Siquidem
901 3818 994 3872 per
1025 3818 1126 3856 nos
1164 3801 1423 3872 baptisma
1466 3801 1722 3868 tradetur,
1767 3824 1783 3856 ι
1817 3803 1899 3859 ἰη-
1925 3795 1969 3858 C
2003 3797 2141 3867 apud
2172 3798 2435 3869 quosdam
2468 3800 2613 3853 leves
2661 3799 2908 3856 homines
2960 3801 3105 3854 inani
3135 3801 3302 3872 gloria
3337 3802 3599 3873 praedice-

298 3893 416 3964 quit
441 3895 521 3967 (5)
559 3914 578 3948 ›
621 3895 827 3966 integre
864 3906 918 3950 et
947 3896 1282 3961 solemniter,
1323 3906 1378 3952 et
1425 3913 1520 3966 per
1559 3897 1734 3951 omnia
1775 3914 1894 3968 qua:

299 3987 497 4057 scripta
546 3999 673 4044 sunt
720 3988 1051 4060 adsignetur,
1101 4000 1262 4060 atque
1307 3991 1426 4046 sine
1459 3990 1563 4043 ulla
1605 3991 1766 4044 ullius
1813 3992 1893 4046 rei

300 4082 643 4153 separatione
676 4082 948 4148 tradatur;
982 4093 1070 4136 aut
1101 4084 1143 4138 si
1177 4100 1204 4137 a
1237 4084 1445 4138 minore
1490 4084 1639 4138 clero
1678 4099 1773 4154 per
1801 4099 1894 4140 ne-

298 4174 610 4230 cessitatem
643 4175 897 4228 traditum
933 4175 1376 4241 fuerit,cventum
1407 4186 1801 4245 exspectemus,
1837 4186 1892 4230 ut

304 4279 397 4322 aut
437 4269 748 4339 suppleatur
775 4288 804 4324 a
843 4270 1031 4335 nobis,
1062 4281 1152 4325 aut
1187 4287 1217 4325 a
1257 4271 1483 4325 Domino
1532 4271 1888 4340 supplendum

299 4374 626 4418 reservetur.
664 4383 681 4416 ι
715 4362 1016 4418 Occurrunt
1063 4364 1115 4418 in
1161 4363 1351 4420 eodem
1397 4363 1670 4434 Scriptore
1707 4367 1890 4421 sazculi

295 4456 437 4510 tertii
469 4457 761 4526 perSpicua:
795 4467 952 4512 notae.
996 4458 1086 4513 Sic
1115 4459 1258 4514 enim
1300 4458 1366 4514 de
1398 4468 1508 4514 tota
1541 4459 1628 4513 illa
1667 4470 1889 4514 contro-

300 4551 473 4605 versia
498 4552 752 4621 loquitur,
779 4562 835 4605 ut
856 4567 974 4607 eam
1002 4568 1190 4607 recens
1210 4563 1450 4607 exortam
1474 4568 1616 4617 esse,
1641 4563 1695 4609 et
1713 4553 1888 4610 adhuc

294 4644 475 4713 vigere
505 4645 725 4699 indicet.
749 4645 840 4700 Ait
866 4646 1009 4699 enim
1043 4645 1144 4717 (il,
1177 4645 1397 4701 Monstri
1427 4645 1594 4700 simile
1623 4663 1731 4701 esse
1774 4648 1885 4716 epi-

292 4753 472 4808 scopos
513 4739 636 4792 talia
682 4739 925 4793 scrmdala
965 4742 1234 4810 cogitare:
1267 4742 1600 4812 propositum
1632 4743 1732 4798 sibi
1765 4759 1888 4800 esse

297 4831 600 4886 turbulentis
629 4833 914 4887 hominibus
939 4844 995 4888 ut
1023 4834 1098 4888 vel
1127 4851 1262 4888 nunc
1291 4852 1438 4888 suum
1461 4837 1716 4907 negotium
1740 4854 1888 4909 agere

291 4921 542 4992 incipiant
581 4929 907 4994 persuadere.
943 4928 996 4982 in
1032 4929 1150 4999 ipso
1189 4928 1308 4984 loco
1336 4928 1460 4994 illo,
1491 4930 1578 5000 qui
1607 4946 1637 4984 a
1670 4931 1887 4986 Baluzio

290 5014 560 5085 obiicitur,
596 5019 721 5074 utile
759 5037 878 5075 esse
911 5020 1102 5075 statuit
1136 5018 1216 5093 (5)
1250 5041 1262 5076 :
1301 5040 1318 5072 ‹
1361 5031 1438 5076 tot
1475 5039 1737 5077 annormn
1783 5033 1886 5077 tot-

289 5124 393 5179 que
425 5109 812 5180 Ecclesiarum,
845 5114 1078 5184 itemque
1101 5114 1486 5184 Apostolorum
1514 5125 1567 5170 et
1597 5118 1880 5186 episc0po-

1997 3899 2104 3955 tur,
2148 3901 2202 3944 et
2246 3890 2622 3946 haereticorum
2667 3902 2887 3963 stupore
2939 3893 3217 3962 praeditus,
3257 3896 3453 3966 quibus
3495 3897 3597 3953 hoc

1997 3997 2160 4035 unum
2190 3982 2437 4036 solatium
2483 3992 2585 4050 est,
2626 3983 2670 4036 si
2713 3999 2817 4038 non
2859 3983 2961 4038 soli
3012 3999 3236 4054 peccare
3282 3986 3591 4056 videantur,

1996 4091 2210 4130 errores
2245 4085 2298 4129 ct
2329 4075 2455 4128 vitia
2495 4076 2865 4131 universarum
2910 4079 3261 4134 ecclesiarum
3291 4083 3596 4137 correxisse

1994 4169 2134 4240 apud
2175 4169 2477 4224 simillimos
2503 4172 2585 4224 sui
2616 4181 2670 4224 et
2710 4184 2993 4240 compares
3040 4173 3365 4228 celebretur.
3403 4193 3424 4226 ι
3459 4173 3590 4242 Quis

1994 4264 2265 4336 Cypriano
2327 4277 2430 4320 tam
2488 4265 2720 4336 indignis
2771 4266 2945 4322 modis
2995 4268 3316 4322 convitiatus
3373 4269 3592 4338 fuisset,

1997 4369 2277 4430 postquam
2332 4359 2595 4414 maculam
2625 4361 2856 4425 erroris,
2892 4377 3050 4431 quem
3101 4378 3205 4416 non
3239 4364 3356 4418 sine
3383 4377 3593 4418 summa

1992 4452 2158 4506 animi
2188 4450 2562 4507 moderatione
2592 4454 2645 4508 in
2678 4469 2737 4509 re
2765 4453 3002 4510 nondum
3034 4455 3211 4510 decisa
3255 4455 3588 4525 defenderat,

1991 4546 2250 4617 martyrio
2275 4545 2551 4611 abstersit,
2581 4546 2806 4618 ejusque
2835 4549 3090 4615 nominis,
3116 4547 3432 4620 refrigerato
3462 4565 3592 4606 con-

1992 4638 2243 4694 tentionis
2273 4649 2428 4706 aestu,
2472 4655 2687 4696 summa
2715 4641 2919 4697 exSIitit
2958 4643 3009 4696 in
3049 4643 3297 4698 onmibus
3334 4642 3589 4700 Ecclesiis

1991 4731 2310 4789 celebritas?

2063 4825 2193 4892 Qua:
2223 4827 2289 4880 de
2323 4827 2481 4897 hujus
2521 4829 2774 4898 anonymi
2822 4829 3101 4898 scriptoris
3129 4838 3286 4885 aetate
3327 4831 3588 4888 hactenus

1989 4917 2278 4974 cdisseruit
2307 4920 2389 4975 vir
2415 4922 2750 4976 clarissimus
2775 4920 3045 4989 Maranus,
3070 4923 3190 4978 aliis
3219 4940 3433 4996 quoque
3459 4926 3586 4981 doc-

1988 5014 2125 5069 trina
2155 5023 2207 5069 et
2233 5014 2537 5070 eruditione
2568 5017 2943 5086 praestantibus
2971 5018 3082 5086 jam
3118 5017 3322 5087 pridem
3359 5021 3583 5089 probata

1989 5115 2302 5166 noscuntur.
2331 5107 2615 5177 Rigaltius,
2641 5109 2728 5178 qui
2755 5111 2959 5180 primus
2983 5112 3126 5165 inter
3149 5121 3304 5168 notas
3330 5113 3394 5168 ad
3418 5129 3580 5184 opera

287 5218 402 5257 rmn
439 5207 739 5262 auctoritati
777 5223 897 5262 cum
929 5209 1068 5262 bona
1095 5209 1303 5262 ratione
1351 5210 1714 5280 acquiescere,
1766 5226 1886 5266 cum
1912 5201 1964 5260 D
1992 5197 2051 5251 S-
2082 5199 2330 5268 CYIWiani
2365 5200 2506 5255 hunc
2552 5211 2832 5255 ιτδοίδιυῐη
2877 5201 3064 5264 edidi“
3116 5218 3243 5258 “5"5
3271 5206 3582 5275 aposraplm

282 5295 353 5350 sit
372 5298 662 5354 maximum
688 5299 1088 5356 incommodum
1111 5310 1270 5370 atque
1292 5300 1632 5371 diSpendium
1657 5301 1885 5355 sanctis-

355 5455 436 5525 (l)
491 5455 748 5528 Proderit.
813 5457 1037 5528 alarum,
1098 5460 1148 5512 in
1206 5457 1323 5512 Vita
1375 5458 1644 5527 Cypriani,
1703 5456 1728 5528 §
1785 5458 1877 5527 55,

283 5540 402 5596 pag.
434 5541 616 5590 cxxw,
645 5527 774 5580 edit.
809 5527 997 5586 Paris.
1031 5539 1083 5582 et
1116 5544 1234 5596 pag.
1262 5530 1382 5592 H7,
1418 5528 1548 5582 edit.
1576 5529 1764 5583 Venet.

352 5595 430 5669 (ἓ)
464 5596 735 5659 Gennad.,
763 5598 826 5650 de
851 5598 1042 5669 Script.
1078 5595 1297 5669 Eccles.,
1325 5616 1445 5669 cap.
1469 5599 1559 5654 9.7.

456 5673 748 5804 ῒίιοὲιζηιη
779 5671 842 5723 de
862 5665 1200 5740 Iieliaptisnt.,
1234 5668 1260 5740 §
1297 5672 1384 5726 10.

350 5738 432 5805 (4)
461 5738 536 5790 ltl.
571 5738 598 5804 ᾗ
632 5739 683 5792 1.

353 5808 430 5880 (3i)
463 5807 538 5863 ltl.
571 5809 701 5867 ibid.
729 5810 756 5883 §
783 5809 832 5866 6.

1990 5287 2369 5344 Sirmondiano
2397 5307 2460 5345 ex
2494 5293 2658 5346 veteri
2700 5293 2886 5347 codice
2921 5298 3230 5351 monasterii
3262 5298 3318 5352 S.
3353 5298 3579 5370 Remigii

1987 5380 2258 5452 descripto
2283 5424 2298 5449 ,
2327 5385 2534 5440 censuit
2565 5386 2643 5457 (7)
2671 5389 2909 5443 auctoris
2932 5405 3052 5443 esse
3079 5391 3146 5444 ab
3183 5408 3297 5446 ξιξνο
3327 5394 3577 5465 Cypriani

1985 5488 2169 5544 parum
2207 5474 2471 5532 distantis.
2514 5478 2803 5549 Rigaltium
2846 5491 3064 5537 secutus
3097 5492 3180 5538 est
3221 5482 3574 5555 (Iyprianico-

2065 5673 2141 5753 (β)
2171 5674 2269 5753 ta,
2305 5677 2458 5753 una,
2488 5679 2515 5753 §
2548 5681 2600 5736 l.

2052 5751 2130 5821 (7)
2185 5748 2407 5835 Bigia‘l‘tq
2455 5748 2520 5809 ad
2573 5755 2712 5827 Opp.
2755 5753 3034 5830 Cyprium,
3086 5776 3208 5834 pag.
3264 5762 3386 5832 155,
3436 5763 3566 5822 edit.

1978 5820 2174 5889 Paris,
2199 5821 2361 5880 1666.
