4216 6262
713 267 854 332 1179

2070 269 2581 334 PROLEGOMENA

3814 276 3921 332 H80

708 400 829 444 rum
886 384 1060 444 editor
1099 383 1425 441 Oxouiensis
1473 384 1572 460 (t).
1628 384 1834 442 Caveus
1879 385 2004 440 item
2038 385 2302 457 ejusmodi
2337 393 2379 450 Α
2411 385 2601 440 tismus
2646 397 2797 454 aqum
2845 396 2951 440 non
2995 389 3172 439 cesset
3204 383 3447 440 conferre
3473 387 3705 458 gratiam,
3735 388 3840 444 licet
3874 393 3924 445 ab

710 478 1064 548 quaestionem
1105 477 1293 542 semel,
1340 478 1642 550 iterumque
1685 477 1981 532 discutiens
2010 478 2086 548 (2)
2114 478 2304 534 adduci

712 587 820 626 non
853 572 1040 642 potuit,
1085 581 1142 627 ut
1179 572 1334 627 alteri
1379 573 1663 628 sententiae
1710 571 1975 627 calculum
2025 571 2303 642 adjiceret.

716 665 823 720 Sed
855 666 1064 720 cmteris
1115 665 1281 720 multo
1326 666 1504 720 acrius
1552 681 1664 719 rem
1699 665 2048 735 investigasse
2096 664 2309 720 videtur

716 757 1092 814 Tillemontius
1119 756 1237 829 (5);
1272 758 1362 830 qui
1391 773 1456 812 eo
1486 771 1658 827 usque
1689 755 1902 810 demum
1937 757 2216 826 processit,
2255 765 2311 810 ut

719 868 824 909 non
850 853 1022 910 solum
1055 854 1270 909 vivente
1296 853 1471 908 adhuc
1494 853 1786 926 Cypriane,
1817 852 1910 908 sed
1935 854 2094 908 etiam
2122 860 2309 907 contra

717 947 1005 1018 ipsummet
1028 947 1340 1016 episc0pum
1379 947 1874 1017 Carthaginiensem
1899 948 2156 1015 scriptum
2177 961 2312 1015 opus

719 1040 986 1096 deﬁniret.
1015 1040 1141 1096 Hmc
1171 1049 1254 1095 est
1277 1056 1490 1112 quoque
1512 1042 1775 1096 sententia
1804 1041 1886 1095 Cl.
1920 1040 2181 1094 Gallandii
2207 1039 2309 1110 (4),

717 1135 802 1189 cui
828 1137 938 1203 jam
979 1135 1275 1206 prmiuxere
1305 1135 1599 1192 doetissimi
1629 1135 1894 1191 duumviri
1939 1134 2312 1191 Tillemontius

720 1237 776 1283 et
803 1226 1085 1286 Ceillierus
1117 1230 1222 1301 (5).

1322 1361 1614 1403 Αιιτιουιυε
1644 1362 1700 1402 ll.

1159 1467 1397 1539 Analysis
1427 1468 1578 1540 hujus
1610 1467 1864 1540 opusculi.

797 1583 878 1640 Ab
928 1585 1080 1639 initio
1136 1584 1369 1640 dilucide
1415 1585 1670 1654 preponit
1715 1594 1910 1639 statum
1968 1585 2314 1654 quaestionis;

722 1677 917 1732 deinde
946 1677 1196 1732 observat
1222 1677 1303 1747 (6)
1326 1695 1338 1730 :
1367 1695 1384 1727 ι
1415 1676 1680 1730 Nonnulla
1706 1693 1866 1746 super
1890 1677 1987 1732 hac
2015 1693 2147 1732 nova
2174 1693 2318 1748 qna:-

2412 480 2756 551 impositiuue
2787 495 3042 534 manuum
3069 480 3372 548 specialiter
3394 481 3458 536 ad
3478 482 3820 540 conferendum
3837 486 3926 556 Spi-

2409 573 2571 628 ritum
2612 581 2857 626 sanctum
2888 571 3133 626 instituta
3164 581 3441 642 separatus
3477 573 3561 630 sit.
3603 594 3620 626 ι
3655 575 3772 629 Nam
3807 576 3926 632 dubi-

2412 669 2512 724 tari
2558 684 2662 724 non
2703 656 2912 738 potest,
2956 687 2974 719 ι
3011 668 3182 738 inquit
3221 684 3517 742 anonymus
3544 671 3617 743 (8)
3649 691 3664 723 ι
3700 672 3821 741 quod
3857 674 3926 728 ho-

2410 761 2599 817 dierno
2621 777 2836 832 quoque
2859 761 2944 816 die
2967 778 3064 817 usu
3083 761 3247 825 venit,
3269 772 3322 815 ut
3345 762 3576 832 plerique
3591 774 3698 833 post
3718 765 3926 834 baptisma

2411 855 2526 908 sine
2551 855 2894 923 impositione
2921 869 3176 908 manuum
3207 856 3440 924 episcOpi
3469 854 3534 908 de
3559 857 3740 911 sarculo
3759 868 3925 923 exeant,

2411 958 2466 1004 et
2492 960 2667 1005 tamen
2701 965 2800 1020 pro
2835 949 3089 1020 perfectis
3112 950 3358 1005 ﬁdelibus
3390 949 3774 1006 habeantur"...
3799 955 3926 1007 Autsi

2413 1041 2580 1109 dicas,
2609 1061 2627 1096 ›
2660 1042 2827 1112 pergit
2857 1047 3193 1112 Anonymus,
3219 1060 3239 1093 ι
3271 1042 3567 1112 hujusmodi
3592 1044 3828 1099 hominem
3848 1047 3927 1098 sal-

2414 1153 2537 1190 vum
2561 1152 2664 1190 non
2692 1145 2850 1206 posse
2873 1137 3007 1202 ﬁeri,
3025 1137 3274 1191 omnibus
3289 1138 3554 1208 episc0pis
3576 1139 3777 1193 salutem
3794 1141 3929 1194 adimi-

2416 1245 2557 1293 mus,
2573 1245 2708 1299 quos
2724 1231 2796 1284 ita
2822 1231 3068 1300 periculis
3090 1246 3248 1300 quam
3271 1231 3584 1286 certissimis
3606 1231 3869 1303 adstringis,
3885 1244 3928 1287 ut

2415 1322 2667 1375 omnibus
2689 1322 3009 1385 hominibus,
3033 1325 3123 1392 qui
3151 1324 3251 1377 sub
3275 1338 3401 1377 cura
3422 1339 3601 1377 eorum
3624 1325 3931 1393 agunt,etltac

2416 1425 2577 1485 atque
2607 1416 2727 1470 illac
2749 1415 3006 1487 dispersis
3036 1417 3346 1486 regionibus
3372 1417 3603 1486 ipsorum
3628 1417 3930 1482 inﬁrmantur;

2418 1524 2514 1578 per
2541 1509 2858 1578 semetipsos
2885 1509 3173 1564 subvenire
3193 1509 3460 1572 debent;
3483 1509 3599 1578 quia
3629 1509 3790 1564 caeteri
3807 1509 3930 1562 homi—

2418 1615 2513 1654 nes
2531 1600 2763 1653 minores
2784 1599 3010 1663 clericis,
3041 1600 3131 1671 qui
3156 1601 3538 1670 periclitantur,
3573 1601 3666 1654 hoc
3683 1601 3802 1654 idem
3829 1615 3928 1670 prte-

2419 1701 2564 1750 stare
2593 1708 2699 1752 non
2730 1694 2977 1763 possint:
3027 1709 3096 1752 ne
3142 1695 3362 1764 sanguis
3391 1709 3598 1760 eorum,
3629 1695 3710 1764 qui
3739 1695 3862 1749 vacui
3884 1694 3931 1748 dc

725 1771 901 1824 stione
929 1771 1131 1839 scripta
1162 1780 1254 1824 aut
1279 1770 1541 1836 rescripta
1563 1785 1705 1836 esse,
1725 1770 1920 1839 quibus
1947 1778 2170 1839 utraque
2199 1783 2319 1838 pars

2425 1786 2620 1840 seculo
2643 1787 2821 1842 exisse
2849 1787 3194 1853 videbuntur,
3236 1789 3304 1842 de
3337 1804 3497 1841 manu
3520 1788 3852 1858 episcoporum
3869 1803 3933 1840 ue-

727 1864 792 1918 ad
825 1863 1150 1918 destruenda
1173 1864 1348 1918 aliena
1373 1879 1585 1918 summo
1612 1863 1791 1917 studio
1816 1863 2104 1917 nitebatur.
2136 1881 2154 1914 ›
2187 1862 2320 1916 llinc

727 1956 1075 2012 doctissimus
1113 1957 1418 2020 Ceillierius
1439 1957 1632 2020 merito
1657 1957 1859 2027 colligit
1881 1967 2154 2016 auctorem
2179 1956 2321 2014 hunc

728 2063 794 2104 eo
826 2058 1071 2118 tempore
1100 2049 1417 2118 scripsisse,
1445 2064 1551 2119 quo
1582 2049 1729 2118 plura
1768 2033 1877 2117 jam
1911 2049 2108 2118 scripta
2143 2065 2240 2118 pro
2268 2056 2324 2102 et

726 2154 912 2199 contra
941 2143 1263 2213 baptismum
1294 2143 1665 2198 haereticorum
1697 2152 1911 2196 exarata
1945 2141 2174 2197 fuerant.
2216 2161 2234 2192 ι
2264 2141 2318 2196 In

728 2253 836 2308 quo
874 2238 1115 2308 genere,
1161 2256 1180 2288 ι
1228 2238 1404 2307 pergit
1443 2252 1780 2308 anonymus,
1823 2255 1840 2286 ι
1881 2236 2230 2306 qumstionis,
2264 2246 2321 2290 ut

731 2330 864 2384 mihi
894 2330 1130 2395 videtur,
1160 2330 1302 2383 nulla
1331 2331 1513 2384 omnio
1542 2333 1803 2400 potuisset
1829 2331 2198 2384 controversia
2230 2339 2321 2384 aut

730 2423 1049 2493 disceptatio
1078 2437 1391 2493 emergere,
1421 2423 1466 2476 si
1504 2423 1870 2493 unusquisque
1915 2430 2157 2475 nostrum
2190 2437 2321 2476 con-

729 2524 907 2568 tentus
935 2514 1229 2569 venerabili
1260 2513 1622 2569 Ecclesiarum
1658 2514 1897 2568 omnium
1930 2516 2246 2569 auctoritate
2268 2524 2324 2569 et

733 2608 1035 2662 necessaria
1081 2607 1381 2662 humilitate
1423 2608 1559 2662 nihil
1607 2609 1865 2663 innovare
1899 2609 2152 2678 gestiret,
2198 2625 2321 2664 cum

733 2701 910 2758 locum
942 2701 1351 2758 contradictioni
1383 2718 1489 2757 non
1519 2703 1813 2775 quemlibet
1847 2703 2319 2758 animadverteret.

729 2795 972 2866 Namque
1017 2812 1207 2860 omne,
1241 2797 1382 2868 quod
1426 2805 1480 2851 et
1524 2812 1722 2867 anceps
1763 2806 1817 2850 et
1857 2797 2161 2867 ambiguum
2191 2809 2242 2850 et
2269 2799 2319 2852 in

731 2890 961 2944 diversis
993 2889 1278 2946 sententiis
1311 2890 1650 2960 prudentium
1702 2899 1757 2944 et
1798 2890 2036 2945 ﬁdelium
2084 2891 2321 2946 virorum

731 2987 1081 3042 constitutum
1123 2995 1235 3054 est,
1265 2987 1309 3040 si
1341 2996 1525 3041 contra
1559 2987 1788 3057 priscam
1832 2995 1886 3040 et
1917 2987 2320 3041 memorabilem

732 3087 1050 3133 cunctorum
1081 3079 1428 3140 emeritorum
1457 3087 1762 3133 sanctorum
1791 3087 1840 3132 et
1867 3077 2101 3134 ﬁdelium
2127 3078 2323 3133 solem-

2422 1894 2573 1934 cesse
2625 1879 2818 1934 habeat
2868 1882 3087 1952 requiri.
3140 1904 3158 1933 ι
3217 1882 3432 1937 Exinde
3487 1881 3776 1946 concludit,
3833 1879 3934 1949 quod

2422 1975 2636 2044 quando
2682 1976 2981 2045 baptismus
3007 1976 3060 2030 in
3093 1977 3309 2040 nomine
3337 1977 3468 2040 Jesu
3497 1975 3829 2058 praecesserit,
3867 1989 3934 2044 per

2422 2070 2593 2124 solam
2618 2086 2810 2124 manus
2841 2071 3244 2140 impositionem
3279 2072 3522 2141 episcopi
3552 2072 3709 2142 possit
3731 2069 3934 2139 ejusmodi

2423 2163 2626 2218 homini
2661 2164 2942 2238 ptenitenti
2971 2179 3032 2218 ac
3062 2164 3307 2218 credenti
3335 2165 3500 2219 etiam
3527 2164 3742 2232 Spiritus
3772 2171 3936 2216 sanctus

2425 2253 2619 2321 tribui,
2679 2255 2804 2325 quin
2839 2270 3062 2310 necesse
3083 2257 3344 2324 sitquteri
3390 2257 3549 2326 quale
3580 2255 3702 2310 illud
3739 2254 3934 2323 baptisma
4029 2305 4038 2322 ο

2423 2351 2600 2414 fuerit,
2622 2350 2831 2420 quodin
2858 2351 3076 2404 nomine
3098 2349 3225 2404 Jesu
3247 2349 3451 2405 Christi
3475 2358 3776 2404 consecutus
3789 2345 3937 2415 cst(9).

2423 2445 2661 2500 Ascribit
2682 2443 2928 2498 eamdem
2957 2441 3251 2498 efﬁcaciam
3281 2443 3552 2514 baptismo
3578 2442 3782 2512 Spiritus
3813 2437 3938 2494 sancti

2425 2538 2543 2592 sine
2565 2537 2658 2590 illo
2685 2552 2874 2606 aquae,
2908 2535 3012 2590 hoc
3041 2537 3200 2590 nixus
3240 2535 3621 2601 fundamento,
3672 2534 3778 2604 quia
3816 2532 3938 2584 virtus

2423 2631 2660 2685 nominis
2681 2630 2806 2686 Jesu
2829 2629 3028 2685 Christi
3058 2638 3203 2683 tanta
3232 2638 3337 2693 est,
3378 2648 3395 2678 ι
3429 2640 3487 2683 ιιι
3517 2643 3671 2700 super
3695 2639 3938 2698 quemcum-

2424 2740 2530 2802 que
2557 2724 2832 2777 humiuum
2859 2723 3180 2794 baptismate
3209 2725 3494 2788 invocata,
3533 2741 3550 2774 ι
3585 2721 3646 2775 ad
3667 2720 3856 2773 salutem
3878 2729 3939 2768 as-

2425 2815 2752 2886 sequendant
2801 2829 2908 2869 non
2951 2815 3215 2870 modicam
3252 2834 3269 2865 ι
3310 2815 3714 2886 praerogativam
3746 2819 3940 2882 prrestare

2427 2912 2685 2986 possit....
2722 2932 2740 2962 ι
2777 2911 2972 2980 Etille,
3006 2912 3056 2965 in
3089 2926 3215 2978 quo,
3240 2925 3362 2964 cum
3395 2909 3759 2984 baptizaretur,
3790 2924 3805 2957 ι
3831 2904 3941 2957 invo-

2425 3015 2602 3062 catum
2632 3015 2778 3060 esset
2809 3006 2860 3058 iu
2885 3005 3104 3060 nomine
3132 3003 3260 3059 Jesu
3282 3045 3294 3064 ,
3331 3003 3465 3059 licet
3497 3006 3548 3058 in
3575 3003 3738 3073 aliquo
3759 2987 3938 3056 errore»

2427 3109 2518 3154 aut
2548 3109 2769 3170 peccato
2793 3098 3148 3161 detineretur,
3187 3117 3205 3149 ι
3244 3097 3288 3150 si
3311 3112 3558 3152 errorem
3585 3110 3725 3151 suum
3749 3092 3942 3159 corrigat,

733 3173 1013 3228 nissimam
1045 3173 1478 3227 observationem
1523 3172 1796 3244 iudicatur
1816 3214 1830 3238 ,
1865 3171 2108 3226 damnari
2138 3172 2321 3246 utique
2347 3195 2392 3258 ρ
2426 3193 2547 3250 ﬁdei
2575 3193 2858 3247 vernalem
2885 3201 3144 3262 agnoscat
3165 3233 3179 3257 ν
3199 3198 3254 3244 ει
3275 3205 3497 3244 omnem
3533 3189 3697 3243 labem
3727 3183 3944 3256 ιιι-ωιενίιπ

732 3263 916 3318 debet.
959 3284 977 3314 ι

805 3359 1018 3422 Postea,
1037 3357 1132 3429 ξολ,
1158 3357 1452 3413 discutiens
1481 3357 1856 3427 qttarstionem,
1879 3356 1985 3411 duo
2007 3355 2324 3427 baptismata

735 3451 1046 3521 distinguit,
1081 3467 1243 3504 unum
1289 3467 1474 3520 aquae,
1508 3459 1561 3505 et
1598 3449 1824 3503 alterum
1869 3450 2100 3518 Spiritus
2143 3448 2325 3503 Sancti

736 3544 1030 3599 secundum
1059 3544 1221 3598 verba
1247 3544 1303 3600 S.
1332 3543 1556 3599 Joannis
1585 3543 1840 3612 Baptistre
1871 3543 2086 3613 (Matth.
2117 3559 2192 3607 ιιι,
2221 3544 2280 3596 Η
2308 3559 2322 3608 ;

740 3636 908 3692 Marci
949 3653 986 3703 ι,
1035 3638 1101 3699 7;
1152 3636 1279 3690 Luc.
1315 3652 1400 3703 ιιι,
1437 3635 1536 3702 16;
1565 3634 1685 3689 Joa.
1720 3652 1758 3701 1,
1794 3634 1925 3707 27),
1971 3637 2057 3704 qui
2101 3647 2212 3706 post
2252 3652 2330 3689 me

738 3731 893 3796 venit,
918 3731 1102 3798 fortior
1133 3746 1211 3784 me
1249 3739 1343 3796 est,
1374 3731 1522 3800 cujus
1553 3745 1644 3800 ego
1675 3746 1775 3782 non
1803 3745 1914 3782 sum
1946 3730 2128 3800 dignus
2165 3731 2326 3784 corri-

739 3826 874 3896 giam
902 3825 1234 3879 calceamenti
1255 3826 1466 3889 solvere,
1494 3824 1605 3890 ipse
1634 3839 1720 3878 vos
1745 3823 2018 3892 baptizabit
2048 3825 2098 3878 in
2132 3824 2330 3890 Spiritu

737 3925 912 3970 sancto
941 3928 984 3969 et
1015 3917 1142 3988 igni.
1184 3917 1247 3970 Et
1269 3916 1424 3971 Jesns
1450 3913 1697 3969 Christus
1726 3915 1952 3984 ipsemet
1979 3916 2113 3970 dixit
2134 3935 2147 3971 :
2167 3915 2328 3970 Joan-

739 4026 826 4063 ues
861 4009 1064 4080 quidem
1111 4009 1382 4079 baptizavit
1423 4025 1586 4080 aqua,
1619 4025 1704 4062 vos
1746 4020 1916 4062 autem
1952 4008 2332 4080 baptizabimiui

742 4104 941 4175 Spiritu
963 4111 1138 4165 sanrto
1164 4121 1263 4157 non
1285 4113 1397 4174 post
1422 4104 1607 4156 multos
1625 4104 1717 4156 hos
1733 4104 1858 4158 dies.
1891 4101 2174 4158 Cornelius
2190 4119 2333 4159 rece-

739 4201 816 4269 pit
857 4195 1180 4270 baptism’um
1223 4199 1454 4268 Spiritus
1483 4199 1685 4266 sancti,
1715 4208 2000 4267 antequam
2037 4197 2334 4268 recepisset

739 4295 890 4347 illum
931 4310 1086 4364 aqua:
1117 4294 1257 4362 (Act.
1279 4309 1314 4355 ι,
1347 4297 1401 4358 4,
1432 4290 1547 4364 5.);
1586 4303 1638 4347 et
1675 4300 1893 4346 econtra
1940 4291 2183 4360 Apostoli
2214 4291 2335 4360 bap-

741 4387 887 4443 tizati
931 4388 982 4444 in
1023 4402 1159 4456 aqua
1204 4387 1352 4440 fuere
1382 4386 1543 4454 longo
1576 4396 1838 4455 tempore,
1873 4393 2156 4454 antequam
2186 4399 2335 4438 rece-

741 4461 948 4550 pissent
999 4479 1253 4552 Spiritum
1320 4490 1560 4532 sanctum
1631 4478 1732 4551 (7).
1780 4477 1959 4533 Utitur
2015 4477 2100 4531 hic
2151 4485 2337 4531 auctor

2427 3285 2851 3342 conversationis
2875 3284 3175 3350 abscindat,
3206 3293 3260 3338 et
3282 3283 3348 3338 ad
3376 3283 3673 3338 Ecclesiam
3691 3322 3705 3346 ,
3731 3287 3778 3334 et
3799 3276 3848 3330 ad
3865 3272 3944 3342 epi-

2429 3395 2648 3450 scopum
2669 3380 2867 3442 veniat,
2886 3378 2956 3432 im
2966 3379 3283 3446 positionem
3300 3391 3559 3432 manuum
3575 3375 3734 3446 ipsius
3757 3369 3944 3439 recipiat,

2429 3473 2656 3541 accipiat
2684 3471 2940 3542 Spiritum
2980 3479 3251 3537 sanctum,
3278 3470 3409 3540 quin
3439 3466 3779 3524 invocationis
3807 3461 3942 3515 iillius

2431 3565 2787 3638 praecedentis
2837 3564 3070 3620 nominis
3109 3564 3237 3619 Jesu
3278 3564 3519 3634 legitime
3549 3562 3814 3617 celebrata:
3833 3568 3943 3610 cere-

2431 3659 2626 3713 moni:e
2657 3658 2886 3712 fructum
2913 3657 3156 3723 amittat,
3191 3671 3310 3726 quas
3343 3669 3522 3711 tamen
3554 3655 3664 3709 sola
3687 3667 3779 3706 non
3805 3644 3947 3703 sufﬁci!

2431 3752 2497 3807 ad
2529 3752 2755 3806 salutem
2778 3793 2793 3818 ,
2835 3768 2955 3822 quae
2982 3762 3161 3806 autem
3195 3752 3381 3820 incipit
3409 3751 3608 3806 habere
3646 3744 3892 3804 efﬁcaciam
3911 3748 3947 3793 et

2431 3850 2685 3904 virtutem
2725 3869 2744 3900 ι
2779 3850 3114 3904 correctione
3145 3849 3346 3904 erroris
3371 3858 3424 3902 et
3451 3847 3716 3918 agnitione
3751 3837 3946 3899 veritatis.

2433 3956 2485 3998 et
2515 3945 2752 3998 abscissa
2800 3944 2947 3997 omni
2981 3942 3100 3996 lahe
3134 3942 3422 4012 prmterita'
3469 3933 3884 3994 conversationis,
3915 3936 3950 3980 et

2434 4034 2749 4102 accedente,
2775 4035 2919 4105 quod
2945 4034 3163 4098 deerat,
3211 4033 3589 4105 supplemento
3621 4051 3637 4083 ι
3671 4044 3759 4100 per
3788 4021 3950 4092 impOsi-

2437 4133 2639 4185 tionem
2701 4145 2974 4184 manuum.
3049 4127 3247 4183 Probat
3300 4135 3567 4182 assertum
3624 4125 3715 4178 hoc
3762 4113 3952 4184 exemplo

2435 4224 2800 4294 apostolorum
2832 4221 2974 4295 (10),
3007 4222 3097 4294 qui
3152 4230 3432 4291 postquam
3476 4219 3737 4275 Christum
3761 4215 3952 4269 deserue-

2436 4325 2564 4371 runt
2586 4357 2600 4380 ,
2634 4324 2793 4385 atque
2826 4313 2983 4368 ﬁdem
3011 4313 3381 4383 abnegarunt,
3413 4328 3520 4368 non
3543 4311 3808 4368 cessabant
3829 4298 3951 4370 bapli-

2437 4423 2596 4476 zare;
2641 4407 2715 4461 ait
2757 4407 2903 4473 dein,
2938 4408 2966 4480 §
2997 4406 3078 4470 10,
3107 4405 3249 4476 quod
3285 4425 3302 4456 ι
3341 4407 3639 4476 baptismus
3666 4404 3728 4458 ab
3752 4394 3954 4470 episcopis

2441 4505 2689 4574 pessima:
2719 4501 3170 4567 conversationis,
3201 4508 3293 4554 aut
3323 4516 3490 4571 prave
3538 4495 3861 4554 sentientibus
3893 4493 3953 4538 aut

744 4590 1047 4646 anonymus
1081 4575 1245 4629 'hisce
1290 4575 1552 4644 exemplis
1601 4574 1667 4628 ad
1718 4573 2105 4629 ostendendum
2129 4616 2143 4638 ,
2193 4573 2333 4644 quod
2360 4594 2414 4654 Ι)
2442 4573 2865 4668 imperitioribus
2893 4615 2911 4648 ,
2948 4596 3198 4660 conatus,
3229 4595 3299 4650 sit
3329 4594 3502 4649 bonus
3543 4602 3596 4649 el
3645 4593 3856 4660 integer;
3881 4590 3952 4634 um

743 4669 843 4722 etsi
885 4684 1047 4722 unum
1080 4675 1172 4720 aut
1201 4667 1427 4721 alterum
1461 4666 1651 4720 horum
1689 4665 1915 4719 duorum
1955 4665 2330 4736 baptismatum

745 4762 1018 4816 ordinarie
1047 4761 1298 4832 conjungi
1331 4763 1562 4823 soleant.
1596 4759 1944 4814 nihilominus
1985 4769 2161 4814 tamen
2203 4759 2333 4829 bap—

815 4896 896 4969 (1)
925 4899 1084 4963 Fell.,
1120 4910 1254 4968 part.
1288 4915 1363 4958 ιιι.
1395 4898 1531 4966 Opp.
1561 4893 2105 4969 Cyprian.,_p_ag.21_.

818 4963 899 5038 (Ξ)
927 4970 1091 5038 Cave,
1122 4963 1263 5026 Hist.
1298 4963 1535 5034 lium-ah,
1570 4963 1790 5020 ail’ann.
1820 4966 1927 5022 255
1956 4976 2012 5038 et
2031 4963 2155 5038 MO.

818 5036 897 5116 (5)
927 5036 1235 5116 lelentont,
1264 5041 1521 5106 illémoir.,
1544 5049 1673 5094 tom.
1703 5054 1775 5105 Iv,
1807 5053 1924 5109 pag.
1952 5036 2077 5101 629,
2110 5044 2223 5090 ιιοι.
2245 5050 2332 5090 XL.

744 5112 848 5170 Sur
867 5112 923 5168 S.
945 5112 1198 5185 Cyprien.

820 5185 901 5258 (4)
927 5180 1176 5242 Galiand.
1214 5183 1348 5239 Bibl.
1378 5184 1500 5258 Yet.
1534 5183 1773 5239 Patrum.
1805 5182 1957 5238 Tom.
1993 5197 2083 5248 ιιι,
2114 5180 2165 5236 in
2199 5180 2335 5236 Pro-

747 5255 968 5328 leg‘omu
1001 5273 1119 5323 cap.
1153 5258 1206 5324 7,
1240 5272 1356 5328 pag.
1388 5255 1478 5310 2i.

820 5329 899 5403 (5)
940 5329 1180 5403 Ceillier.
1211 5325 1347 5403 ilisi.
1380 5325 1577 5384 Génér.
1612 5327 1767 5382 Tom.
1797 5343 1873 5392 ιιι,
1906 5327 2063 5397 chap.
2101 5341 2136 5390 ι,
2183 5325 2209 5397 §
2256 5341 2335 5388 ut,

746 5399 848 5455 art.
878 5417 950 5465 Iv,
984 5417 1101 5471 pag.
1135 5399 1255 5455 156.

820 5473 899 5542 (6)
932 5468 1225 5544 Αιιιιῐιγιιιη
1245 5472 1297 5543 §.
1323 5474 1346 5526 1
1386 5487 1505 5543 pag.
1535 5471 1658 5534 562,
1681 5472 1732 5525 in
1762 5468 2206 5544 Gallandnuapttd
2233 5469 2338 5539 Cy-

750 5541 1312 5669 pziaanéoeditJVcnet.
1353 5541 1474 5614 pagi
1510 5545 1612 5599 756
1642 5552 1695 5598 et
1725 5545 1850 5608 757,
1883 5552 1936 5598 et
1979 5541 2109 5597 edit.
2137 5541 2338 5605 Oxon.,

789 5632 870 5669 ()2.
900 5632 989 5669 Συ.

749 5630 1230 5755 ψῇἷᾎοιιοηγιιιη
1274 5685 1414 5738 inter
1457 5685 1708 5755 Cyprian.
1741 5673 1892 5754 opp.,
1926 5699 2045 5753 pag.
2084 5683 2175 5755 22.
2209 5680 2340 5755 edit.

1073 5751 1288 5817 Venet.;
1316 5769 1432 5820 pag.
1460 5751 1563 5811 7'38
1590 5767 1644 5813 et
1669 5751 1796 5822 759,
1818 5751 1880 5811 et
1905 5751 2047 5823 apud
2067 5751 2349 5819 Galland.,,

902 5833 956 5873 et
982 5833 1034 5873 5.

2436 4707 2628 4764 magna
2646 4693 2838 4757 virtus,
2851 4710 2869 4743 ι
2892 4691 3297 4762 Operationibus
3315 4689 3512 4744 divinis
3528 4697 3611 4744 est
3631 4683 3820 4758 propria
3834 4680 3868 4747 (ί
3881 4674 3950 4744 il"

2438 4787 2697 4858 Adjungit
2720 4786 2866 4851 dein,
2893 4785 2920 4859 §
2951 4785 3176 4840 eodem:
3217 4805 3236 4838 ι
3263 4781 3396 4838 Cum
3427 4784 3574 4838 salus
3600 4791 3772 4836 nostra
3801 4779 3844 4830 in
3867 4773 3954 4837 bap-

2439 4881 2651 4934 tismate
2675 4878 2931 4950 Spiritus,
2962 4878 3105 4949 quod
3133 4888 3186 4933 et
3211 4877 3529 4947 plerumque
3555 4891 3674 4930 cum
3703 4869 3955 4942 baptisma"

2440 4987 2592 5042 aqua:
2623 4971 2976 5042 cenjunctum
3001 4979 3115 5036 cst,
3141 4971 3210 5026 sit
3238 4971 3530 5025 constituta
3556 5013 3570 5037 ,
3621 4964 3862 5038 siquidem
3894 4968 3956 5026 ρετ

2440 5081 2539 5120 nos
2579 5064 2839 5138 baptisma
2889 5065 3131 5120 tradetur
3178 5064 3386 5135 integre
3406 5073 3459 5118 et
3486 5059 3957 5120 solemniter,eIPer

2439 5158 2641 5226 omnia,
2674 5173 2793 5226 qua!
2822 5159 3020 5230 scripta
3046 5165 3200 5224 sunt,
3229 5156 3556 5227 assignetur,
3575 5167 3728 5226 atque
3747 5150 3845 5205 sine
3859 5140 3956 5198 illi“s

2514 5317 2593 5390 (⁸)
2622 5315 2918 5388 MINIqu
2944 5330 3066 5386 pag.
3095 5314 3186 5378 ‘M,
3213 5313 3342 5369 edit.
3375 5313 3578 5380 Brem.,
3598 5301 3955 5366 etedit.VeneI-,

2441 5390 2953 5462 pag.7{il_)etseqq.
3028 5458 3061 5462 _
3474 5457 3534 5462 __
3592 5454 3652 5462 Α.
3733 5451 3744 5462 ο

2516 5442 2611 5534 (9)
2636 5442 2824 5526 ἰάλω
2850 5442 2979 5515 edit.
3028 5458 3233 5524 Brem.,
3293 5472 3414 5530 pag.
3466 5457 3557 5523 25,
3589 5454 3692 5520 24;
3732 5451 3778 5505 in
3815 5442 3955 5498 Venet.

2445 5550 2566 5606 pag.
2597 5534 2722 5587 7M.
3801 5591 3812 5602 .
3919 5582 3925 5588 ι

2515 5605 2627 5675 (10)
2671 5604 2838 5669 Idem,
2864 5603 2891 5673 ᾗ
2919 5603 2977 5666 9,
3009 5618 3128 5674 pag.
3160 5602 3294 5675 566,
3333 5602 3472 5675 apud
3492 5596 3730 5675 Callani].
3751 5636 3764 5660 ,
3800 5607 3843 5646 ιιι
3865 5581 3955 5639 edit.

2447 5669 2648 5736 Brem.,
2681 5675 2774 5741 26,
2806 5669 3109 5739 iu‘V'enctf,
3139 5690 3256 5743 pag.
3288 5673 3414 5738 742,
3446 5673 3570 5743 745,
3604 5669 3724 5723 7H.

2449 5721 3432 5872 times,“sissetsisset}.
3452 5721 3510 5800 ei
3519 5721 3726 5806 Veneti.
3748 5748 3849 5807 pas
3869 5721 3956 5782 7“!
