4262 6236
629 260 767 317 1183

1608 260 1914 318 ANONYMI
1956 261 2157 319 LIBER
2198 263 2285 319 DE
2320 260 2876 318 REBAI‘TISMATE.

3784 265 3920 320 1181

620 379 831 434 tilatum
860 386 915 433 et
940 378 1276 436 decurtatum
1308 382 1569 452 baptisma
1603 380 1839 448 tradere,
1866 382 2008 451 quod
2035 382 2212 437 taliter
2240 386 2291 444 Α
2316 382 2391 436 ait
2431 380 2511 453 (Ιι)
2543 379 2685 451 quod
2742 400 2759 432 ι
2798 379 3030 450 Spiritus
3084 390 3302 436 sanctus
3334 381 3608 436 voluntate
3642 381 3754 446 Dei,
3814 396 3920 438 non

621 474 874 528 dicuntur
899 474 1193 545 assignare,
1224 484 1283 530 ut
1308 492 1467 546 quam
1497 492 1620 531 mox
1652 478 1703 531 in
1749 492 1939 547 aquam
1986 476 2214 531 descen-

624 567 839 633 derunt,
870 569 1048 623 statim
1078 584 1240 639 super
1287 586 1481 641 aquam
1530 571 1669 642 ignis
1717 582 2003 641 appareat;
2040 600 2057 622 ι
2095 572 2216 643 quia

619 660 759 718 falso
817 662 1012 719 docent
1062 665 1385 736 baptismum
1443 667 1570 723 Jesu
1618 668 1968 723 eoncomitari
2020 668 2219 725 debere

622 754 798 826 ignem
825 756 1157 813 materialem
1188 758 1293 829 (1).

702 847 779 902 Ex
823 849 1014 904 eodem
1064 861 1284 908 auctore
1322 867 1591 925 anonymo
1618 854 1892 921 discimus,
1942 871 2036 910 sua
2064 864 2221 911 :etate

632 940 889 996 miracula
937 952 1141 1011 patrata
1187 942 1374 1012 fuisse,
1408 956 1568 1017 atque
1594 947 1660 1001 ab
1689 948 1818 1017 ipsis
1844 946 2005 1002 etiam
2051 950 2223 1002 luere-

638 1034 775 1089 ticis.
811 1034 899 1091 Ait
927 1036 1067 1090 enim
1096 1035 1175 1109 (2)
1208 1055 1221 1089 ε
1264 1057 1282 1089 ι
1319 1037 1462 1106 Quas
1508 1039 1731 1094 virtutes
1758 1056 1863 1093 non
1892 1039 2052 1095 dubie
2097 1050 2222 1094 tune

633 1130 707 1185 illi
739 1132 839 1186 sub
863 1133 1078 1188 nomine
1108 1132 1307 1189 Christi
1332 1134 1566 1199 socient;
1596 1135 1647 1189 in
1670 1150 1777 1205 quo
1800 1136 2013 1189 nomine
2039 1134 2223 1190 viden—

632 1232 720 1278 tur
748 1223 963 1294 quidam
998 1226 1161 1281 etiam
1191 1226 1355 1283 modo
1386 1227 1646 1297 quasdam
1674 1228 1900 1283 virtutes
1954 1228 2130 1284 facere
2171 1238 2225 1284 et

632 1316 771 1373 falso
798 1318 1142 1388 prophetare.
1180 1340 1198 1371 ι

707 1411 974 1467 Prmterea
997 1423 1285 1468 occurrunt
1308 1414 1357 1468 in
1391 1413 1493 1469 hoc
1519 1415 1780 1485 opusculo
1809 1415 2056 1487 quasdam
2102 1430 2225 1471 sen-

629 1504 813 1558 tentia:
845 1518 951 1559 non
984 1506 1114 1559 satis
1139 1514 1350 1560 exactte
1384 1524 1396 1559 :
1428 1506 1504 1561 sic
1553 1507 1784 1577 exempli
1828 1508 1996 1578 gratia
2038 1508 2228 1562 scribit

634 1596 662 1667 ᾗ
698 1598 728 1651 4
759 1596 864 1668 et§
897 1597 985 1653 14.
1023 1614 1042 1650 ι
1077 1596 1325 1653 Nondum
1373 1608 1489 1653 erat
1531 1598 1762 1670 Spiritus
1816 1610 2069 1663 sanctus,
2103 1600 2226 1671 quia

628 1688 789 1745 Jesus
842 1704 949 1745 non
1005 1700 1121 1746 erat
1169 1690 1495 1748 clarificatus
1527 1694 1651 1765 ιβ).
1707 1713 1726 1745 ι
1789 1694 1855 1749 Ει
1906 1693 2067 1764 paulo
2106 1702 2227 1763 post

705 1827 785 1895 (I)
808 1825 912 1891 Id.,
940 1841 1025 1901 ap.
1052 1826 1302 1901 Galland.
1327 1828 1354 1899 §
1379 1830 1465 1895 16,
1485 1844 1539 1899 p.
1563 1830 1686 1896 569,
1710 1829 1850 1900 apud
1874 1830 2065 1901 Cypr.,
2094 1830 2223 1886 edit.
2257 1794 2303 1853 Β

635 1896 839 1969 Brem..
882 1913 935 1967 p.
966 1900 1082 1964 cit.,
1110 1907 1165 1953 et
1197 1896 1409 1962 Venet.
1444 1896 1498 1969 p.
1528 1902 1655 1956 755.

710 1968 921 2045 (2)]d.,
954 1984 1042 2040 ap.
1074 1969 1299 2045 Calla_n_d
1334 2015 1347 2037 ,
1377 1968 1523 2045 διε,
1552 1988 1668 2042 pag.
1698 1973 1801 2027 567
1824 1974 2007 2045 ςιιριιιι
2036 1974 2223 2045 Cypr.,

635 2040 767 2095 edit.
794 2040 974 2115 Brem.
1004 2082 1020 2106 ,
1049 2057 1169 2111 pag'
1207 2040 1278 2097 28
1298 2086 1313 2108 ,
1343 2040 1397 2115 et
1419 2040 1652 2106 Venetf,
1679 2062 1729 2112 p.
1764 2044 1887 2100 750.
1906 2040 1968 2098 In
1992 2040 2097 2115 quo
2118 2040 2223 2100 ⁷ιιο-

636 2114 784 2186 mine
814 2114 1040 2186 virtutes
1067 2128 1261 2186 omnes
1308 2114 1485 2186 solent
1527 2115 1682 2181 fieri,
1728 2126 1781 2170 et
1841 2114 2221 2186 nonnunquam

634 2184 828 2258 aliqua:
853 2183 1016 2258 etiam
1038 2184 1107 2238 ab
1130 2184 1439 2258 hominibus
1464 2191 1754 2242 extraneis.
1776 2187 1929 2258 Apud
1948 2183 2222 2255 Galland.,

632 2254 661 2325 §
693 2256 745 2318 7,
779 2269 832 2323 p.
858 2254 1001 2321 365';
1033 2266 1084 2310 et
1112 2256 1252 2327 apud
1280 2254 1443 2328 Cypr.
1466 2300 1479 2325 ,
1527 2258 1639 2313 edit
1673 2254 1859 2313 Venet.
1887 2302 1901 2325 ,
1938 2275 2055 2330 pag.
2086 2260 2222 2326 744,

634 2326 817 2381 Brem.
848 2368 862 2383 .
898 2342 1020 2383 Dan.
1050 2326 1181 2383 25.-

680 2342 817 2381 rem.
848 2368 862 2388 ,
898 2342 1020 2396 pag.
1050 2342 1181 2383 25.-

704 2396 782 2470 (5)
815 2396 1091 2454 Exciderit
1110 2398 1342 2456 fortasse
1371 2398 1592 2457 librario
1620 2416 1721 2457 vox
1752 2403 1940 2469 datus;
1984 2418 2104 2473 quae
2132 2418 2227 2459 ne-

910 2591 969 2600 .-

976 2590 1305 2599 ..——.——__—_..

2215 2593 2313 2602 .__.

2322 476 2533 545 propria
2557 475 2622 528 de
2643 474 2781 529 coelo
2799 474 3154 530 descenderit.
3185 474 3431 531 Tandem
3459 475 3923 547 quod'baptismus

2320 568 2551 639 Spiritus
2573 571 2743 624 sancti
2766 570 2835 623 sit
2864 569 3314 639 majorbaptismo
3344 584 3495 639 aqua!
3524 568 3627 639 (5).
3658 572 3924 641 Anonymi

2324 671 2580 716 tractatus
2624 662 2692 716 de
2738 662 3143 732 Rebaptismate
3197 662 3427 732 primam
3480 662 3659 717 lucem
3714 666 3924 734 aspexit

2323 772 2466 812 anno
2501 758 2638 813 1618
2690 758 2829 813 inter
2877 773 3040 829 opera
3095 759 3312 831 Cyriani
3362 777 3393 815 τι
3443 760 3662 816 Nicolao
3688 759 3923 830 Rigaltio

2325 851 2550 906 Lutetia:
2607 851 2933 905 Parisiorum
2986 853 3271 922 impressa,
3330 862 3513 923 postea
3567 854 3618 906 in
3667 852 3925 906 omnibus

2325 944 2780 1016 subsequentibus
2827 960 3048 1013 Operum
3101 944 3549 1016 Cyprianicorum
3593 944 3922 1000 editionibus

2327 1053 2572 1101 recusus,
2605 1046 2765 1107 atque
2798 1036 3140 1092 bibliotheca:
3170 1047 3413 1092 veterum
3447 1037 3664 1091 Patrum
3695 1036 3761 1090 ab
3804 1038 3921 1090 An-

2325 1130 2455 1185 drea
2508 1128 2787 1185 Gallandio
2818 1131 3136 1194 adornatae,
3173 1139 3308 1184 tom.
3366 1144 3463 1195 ιιι,
3520 1144 3550 1182 a
3610 1144 3728 1198 pag.
3781 1127 3920 1191 562-

2326 1223 2452 1287 571,
2486 1222 2748 1287 Venetiis,
2782 1222 2942 1287 1767,
2988 1224 3243 1288 insertus,
3269 1223 3358 1292 qui
3389 1232 3444 1277 et
3470 1220 3647 1277 eidem
3678 1221 3925 1276 tractatui

2329 1315 2565 1371 eruditas
2596 1328 2749 1370 notas
2779 1314 3074 1385 subjunxit.
3110 1314 3353 1369 Laurea.

2330 1475 2567 1530 cessario
2601 1472 2844 1529 addenda
2876 1472 3091 1529 videtur
3120 1488 3185 1528 ex
3223 1472 3451 1542 Vulgata
3482 1471 3806 1540 interprete.

2406 1546 2487 1616 (i)
2531 1547 2625 1600 Die
2652 1546 3001 1600 Pentecostes
3036 1545 3350 1612 supervenit
3387 1542 3636 1616 Spiritus
3662 1553 3881 1616 sanctus
3910 1584 3925 1602 ,

2332 1612 2610 1672 voluntate
2641 1617 2860 1687 quidem
2896 1616 3021 1678 Dei,
3053 1630 3157 1669 non
3191 1632 3285 1687 sua
3315 1627 3507 1685 sponte
3533 1613 3676 1669 caelo
3716 1612 3917 1687 lapsus.

2331 1688 2443 1750 ld..
2486 1706 2571 1759 ap.
2606 1684 2885 1749 Gallaud.,
2920 1686 3029 1756 ἐϋ,
3065 1704 3114 1756 p.
3149 1685 3255 1742 564
3278 1729 3292 1755 ,
3323 1684 3453 1741 edit.
3498 1687 3678 1741 Brem.
3721 1684 3879 1756 Cypr.
3909 1728 3925 1751 ,

2336 1776 2388 1831 p.
2415 1760 2505 1824 24,
2535 1770 2590 1815 et
2618 1760 2833 1823 Venet.,
2864 1774 2915 1827 p.
2951 1760 3074 1813 742.

2404 1832 2483 1903 (5)
2515 1831 2777 1899 Quoniam
2798 1833 3021 1884 multum
3065 1831 3291 1885 interest
3318 1829 3593 1903 ιιιιειιιιιίιι
3623 1836 3792 1903 ιοιιιιιι
3810 1830 3930 1903 quis

2331 1899 2437 1957 non
2468 1899 2539 1957 sit
2591 1904 2887 1972 baptizatus
2937 1903 2988 1956 in
3045 1903 3265 1955 nomine
3316 1901 3527 1956 Domini
3578 1902 3751 1954 nostri
3799 1899 3927 1953 .Iesu

2328 1974 2548 2040 Christi,
2580 1991 2646 2027 an
2677 1989 2807 2029 vero
2836 1974 2888 2026 in
2916 1973 3095 2044 aliquo
3139 1973 3423 2037 claudicet,
3477 1987 3598 2026 eum
3628 1972 3932 2044 baptizatur

2328 2047 2649 2115 baptismate
2678 2061 2851 2114 aqum,
2883 2042 3025 2115 quod
3058 2045 3232 2098 minus
3257 2054 3359 2107 est,
3393 2042 3690 2097 dummodo
3734 2055 3926 2113 posma

2327 2127 2537 2172 constet
2564 2120 2616 2171 in
2645 2124 2870 2171 veritate
2898 2118 3109 2170 sincera
3136 2115 3267 2170 fides
3297 2118 3350 2169 in
3379 2115 3704 2185 baptismate
3750 2116 3932 2183 Spiri-

2330 2200 2435 2253 tus,
2488 2190 2627 2259 quod
2681 2204 2787 2243 non
2814 2186 2980 2243 dubie
3023 2188 3196 2256 majus
3224 2196 3324 2259 est.
3377 2184 3622 2259 Id'apud
3651 2184 3926 2259 Galland.,

2331 2260 2429 2331 §6,
2461 2256 2518 2329 p.'
2542 2260 2669 2329 565,
2700 2260 2838 2331 apud
2865 2258 3052 2331 Cypr.,
3082 2258 3212 2313 edit.
3232 2257 3615 2329 Brem.,p,24,
3642 2256 3930 2323 etV'enet.,

2336 2348 2390 2401 p.
2425 2334 2550 2388 744.

650 2584 3921 2644 W

1819 2758 2084 2905 AN
2091 2754 2235 2907 Ο

2243 2756 2373 2900 Ν
2380 2756 2758 2899 YMI

1522 3030 1851 3103 LIBER
1913 3031 2059 3104 DE
2112 3025 2969 3103 REBAPTISMATE
2986 3072 3008 3099 .

1973 3232 2622 3263 ψ

692 3366 854 3430 NON
895 3366 1210 3429 DEBERE
1254 3366 1523 3428 DENUO
1565 3369 1991 3432 BAPTIZARI
2037 3371 2169 3446 QUI
2214 3370 2475 3432 SEMEL
2521 3372 2601 3433 IN
2645 3371 2950 3433 NOMINE
2998 3370 3284 3433 DOMINI
3330 3370 3512 3431 JESU
3554 3367 3869 3431 CHRISTI

2027 3496 2206 3557 SINT
2248 3494 2541 3562 TINCTI.

1626 3696 2213 3735 ——-—————-=aa:=»
2231 3696 2539 3738 Zmﬁiéw'

704 3885 744 3939 l.
787 3882 1169 3939 Animadverte
1210 3883 1494 3952 quzrsitum
1526 3881 1665 3952 apud
1694 3882 1885 3937 fratres
1906 3881 2033 3952 quid
2052 3881 2228 3951 potius
2256 3882 2301 3944 C
2336 3892 2533 3939 malum
2558 3884 2637 3940 eis
2676 3894 2956 3956 praestaret
2982 3904 2995 3941 :
3018 3900 3085 3940 an
3130 3902 3259 3941 vero
3297 3888 3459 3943 etiam
3509 3890 3758 3944 iteratum
3802 3891 3954 3962 Bap—

638 3978 909 4034 observari
945 3982 1160 4047 Oportet
1202 3977 1256 4031 in
1285 3991 1570 4047 personam
1600 3990 1787 4031 eorum
1836 3976 1927 4047 qui
1961 3977 2014 4031 in
2045 3975 2238 4031 haeresi

641 4071 856 4143 quidem
888 4116 902 4139 ,
937 4070 1029 4124 sed
1062 4072 1113 4124 in
1171 4071 1386 4124 nomine
1410 4068 1501 4125 Dei
1538 4070 1709 4124 nostri
1738 4070 1866 4125 Jesu
1899 4068 2101 4125 Christi
2133 4070 2240 4125 sint

642 4166 791 4221 tincti
823 4183 838 4231 ;
890 4162 1227 4234 postmodum
1280 4162 1404 4217 inde
1424 4163 1651 4234 digressi
1681 4205 1695 4227 ,
1733 4173 1785 4217 et
1820 4163 2130 4233 suppliciter
2173 4163 2239 4218 ad

645 4258 941 4315 Ecclesiam
982 4258 1073 4312 Dei
1105 4255 1414 4311 advolantes
1438 4297 1453 4320 ,
1485 4257 1609 4311 totis
1640 4255 1948 4325 prrecordiis
1975 4257 2242 4325 ptenitena

646 4354 772 4408 tiam
800 4361 1064 4422 agerent;
1108 4358 1162 4406 et
1188 4351 1389 4404 erroris
1424 4350 1505 4404 sui
1544 4350 1945 4405 damnationem
1983 4366 2124 4406 nunc
2151 4352 2245 4406 de-

646 4465 789 4504 mum
842 4447 1200 4517 intelligentes
1222 4447 1479 4501 auxilium
1496 4446 1683 4502 salutis
1704 4447 1770 4501 ab
1786 4462 1846 4501 ea
1866 4448 2244 4517 implorarent;

646 4551 822 4595 utrum
852 4539 1219 4595 vetustissima
1239 4538 1628 4594 consuetudine
1654 4553 1715 4593 ac
1744 4539 2029 4597 traditione
2073 4543 2247 4599 eccle-

648 4634 857 4688 siastica
891 4674 906 4699 ,
937 4633 1221 4703 pastillum
1252 4633 1395 4701 quod
1438 4634 1565 4686 foris
1592 4632 1805 4703 quidem
1833 4636 1925 4690 scd
1959 4635 2037 4707 (Ξ)
2069 4638 2120 4690 in
2153 4653 2247 4691 no-

648 4726 791 4782 mine
820 4726 946 4780 Jesu
988 4725 1187 4780 Christi
1214 4726 1423 4779 Domini
1454 4726 1621 4779 nostri
1652 4736 2007 4795 accceperuut
2039 4728 2246 4798 Baptis-

649 4837 735 4875 ma
762 4863 777 4887 ,
812 4821 1179 4881 tantummodo
1211 4820 1410 4890 imponi
1455 4821 1533 4873 eis
1564 4836 1779 4873 manqu
1803 4822 1869 4872 ab
1901 4822 2154 4893 episcopo
2180 4824 2248 4877 ad

646 4912 1015 4984 accipiendum
1069 4910 1323 4983 spiritum
1371 4921 1614 4967 sanctum
1664 4913 1974 4979 sufficeret,
2026 4923 2082 4967 et
2134 4913 2248 4968 haec

649 5025 839 5065 manus
868 5009 1137 5079 impositio
1154 5008 1366 5087 signum
1391 5006 1515 5063 fidei
1552 5010 1799 5062 iteratum
1818 5016 1976 5077 atque
1998 5022 2248 5063 consum-

2342 3976 2496 4031 tisma
2528 3977 2608 4031 his
2632 3979 2992 4033 necessarium
3022 3989 3187 4045 esset,
3221 3991 3490 4050 tamquam
3526 3983 3653 4037 nihil
3682 3983 3956 4040 habituris

2344 4071 2389 4125 si
2446 4073 2547 4127 hoc
2587 4088 2797 4144 quoque
2861 4072 3037 4144 adepti
3101 4089 3165 4129 ex
3235 4076 3441 4145 integro
3514 4092 3618 4130 non
3685 4076 3955 4143 fuissent,

2344 4164 2564 4235 perinde
2606 4180 2669 4219 ac
2718 4166 2761 4220 si
2805 4182 3091 4237 numquam
3139 4168 3391 4238 baptizati
3449 4169 3501 4222 in
3549 4170 3772 4223 nomine
3814 4169 3957 4225 Jesu

2346 4259 2545 4315 Christi
2561 4258 2753 4315 forent.
2782 4261 3012 4332 Ideoque
3034 4262 3288 4316 nonnulla
3306 4278 3469 4333 super
3489 4263 3589 4318 hac
3617 4280 3751 4318 nova
3771 4281 3958 4335 qums-

2351 4352 2497 4406 tione
2523 4354 2718 4423 scripta
2747 4362 2837 4407 aut
2876 4355 3136 4424 rescripta
3183 4370 3305 4409 esse
3332 4356 3675 4424 jactabantur
3699 4399 3714 4422 ,
3748 4357 3955 4427 quibus

2358 4456 2583 4515 utraque
2612 4460 2734 4515 pars
2757 4445 2821 4500 ad
2849 4445 3175 4501 destruenda
3199 4448 3374 4503 aliena
3407 4464 3619 4503 summo
3650 4450 3826 4503 studio
3861 4453 3957 4505 ui-

2357 4538 2587 4594 tebatur.
2624 4539 2679 4593 In
2709 4555 2815 4609 quo
2855 4555 3050 4611 genere
3076 4543 3386 4612 qumstionis
3414 4585 3428 4609 ,
3462 4554 3518 4597 ut
3549 4544 3675 4598 mihi
3702 4544 3952 4609 videtur,

2356 4630 2503 4684 nulla
2552 4632 2771 4686 omnino
2817 4632 3077 4701 potuisset
3102 4637 3467 4688 controversia
3509 4646 3600 4689 aut
3630 4636 3959 4707 disceptatio

2357 4738 2664 4793 emergere,
2693 4724 2735 4777 si
2780 4725 3145 4794 unusquisque
3178 4736 3420 4779 nostrum
3470 4737 3757 4781 contentus
3784 4744 3960 4785 vene-

2354 4817 2506 4872 rabili
2542 4817 2901 4871 Ecclesiarum
2931 4819 3165 4872 omnium
3212 4820 3529 4875 auctoritate
3558 4829 3612 4874 et
3647 4824 3957 4877 necessaria

2354 4910 2655 4965 humilitate
2685 4911 2813 4964 nihil
2867 4911 3119 4964 innovare
3150 4912 3371 4981 geSIiret
3397 4954 3411 4977 ,
3455 4928 3575 4967 cum
3610 4913 3786 4968 locum
3815 4928 3955 4970 con-

2356 5003 2657 5060 tradictioni
2691 5019 2792 5058 non
2850 5004 3143 5073 quemlibet
3188 5005 3661 5062 animadverteret.
3711 5006 3960 5079 Namque

2007 5121 2365 5179 VARIORUM
2404 5121 2630 5176 NOTAE.

722 5250 797 5303 Dr:
826 5234 1248 5301 ιιιεΒΑιδτιειιΑι-ἑ.
1283 5242 1624 5299 Retinuimus
1650 5241 2051 5309 inscriptionem
2077 5255 2237 5307 quam

645 5322 1042 5393 przefertvetus
1071 5318 1277 5393 eodett.‘
1298 5316 1428 5393 Etiu
1460 5316 1610 5393 calce
1648 5322 1802 5367 vetus
1832 5312 2000 5367 codex
2031 5312 2193 5365 habet
2226 5330 2237 5364 :

642 5386 833 5448 Caecilii
862 5389 1109 5459 Cypriani
1136 5388 1300 5456 ﬁnivit
1327 5386 1793 5459 dgrebaptismote.

718 5464 755 5516 Ι.
784 5493 856 5504 ——
878 5453 1163 5514 Iit-nomine
1200 5458 1325 5513 Iesu
1348 5456 1532 5511 Christi
1564 5455 1768 5508 Domini
1798 5456 1975 5509 nostri.
2005 5454 2061 5507 Ill
2076 5453 2244 5508 veteri

643 5536 780 5591 libro
817 5535 1072 5602 scriptum
1100 5539 1184 5586 est
1207 5530 1411 5583 Domini
1442 5546 1561 5602 non.
1594 5527 1746 5602 Quod
1775 5530 1841 5581 ita
1869 5526 2245 5595 corrigendum

646 5621 769 5659 esse
794 5599 998 5659 censuit
1027 5603 1370 5659 Sirmondus.
1404 5610 1459 5654 ut
1485 5599 1807 5653 Dominicum
1835 5611 2125 5659 poneretur
2152 5616 2165 5659 ;
2194 5605 2248 5649 et

2345 5240 2546 5292 nomine
2578 5238 2785 5293 Domini
2831 5241 2990 5293 nostri
3022 5237 3145 5291 Jesu
3193 5236 3403 5289 Christi.
3428 5236 3517 5291 Sic
3549 5238 3600 5291 in
3627 5238 3964 5297 allocutione

2344 5308 2650 5365 Crescentis
2705 5312 2906 5366 aCirta
2956 5312 3007 5364 iu
3064 5310 3291 5382 concilio
3343 5307 3774 5382 Carthaginiensi
3832 5331 3961 5382 pag.

2347 5382 2443 5437 551
2481 5382 2739 5447 seriptum
2767 5393 2850 5436 est
2898 5385 2951 5437 in
3013 5380 3375 5433 Vetustissimo
3405 5381 3589 5433 codice
3636 5398 3738 5435 ms.
3782 5380 3965 5440 sancti

2351 5453 2576 5522 Remigii
2607 5454 2889 5509 Retnensis
2920 5496 2935 5515 ,
2966 5452 3281 5505 dilectissimi
3304 5468 3403 5503 non
3438 5468 3532 5519 pro
3564 5455 3723 5506 nostri
3751 5497 3765 5516 ,
3800 5468 3856 5509 et
3904 5459 3962 5510 in

2352 5525 2938 5580 allocutioneMunnuli
2970 5524 3180 5578 aGirba
3222 5522 3419 5577 ibidem
3477 5523 3692 5577 Domino
3738 5528 3965 5588 dicente.

2353 5614 2473 5651 cum
2507 5596 2788 5665 legendum
2822 5599 2889 5649 sit
2920 5595 3141 5649 Domino
3195 5606 3385 5667 nostra.
3419 5595 3506 5649 Sie
3551 5612 3644 5663 pro
3700 5612 3765 5650 eo
3817 5604 3967 5667 quod

642 5657 725 5728 ιἰξί
741 5657 908 5732 edidit
947 5657 1237 5743 Rigaltius.
1289 5657 1401 5743 Nos
1454 5672 1772 5743 scripsimus
1813 5657 2023 5743 Domini
2051 5657 2250 5743 nostri,
2276 5657 2328 5715 D
2353 5657 2728 5743 aputharium
2750 5668 3168 5743 Mercatore-[uin
3192 5665 3430 5743 editione
3453 5657 3654 5729 nostra,
3684 5684 3807 5738 pag.
3828 5657 3965 5733 318,

646 5752 756 5817 tum
779 5750 901 5816 quia
932 5738 1090 5817 paulo
1115 5754 1238 5801 ante
1268 5742 1534 5817 scriptum
1561 5738 1643 5817 est
1673 5741 1726 5795 in
1744 5744 1945 5817 nomine
1966 5738 2062 5792 Dei
2092 5739 2250 5817 nostri

638 5810 759 5865 .Iesn
796 5810 1017 5882 "(Ilo-isti,
1067 5824 1176 5873 tum
1227 5812 1357 5883 quia
1387 5813 1522 5872 infra
1553 5815 1759 5871 diserte
1798 5810 2065 5880 scriplum
2097 5821 2182 5883 est
2204 5811 2253 5862 in

2356 5736 2613 5809 scriptum
2661 5748 2744 5795 est
2775 5739 3003 5793 nandum
3050 5736 3465 5809 Verbum‘dicit,
3497 5755 3598 5794 nos
3647 5736 3975 5797 monuimus

2358 5806 2483 5883 pag.
2510 5809 2631 5877 170,
2666 5813 2949 5882 legendum
2982 5824 3105 5865 esse
3129 5825 3227 5862 non
3261 5806 3444 5863 Deum.
