4262 6236
306 303 442 364 “85’
1254 331 1258 336 -
1295 291 1601 358 ΑΝΟΝΫΜΙ
1638 291 1843 356 LIBER
1898 286 1984 353 DE
2024 286 2573 350 REBAPTISMATE.
3461 280 3598 338 “86

304 436 463 479 omne
482 420 623 494 quod
650 429 702 477 et
748 432 941 492 anceps
968 426 1022 475 et
1043 418 1349 490 ambiguum
1372 430 1425 475 et
1453 420 1505 473 in
1527 418 1754 473 diversis
1781 432 1897 471 sen-
1926 418 1978 476 Α
2007 410 2229 466 tandem
2280 408 2548 463 voluerint
2576 403 2945 474 adquiescere.
2985 400 3051 456 Et
3102 400 3221 457 ideo
3247 413 3601 472 quaecumque

308 493 861 585 tcntiisiprudcntium
905 530 965 568 ac
996 513 1232 569 ﬁdelium
1266 515 1502 569 virorum
1546 512 1892 567 constitutum
1998 513 2301 558 sanctarum
2331 502 2726 569 Scripturarum
2758 494 2825 549 ad
2859 494 2996 550 hanc
3030 502 3235 564 partem
3278 493 3602 564 pertinentia

305 619 387 665 est
419 651 432 675 ,
461 609 504 662 si
536 616 721 663 contra
764 607 994 678 priscam
1025 615 1079 661 et
1130 606 1535 661 memorabilem
1580 611 1895 658 cunctorum
2000 606 2125 650 sunt
2151 594 2381 664 capitula
2407 590 2710 647 necessario
2734 591 2783 644 in
2813 604 2975 643 tmttm
2996 602 3369 657 congeremus,
3402 596 3456 641 et
3483 601 3602 656 qua:

305 704 654 760 emeritorum
702 710 1011 756 sanctorum
1067 710 1121 756 et
1168 699 1404 755 ﬁdelium
1451 697 1897 753 solemnissimant
2002 693 2251 749 videntur
2296 708 2417 748 esse
2466 691 2680 745 diversa
2721 698 2814 743 aut
2842 686 3018 754 varia,
3069 694 3325 756 quantum
3368 685 3603 756 poterit,

304 796 736 853 observationem
759 793 1067 865 iudicatur.
1097 792 1338 847 damnari
1363 793 1546 862 utique
1573 790 1753 854 debet.
1778 804 1899 843 cum
2005 795 2284 853 manifeste
2312 796 2449 850 inter
2477 809 2536 847 se
2571 788 3068 862 conglutiuabimus
3091 831 3107 853 ,
3141 798 3194 844 et
3232 786 3515 843 utilitatem
3548 801 3610 840 ac

304 891 357 946 in
388 905 448 944 re
470 889 599 944 olim
624 888 921 957 composita
948 897 1003 942 et
1030 887 1272 942 ordinata
1317 886 1690 957 quodcumque
1729 893 1811 939 cst
1842 885 1903 938 il-
2008 890 2349 947 commodum
2378 888 2709 959 singulorum
2738 900 2835 956 pro
2881 882 3252 938 mediocritate
3283 890 3466 937 nostra
3489 897 3614 935 exa-

304 982 395 1038 lud
427 980 573 1053 quod
618 990 807 1036 contra
839 980 1204 1036 Ecclesiarum
1252 979 1487 1051 quietem
1519 988 1677 1049 atque
1718 992 1901 1049 pacem
2010 985 2355 1048 minabitnus,
2388 991 2446 1038 ut
2496 980 2717 1036 accendi
2766 980 2819 1033 in
2864 977 3100 1032 Ecclesia
3144 978 3369 1031 formam
3407 984 3462 1031 et
3485 990 3618 1030 con-

308 1076 621 1133 inmedium
656 1076 979 1146 producatur
1022 1075 1152 1130 nihil
1185 1074 1472 1149 (praeter)
1517 1074 1818 1130 discordias
1848 1082 1909 1127 et
2010 1077 2345 1133 suetudinem
2395 1072 2806 1130 saluberrimam
2833 1081 2998 1141 atque
3039 1068 3313 1141 paciﬁcam
3348 1067 3615 1123 universis

309 1170 615 1225 simultates
656 1180 710 1224 et
740 1168 1027 1223 schismata
1071 1169 1388 1225 allaturum:
1425 1169 1515 1224 ubi
1547 1168 1727 1222 nullus
1772 1166 1908 1220 alius
2014 1170 2264 1225 fratribus
2294 1169 2646 1224 insinuemus.

310 1266 515 1321 l'ructus
536 1265 843 1334 reperiatur
862 1264 962 1317 nisi
988 1263 1074 1318 hic
1095 1264 1241 1319 solus
1270 1307 1285 1331 ,
1314 1273 1372 1319 ut
1399 1279 1535 1318 unus
1567 1264 1727 1319 homo
1752 1306 1766 1330 ,
1796 1263 1911 1333 qui-

309 1374 544 1430 cumque
567 1357 657 1413 ille
684 1366 788 1421 est,
821 1372 1029 1427 magna:
1063 1357 1361 1426 prudentiae
1388 1368 1442 1412 et
1467 1357 1785 1412 constantia:
1825 1372 1911 1410 es-

311 1469 370 1509 se
396 1452 538 1522 apud
572 1449 832 1523 quosdam
861 1451 1007 1506 leves
1026 1448 1274 1505 homines
1296 1449 1440 1504 inani
1462 1450 1626 1521 gloria
1658 1447 1915 1519 praedice-

310 1554 415 1609 tur,
471 1553 526 1599 et
579 1542 955 1598 haereticorum
1002 1552 1223 1613 stupore
1280 1540 1558 1611 praeditus,
1588 1541 1783 1611 quibus
1813 1539 1918 1593 huc

312 1638 530 1693 unicum
580 1637 896 1706 perditionis
926 1636 1177 1691 solatium
1205 1646 1285 1690 est
1313 1635 1360 1690 si
1400 1650 1506 1689 non
1547 1634 1647 1687 soli
1694 1647 1919 1702 peccare

311 1730 596 1785 vidcantur
623 1771 637 1793 ,
672 1743 885 1783 errores
913 1736 968 1782 et
999 1728 1124 1782 vitia
1154 1728 1525 1782 universarum
1556 1724 1920 1780 Ecclesiarum

2088 1264 2148 1318 ll.
2184 1263 2346 1334 Igitur
2366 1259 2797 1333 aggredientibus
2815 1266 3095 1314 tractatum
3114 1255 3361 1312 salutaris
3389 1264 3444 1312 et
3464 1255 3615 1322 novi,

2026 1356 2127 1411 hoc
2158 1368 2239 1412 est
2265 1356 2517 1426 spiritalis
2547 1365 2601 1409 et
2631 1352 2922 1422 evangelici
2955 1350 3327 1421 Baptismatis,
3357 1350 3408 1403 in
3433 1349 3622 1420 primis

2021 1454 2256 1510 occurrit
2324 1450 2599 1506 notissima
2672 1447 2921 1503 omnibus
2978 1444 3287 1516 prtrdicatio
3343 1442 3617 1499 celebrata

2018 1532 2178 1618 atque
2204 1556 2378 1615 coepta
2409 1544 2477 1597 ab
2506 1542 2714 1598 Joanne
2735 1539 2993 1610 Baptista,
3020 1538 3111 1609 qtti
3155 1537 3483 1606 aliquantum
3516 1534 3616 1591 dc-

2024 1642 2261 1695 sciscens
2312 1654 2342 1691 a
2395 1638 2531 1707 lege,
2592 1635 2643 1689 id
2689 1644 2770 1689 est
2820 1632 3017 1704 Moysis
3051 1629 3422 1700 antiquissimo
3457 1628 3629 1699 hapti~

2026 1745 2217 1801 sutate,
2248 1744 2302 1789 et
2337 1733 2474 1786 viam
2506 1746 2657 1785 nova:
2683 1740 2736 1783 et
2763 1743 2905 1782 verm
2944 1727 3130 1798 gratia:
3160 1734 3541 1795 prmsternens,
3569 1731 3626 1777 ct

311 1823 611 1879 εοιτθχὶεεθ
639 1820 783 1892 apud
814 1821 1116 1875 simillimos
1156 1822 1235 1875 ειιί
1280 1831 1334 1875 ει
1361 1834 1645 1889 campares
1670 1818 1919 1874 celebre-
1950 1823 1998 1884 B
2025 1829 2347 1900 baptismate
2392 1824 2535 1897 quod
2580 1824 2797 1879 iulerim
2841 1821 3125 1877 exercebat
3164 1835 3314 1889 aqum
3345 1827 3399 1872 ει
3446 1816 3622 1887 pugni-

314 1928 422 1972 tur.
454 1917 840 1971 llmreticorum
887 1915 1030 1969 enim
1076 1916 1316 1969 omnium
1347 1913 1449 1968 hoc
1476 1913 1709 1968 studium
1758 1920 1919 1981 atque

314 2012 649 2084 propositum
676 2019 758 2065 est
781 2052 795 2075 ,
828 2009 1180 2064 sanctissima:
1208 2008 1393 2064 matris
1434 2018 1631 2063 nostrae
1664 2007 1920 2062 Ecclesiae

317 2101 644 2174 ejuscemodi
680 2112 736 2158 et
777 2102 1035 2172 plurimas
1068 2112 1295 2171 quantas
1329 2099 1628 2157 calumnias
1654 2109 1875 2156 nectere
1904 2141 1919 2165 ,

319 2207 375 2252 ct
408 2195 681 2251 invenisse
711 2195 910 2265 aliquid
940 2193 1083 2265 quod
1116 2196 1164 2250 ei
1192 2194 1400 2249 crimini
1425 2193 1509 2248 vel
1533 2193 1693 2248 etiam
1736 2193 1925 2248 leviter

319 2286 434 2342 dari
462 2298 643 2357 posset
671 2302 937 2341 summam
964 2286 1188 2355 gloriam
1218 2286 1437 2341 ducere.
1466 2283 1621 2351 Quod
1661 2299 1781 2339 cum
1808 2284 1927 2337 nul-

323 2381 434 2434 lum
463 2396 605 2434 same
627 2380 821 2435 mentis
849 2378 1087 2434 ﬁdelium
1114 2389 1319 2441 tenere,
1349 2378 1433 2433 vel
1460 2376 1691 2431 maxime
1722 2376 1925 2431 nullum

324 2475 549 2528 omnino
592 2474 644 2527 in
690 2488 1029 2543 quocumque
1075 2472 1223 2527 clero
1252 2472 1601 2526 constitutum
1631 2512 1647 2537 ,
1677 2484 1741 2525 ac
1787 2469 1928 2523 mul-

326 2578 380 2622 to
402 2566 572 2638 magis
599 2567 996 2637 episcoporum,
1024 2564 1224 2620 audere
1244 2564 1433 2620 deceat
1458 2581 1474 2631 ;
1507 2564 1732 2618 monstri
1755 2563 1931 2619 simile

324 2671 407 2716 cst
435 2660 581 2730 ipsos
618 2660 901 2729 episcopos
930 2658 1058 2712 talia
1104 2656 1356 2712 scandala
1390 2657 1627 2727 cogitare
1660 2664 1716 2710 et
1759 2656 1931 2725 turpi-

328 2756 567 2812 tudinem
590 2755 777 2809 matris
809 2754 1067 2809 Ecclesite
1098 2794 1113 2817 ,
1143 2753 1187 2807 si
1211 2768 1369 2822 quam
1398 2760 1584 2821 putant
1613 2751 1664 2805 in
1708 2750 1811 2806 hoc
1842 2767 1931 2807 ne-

326 2850 475 2921 gotio
502 2864 641 2912 esse,
670 2860 857 2904 contra
889 2855 1215 2917 przcceptum
1248 2846 1379 2917 legis
1405 2855 1458 2901 et
1494 2846 1731 2900 omnium
1762 2844 1938 2915 Scrip-

326 2954 574 2998 turarum
616 2943 776 2996 nimis
805 2943 1165 2997 irreverenter
1187 2956 1308 2995 cum
1338 2941 1450 3009 ipsa
1494 2940 1731 3010 ipsorum
1765 2939 1936 3009 turpi-

328 3036 517 3091 tudine
547 3046 601 3092 et
628 3036 868 3106 periculo
912 3052 1019 3091 non
1068 3036 1243 3091 vereri
1292 3035 1545 3107 detegere
1572 3078 1586 3102 ,
1615 3050 1936 3106 quamquam

2027 1924 2215 1979 tentia:
2243 1922 2443 1977 sensim
2468 1934 2626 1974 aures
2656 1916 2962 1972 Jttdteorum
2994 1914 3354 1985 praeveniebat
3375 1923 3429 1968 et
3467 1928 3628 1967 occu-

2026 2016 2188 2087 pabat
2234 2012 2494 2084 spiritalis
2546 2008 2890 2081 Baptismatis
2968 2006 3132 2062 futuri
3179 2005 3625 2069 annuntiatione,

2026 2108 2320 2164 adhortans
2365 2120 2457 2161 eos
2504 2115 2559 2159 et
2611 2102 2796 2157 dicens
2840 2120 2851 2154 :
2914 2100 3014 2167 Qui
3066 2109 3177 2170 post
3229 2114 3308 2153 me
3336 2099 3483 2153 venit
3528 2102 3636 2168 [or-

2031 2204 2128 2257 tior
2178 2218 2256 2255 me
2298 2210 2409 2265 est,
2463 2198 2610 2268 cujus
2657 2213 2748 2267 ego
2792 2211 2893 2248 non
2948 2211 3059 2249 sum
3118 2194 3304 2264 dignus
3364 2192 3634 2264 corrigiam

2032 2294 2357 2350 calceamenti
2424 2292 2634 2346 solvere.
2695 2288 2816 2359 Ipse
2866 2305 2953 2343 vos
3001 2287 3274 2359 baptizabit
3330 2288 3385 2341 in
3436 2286 3636 2357 Spiritu

2031 2399 2205 2445 sancto
2254 2398 2301 2442 et
2356 2387 2461 2458 igni
2509 2384 2728 2457 (Matth.
2787 2400 2875 2449 ut,
2927 2383 3022 2450 II;
3079 2382 3246 2440 Marc.
3305 2399 3344 2446 ι,
3380 2383 3443 2447 7;
3506 2380 3632 2435 Luc.

2033 2482 2268 2549 111,η16;
2320 2480 2476 2535 Joan.
2523 2495 2561 2546 ι,
2613 2475 2728 2549 27).
2788 2477 3015 2547 Propter
3074 2475 3218 2546 quod
3284 2474 3441 2530 nobis
3502 2491 3637 2547 quo-

2039 2593 2144 2647 que
2181 2576 2343 2646 hujus
2381 2574 2663 2630 'sermonis
2718 2587 2874 2627 orsus
2925 2572 3051 2627 hinc
3102 2571 3342 2641 incipere
3394 2571 3635 2629 debebit.

2033 2668 2170 2725 Nam
2211 2676 2266 2723 et
2304 2667 2561 2722 Dominus
2591 2665 2728 2720 hanc
2762 2664 3008 2720 eamdem
3031 2680 3220 2719 vocem
3272 2663 3495 2719 Joannis
3520 2672 3644 2734 post

2037 2779 2190 2820 suam
2236 2764 2690 2819 resurrectionem
2743 2761 2795 2814 in
2824 2761 2974 2815 Actis
3024 2759 3407 2830 Apostolorum
3436 2759 3640 2816 conﬁr-

2040 2872 2215 2922 mans,
2248 2856 2487 2927 prwcepit
2513 2855 2583 2909 eis
2609 2854 2671 2908 ab
2703 2852 3073 2924 Hierosolymis
3108 2869 3208 2906 non
3247 2852 3520 2920 discedere,
3554 2853 3643 2907 sed

2042 2961 2307 3022 expectare
2354 2949 2498 3003 illam
2552 2947 2936 3018 promissionem
2966 2944 3142 2999 Patris
3182 2962 3336 3017 quam
3374 2947 3588 3001 audistis
3614 2964 3646 3000 α

2042 3059 2123 3097 me
2152 3058 2171 3097 :
2197 3043 2315 3112 quia
2352 3039 2579 3095 Joannes
2614 3038 2818 3107 quidem
2866 3037 3140 3107 baptizavit
3166 3055 3299 3108 aqua
3318 3080 3334 3106 ,
3364 3053 3448 3093 vos
3474 3049 3646 3092 autem

329 3131 480 3186 nulla
514 3130 583 3185 sit
612 3131 665 3185 in
691 3132 789 3186 hoc
820 3131 921 3185 nisi
950 3131 1003 3184 iu
1029 3145 1215 3185 errore
1259 3130 1497 3200 ipsorum
1527 3129 1738 3184 illorum
1769 3128 1936 3197 turpi-
2044 3134 2424 3205 baptizabimini
2455 3132 2657 3202 Spiritu
2682 3140 2880 3199 sancto,
2912 3146 3015 3185 non
3043 3138 3155 3201 post
3197 3131 3384 3185 multos
3409 3130 3500 3185 hos
3540 3130 3648 3184 dies

336 3224 471 3279 tudo
501 3223 771 3279 Ecclesim.
804 3224 988 3294 Itaque
1034 3223 1269 3280 deterius
1309 3222 1636 3293 delinquitur
1668 3221 1737 3276 ab
1772 3221 1945 3275 ltomi-
1971 3226 2016 3288 ρ
2050 3229 2189 3301 (Act.
2216 3245 2254 3295 ι,
2286 3228 2342 3291 4,
2376 3226 2454 3297 5).
2490 3227 2729 3295 Itemque
2768 3224 2961 3280 Petrus
3008 3223 3197 3278 eadem
3242 3223 3404 3279 verba
3441 3223 3652 3279 Domini

330 3316 496 3372 "ibus
521 3316 784 3386 eiusmmii
811 3357 829 3383 s
850 3316 895 3371 Si
924 3316 976 3370 id
1026 3316 1168 3387 (11³οά
1198 3316 1250 3369 in
1276 3315 1653 3371 οδεεννειιίοηθ
1688 3313 1946 3383 ιιηιίίιυίε·
2049 3324 2379 3394 percensuit,
2414 3322 2680 3377 rationem
2725 3336 2823 3390 pro
2855 3335 2915 3375 se
2943 3318 3083 3390 apud
3106 3317 3395 3389 Apostolos
3416 3318 3652 3374 reddens

332 3410 474 3464 sima
520 3411 588 3465 ah
639 3410 702 3465 iis
750 3420 1021 3482 tamquam
1052 3426 1158 3467 non
1186 3420 1331 3466 recte
1372 3411 1466 3465 ﬁat
1510 3409 1944 3481 reprehenditur,
2050 3416 2278 3473 dicendo
2308 3435 2320 3470 ;
2354 3415 2484 3470 cum
2509 3424 2679 3471 amem
2702 3415 2980 3483 ξησξρεγεηι
3010 3413 3149 3483 loqui
3170 3428 3281 3484 ego,
3310 3413 3460 3466 5mm
3485 3413 3654 3484 δρξνξ-

335 3511 395 3558 ct
424 3502 597 3557 abhis
627 3503 717 3574 qui
759 3513 884 3559 ante
930 3519 1029 3559 nos
1083 3503 1335 3570 fuerunt,
1390 3514 1501 3559 tum
1532 3504 1691 3559 etiam
1734 3519 1765 3558 a
1794 3503 1931 3558 nobis

2054 3522 2133 3565 tus
2150 3521 2354 3565 sanctus
2381 3527 2534 3580 super
2556 3526 2661 3574 eos,
2685 3510 2818 3565 sicut
2846 3518 2891 3562 et
2916 3525 3068 3576 super
3090 3524 3183 3562 nos
3206 3508 3259 3561 in
3288 3508 3576 3579 principio;
3606 3517 3655 3561 ct

334 3605 490 3651 τοειθ
517 3594 863 3651 Observatum
894 3611 1017 3651 esse
1054 3606 1108 3652 ει
1132 3596 1407 3651 Observa“
1433 3594 1716 3650 ῐηηηίῖθειθ
1755 3610 1818 3650 ac
1844 3594 1951 3649 Γυτο
2052 3605 2348 3659 recordatus
2376 3620 2491 3657 sum
2515 3619 2799 3657 sermonem
2828 3600 3036 3655 Domini
3059 3600 3190 3654 sicut
3214 3599 3414 3654 dicebat
3439 3616 3458 3655 :
3485 3601 3655 3654 Joan-

341 3692 471 3745 ιίίετ
500 3688 844 3755 οειθηάθιυτς
876 3689 946 3743 ita
981 3698 1039 3744 ιιι
1088 3690 1188 3744 “Si
1237 3689 1456 3758 paribus
1503 3688 1833 3758 argumemis
1885 3703 1950 3741 ex
2056 3716 2142 3755 nes
2186 3698 2389 3771 quidem
2425 3698 2699 3767 baptizavit
2730 3713 2886 3766 aqua,
2934 3712 3021 3749 vos
3063 3704 3233 3749 autem
3280 3694 3660 3765 baptizabimini

338 3790 571 3852 utraque
597 3791 746 3852 parte
771 3780 1227 3852 congrederemur
1254 3823 1271 3848 ,
1306 3791 1486 3836 tamen
1516 3781 1641 3852 quia
1674 3795 1779 3833 non
1804 3788 1927 3849 pote

2060 3793 2259 3861 Spiritu
2289 3800 2484 3845 sancto.
2512 3790 2573 3845 Si
2612 3806 2731 3861 ergo
2756 3788 2952 3857 azquale
2980 3786 3172 3842 donum
3198 3787 3336 3840 dedit
3360 3788 3429 3841 eis
3458 3789 3585 3842 sicut
3611 3797 3658 3842 et

336 3885 432 3932 rat
472 3875 525 3929 id
560 3875 705 3946 quod
738 3874 1094 3930 inuovabatur
1126 3875 1244 3930 sine
1279 3875 1618 3931 dissensione
1643 3873 1870 3929 fratrum
1899 3889 1929 3929 e

2058 3885 2201 3939 nobis
2230 3881 2547 3937 credentibus
2576 3880 2851 3936 Dominum
2886 3880 3067 3935 Jesum
3097 3879 3384 3947 Christum,
3410 3896 3499 3950 ego
3546 3882 3659 3952 quis

337 3970 550 4026 damno
590 3969 960 4025 ecclesiastico
1008 3969 1305 4024 consistere
1329 4011 1345 4036 ,
1400 3969 1583 4038 utique
1625 3985 1731 4022 nun
1764 3967 1957 4022 debeat
2060 3993 2220 4041 eram,
2250 3976 2337 4046 qui
2374 3990 2574 4045 possem
2612 3973 2880 4042 prohibere
2905 3971 3128 4026 Domino
3160 3971 3295 4041 (Act.
3326 3988 3397 4037 st,
3431 3971 3657 4043 iii-l7)?

334 4070 540 4119 00mm
564 4062 641 4117 ras
665 4102 681 4128 s
714 4061 858 4133 QUOd
889 4063 1058 4129 θῖυηῑ,
1087 4063 1322 4128 anellis»
1352 4061 1405 4117 id
1433 4071 1515 4117 εει
1543 4070 1728 4117 εοηιῐεὶ
1760 4061 1956 4116 bonum
2062 4071 2132 4126 Et
2158 4071 2351 4123 iterum
2386 4084 2400 4121 :
2440 4064 2551 4120 Viri
2590 4065 2795 4130 fratres,
2831 4064 2971 4118 scitis
3007 4064 3126 4135 quia
3170 4080 3201 4116 a
3228 4063 3404 4118 diebus
3443 4064 3665 4134 antiquis

335 4166 406 4212 et
429 4171 642 4228 acquum
666 4198 683 4225 ,
707 4156 966 4212 Ecclesia:
995 4157 1155 4211 matri
1196 4156 1349 4227 quasi
1387 4155 1598 4210 macula
1650 4164 1852 4211 temere
1880 4155 1931 4208 in

2063 4167 2119 4220 in
2148 4164 2290 4219 nobis
2314 4161 2454 4218 Deus
2474 4162 2623 4234 elegit
2649 4179 2738 4233 per
2762 4178 2818 4215 os
2852 4176 3016 4215 meum
3045 4159 3226 4213 audire
3253 4158 3436 4214 Gentes
3462 4160 3665 4214 verbum

333 4250 463 4321 ﬂigi
486 4292 501 4318 ,
535 4250 719 4320 eisque
746 4248 836 4319 qui
863 4248 964 4304 hoc
990 4256 1319 4305 attentarent
1346 4248 1584 4303 audaciae
1622 4247 1781 4319 hujus
1803 4256 1927 4317 atqu

2067 4255 2361 4328 Evangelii,
2386 4264 2433 4309 et
2477 4256 2681 4309 credere
2709 4271 2727 4308 :
2757 4264 2801 4308 et
2823 4253 2911 4321 qui
2938 4251 3094 4307 corda
3119 4251 3255 4306 novit
3280 4251 3419 4306 Deus
3446 4251 3671 4308 testimo-

334 4348 651 4419 impietatis
703 4345 997 4419 ignominia
1042 4344 1235 4399 merito
1283 4342 1505 4398 deberet
1548 4341 1802 4397 adscribi-
1858 4340 1963 4396 56d
2067 4354 2208 4407 nium
2238 4352 2665 4422 perhibuit,dans
2686 4350 2756 4404 eis
2782 4348 3035 4421 Spiritum
3057 4357 3288 4403 sanctum
3307 4347 3437 4401 sicut
3457 4356 3504 4401 et
3530 4346 3669 4401 nobis

332 4442 614 4514 quoniam
648 4459 767 4498 non,
805 4449 890 4496 est
918 4441 969 4493 in
1023 4446 1205 4492 nostra
1260 4444 1524 4507 potestate
1568 4444 1627 4489 ut
1671 4434 1963 4489 secundum
2072 4445 2211 4518 (Αει,
2236 4461 2324 4509 xv,
2356 4444 2409 4511 7,
2443 4444 2519 4513 8).
2567 4449 2644 4499 Ac
2689 4450 2975 4513 propterea
3021 4440 3182 4513 hujus
3225 4439 3504 4495 sententia:
3550 4454 3671 4507 quae

332 4548 690 4609 praeceptum
724 4534 965 4607 Apostoli
1014 4533 1057 4606 (Ι
1085 4533 1204 4588 Cor.
1239 4547 1286 4595 ι,
1323 4531 1411 4603 10)
1446 4530 1677 4600 idipsum
1726 4528 1967 4585 dicamus
2071 4539 2143 4593 sit
2173 4538 2253 4592 vis
2293 4545 2349 4592 et
2391 4544 2651 4606 potestas,
2693 4532 3040 4590 considerare
3080 4522 3359 4587 debemtis.
3405 4532 3495 4586 Ait
3522 4532 3666 4585 enim

330 4647 574 4698 omnes.
610 4646 743 4687 "8V8
770 4631 878 4684 Sim
908 4628 959 4682 i"
986 4626 1140 4681 "Obis
1165 4624 1486 4690 SChiSmalai
1518 4635 1692 4678 lame"
1717 4622 1768 4677 ίη
1798 4638 1967 4693 (illam
1991 4630 2044 4690 D
2072 4633 2327 4688 Dominus
2357 4632 2437 4687 eis
2463 4633 2552 4702 qui
2581 4630 2925 4702 postmodum
2956 4630 3214 4700 baptizari
3241 4628 3524 4693 haberent,
3545 4627 3669 4698 quia

329 4737 476 4782 tum
510 4740 798 4797 possumus
821 4723 1148 4780 counititnur
1188 4719 1345 4791 hujus
1375 4728 1633 4775 tractatus
1655 4726 1849 4773 statum
1875 4718 1971 4773 de-
2078 4725 2361 4781 crederent
2402 4725 2753 4796 baptizandos
2802 4738 2944 4789 esse,
3000 4738 3106 4778 non
3154 4722 3609 4792 quemadmodum
3643 4737 3675 4776 ει

328 4828 694 4887 Inoustrare,
720 4830 771 4874 et
790 4815 1110 4873 turbulentis
1133 4813 1438 4867 hominibus
1468 4821 1524 4866 ut
1544 4812 1625 4867 vel
1650 4829 1791 4867 nunc
1816 4828 1971 4867 suum
2078 4832 2137 4872 se
2165 4818 2217 4872 in
2240 4833 2373 4888 aqua
2406 4818 2457 4873 in
2485 4817 2880 4890 paenitentiam,
2914 4815 3010 4870 sed
3038 4816 3092 4869 iu
3118 4815 3320 4885 Spiritu
3360 4825 3569 4871 sancto.
3597 4815 3673 4870 De

326 4912 643 4982 negmium
673 4928 832 4983 agere
884 4909 1142 4979 incipiant
1190 4906 1554 4977 persuadere,
1601 4908 1973 4963 COHSCCllluriS
2077 4929 2179 4983 qua
2211 4914 2589 4983 praadicatione
2629 4928 2750 4968 cum
2783 4912 2965 4983 utique
3003 4924 3162 4965 nemo
3215 4917 3457 4965 nostrum
3507 4908 3682 4981 possit

321 5009 663 5085 plurimum
694 5008 855 5064 etiam
888 5005 1042 5062 nobis
1070 5046 1086 5073 ,
1113 5003 1157 5060 si
1188 5002 1289 5059 hoc
1329 5017 1541 5074 quoque
1570 5002 1798 5058 consilio
1840 5018 1973 5060 sano
2080 5008 2375 5079 ambigere,
2410 5008 2750 5064 manifestum
2805 5017 2890 5063 est
2935 5021 3039 5076 qua
3092 5004 3301 5062 ratione
3350 5005 3599 5061 homines
3627 5005 3683 5061 itt

1696 5136 2057 5196 VARIOIlUM
2086 5141 2317 5199 NOTAE.

436 5286 693 5354 Stupore.
746 5280 1064 5354 Arrogantia
1098 5322 1111 5343 ,
1145 5277 1396 5348 superbia
1422 5319 1437 5343 ,
1484 5286 1544 5331 ut
1584 5286 1729 5332 recte
1762 5276 1981 5354 ‘rnonnit

311 5348 657 5430 Rigaltius.
692 5348 915 5430 vexilla
948 5353 1095 5430 in_eo
1123 5365 1290 5430 sensu
1312 5357 1677 5430 usu_rpa_ta_est
1698 5348 1980 5430 aHCypria-

307 5418 528 5493 movet
551 5445 580 5483 a
611 5426 803 5482 Pontio
842 5426 959 5493 ejus
989 5424 1236 5478 diacono.
1263 5420 1418 5490 Apud
1462 5419 1685 5493 Marium
1718 5418 1979 5473 Mercato-

304 5488 520 5565 ;"élﬂ.
542 5517 597 5571 p.
627 5500 696 5554 75
723 5541 737 5561 ,
766 5498 819 5550 in
851 5488 1088 5571 editione
1110 5505 1293 5571 postra
1318 5488 1521 5559 legitur
1546 5509 1558 5544 :
1593 5488 1654 5542 In
1672 5501 1877 5559 stupore
1903 5507 1982 5544 rc—

300 5566 584 5636 nsaneut
614 5571 841 5625 dentium
875 5566 1070 5622 Paulus
1100 5567 1487 5621 Samosatemts.

422 5645 526 5699 In
555 5657 870 5710 quocumque
897 5638 1052 5693 clero.
1088 5637 1143 5692 ιιι
1168 5647 1270 5702 cst,
1300 5637 1351 5687 in
1383 5633 1621 5704 quolibet.
1659 5632 1850 5687 ordine
1893 5648 1983 5688 eo-

298 5716 620 5786 rumqui
650 5715 703 5786 in
736 5712 886 5767 clero
907 5716 1383 5786 connumerantur.

424 5777 638 5843 Ab'iis.
674 5785 745 5838 Ita
773 5782 954 5855 putavi
976 5779 1322 5838 scribendum
1354 5791 1495 5846 esse,
1528 5792 1647 5834 cum
1673 5784 1830 5833 antea
1854 5777 1969 5849 lege
1995 5834 1998 5837 λ

306 5882 409 5933 γε
426 5872 518 5917 tu
531 5870 557 5909 r
586 5856 714 5911 aliis.

2158 5281 2395 5335 Accendi.
2428 5279 2691 5350 Rigaltius
2716 5280 2949 5351 conjecit
2974 5280 3256 5350 legendum
3288 5298 3411 5340 esse
3469 5285 3686 5340 tacendi.

2087 5351 2242 5429 Angli
2288 5368 2382 5420 pro
2412 5354 2618 5407 accendi
2651 5362 2945 5429 posuerunt
2988 5354 3264 5410 accedenti.
3298 5355 3413 5426 Ego
3440 5366 3568 5428 puto
3596 5374 3690 5429 po-

2087 5423 2322 5477 nendum
2364 5439 2484 5479 esse
2514 5425 2725 5479 attendi.

2162 5493 2920 5572 Π,έθζοῃδὶδμαηιὸᾳυὶεδὲητοη
2934 5497 2970 5549 Α
2982 5507 3103 5552 ntea
3131 5498 3330 5554 editum
3347 5510 3464 5555 erat
3490 5499 3696 5572 Moyse,

2090 5567 2466 5637 antiquissimo.
2494 5567 2707 5623 Certant
2739 5582 2859 5622 csse
2910 5568 3045 5625 hanc
3076 5581 3313 5625 nostram
3357 5567 3702 5629 emendatio-

2095 5654 2219 5714 nem
2247 5639 2483 5714 ostendit
2525 5640 2677 5714 locus
2708 5656 2775 5714 ex
2804 5640 3034 5714 epistola
3089 5656 3261 5714 Lxxut
3292 5640 3551 5714 Cypriani
3578 5660 3592 5696 :
3625 5644 3707 5697 illi

2099 5711 2215 5778 quia
2233 5711 2348 5793 jam
2364 5711 2488 5783 legis
2509 5720 2556 5767 et
2588 5709 2763 5783 Moysi
2792 5709 3199 5783 antiquissimum
3226 5709 3482 5784 baptisma
3503 5718 3717 5787 fuerant

2102 5792 2334 5838 assecuti.
