4262 6236
716 240 853 311 1137

1641 281 1649 292 -
1705 245 2013 322 Atreum
2053 255 2256 319 LIBER
2294 245 2383 317 DE
2428 255 2974 327 REBAPTISMATE.
3032 288 3043 303 ~

3872 279 4008 335 H88

713 372 914 441 Spiritu
944 383 1130 429 sancto
1170 375 1419 448 baptizati
1447 381 1572 436 sint.
1605 379 1735 436 Nam
1780 393 1834 439 ct
1863 389 2080 458 proprie
2107 390 2157 443 in
2183 391 2296 460 ipso
2322 375 2377 434 Α
2407 388 2582 436 utrum
2611 398 2834 439 censeas
2861 385 3086 440 salutem
3120 387 3425 458 percepisse
3449 403 3595 456 eum,
3626 403 3727 446 nec
3754 405 3821 447 ne
3843 408 3856 444 :
3879 407 4013 462 quo-

713 466 831 520 solo
861 477 1048 521 sancto
1087 468 1287 538 Spiritu
1333 471 1582 542 baptizati
1625 485 1751 530 sunt
1800 479 1888 546 qui
1938 480 2306 548 crediderunt,

712 559 833 626 quia
863 557 1098 614 Joannes
1145 561 1399 618 discrevit
1443 576 1496 619 et
1527 565 1678 632 dixit,
1712 568 1899 626 dicens
1922 587 1979 628 se
2009 573 2222 644 quidem
2257 576 2310 631 in

713 669 848 722 aqua
879 653 1172 725 baptizare,
1199 671 1481 715 venturum
1514 675 1694 720 autem
1722 666 1814 738 qui
1845 669 1897 723 in
1928 670 2133 740 Spiritu
2182 686 2309 727 san-

712 754 798 797 clo
828 745 1058 816 baptizet
1104 752 1272 818 gratia
1298 763 1354 807 et
1383 755 1574 811 virtute
1632 759 1720 814 Dei
1761 771 1884 816 sunt
1914 773 1967 818 et
1997 763 2101 818 hoc
2131 775 2185 820 et
2212 783 2308 822 oc-

712 837 854 892 culta
886 842 1144 911 largiente
1165 856 1219 899 et
1245 859 1523 915 operante,
1560 851 1906 910 nihilominus
1934 866 2114 912 autem
2146 860 2308 914 etiam

712 932 763 985 in
793 932 1123 1003 Baptismate
1175 941 1395 1008 spiritus
1425 955 1480 997 et
1519 957 1692 1015 aquae,
1735 959 1997 1017 praeterea
2045 955 2208 1008 etiam
2255 955 2309 1008 in

719 1028 1048 1098 Baptismate
1072 1032 1290 1102 spiritus
1319 1037 1372 1090 in
1417 1039 1676 1108 sanguine
1715 1045 1936 1113 proprio
1971 1045 2310 1117 uniuscujus-

711 1139 837 1192 que,
896 1123 1033 1178 sicut
1067 1126 1342 1183 declarant
1386 1130 1539 1186 nobis
1588 1145 1789 1190 sancta:
1829 1137 2148 1207 Scriptum,
2181 1155 2312 1210 qua-

711 1231 826 1269 rum
857 1232 951 1286 per
975 1217 1181 1288 singula
1208 1237 1435 1291 quaeque
1463 1238 1651 1279 eorum
1678 1242 1800 1298 quae
1839 1230 2208 1287 enarrabimus
2234 1233 2312 1287 af-

713 1310 953 1364 l‘eremus
975 1314 1286 1382 perspicuas
1307 1315 1671 1384 probationes.

784 1403 870 1458 Ill.
904 1406 985 1460 Ad
1015 1424 1132 1476 quas
1158 1410 1294 1465 forte
1324 1421 1398 1477 tu,
1427 1414 1516 1482 qui
1547 1430 1743 1470 novum
1767 1415 1894 1487 quid
1916 1419 2150 1488 inducis,
2183 1435 2312 1478 con-

712 1500 860 1554 tinuo
915 1502 1257 1572 impatienter
1304 1508 1652 1577 respondeas,
1709 1520 1769 1565 ut
1819 1513 1982 1581 soles,
2028 1513 2230 1572 dixisse
2257 1517 2311 1572 in

713 1593 1008 1664 Evangelio
1039 1596 1320 1652 Dominum
1351 1616 1363 1651 :
1397 1599 1516 1654 Nisi
1537 1603 1648 1671 quis
1671 1603 1840 1658 denuo
1881 1618 2032 1660 natus
2061 1609 2215 1678 fuerit
2250 1625 2312 1663 ea:

710 1704 844 1756 aqua
866 1698 912 1741 et
941 1687 1166 1758 Spiritu,
1199 1707 1297 1744 non
1324 1702 1484 1761 potest
1504 1695 1719 1749 introire
1737 1698 1789 1751 in
1816 1715 2024 1770 regnum
2066 1702 2310 1755 caelorum

2413 477 2553 531 niam
2599 477 2812 548 quidem
2844 488 2898 534 et
2942 479 3043 550 ipsi
3067 479 3311 551 Apostoli
3343 490 3398 537 et
3428 481 3697 552 discipuli,
3726 483 3818 555 qui
3850 485 4012 540 etiam

2412 571 2547 626 alios
2591 571 2950 642 baptizabant,
3008 577 3098 645 qui
3149 577 3310 631 etiam
3345 592 3374 631 a
3431 577 3662 633 Domino
3717 573 4008 650 baptizati,

2414 676 2516 716 non
2573 664 2751 717 statim
2811 665 3068 729 Spiritum
3111 675 3357 722 sanctum
3399 669 3707 738 acceperint
3729 671 3832 740 ‘qui
3879 687 4016 727 non-

2413 756 2538 808 dum
2589 764 2724 823 erat,
2783 757 2903 826 quia
2954 755 3110 812 Iesus
3178 759 3413 813 nondum
3471 758 3645 815 fuerat
3691 761 4017 819 clariﬁcatus

2415 847 2697 917 (laurum,
2722 848 2814 920 59)
2840 868 2854 900 :
2883 849 2978 904 sed
3010 857 3129 920 post
3159 853 3610 908 resurrectionem
3636 853 3749 924 ejus
3777 871 3877 911 nec
3900 871 4019 912 mo—

2412 942 2588 997 dicum
2623 942 2960 997 intervallum
2992 944 3248 1014 temporis
3270 960 3373 1014 quo
3404 943 3456 999 id
3476 955 3684 1016 gestum
3711 957 3812 1014 est,
3847 949 4021 1004 inter-

2413 1036 2659 1091 cesserit.
2687 1036 2853 1091 Sicuti
2888 1047 2942 1092 et
2968 1049 3091 1092 cum
3122 1037 3376 1108 baptizati
3416 1049 3542 1094 sunt
3569 1056 3597 1092 a
3641 1039 3887 1113 Philippo
3914 1042 4023 1098 Sa—

2413 1129 2685 1194 maritani,
2701 1130 2873 1187 donec
2897 1130 3193 1188 Samariam
3220 1131 3395 1206 rogati
3421 1134 3489 1190 ab
3511 1132 3847 1191 Hierusalem
3871 1139 4026 1209 Apo-

2414 1223 2538 1278 stoli
2590 1223 2985 1281 descenderent
3027 1225 3092 1281 ad
3137 1225 3292 1293 illos,
3325 1238 3386 1283 ut
3414 1230 3494 1283 eis
3523 1244 3745 1285 manum
3778 1231 4027 1300 impone—

2415 1323 2539 1370 rent
2566 1327 2622 1370 et
2647 1316 2908 1387 Spiritum
2953 1327 3199 1374 sanctum
3242 1334 3340 1388 per
3387 1335 3583 1376 manus
3614 1323 4026 1392 impositionem

2415 1408 2470 1462 in
2509 1423 2606 1464 eos
2655 1410 2968 1465 conferrent
3026 1428 3040 1465 :
3095 1411 3350 1482 quoniam
3397 1413 3495 1468 illo
3543 1415 3834 1470 intervallo
3886 1427 4028 1473 tem-

2414 1501 2563 1571 poris
2602 1501 2797 1572 aliquis
2825 1518 3010 1559 eorum
3047 1517 3152 1559 non
3179 1505 3404 1576 adeptus
3435 1505 3697 1578 Spiritum
3734 1520 3982 1565 sanctum
4005 1555 4026 1580 ,

2413 1607 2588 1653 morte
2618 1599 2789 1670 potuit
2829 1599 3097 1670 intercipi,
3125 1608 3180 1656 et
3214 1600 3561 1657 defraudatus
3589 1604 3762 1672 gratia
3791 1603 4027 1676 Spiritus

2415 1689 2587 1748 sancti
2627 1689 2865 1764 defungi.
2889 1691 3044 1761 Quod
3075 1691 3334 1748 hodierna
3364 1709 3579 1766 quoque
3606 1691 3695 1750 die
3717 1712 3826 1751 non
3849 1706 4030 1768 potest

711 1779 889 1851 (Jama.
920 1799 996 1848 ut,
1028 1785 1082 1850 5,
1107 1784 1185 1856 5).
1215 1787 1288 1840 Ex
1313 1804 1418 1858 quo
1441 1790 1725 1846 manifeste
1750 1806 1994 1864 apparet,
2028 1795 2106 1850 illi
2133 1796 2310 1865 Bapti-
2337 1774 2387 1835 Β
2419 1786 2650 1842 dubitari
2681 1799 2801 1842 esse
2850 1789 3103 1842 usitatum
3147 1796 3202 1842 et
3243 1788 3464 1844 evenire
3493 1789 3736 1855 solitum,
3765 1799 3823 1844 ut
3863 1791 4031 1860 pleri—

709 1890 823 1928 stna
850 1877 1019 1930 solum
1041 1877 1321 1947 prodesse,
1347 1881 1431 1934 cui
1455 1885 1806 1950 possitetiam
1835 1887 2069 1957 Spiritus
2095 1897 2313 1952 sanctus

711 1969 886 2024 inesse
915 1989 927 2024 :
962 1986 1122 2038 super
1166 1973 1338 2042 ipsum
1383 1977 1527 2029 enim
1577 1978 1884 2044 Dominum,
1913 1995 2040 2036 cum
2069 1983 2310 2052 baptiza—

711 2073 879 2127 retur,
927 2063 1182 2132 Spiritum
1261 2076 1503 2122 sanctum
1572 2071 1944 2142 descendisse,
1999 2074 2313 2147 factumque

710 2157 828 2225 ejus
875 2168 1035 2228 atque
1083 2159 1282 2214 dictum
1329 2163 1532 2230 pariter
1557 2179 1857 2236 congruere
1879 2211 1894 2234 ,
1920 2183 2019 2223 nec
2071 2169 2176 2222 alia
2202 2169 2312 2224 ulla

709 2252 918 2307 ratione
934 2253 1246 2324 mysterium
1266 2256 1407 2311 istud
1438 2274 1593 2326 posse
1613 2261 1931 2317 consistere.
1958 2262 2055 2318 Cui
2085 2279 2314 2336 respon-

711 2363 772 2400 so
803 2363 962 2401 nemo
993 2358 1236 2402 nostrum
1256 2349 1390 2404 adeo
1414 2351 1482 2405 ita
1515 2352 1732 2408 insanus
1765 2357 2036 2425 reperitur
2063 2369 2156 2413 aut
2178 2373 2311 2414 con-

715 2452 916 2507 tumax,
950 2451 1010 2497 ut
1035 2442 1229 2497 audeat
1257 2454 1444 2499 contra
1492 2444 1571 2499 fas
1597 2457 1689 2502 aut
1717 2457 1900 2503 contra
1949 2464 2137 2506 verum
2182 2468 2312 2508 con-

714 2535 1007 2601 tradicere;
1037 2537 1247 2592 scilicet
1297 2540 1460 2594 rebus
1503 2542 1726 2613 integris
1753 2552 1812 2598 et
1855 2546 2003 2600 omni
2050 2547 2209 2602 modo
2237 2551 2311 2603 ita

714 2636 766 2688 in
794 2635 1034 2690 Ecclesia
1054 2635 1309 2704 gerundis
1336 2647 1394 2691 et
1417 2639 1710 2694 secundum
1743 2642 2038 2710 discipiinze
2063 2645 2312 2700 ordinem

715 2738 968 2797 perpetuo
1011 2743 1040 2781 a
1065 2728 1223 2782 nobis
1252 2729 1620 2788 observandis.
1656 2733 1763 2788 Sed
1788 2736 1832 2788 si
1861 2736 1913 2790 in
1945 2737 2134 2792 eodem
2160 2739 2312 2794 No'vo

714 2822 1201 2890 ’l‘estameutohazc
1235 2837 1353 2891 quae
1381 2824 1433 2877 in
1474 2826 1578 2880 isto
1611 2827 1833 2897 negotio
1859 2827 2313 2898 deprehendimus

714 2917 964 2985 adunata,
1018 2930 1423 2988 nonnumquam
1479 2923 1825 2990 reperiantur
1870 2923 2101 2994 quodam
2149 2925 2313 2981 modo

715 3011 882 3064 divisa
915 3025 976 3065 ac
1020 3019 1267 3081 separata
1299 3021 1353 3066 et
1379 3015 1606 3083 proinde
1646 3015 1906 3086 disposita
1937 3029 2098 3089 atque
2125 3019 2171 3076 si
2204 3021 2315 3076 sint

714 3102 920 3172 singula
939 3119 953 3164 ;
971 3101 1247 3158 videamus
1268 3113 1444 3158 utrum
1470 3107 1677 3175 possint
1697 3121 1818 3162 esse
1836 3110 2124 3180 aliquando
2143 3113 2309 3167 etiam

716 3169 1056 3265 singulariter
1109 3196 1369 3262 solitaria,
1423 3200 1572 3268 quasi
1623 3215 1727 3256 non
1775 3202 1883 3256 sint
1926 3169 2163 3272 immila,
2215 3169 2383 3260 sedc

717 3297 986 3358 tamquam
1027 3290 1231 3360 integra
1256 3300 1422 3361 atque
1443 3293 1702 3363 perfecta.
1734 3295 1861 3350 Nam
1898 3312 2020 3352 cum
2063 3311 2158 3369 per
2205 3313 2317 3355 ma—

717 3397 818 3436 nus
847 3381 1243 3451 impositionem
1281 3384 1521 3456 episcopi
1553 3387 1710 3442 datur
1739 3392 2031 3462 unicuique
2073 3392 2318 3457 credenti

716 3475 946 3545 Spiritus
996 3488 1240 3544 sanctus,
1283 3477 1425 3533 sicut
1473 3482 1714 3549 Apostoli
1759 3485 1899 3538 circa
1952 3485 2318 3541 Samaritanos

721 3580 838 3638 post
870 3569 1098 3641 Philippi
1125 3571 1396 3642 Baptisma
1435 3588 1653 3628 manum
1695 3573 1776 3628 eis
1823 3576 2151 3646 imponendo
2175 3577 2319 3633 fece-

719 3675 872 3728 runt,-
897 3673 954 3720 et
979 3666 1080 3720 hac
1104 3667 1312 3721 ratione
1348 3668 1606 3737 Spiritum
1630 3679 1873 3724 sanctum
1909 3672 1964 3725 in
2007 3685 2104 3728 eos
2129 3682 2317 3728 contu-

719 3757 894 3812 lerunt
919 3757 1086 3831 (quod
1112 3767 1167 3812 ut
1191 3760 1307 3813 ﬁeri
1349 3770 1552 3829 posset,
1589 3762 1688 3830 ipsi
1721 3776 1819 3832 pro
1869 3763 1950 3818 eis
1994 3777 2314 3833 oravernnt;

721 3852 956 3906 nondum
988 3853 1128 3908 enim
1161 3869 1326 3923 super
1365 3869 1686 3926 quemquam
1733 3872 1919 3912 eorum
1966 3858 2320 3916 descenderat

719 3945 967 4013 Spiritus,
1029 3955 1231 4000 tantum
1287 3955 1464 4002 autem
1522 3947 1776 4019 baptizati
1817 3960 1971 4005 erant
2017 3951 2072 4006 in
2103 3954 2320 4009 nomine

721 4039 930 4093 Domini
963 4035 1117 4109 .lesu)
1149 4040 1405 4096 Dominus
1434 4055 1649 4112 quoque
1701 4054 1889 4099 noster
1914 4055 2034 4115 post
2077 4059 2320 4104 resurre-

720 4134 976 4201 ctionem,
1005 4151 1128 4189 cum
1157 4134 1485 4191 insuftiasset
1513 4148 1566 4192 et
1591 4138 1818 4193 dixisset
1860 4141 2133 4208 Aposto’lis
2159 4142 2269 4196 suis
2303 4159 2316 4196 :

721 4229 948 4300 Accipite
970 4231 1221 4302 Spiritum
1247 4242 1480 4286 sanctum
1517 4230 1696 4305 (Joan.
1731 4247 1827 4299 xx,
1852 4232 1973 4303 22),
2005 4235 2075 4289 ita
2103 4235 2321 4290 demum

723 4326 951 4396 largitus
976 4325 1054 4382 eis
1079 4325 1336 4396 Spiritum
1369 4335 1635 4382 sanctum.

795 4418 882 4472 IV.
916 4419 1049 4473 Cum
1104 4420 1173 4472 ita
1230 4419 1521 4486 invenitur,
1553 4419 1682 4490 quid
1729 4421 1854 4484 tibi,
1906 4422 2114 4488 frater,
2171 4423 2324 4479 vide-

723 4514 846 4566 tur?
871 4513 929 4568 Si
955 4495 1071 4583 quis
1099 4527 1206 4568 non
1239 4514 1306 4568 ab
1338 4513 1599 4585 episcopo
1623 4514 1945 4583 baptizatus,
1979 4516 2048 4569 ita
2083 4523 2138 4570 ut
2167 4518 2210 4571 si
2264 4518 2316 4572 in

721 4609 1016 4664 continenti
1041 4610 1200 4663 etiam
1230 4624 1420 4664 manus
1449 4609 1498 4662 ei
1527 4609 1834 4680 imponatur
1856 4651 1868 4672 ,
1900 4610 2209 4682 priusquam
2243 4622 2321 4668 ta-

2418 1895 2522 1951 que
2557 1888 2680 1950 post
2711 1879 2984 1951 Baptisma
3033 1881 3151 1937 sine
3187 1880 3532 1951 impositione
3569 1897 3760 1937 manus
3785 1882 4030 1952 episcopi

2417 1975 2485 2031 de
2529 1975 2727 2030 smculo
2775 1984 2990 2039 exeant,
3020 1983 3076 2029 et
3103 1984 3285 2029 tamen
3323 1989 3423 2044 pro
3470 1973 3730 2044 perfectis
3777 1973 4031 2031 ﬁdelibus

2419 2069 2704 2123 habentur.
2750 2066 2918 2122 Sicuti
2964 2067 3216 2138 Ethiops
3242 2068 3524 2125 eunuchus
3551 2085 3674 2124 cum
3726 2069 3928 2126 rediret
3959 2069 4031 2126 ab

2419 2161 2758 2217 Hierusalem
2816 2171 2869 2216 et
2909 2161 3115 2232 legeret
3144 2163 3459 2233 prophetam
3488 2161 3702 2219 Esaiam
3732 2173 3782 2219 et
3805 2164 4035 2220 haesita—

2418 2268 2521 2324 rat,
2554 2263 2878 2328 suggerente
2919 2255 3146 2325 Spiritu,
3200 2253 3380 2310 audita
3425 2255 3654 2312 veritate
3697 2271 3729 2311 a
3770 2255 4035 2328 Philippo

2415 2351 2642 2407 diacono
2668 2349 2899 2407 credidit
2921 2360 2978 2406 et
3005 2351 3305 2419 baptizatus
3340 2361 3423 2404 est
3453 2350 3594 2419 (Act.
3633 2349 3751 2421 vui)
3779 2368 3790 2403 :
3825 2360 3881 2405 et
3903 2366 4032 2405 cum

2417 2443 2749 2502 ascendisset
2767 2445 2832 2501 de
2848 2461 3005 2516 aqua,
3035 2445 3261 2516 Spiritus
3283 2443 3490 2505 Domini
3507 2442 4028 2515 rapuitPhilippum,

2417 2547 2471 2594 'et
2502 2555 2607 2595 non
2633 2539 2767 2596 vidit
2793 2555 2914 2596 eum
2930 2541 3039 2611 jam
3064 2555 3205 2595 nunc
3239 2539 3468 2610 amplius
3499 2538 3801 2594 eunuchus.
3834 2539 4036 2596 Abibat

2417 2635 2562 2687 enim
2609 2634 2749 2687 viam
2803 2645 2953 2692 suam
2986 2631 3226 2705 gaudens
3279 2633 3554 2702 quoniam,
3602 2641 3660 2686 ut
3689 2631 4043 2688 animadver-

2417 2727 2507 2791 tis,
2535 2727 2787 2796 imposita
2819 2728 2868 2782 ei
2897 2741 3088 2781 manus
3117 2741 3222 2780 non
3254 2735 3338 2782 est
3377 2726 3444 2780 ab
3467 2724 3724 2796 episcopo
3774 2734 3832 2781 ut
3858 2725 4043 2797 Spiri-

2415 2829 2530 2874 tum
2562 2829 2808 2875 sanctum
2835 2821 3122 2892 acciperet.
3154 2819 3309 2888 Quod
3330 2819 3376 2875 si
3401 2817 3505 2875 hoc
3532 2819 3774 2876 admittis
3801 2829 3856 2874 et
3885 2821 4040 2876 salu-

2417 2923 2532 2968 tare
2561 2929 2683 2969 esse
2706 2912 2917 2981 credis,
2961 2926 3063 2970 nec
3099 2913 3341 2984 opinioni
3369 2914 3610 2969 omnium
3667 2913 3908 2970 fidelium
3941 2931 4038 2972 re-

2415 2988 2662 3076 frogaris,
2715 3021 2934 3062 necesse
2964 3013 3048 3061 est
3089 3003 3422 3072 conﬁtearis,
3457 3005 3687 3077 proinde
3734 3018 3915 3063 autem
3950 3016 4040 3063 at-

2416 3111 2520 3169 que
2551 3099 2654 3155 hoc
2684 3100 2842 3154 latius
2883 3107 3117 3155 tractatu
3165 3099 3431 3172 procedit,
3475 3103 3640 3156 etiam
3695 3099 3828 3156 illud
3877 3100 4044 3156 aliud

2417 3189 2574 3246 latius
2600 3206 2758 3262 posse
2783 3195 3084 3248 consistere
3111 3210 3124 3246 :
3157 3192 3211 3248 id
3252 3203 3358 3261 est,
3390 3201 3450 3248 ut
3477 3206 3575 3262 per
3615 3193 3786 3247 solam
3831 3208 4049 3253 manus

2419 3284 2817 3355 impositionem
2873 3285 3137 3357 episc0pi,
3194 3285 3318 3356 quia
3378 3283 3645 3357 Baptisma
3699 3284 3752 3338 in
3802 3286 4049 3342 nomine

2419 3383 2545 3440 Jesu
2601 3381 2795 3439 Christi
2854 3381 3064 3436 Domini
3117 3379 3288 3436 nostri
3339 3379 3642 3451 praecessit,
3698 3379 3867 3448 possit
3910 3379 4047 3437 alio

2421 3479 2627 3534 homini
2693 3475 2973 3548 pmnitenti
3043 3484 3202 3546 atque
3262 3474 3501 3531 credenti
3565 3474 3727 3530 etiam
3787 3475 4049 3542 Spiritus

2421 3583 2638 3629 sanctus
2678 3569 2868 3638 tribui;
2908 3570 3160 3640 quoniam
3200 3583 3296 3625 eos
3343 3571 3431 3640 qui
3482 3565 3532 3623 in
3588 3567 3856 3625 Christum
3901 3586 4054 3632 cre-

2421 3666 2816 3732 dituriessent,
2845 3663 3122 3735 Scriptura
3173 3670 3360 3718 sancta
3408 3661 3659 3732 praedixit
3702 3683 3714 3719 :
3761 3664 4055 3737 Oportere

2421 3763 2473 3818 in
2495 3762 2701 3830 Spiritu
2741 3759 3000 3830 baptizari
3037 3776 3049 3812 :
3081 3759 3156 3812 ita
3187 3767 3242 3812 ut
3267 3767 3319 3811 et
3347 3758 3403 3811 hi
3434 3775 3652 3830 quoque
3674 3775 3778 3816 non
3807 3761 4060 3820 videan-

2422 3867 2509 3911 tur
2539 3857 2716 3910 minus
2756 3851 2953 3923 aliquid
2995 3847 3200 3906 habere
3230 3865 3389 3921 quam
3419 3851 3498 3904 illi
3529 3851 3620 3922 qui
3650 3851 3867 3922 perfecti
3898 3865 4056 3912 sunt

2422 3950 2700 4007 christiani
2727 3995 2740 4018 ,
2789 3961 2857 4002 ne
2909 3959 3135 4002 necesse
3183 3945 3253 3998 sit
3298 3949 3464 4015 quzcri
3493 3945 3653 4016 quale
3681 3947 3806 4001 illud
3845 3947 4060 4018 bapu-

2422 4062 2536 4100 sma
2560 4043 2723 4099 fuerit
2751 4040 2893 4112 quod
2943 4039 2997 4093 in
3027 4039 3244 4092 nomine
3272 4037 3398 4092 Jcsu
3439 4037 3640 4092 Christi
3684 4049 3803 4094 sunt
3829 4055 4058 4099 consc-

2423 4141 2552 4196 cuti.
2578 4137 2694 4193 Nisi
2749 4134 2887 4192 forte
2941 4135 2992 4187 in
3049 4133 3142 4189 illo
3193 4146 3406 4202 quoque
3458 4132 3738 4202 superiore
3790 4141 4059 4194 tractatu

2423 4236 2564 4288 circa
2615 4246 2709 4287 eos
2746 4229 2833 4299 qui
2879 4225 3252 4282 tantummodo
3305 4226 3359 4279 in
3392 4226 3609 4280 nomine
3658 4224 3850 4281 Christi
3889 4226 4058 4286 Iesu

2423 4326 2672 4398 baptizati
2723 4322 2941 4390 fuerint,
2975 4331 3178 4375 statuas
3209 4320 3367 4375 etiam
3416 4321 3532 4375 sine
3585 4320 3786 4392 Spiritu
3831 4334 4059 4382 sancto

2425 4435 2582 4492 posse
2610 4419 2788 4475 salvos
2819 4417 2953 4484 ﬁeri,
3004 4425 3097 4469 aut
3141 4429 3246 4468 non
3291 4414 3391 4469 hac
3439 4415 3552 4469 sola
3593 4415 3817 4480 ratione,
3846 4419 3958 4473 sed
3989 4420 4059 4475 ‘si

2423 4532 2521 4587 per
2552 4530 2739 4571 manus
2783 4511 3182 4581 impositionem
3231 4509 3466 4580 episcopi
3490 4508 3744 4580 Spiritum
3775 4522 4058 4570 Sanctum

2429 4623 2720 4667 consuesse
2768 4605 3032 4677 prwstari,
3073 4611 3166 4657 aut
3199 4603 3358 4656 etiam
3389 4618 3494 4656 non
3535 4603 3842 4674 episcopum
3875 4603 4056 4664 dicas

724 4719 848 4759 tuen
901 4704 1128 4774 accipiat
1193 4704 1452 4775 Spiritum
1505 4713 1748 4759 Sanctum
1785 4703 1950 4759 fuerit
1993 4701 2277 4762 defunctus
2300 4753 2314 4776 ,
2344 4701 2397 4762 D
2423 4704 2682 4775 Spiritum
2710 4707 2955 4755 sanctum
2984 4694 3200 4752 solitum
3232 4709 3353 4751 esse
3389 4694 3596 4767 largiri.

2063 4913 2427 4974 VARIORUM
2455 4912 2686 4972 ΝΟΤιιΕ.

793 5051 878 5113 Ill.
906 5087 972 5096 —
1004 5052 1365 5109 Descenderat.
1398 5053 1474 5110 Ita
1505 5051 1770 5123 Rigaltius
1797 5061 1851 5107 et
1879 5051 2081 5108 Fellus.
2128 5054 2198 5108 At
2219 5053 2320 5108 Ba-

724 5133 894 5186 luzius
925 5127 1202 5182 deciderat.

792 5221 919 5278 Cum
944 5223 1015 5274 ita
1040 5221 1308 5274 invenitur.
1359 5219 1696 5275 Oxonienses
1745 5227 1865 5289 post
1909 5217 2199 5286 Rigaltium
2242 5219 2322 5274 sic

720 5295 1074 5362 distinguunt.
1121 5292 1371 5366 Bajuzius
1418 5291 2211 5372 ve_ro_:ita_demu‘m.tttrgitus.
2249 5293 2322 5345 eis

723 5367 977 5433 Spiritum
1025 5361 1259 5418 sanctum
1309 5380 1420 5417 cum
1458 5364 1529 5416 ita
1555 5363 1825 5433 invenitur.
1856 5361 1964 5418 Sed
1995 5361 2322 5418 in'lectione

719 5432 1008 5492 Baluziana
1043 5438 1330 5507 repetitum
1361 5437 1433 5487 ita
1462 5436 1660 5506 frigere
1693 5432 1921 5490 videtur.

792 5530 888 5610 IV.
909 5563 978 5574 ——
998 5537 1043 5610 Α
1073 5532 1297 5610 Domino
1339 5531 1604 5610 baptiznti,
1639 5530 1713 5610 Ita
1917 5528 2324 5610 Bigaitiattanet

717 5603 1059 5661 Oxoniensis.
1120 5603 1371 5658 Baluzius
1393 5597 1412 5662 ,⁷
1439 5619 1471 5652 a
1503 5603 1734 5669 Domino
1767 5602 1870 5658 sint
1918 5597 2183 5669 baptismi.
2220 5597 2323 5655 Ubi

715 5671 928 5736 qUidem
954 5680 1056 5734 sint
1088 5675 1451 5744 impormmn
1475 5675 1748 5761 conﬁcio.

782 5757 1018 5830 Nondum
1044 5779 1173 5822 erat.
1212 5762 1477 5829 Exciderit
1499 5757 1751 5861 {optasse
1775 5765 1994 5825 librario
2020 5777 2126 5824 vox
2153 5772 2326 5832 datus,

2419 5070 2539 5126 quae
2590 5051 2899 5132 necessario
2949 5046 3198 5132 addenda
3247 5045 3464 5132 videtur
3493 5062 3558 5132 ei;
3589 5047 3799 5132 vulgato
3847 5049 4060 5132 inter-

2421 5120 2934 5200 prete._At__eadem
2995 5122 3207 5175 ratione
3253 5120 3450 5200 citatur
3501 5120 3586 5173 hic
3652 5121 3800 5176 locus
3861 5123 4056 5196 intra,

2417 5190 2540 5268 cap.
2573 5196 2663 5252 M.
2693 5195 2793 5252 Ubi
2825 5193 3012 5248 videas
3048 5201 3230 5247 notam
3260 5190 3626 5246 Baluzianam.

2491 5291 2770 5358 Quoniam.
2807 5287 3100 5357 Rigaltium
3137 5283 3419 5354 sequimur
3457 5295 3513 5340 et
3542 5283 3904 5346 Oxonienses
3931 5289 4061 5346 Ba-

2427 5365 2534 5420 luz.
2565 5363 2641 5416 vel
2677 5361 2941 5432 quoniam.

2500 5456 2756 5524 Quoniam
2793 5462 2846 5507 ut
2893 5450 3276 5505 animadvertis.
3311 5447 3597 5506 Assentior
3651 5453 3872 5510 erudito
3915 5457 4056 5514 vim

2425 5532 2517 5600 qui
2548 5531 2754 5582 monuit
2783 5525 3072 5596 legendum
3105 5537 3230 5578 esse
3259 5537 3585 5592 quamquam.

2502 5623 2601 5678 Ne.
2631 5622 2757 5677 Haec
2808 5631 2862 5677 et
2919 5619 3076 5677 lectio
3129 5612 3326 5688 Rigalt.
3359 5627 3412 5673 et
3453 5617 3628 5676 Oxon.
3659 5619 3918 5680 Baluzius
3959 5636 4051 5682 ta~

2429 5713 2548 5753 men
2575 5711 2662 5750 nec
2681 5693 2827 5764 legit.
