4262 6236
307 276 444 350 iiso

1287 294 1598 356 ANONYMI
1635 291 1843 355 LIBER
1883 291 1972 354 DE
2012 289 2560 355 REBAPTISMATE.

3459 297 3596 355 1190

373 435 438 488 γ.
474 427 624 500 Quod
673 433 717 488 si
760 433 833 490 ita
879 443 983 500 est,
1014 445 1068 490 et
1101 445 1281 506 potest
1324 438 1526 510 aliquid
1561 439 1749 494 horum
1778 453 1903 494 eve-
1929 437 1981 498 Α
2010 436 2237 492 fuissent
2286 437 2566 505 baptizati,
2606 437 2741 492 sicut
2785 445 2838 491 et
2881 434 2978 506 ipsi
3011 427 3274 504 Apostoli,
3308 434 3397 505 qui
3423 444 3601 490 tamen

298 529 456 583 nicns
485 528 716 583 salutem
777 527 981 583 homini
1030 529 1271 586 credenti
1324 547 1430 586 non
1491 532 1801 603 praeripere,
1852 541 1906 588 tu

300 635 518 690 quoque
567 620 681 689 ipse
749 622 943 674 annuis
1007 623 1257 693 quoniam
1339 624 1500 679 modo
1572 624 1905 679 dimidiatum

302 719 360 766 et
407 726 512 766 non
583 721 636 765 ut
710 711 1026 778 contendis,
1086 724 1513 770 consummatum
1592 717 1906 788 mysterium

301 803 448 869 lidei,
482 818 584 872 qua
617 804 914 858 necessitas
945 805 1254 871 intervenit,
1281 808 1508 863 salutem
1535 808 1772 864 adimere
1801 824 1906 864 non

303 909 461 965 posse
489 891 732 950 credenti
775 906 829 950 et
859 897 1138 965 pmnitenti
1172 898 1397 954 homini.
1427 902 1534 955 Aut
1563 902 1608 956 si
1636 902 1771 956 dicis
1809 902 1908 956 hu-

299 987 537 1058 jusmodi
579 988 852 1044 hominem
899 990 1104 1045 salvum
1138 1008 1244 1047 non
1287 1008 1446 1064 posse
1489 996 1626 1060 lieri,
1659 995 1907 1051 omnibus

305 1082 580 1153 episcopis
608 1084 834 1138 salutem
867 1083 1174 1151 adimimus,
1207 1102 1342 1157 quos
1372 1089 1441 1143 ita
1471 1071 1723 1158 periculis
1749 1104 1908 1159 quant

305 1177 624 1232 certissimis
663 1177 918 1249 astringis
949 1187 1007 1233 ut
1036 1180 1285 1236 omnibus
1325 1183 1627 1238 hominibus
1669 1183 1759 1254 qui
1808 1182 1908 1238 sub

306 1285 433 1323 cura
467 1284 652 1325 eorum
677 1280 862 1340 agunt,
891 1281 944 1326 et
975 1271 1074 1326 hac
1102 1283 1261 1344 atque
1292 1274 1415 1329 illac
1444 1274 1702 1346 dispersis
1729 1276 1908 1346 regio-

306 1363 465 1416 nibus
494 1362 731 1432 ipsortim
763 1363 1121 1431 intirmantur,
1155 1382 1252 1437 per
1273 1371 1592 1439 semetipsos
1621 1369 1909 1424 subvenire

306 1454 572 1516 debeant;
624 1449 748 1526 quia
779 1457 962 1512 caeteri
1006 1457 1252 1513 homines
1298 1461 1535 1516 minores
1575 1460 1786 1514 clericis
1818 1459 1909 1531 qui

305 1549 712 1622 periclitantur,
761 1539 864 1606 hoc
912 1545 1053 1607 idem
1109 1565 1367 1622 praestare
1408 1570 1513 1609 non
1555 1554 1802 1624 possint:
1841 1570 1909 1610 ne

306 1645 525 1716 sanguis
565 1660 753 1699 eorum
803 1644 892 1716 qui
939 1646 1087 1701 vacui
1117 1645 1184 1702 de
1210 1648 1410 1702 smculo
1439 1649 1621 1702 exisse
1651 1646 1910 1702 videbun-

307 1748 415 1807 tur,
447 1739 511 1795 de
559 1755 717 1794 manu
757 1740 1135 1810 episcoporum
1169 1755 1390 1796 necesse
1434 1738 1632 1796 habeat
1679 1739 1905 1810 requiri.

306 1832 475 1888 Porro
496 1842 706 1900 autem,
740 1842 798 1887 ut
825 1848 928 1888 non
987 1833 1262 1904 ignoratis,
1294 1831 1909 1900 credentibushomini-

2010 543 2198 584 omnes
2247 529 2528 583 Dominum
2584 540 2742 584 nocte
2790 545 2892 598 qua
2920 521 3289 598 apprehensus
3317 537 3402 582 est
3444 529 3601 582 dese-

2010 621 2245 677 seruisse
2287 622 2626 676 inveniuntur
2661 639 2673 674 :
2705 631 2759 675 et
2805 620 2895 675 ille
2941 619 3056 690 ipse
3098 620 3187 690 qui
3233 617 3491 690 gloriatus
3519 631 3605 675 est

2009 724 2478 783 perseveraturum
2509 714 2648 769 sein
2709 729 2804 768 sua
2857 711 2958 766 lide
2991 711 3179 767 l’etrus
3232 721 3286 767 et
3339 709 3602 769 adversus

2010 807 2174 876 ipsius
2205 803 2412 861 Domini
2445 806 2758 876 prtedictum
2801 803 3222 860 obsunatissime
3265 805 3602 876 repugnavit,

2010 908 2284 972 postremo
2332 912 2508 956 tamen
2569 911 2677 954 tmn
2723 901 2898 969 ipsum
2940 897 3183 968 negavit;
3245 907 3299 952 ut
3357 898 3456 952 hac
3519 913 3606 952 ra-

2012 992 2154 1046 tione
2180 991 2552 1046 ostenderetur
2575 991 2729 1046 nobis
2758 1006 2875 1062 quae
2903 989 3080 1044 medio
3115 999 3353 1060 tempore
3391 1003 3605 1060 quoquo

2011 1083 2172 1140 modo
2215 1094 2598 1139 contraxerant
2643 1081 2855 1148 delicta,
2908 1082 3095 1138 eadem
3143 1081 3260 1138 hare
3295 1083 3348 1136 in
3391 1082 3469 1138 eis
3501 1081 3605 1136 lide

2011 1169 2349 1248 postmodum
2408 1177 2618 1233 sincera
2662 1194 2757 1249 per
2804 1171 3078 1246 Baptisma
3135 1177 3368 1246 Spiritus
3432 1175 3604 1230 sancti

2011 1285 2117 1324 non
2163 1267 2324 1325 dubie
2375 1285 2494 1325 esse
2524 1269 2766 1326 dimissa.
2813 1259 2924 1325 Nec
2971 1269 3099 1338 ulla,
3143 1280 3199 1324 ut
3231 1275 3381 1340 puto,
3410 1269 3514 1324 alia
3539 1285 3606 1324 ex

2009 1379 2170 1418 causa
2202 1362 2446 1434 Apostoli
2476 1361 2558 1418 his
2609 1382 2744 1437 qttos
2797 1366 2847 1419 in
2900 1362 3100 1434 Spiritu
3147 1375 3334 1419 sancto
3360 1361 3604 1434 alloque-

2012 1456 2225 1526 bantur,
2259 1473 2624 1530 praeceperant
2670 1468 2726 1514 ut
2783 1457 2833 1514 in
2866 1460 3082 1515 nomine
3127 1455 3326 1514 Christi
3355 1458 3482 1515 Jesu
3512 1459 3606 1514 ba-

2013 1552 2373 1622 ptizarentur,
2431 1553 2529 1606 nisi
2587 1552 2710 1623 quia
2760 1555 2927 1607 virtus
2981 1553 3214 1607 nominis
3260 1549 3387 1609 Jesu
3443 1567 3606 1621 super

2012 1661 2402 1717 quemcumque
2445 1645 2717 1701 hominum
2749 1643 3076 1718 Baptismate
3103 1647 3368 1714 invocata,
3406 1648 3474 1702 ad
3517 1663 3606 1702 sa-

2012 1739 2174 1794 lutem
2216 1743 2604 1810 assequendam
2647 1758 2753 1796 non
2797 1739 3060 1796 modicam
3117 1739 3521 1812 praerogativam
3553 1740 3602 1797 ei

2012 1836 2100 1903 qui
2154 1834 2516 1904 baptizaretur
2572 1845 2827 1906 praestare
2872 1846 3073 1906 posset,
3105 1836 3260 1892 sicuti
3306 1833 3500 1890 Petrus
3551 1837 3606 1889 in

309 1927 407 1982 bus
447 1928 716 1983 invenitur
745 1927 978 1998 Spiritus
1005 1941 1220 1982 sanctus
1255 1944 1283 1981 a
1333 1925 1563 1982 Domino
1608 1927 1762 1981 datus
1791 1927 1908 1982 sine
1937 1941 1986 2002 B
2017 1928 2162 1981 Actis
2192 1927 2571 1998 Apostolorum
2631 1938 2847 1984 enarrat
2901 1927 3084 1985 dicens
3113 1948 3127 1983 :
3157 1927 3269 1983 Nec
3305 1929 3439 1982 enim
3467 1927 3609 1982 aliud

308 2018 638 2090 Baptismate
664 2035 837 2090 aqum,
870 2020 1006 2074 sicut
1031 2020 1180 2074 Actis
1200 2017 1734 2090 Apostolorumconti
1752 2029 1907 2074 netur

307 2114 362 2168 in
390 2113 533 2168 hunc
582 2113 800 2168 modum
848 2133 860 2168 :
897 2113 1080 2167 Adhuc
1128 2115 1359 2184 loquente
1405 2110 1560 2167 Petro
1599 2113 1747 2166 verba
1777 2111 1903 2180 Itazc,

306 2206 458 2259 irruit
487 2203 714 2277 Spiritus
744 2214 948 2260 sanctus
995 2222 1146 2275 super
1168 2222 1338 2261 omnes
1379 2205 1465 2277 qui
1493 2205 1765 2258 audiebant
1793 2219 1906 2257 ver-

310 2297 426 2352 bum
449 2316 461 2351 :
486 2310 531 2354 et
562 2299 896 2368 obstupefacti
924 2309 1042 2353 sunt
1069 2299 1154 2369 qui
1184 2309 1326 2353 erant
1354 2314 1417 2352 ex
1438 2298 1817 2352 circumcisione
1845 2298 1909 2366 ﬁ-

312 2392 450 2445 deles
466 2401 701 2462 quotquot
722 2392 874 2445 simul
905 2403 1141 2446 venerant
1172 2409 1285 2448 cum
1316 2388 1493 2459 Petro,
1523 2392 1642 2460 quia
1682 2401 1728 2444 et
1757 2408 1910 2460 super

324 2484 509 2540 Gentes
538 2487 726 2540 donum
767 2486 995 2553 Spiritus
1022 2487 1186 2540 sancti
1232 2485 1450 2553 e/fusum
1497 2497 1588 2541 est.
1626 2485 1910 2540 Audiebant

313 2580 448 2632 enim
472 2593 554 2632 eos
586 2579 840 2650 loquentes
867 2579 1056 2649 linguis
1087 2580 1210 2644 suis,
1238 2588 1282 2632 et
1302 2578 1697 2650 magniﬁcubant
1717 2577 1904 2632 Deum.

314 2667 456 2726 Tunc
494 2674 755 2743 respondit
788 2669 974 2728 Petrus
1006 2693 1017 2726 :
1056 2663 1324 2744 Numquid
1354 2675 1536 2744 aliquis
1565 2691 1751 2744 aquam
1793 2691 1911 2745 pro-

311 2768 483 2822 hibere
510 2779 669 2837 potest
695 2779 751 2822 ut
790 2786 890 2824 non
921 2769 1242 2838 baptizeutur
1269 2769 1356 2823 isti
1379 2769 1467 2848 qui
1509 2769 1762 2841 Spiritum
1790 2787 1911 2823 san—

308 2875 449 2919 ctum
475 2873 773 2934 acceperunt
806 2865 932 2918 sicut
961 2874 1008 2918 et
1039 2863 1166 2918 nos?
1195 2861 1261 2916 Et
1284 2863 1523 2934 praecepit
1547 2881 1633 2918 eos
1663 2864 1912 2932 baptizari

307 2959 367 3011 in
381 2959 580 3012 nomine
597 2957 722 3012 Jesu
744 2957 931 3013 Christi
955 2957 1090 3031 (Act.
1107 2974 1158 3021 χ,
1178 2949 1392 3029 44-48).
1416 2956 1565 3012 Sicut
1585 2957 1746 3012 etiam
1772 2953 1913 3011 idem

310 3049 509 3105 Petrus
539 3049 875 3120 postmodum
921 3049 989 3103 de
1035 3047 1241 3104 eisdem
1291 3047 1555 3104 Gentibus
1603 3043 1914 3118 plenissime

309 3137 496 3197 docuit
522 3159 622 3199 nos
653 3141 838 3197 dicens
865 3160 877 3195 :
908 3141 976 3196 Et
1006 3142 1137 3196 nihil
1165 3143 1396 3197 discrevit
1419 3143 1550 3197 inter
1566 3159 1656 3196 nos
1683 3153 1727 3196 et
1755 3143 1910 3212 ipsos,

312 3233 422 3304 ﬁde
447 3233 729 3289 emundatis
755 3235 990 3289 cordibus
1026 3237 1344 3304 eorum(.4ct.
1378 3252 1467 3302 xv,
1500 3231 1579 3306 9).
1611 3235 1784 3305 Atque
1812 3229 1916 3290 hoc

2009 2031 2083 2074 est
2123 2039 2305 2076 nomen
2337 2023 2428 2075 sub
2469 2023 2594 2077 caelo
2635 2025 2772 2092 quod
2798 2025 2973 2078 datum
3000 2034 3072 2079 est
3102 2018 3407 2088 hominibus,
3433 2023 3485 2076 in
3511 2038 3610 2093 quo

2011 2124 2208 2184 oportet
2235 2115 2401 2168 salvos
2428 2116 2539 2183 ﬁeri
2560 2131 2652 2169 nos
2681 2121 2819 2186 (Act.
2856 2132 2928 2182 ιν,
2965 2113 3076 2188 12).
3111 2116 3259 2171 Sicut
3291 2117 3451 2172 etiam
3483 2135 3613 2189 apo-

2011 2205 2181 2260 stolus
2231 2203 2428 2262 Paulus
2474 2209 2648 2275 aperit
2683 2203 2977 2264 ostendens
3024 2210 3148 2281 quia
3182 2211 3326 2266 Deus
3356 2212 3613 2269 exaltavit

2011 2295 2195 2351 Jesum
2244 2297 2531 2351 Dominum
2575 2309 2838 2365 nostrum,
2869 2310 2924 2355 et
2968 2300 3187 2356 donavit
3215 2301 3288 2356 illi
3317 2319 3514 2359 nomen
3541 2304 3608 2360 ad

2013 2389 2116 2444 hoc
2147 2399 2204 2444 ut
2243 2391 2311 2444 sit
2348 2407 2510 2460 super
2554 2407 2716 2447 onme
2762 2408 2993 2461 nomen;
3030 2403 3088 2448 ut
3126 2395 3181 2449 in
3233 2396 3452 2451 nomine
3481 2396 3613 2453 Jesu

2014 2496 2203 2536 clunes
2251 2497 2423 2553 genua
2470 2492 2697 2538 curve‘nt
2750 2485 3050 2540 caelestium
3095 2489 3151 2540 et
3181 2492 3513 2543 terrestrium
3560 2498 3616 2544 et

2015 2573 2370 2640 infernarum,
2395 2585 2448 2629 et
2476 2577 2650 2630 omnis
2673 2577 2849 2648 lingua
2874 2577 3194 2633 conﬁteatur
3208 2581 3328 2649 quia
3357 2581 3614 2649 Dominus

2015 2681 2094 2722 est
2125 2666 2282 2723 Jesus
2320 2669 2371 2722 in
2405 2667 2574 2740 gloria
2606 2670 2779 2725 Patris
2811 2670 3038 2744 (Philip.
3082 2689 3139 2739 ιι,
3189 2671 3367 2746 9-H).
3419 2673 3488 2729 Et
3526 2677 3614 2730 ille

2015 2755 2070 2817 in
2098 2780 2204 2833 quo
2227 2780 2346 2818 cum
2379 2764 2762 2835 baptizaretur,
2799 2767 3104 2822 invocatum
3146 2779 3290 2822 esset
3313 2769 3364 2822 in
3397 2769 3615 2824 nomine

2015 2847 2167 2923 Jesu,
2217 2858 2340 2911 licet
2385 2858 2436 2911 in
2469 2858 2648 2929 aliquo
2697 2874 2882 2914 errore
2941 2869 3386 2932 consequeretur,
3435 2872 3616 2918 tamen

2018 2950 2340 3020 quandoque
2371 2968 2477 3005 non
2524 2951 2905 3021 prohiberetur
2954 2962 3159 3008 rectum
3190 2967 3401 3025 sapere,
3431 2963 3483 3011 et
3529 2971 3616 3010 er-

2018 3059 2194 3098 rorem
2225 3060 2378 3098 suum
2407 3045 2699 3116 corrigere,
2733 3055 2788 3100 et
2815 3044 2881 3100 ad
2910 3041 3210 3101 Ecclesium
3237 3058 3291 3101 et
3319 3047 3385 3102 ad
3417 3049 3620 3118 episco-

2020 3153 2144 3209 pum
2195 3139 2400 3202 venire,
2434 3152 2488 3194 et
2523 3139 2806 3194 sinceriter
2853 3129 3100 3194 conﬁteri
3147 3135 3331 3196 Jesum
3377 3151 3619 3197 nostrum

2019 3247 2201 3286 coram
2249 3229 2590 3298 hominibus;
2622 3245 2678 3288 ut
2709 3243 2835 3288 tunc
2865 3248 2987 3288 cum
3030 3231 3098 3289 ab
3128 3231 3383 3306 episcopo
3411 3236 3460 3291 ei
3508 3252 3622 3291 ma-

312 3342 426 3380 non
456 3326 559 3381 erit
589 3325 810 3381 dubium
847 3327 900 3380 in
931 3326 1132 3396 Spiritu
1164 3338 1352 3382 sancto
1382 3325 1630 3383 homines
1660 3343 1817 3398 posse
1845 3327 1916 3382 si-
1945 3339 1992 3403 ο
2028 3341 2126 3379 nus
2149 3327 2535 3396 imponeretur,
2566 3327 2727 3381 etiam
2756 3326 3016 3399 Spiritum
3048 3338 3291 3383 sanctum
3332 3312 3621 3401 acciperet,

314 3434 388 3474 ne
415 3433 552 3489 aqua
580 3419 860 3490 baptizari,
911 3425 1052 3474 sicut
1074 3418 1464 3474 animadversis
1492 3419 1794 3491 baptizatos
1825 3421 1922 3476 hos

315 3510 468 3582 prius
495 3526 656 3581 quam
680 3527 815 3581 aqua
849 3509 1334 3581 baptizarentmgut
1362 3514 1652 3568 satisiieret
1682 3525 1736 3569 et
1759 3514 1922 3570 Joan-

314 3607 405 3662 nis
429 3616 483 3662 el
509 3607 677 3677 ipsius
709 3608 920 3662 Domini
949 3607 1454 3678 prtedicationibus:
1485 3609 1922 3678 quandoquidem

316 3711 373 3758 et
390 3701 506 3757 sine
521 3719 710 3757 manus
729 3703 1070 3773 impositione
1086 3703 1464 3773 Apostolorum
1481 3712 1536 3758 et
1551 3705 1667 3759 sine
1685 3704 1919 3773 lavacro,

315 3796 465 3868 quod
494 3808 677 3868 postea
705 3797 884 3868 adepti
914 3807 1054 3864 sunt,
1077 3799 1300 3869 gratiam
1325 3799 1923 3868 repromissionisacce-

317 3892 505 3961 perint
538 3910 550 3944 :
583 3902 635 3944 et
661 3891 736 3946 sic
769 3891 926 3962 paulo
952 3901 1076 3947 ante
1107 3891 1410 3945 emundatis
1438 3889 1694 3946 cordibus
1710 3907 1920 3958 eorum,

314 3987 468 4039 Deus
491 4000 587 4054 per
613 3983 770 4040 fidem
805 3986 1041 4055 ipsorum
1070 3986 1232 4040 etiam
1258 3985 1632 4040 remissionem
1670 3995 1924 4055 peccato-

311 4097 441 4134 rum
467 4080 626 4133 simul
654 4080 972 4150 cislargitns
1003 4081 1090 4142 sit,
1126 4090 1183 4134 ut
1210 4078 1313 4134 hoc
1338 4079 1512 4136 solum
1547 4080 1625 4134 eis
1652 4077 1922 4150 Baptisma

308 4172 658 4242 subsequens
677 4173 1002 4242 prsestiterit,
1031 4183 1086 4226 ut
1109 4173 1501 4228 invocalimtem
1520 4187 1732 4242 quoque
1756 4171 1926 4226 nomi-

308 4266 407 4320 nis
433 4264 559 4320 Jesu
582 4265 779 4319 Christi
803 4267 1127 4336 acciperent,
1154 4282 1222 4320 ne
1241 4265 1367 4337 quid
1400 4267 1478 4320 eis
1505 4265 1696 4321 deesse
1719 4265 1928 4321 videre-

308 4370 412 4414 tur
436 4359 502 4411 ad
531 4358 884 4429 integritatem
918 4359 1197 4413 ministerii
1226 4371 1280 4415 et
1308 4357 1454 4414 ﬁdei.

396 4453 488 4510 Vl.
519 4453 669 4522 Quod
691 4455 851 4509 etiam
884 4470 914 4509 c
944 4454 1216 4508 contrario
1261 4455 1431 4508 latere
1478 4461 1730 4508 tractatus
1772 4453 1930 4522 hujus

294 4561 450 4606 sunt
479 4549 748 4604 consecuti
776 4549 875 4618 ipsi
917 4550 991 4603 illi
1017 4548 1264 4618 discipuli
1298 4547 1511 4602 Domini
1541 4547 1733 4613 nostri,
1765 4562 1930 4615 super

2026 3434 2126 3474 nec
2153 3420 2549 3475 invocationem
2579 3421 2720 3476 illam
2746 3421 3028 3491 pristinam
3059 3422 3291 3478 nominis
3319 3422 3445 3478 Jesu
3467 3424 3623 3478 amit-

2028 3521 2185 3575 teret,
2237 3529 2396 3584 quam
2441 3513 2642 3568 nemini
2691 3525 2936 3569 nostrum
2989 3511 3114 3570 licet
3156 3515 3433 3583 damnare,
3459 3533 3622 3589 quum

2028 3604 2145 3659 haec
2183 3604 2323 3659 nuda
2356 3614 2410 3658 et
2449 3605 2734 3676 singularis
2782 3605 2828 3660 si
2882 3605 2934 3660 in
2978 3621 3164 3661 errore
3206 3608 3277 3666 sit
3311 3609 3620 3675 constituta,

2028 3714 2136 3754 non
2171 3705 2350 3768 posset
2373 3695 2440 3751 ad
2471 3696 2697 3751 salutem
2730 3695 3089 3767 praestandam
3117 3695 3399 3766 sufﬁcere;
3428 3717 3494 3756 ne
3526 3703 3627 3758 hac

2029 3792 2237 3846 ratione
2263 3791 2422 3844 etiam
2453 3787 2712 3844 Ethnicos
2737 3799 2791 3844 et
2814 3789 3095 3846 haereticos
3116 3789 3398 3846 abutentes
3428 3805 3626 3850 nomen

2030 3887 2178 3951 Jesu,
2211 3882 2495 3938 credamus
2516 3883 2580 3936 ad
2613 3883 2838 3937 salutem
2879 3883 2995 3937 sine
3035 3897 3161 3937 vera
3188 3898 3249 3939 re
3277 3883 3436 3954 atque
3474 3887 3627 3942 inte-

2029 3997 2122 4051 gra
2147 3994 2304 4049 posse
2336 3978 2635 4048 pervenire.
2667 3977 2836 4043 Quam
2872 3986 3051 4031 tamen
3082 3977 3476 4034 invocationem
3532 3995 3629 4035 no-

2032 4071 2192 4127 minis
2217 4071 2343 4125 Jesu
2375 4071 2713 4124 correctione
2752 4066 2955 4123 erroris
2982 4077 3038 4123 et
3076 4069 3350 4138 agnitione
3376 4067 3501 4124 ﬁdei
3531 4086 3626 4126 ve-

2033 4167 2229 4234 ritatis,
2259 4175 2313 4221 et
2339 4165 2546 4220 abscisa
2595 4164 2742 4219 omni
2780 4162 2899 4216 labe
2929 4161 3214 4232 praeterita:
3265 4167 3632 4220 conversatio-

2035 4262 2138 4328 nis,
2169 4259 2427 4331 mysterio
2448 4257 2542 4314 Dei
2573 4258 2714 4314 circa
2745 4255 3008 4326 ejusmodi
3032 4254 3281 4312 homines
3308 4256 3409 4311 rite
3439 4272 3631 4327 perpe-

2037 4361 2248 4419 tratam,
2276 4333 2450 4406 locum
2470 4366 2628 4428 quem
2676 4348 2922 4404 habitura
2973 4364 3078 4404 non
3119 4359 3254 4415 erat,
3285 4348 3546 4416 obtinere,
3577 4359 3633 4405 et

2038 4457 2310 4518 postremo
2345 4447 2398 4500 in
2428 4444 2532 4500 ﬁde
2580 4451 2724 4499 recta
2755 4451 2808 4498 et
2833 4442 2898 4496 ad
2949 4442 3305 4513 integritatem
3335 4435 3469 4513 signi
3497 4459 3634 4513 prae-

2036 4541 2284 4596 standam
2321 4556 2426 4594 non
2470 4540 2683 4605 obesse,
2713 4537 3088 4607 supplemento
3129 4539 3246 4606 ejus
3276 4527 3417 4607 quod
3447 4537 3632 4594 deerat

291 4659 464 4717 quos
491 4643 805 4712 jampridem
837 4642 1134 4712 baptizatos
1163 4651 1434 4711 postremo
1466 4640 1553 4696 die
1579 4639 1932 4696 Pentecostes
2037 4636 2364 4700 accedente,
2396 4649 2650 4706 perquatn
2699 4631 2828 4686 utile
2856 4640 2940 4686 est
2980 4630 3224 4698 credere,
3258 4641 3310 4685 et
3343 4640 3419 4686 tot
3465 4647 3640 4689 anno-

291 4733 879 4806 supervenitSpiritus
894 4744 1130 4801 sanctus,
1157 4733 1429 4789 voluntate
1448 4734 1540 4788 Dei
1559 4732 1798 4804 quidem,
1820 4749 1928 4787 non
1955 4742 2012 4804 1)
2042 4745 2156 4785 rum
2192 4738 2374 4798 totque
2402 4726 2753 4782 ecclesiarum
2780 4724 3014 4792 itemque
3040 4721 3421 4792 Apostolorum
3444 4735 3498 4782 et
3523 4725 3637 4797 epi-

283 4845 427 4888 sua
457 4839 649 4900 sponte
674 4830 811 4886 ctelo
839 4829 1038 4899 lapsus,
1086 4830 1180 4885 sed
1224 4829 1292 4884 ad
1351 4827 1452 4884 hoc
1506 4830 1679 4899 ipsum
1741 4846 1936 4884 munus
2041 4835 2328 4891 scaporum
2359 4816 2661 4872 auctoritati
2703 4831 2823 4870 cum
2848 4815 2984 4870 bona
3015 4816 3224 4870 ratione
3252 4817 3634 4885 acquiescere:

289 4921 567 4982 effusum
625 4921 778 4978 sedet
840 4937 1000 4992 super
1054 4937 1488 4992 unumquemque
1549 4936 1755 4985 eorum,
1811 4936 1934 4976 cum
2041 4931 2165 4971 cum
2192 4915 2262 4968 sit
2288 4912 2579 4967 maximum
2607 4909 3006 4965 incommodum
3048 4925 3110 4964 ac
3147 4907 3486 4980 diSpendium
3515 4929 3641 4968 san-

271 5014 458 5090 justi
508 5014 850 5086 jampridem,
909 5023 965 5068 ut
1011 5013 1266 5081 diximus,
1325 5013 1656 5084 Baptismate
1722 5013 1932 5068 Domini
2041 5010 2297 5066 ctissimte
2335 5006 2524 5063 matris
2570 5003 2858 5072 Ecclesiae,
2889 5002 3148 5061 adversus
3179 5005 3356 5076 prisca
3396 5008 3640 5067 consulta

1655 5199 2022 5260 VARIORUM
2053 5197 2283 5256 NOTAE.

2116 5355 2206 5414 Vl.
2232 5385 2302 5395 -
2335 5353 2522 5408 Munus
2563 5349 2802 5419 emissum.
2829 5347 3008 5404 Facile
3034 5353 3303 5408 assentior
3323 5349 3497 5413 eidem
3524 5358 3642 5415 viro

2042 5426 2378 5492 doctiSSimo,
2405 5425 2491 5481 qui
2521 5432 2672 5492 putat
2699 5421 2887 5491 reponi
2916 5422 3113 5479 debere
3137 5422 3354 5493 aﬂuens.

2115 5499 2274 5568 Iusti.
2306 5498 2459 5568 Legit
2485 5495 2748 5568 Rigaltius
2771 5495 2871 5568 isti.

2117 5567 2250 5625 Tum
2284 5566 2471 5639 ipsum.
2506 5566 2954 5639 ldemrBigaltitts,
2986 5576 3061 5618 ter
3080 5566 3246 5637 ipsum
3268 5572 3548 5628 emendat.
3583 5574 3655 5626 At

2045 5645 2212 5702 editio
2241 5637 2908 5716 Baluzianaexhibeteum
2947 5639 3120 5716 etiam.
3153 5639 3347 5698 Utrum
3385 5658 3522 5700 vero
3545 5644 3662 5698 haec

2047 5718 2118 5773 sit
2145 5729 2279 5770 mss.
2305 5713 2510 5768 codicis
2530 5708 2712 5776 lectio,
2746 5709 2868 5766 silet
2894 5708 3135 5764 omnino.

374 5368 478 5424 ν.
503 5400 574 5412 -—
603 5367 853 5436 Quoniam
873 5367 1041 5422 modo.
1077 5365 1253 5422 Malim
1285 5375 1505 5438 quonam
1537 5364 1708 5419 modo.

371 5438 569 5497 Modo
607 5433 956 5494 dimidiatum.
987 5439 1136 5494 Idem
1159 5439 1238 5492 vir
1267 5433 1508 5493 eruditus
1537 5443 1723 5490 censet
1749 5433 1934 5504 legen-

255 5520 453 5577 dum
498 5529 616 5568 esse
639 5530 741 5567 non
767 5513 920 5566 modo
941 5512 1264 5564 dimidiatum
1285 5519 1339 5561 ut
1368 5508 1647 5571 contendis,
1691 5507 1779 5560 sed
1805 5523 1932 5559 con-

253 5594 621 5649 sunemutur
643 5585 935 5655 mysterium
957 5583 1096 5650 ﬁdei.

367 5657 480 5712 Et
511 5655 578 5708 sic
623 5647 778 5724 paulo
805 5665 924 5708 ante
957 5647 1266 5706 emundatis.
1312 5650 1385 5724 Ita
1434 5649 1720 5724 Baluzius.‘
1756 5647 1937 5724 Rigal-

252 5737 452 5796 lius,
509 5735 552 5777 et
588 5719 870 5792 inundatis,
904 5723 1240 5780 intermediis
1275 5720 1492 5778 omissis
1526 5739 1539 5775 :
1581 5719 1722 5790 quod
1768 5719 1941 5789 magis

249 5795 546 5883 placet.
576 5796 746 5854 Oxon.
778 5808 824 5852 et
845 5795 1149 5852 emundatis.
