4262 6236
702 346 837 403 H91

1686 343 1992 402 ANONYMI
2030 342 2231 403 LIBER
2274 343 2364 402 DE
2406 341 2955 404 REBAPTISMATE.

3861 343 3886 401 l
3902 344 4000 403 l92

700 476 823 538 post
880 473 958 521 tot
1006 465 1323 523 saeculorum
1371 472 1572 521 tantam
1620 467 1816 522 seriem
1872 481 2013 521 nunc
2070 466 2298 535 primum
2327 466 2379 525 Λ
2408 464 2523 520 hzec
2564 465 2796 520 nominis
2844 465 2971 521 Jesu
3002 465 3153 536 quasi
3197 464 3411 520 initium
3433 460 3704 535 quoddam
3747 464 3995 534 mystcrii

696 568 919 630 repente
989 576 1050 615 ac
1122 561 1239 615 sine
1304 561 1511 616 ratione
1592 559 1893 630 insurgere.
1966 560 2075 615 Nec
2145 561 2288 614 enim

693 665 916 724 propter
970 653 1112 708 aliud
1174 653 1363 709 Petrus
1420 654 1510 723 qui
1572 654 1680 723 jam
1733 653 1904 708 fuerat
1953 653 2286 723 baptizatus,

693 762 749 807 et
780 751 905 821 quid
936 752 1162 808 sentiret
1190 751 1259 807 de
1300 750 1528 807 Domino
1554 752 1620 806 ab
1649 753 1764 822 ipso
1805 753 2031 807 Domino
2059 760 2173 807 erat
2205 753 2284 806 in-

692 852 1010 909 terrogatus,
1048 854 1103 901 et
1131 844 1355 900 veritate
1394 845 1735 900 revelationis
1776 845 1947 900 Patris
1972 845 2207 900 cheStis
2237 847 2285 897 in

691 953 814 993 eum
844 937 1281 1004 collocata,quod
1316 937 1573 991 Dominus
1601 947 1785 993 noster
1806 953 1911 992 non
1937 937 2109 992 solum
2142 936 2287 991 Chri-

688 1040 825 1094 stus,
878 1045 1064 1085 verum
1108 1030 1271 1083 etiam
1326 1028 1490 1084 Filius
1538 1029 1632 1085 Dei
1686 1031 1789 1084 vivi
1822 1039 1966 1085 esset
2008 1029 2287 1084 confessus

693 1122 906 1193 (Matth.
938 1140 1050 1189 xvr,
1083 1122 1195 1195 I6),
1226 1124 1564 1193 postmodum
1609 1124 1783 1179 eidem
1826 1122 2044 1178 Christo
2096 1124 2287 1193 pradi-

686 1218 826 1271 canti
856 1216 925 1271 de
946 1233 1041 1271 sua
1072 1217 1321 1286 passione
1348 1216 1649 1287 refragatus
1679 1232 1797 1272 esse
1828 1225 2155 1272 monstratus
2181 1226 2282 1283 est,

687 1322 740 1366 et
780 1323 1061 1381 propterea
1114 1311 1338 1366 Satanas
1369 1310 1473 1364 dici
1526 1318 1774 1365 ostensus
1798 1314 1887 1365 est
1918 1310 2077 1380 (Ibid.
2107 1327 2155 1365 v.
2188 1310 2280 1381 5);

685 1406 788 1459 nisi
812 1406 932 1475 quia
981 1405 1215 1459 futurum
1249 1414 1363 1458 erat
1407 1414 1461 1457 ut
1488 1403 1728 1474 quidam,
1765 1404 1973 1457 tametsi
2015 1404 2285 1459 variantes

684 1499 737 1553 in
763 1502 1031 1555 sententia
1061 1498 1275 1569 propria
1302 1507 1355 1553 et
1386 1499 1751 1553 claudicantes
1779 1498 2067 1567 aliquando
2099 1498 2148 1552 in
2181 1496 2285 1553 [ide

682 1604 842 1665 atque
869 1593 1136 1661 doctrina,
1179 1611 1301 1650 cum
1352 1594 1404 1648 in
1455 1596 1672 1648 nomine
1702 1593 1830 1649 .lesu
1859 1594 2280 1664 baptizarentur,

683 1696 859 1743 tamen
887 1688 932 1743 si
964 1687 1245 1743 intervallo
1285 1687 1516 1757 quodam
1569 1687 1827 1755 temporis
1864 1688 2200 1756 recorrigere
2229 1684 2281 1739 id

681 1780 1007 1852 potuissent,
1063 1797 1170 1835 non
1220 1790 1501 1851 propterea
1551 1780 1779 1834 asalute
1830 1778 2159 1841 exciderent,
2186 1778 2280 1833 sed

2396 561 2661 617 Dominici
2700 577 2988 617 commune
3018 562 3173 617 nobis
3197 571 3253 618 et
3278 561 3496 617 caeteris
3525 559 3779 615 omnibus
3803 558 3998 629 accipi,

2394 654 2535 723 quod
2591 656 2762 724 possit
2840 654 3179 725 postmodum
3230 655 3465 710 residuis
3513 654 3677 710 rebus
3745 652 3993 723 impleri;

2393 749 2528 802 alias
2559 764 2665 803 non
2694 748 2971 818 profutura
3001 750 3120 805 talis
3152 750 3418 805 invocatio
3444 763 3565 803 cum
3590 748 3703 803 sola
3737 762 3992 818 perman-

2395 839 2545 905 serit,
2602 841 2724 910 quia
2764 850 2884 909 post
2915 851 3142 896 mortem
3183 842 3448 912 ejusmodi
3494 840 3727 895 hominis
3764 856 3870 894 non
3902 856 3995 909 po-

2392 938 2501 986 test
2524 933 2570 985 ei
2604 932 2892 1002 quidquam
2942 934 3164 988 omnino
3219 934 3400 1005 adjici,
3453 935 3537 988 vel
3605 934 3842 1004 suppleri
3900 942 3997 987 aut

2392 1023 2446 1077 in
2504 1024 2684 1095 aliquo
2743 1026 3000 1095 prodesse
3053 1025 3139 1079 die
3182 1026 3396 1096 judicii,
3428 1042 3551 1081 cum
3604 1027 3993 1080 illiaDomino

2391 1127 2579 1173 nostro
2611 1134 2728 1188 quae
2757 1134 2916 1190 supra
2945 1121 3368 1173 memoravimus
3392 1118 3992 1190 cmperintexprobrari

2389 1215 2479 1282 qui
2509 1223 2685 1269 tamen
2740 1216 2973 1270 universi
2998 1214 3159 1271 hodie
3185 1225 3243 1270 ut
3294 1215 3398 1270 sibi
3442 1215 3529 1270 his
3581 1214 3753 1269 modis
3793 1213 3993 1270 subve-

2391 1311 2542 1360 uiant
2578 1307 2772 1378 quibus
2820 1323 2978 1379 supra
3011 1308 3370 1377 ostendimus,
3400 1324 3508 1363 non
3539 1316 3763 1378 possunt
3786 1308 3853 1362 ab
3879 1308 3995 1363 ullo

2392 1401 2673 1455 hominum
2708 1412 2813 1457 tam
2861 1403 2995 1458 dure
3057 1412 3275 1471 tamque
3318 1402 3613 1458 crudeliter
3655 1401 3951 1473 prohiberi.

2461 1495 2597 1551 VIII.
2651 1497 2757 1552 Sed
2801 1498 2865 1551 ad
2926 1498 3072 1561 hmc,
3128 1506 3185 1552 ut
3232 1497 3396 1564 soles,
3425 1495 3783 1562 contradices,
3818 1510 3993 1566 oppo-

2389 1592 2567 1648 nendo
2622 1594 2777 1648 nobis
2852 1603 2978 1647 tunc
3021 1608 3142 1648 cum
3213 1592 3616 1662 baptizarcntur
3679 1592 3887 1661 integre
3926 1606 3993 1646 ac

2387 1696 2535 1741 recte
2563 1687 2854 1755 discipulos
2883 1702 2947 1742 ac
2974 1702 3078 1742 non
3108 1695 3165 1741 ut
3196 1686 3295 1742 hos
3336 1686 3623 1743 hmreticos
3651 1702 3774 1743 esse
3818 1686 3994 1756 bapti-

2388 1792 2535 1836 zatos
2568 1800 2580 1834 :
2614 1782 2756 1852 quod
2800 1796 2868 1838 ex
2912 1796 3141 1851 persona
3170 1782 3411 1853 ipsorum
3463 1792 3516 1837 et
3573 1782 3691 1851 ejus
3728 1781 3821 1853 qui
3860 1782 3994 1853 bap—

679 1872 1001 1943 quandoque
1035 1872 1409 1942 resipuisscnt,
1445 1872 1703 1940 integram
1749 1885 1899 1941 spem
1947 1869 2135 1923 salutis
2167 1884 2280 1938 pte-
2314 1870 2362 1930 B
2393 1873 2573 1927 tizavit
2636 1874 2776 1939 illos,
2826 1889 3009 1929 sumas
3055 1889 3278 1929 necesse
3306 1883 3410 1930 est.
3466 1874 3532 1928 Et
3574 1872 3696 1928 ideo
3765 1889 3866 1927 nos
3920 1872 3991 1928 ad

679 1967 901 2022 nitendo
925 1966 1261 2030 obtinerent;
1285 1964 1582 2035 praesertim
1606 1979 1725 2017 cum
1749 1962 2006 2032 Spiritum
2030 1969 2274 2016 sanctum

680 2076 788 2130 quo
816 2060 1073 2129 baptizari
1114 2058 1479 2133 unusquisque
1520 2056 1794 2110 hominum
1837 2055 2032 2120 debet,
2065 2055 2275 2123 accipe-

688 2164 828 2218 reut,
860 2152 1059 2224 aliquid
1089 2152 1193 2206 tale
1219 2152 1591 2220 designassent
1616 2166 1629 2214 ;
1660 2149 1813 2204 sicuti
1844 2162 1947 2202 non
1975 2148 2147 2202 solum
2176 2148 2275 2202 Pc-

683 2256 823 2301 trum
857 2247 959 2302 hoc
1008 2262 1219 2317 passum
1248 2260 1368 2300 esse
1393 2246 1442 2298 in
1470 2244 1757 2313 Evangelio
1795 2242 2270 2312 deprehendimus,

675 2355 863 2395 verum
900 2342 1183 2396 universos
1220 2354 1432 2408 quoque
1470 2338 1784 2407 discipulos,
1813 2336 2007 2404 quibus
2030 2336 2139 2405 jam
2173 2336 2271 2389 Ba-

675 2431 888 2504 ptizatis
913 2442 1094 2503 postea
1128 2432 1386 2485 Dominus
1414 2431 1505 2493 ait,
1539 2431 1661 2498 quia
1687 2445 1772 2483 vos
1814 2446 1983 2483 omnes
2017 2427 2273 2482 scandali-

676 2526 913 2582 zabimini
938 2526 991 2579 in
1026 2542 1103 2578 me
1138 2523 1332 2595 (Marc.
1375 2539 1490 2587 xiv,
1521 2522 1648 2593 9.7);
1678 2524 1767 2593 qui
1819 2537 2026 2587 omnes,
2059 2530 2116 2575 ut
2156 2522 2271 2575 aui—

675 2621 1079 2683 iuadvertimus,
1112 2627 1351 2674 correcta
1384 2617 1490 2672 lide
1530 2632 1623 2670 sua
1663 2626 1785 2686 post
1820 2616 2268 2671 resurrectionem

675 2712 888 2770 Domini
921 2714 973 2767 in
997 2711 1197 2782 Spiritu
1227 2719 1414 2765 sancto
1441 2718 1566 2763 sunt
1592 2708 1843 2778 baptizati
1883 2727 1895 2762 :
1928 2717 1985 2761 ut
2032 2722 2136 2761 non
2168 2705 2268 2761 im-

681 2809 875 2865 merito
899 2806 1058 2863 hodie
1099 2820 1311 2877 quoque
1345 2803 1629 2859 credamus
1666 2802 1912 2858 homines
1937 2810 2209 2856 correctos
2239 2817 2269 2855 a

679 2902 908 2974 pristino
946 2914 1149 2965 errore,
1181 2897 1233 2951 in
1260 2897 1463 2967 Spiritu
1493 2905 1677 2951 sancto
1701 2910 1856 2965 posse
1876 2893 2152 2963 baptizari,
2181 2893 2267 2963 qui

675 3012 794 3051 cum
820 3011 953 3066 aqua
994 2993 1392 3065 baptizareutur
1439 2991 1491 3045 in
1531 2990 1750 3045 nomine
1806 2990 2014 3043 Domini
2054 2988 2268 3059 aliquod

675 3089 917 3145 scabram
943 3086 1253 3141 habuissent
1283 3084 1473 3149 ﬁdem;
1505 3084 1753 3153 quoniam
1787 3082 2006 3141 multum
2041 3083 2266 3137 interest

675 3194 851 3235 utrum
893 3181 945 3234 in
972 3189 1139 3233 totum
1167 3178 1287 3249 quis
1332 3193 1437 3231 non
1483 3177 1553 3231 sit
1598 3176 1893 3245 baptizatus
1936 3176 1989 3229 in
2051 3174 2267 3229 nomine

2383 1968 2806 2037 propositionem
2862 1967 3003 2023 hanc
3047 1977 3191 2023 tuam
3221 1982 3326 2023 non
3360 1977 3417 2021 ut
3448 1976 3791 2023 accusatores
3835 1966 3992 2022 disci-

2382 2060 2628 2128 pulorum
2662 2060 2874 2114 Domini
2909 2060 3317 2131 respondemus,
3368 2059 3465 2115 sed
3504 2060 3658 2116 sicuti
3703 2060 3989 2131 compelli-

2379 2170 2541 2217 mur;
2596 2156 2717 2226 quia
2772 2170 2995 2211 necesse
3021 2164 3104 2211 est
3151 2156 3240 2210 ubi
3284 2165 3340 2211 et
3381 2154 3596 2227 quando
3626 2166 3679 2210 et
3704 2155 3976 2227 quemad-

2376 2248 2594 2302 modum
2629 2249 2914 2319 unicuique
2941 2259 3184 2304 nostrum
3216 2250 3360 2305 salus
3391 2250 3462 2304 sit
3510 2251 3762 2319 praestita,
3807 2251 3986 2304 ratio-

2378 2341 2534 2395 nibus
2580 2340 2983 2411 investigemos.
3036 2342 3279 2414 Namque
3326 2353 3510 2398 natum
3543 2359 3662 2399 esse
3688 2343 3984 2400 Dominum

2378 2441 2622 2487 nostrum
2661 2441 2715 2488 et
2756 2434 3026 2490 Christum
3079 2450 3204 2491 esse
3247 2451 3368 2490 eum
3403 2435 3587 2491 multis
3627 2437 3926 2492 rationibus
3955 2455 3986 2492 a

2375 2525 2652 2597 discipulis
2688 2527 2804 2595 ejus
2844 2543 2951 2583 non
3000 2528 3271 2584 immerito
3311 2529 3458 2585 credi
3492 2530 3797 2597 videbatur,
3833 2532 3982 2602 quod

2375 2636 2437 2674 ex
2475 2621 2616 2674 tribu
2657 2620 2815 2689 Juda,
2846 2622 2992 2692 quod
3046 2640 3111 2678 ex
3156 2639 3352 2695 genere
3382 2625 3567 2691 David,
3618 2626 3872 2697 quodque
3930 2628 3984 2683 in

2374 2715 2589 2772 civitate
2636 2716 2915 2773 Bethleem
2957 2716 3149 2775 fuisset
3178 2729 3369 2784 natus;
3418 2721 3641 2792 etquod
3670 2724 3985 2793 pastoribus

2372 2809 2442 2864 ab
2487 2812 2727 2882 Angelis,
2766 2812 3020 2883 quoniam
3065 2814 3313 2870 Salvator
3345 2814 3449 2869 illis
3492 2825 3652 2871 natus
3688 2826 3831 2872 esset
3884 2833 3986 2873 eo-

2372 2901 2495 2957 dem
2540 2914 2818 2959 momento
2847 2904 3035 2960 fuisset
3061 2908 3448 2975 annuntiatus;
3482 2907 3624 2979 quod
3664 2910 3716 2964 in
3766 2910 3985 2967 oriente

2371 2997 2485 3053 visa
2505 2998 2622 3068 ejus
2647 3000 2800 3054 stella
2822 3000 3213 3057 sollicitissime
3239 3002 3426 3059 fuisset
3440 3018 3472 3058 a
3488 3005 3663 3075 magis
3683 3006 3987 3077 requisitos

2372 3102 2429 3148 et
2494 3094 2784 3160 adoratus,
2852 3104 2906 3149 et
2981 3094 3278 3151 illustribus
3348 3096 3610 3167 donisiet
3679 3100 3988 3169 insignibus

2372 3188 2687 3243 muneribus
2711 3187 3006 3242 honoratus
3036 3206 3050 3251 ;
3100 3189 3242 3260 quod
3272 3204 3404 3260 puer
3443 3191 3734 3248 admodum
3758 3194 3808 3247 in
3840 3202 3987 3249 tem-

674 3273 883 3330 Domini
912 3274 1077 3327 nostri
1109 3271 1237 3327 Jesu
1260 3269 1481 3333 Christi,
1512 3286 1576 3323 an
1607 3285 1737 3324 vero
1770 3269 1819 3323 in
1848 3269 2021 3338 aliquo
2068 3268 2270 3322 claudi-
2296 3268 2340 3330 C
2375 3282 2464 3352 p10
2494 3280 2687 3337 sedens
2716 3298 2837 3337 cum
2867 3282 3002 3354 legis
3054 3283 3388 3351 doctoribus,
3436 3286 3731 3355 prudenter
3752 3298 3806 3343 ει
3850 3304 3985 3345 cum

672 3375 760 3421 cet
808 3381 930 3420 cum
977 3364 1276 3433 baptizatur
1324 3360 1653 3430 Baptismate
1703 3376 1875 3428 aqum,
1907 3358 2046 3429 quod
2092 3359 2269 3413 minus

676 3468 775 3526 est,
812 3456 1103 3513 dummodo
1137 3463 1320 3526 postea
1349 3461 1559 3508 constet
1588 3453 1640 3505 in
1661 3452 1880 3506 veritate
1907 3450 2116 3505 sincera
2136 3450 2268 3505 ﬁdes

673 3551 726 3606 in
760 3550 1084 3620 Baptismate
1141 3547 1380 3617 spiritus,
1434 3547 1577 3618 quod
1616 3563 1720 3600 non
1771 3545 1931 3601 dubie
1962 3546 2133 3615 majus
2161 3555 2263 3601 est.

744 3642 854 3697 VII.
885 3640 994 3697 Nec
1050 3640 1286 3695 aestimes
1334 3637 1458 3693 huic
1502 3638 1752 3692 tractatui
1793 3639 2122 3692 contrarium
2147 3654 2267 3695 esse

672 3736 815 3808 qttod
839 3736 972 3790 dixit
1002 3733 1294 3789 Dominus:
1345 3730 1442 3798 Ite,
1499 3733 1672 3785 docete
1694 3729 1901 3797 Gentes,
1943 3731 2152 3802 tinguite
2182 3748 2265 3785 eos

673 3830 727 3883 in
778 3827 982 3882 nomine
1007 3825 1185 3881 Patris
1214 3836 1260 3879 et
1288 3822 1421 3877 Filii
1466 3834 1511 3877 et
1555 3822 1783 3891 Spiritus
1832 3824 2015 3877 sancti.
2071 3822 2260 3893 (Matt.

670 3935 859 3987 xxviii,
894 3917 1008 3988 19).
1038 3918 1172 3986 Quia
1200 3932 1321 3972 cum
1349 3917 1450 3970 hoc
1488 3930 1672 3969 verum
1696 3923 1749 3970 et
1774 3926 1977 3970 rectum
2007 3924 2059 3969 et
2086 3917 2263 3969 omni-

671 4014 771 4069 bus
817 4012 991 4068 modis
1032 4016 1083 4065 in
1136 4010 1376 4066 Ecclesia
1405 4008 1800 4064 observandum
1855 4011 1943 4078 sit,
1976 4020 2030 4064 et
2080 4010 2263 4065 obser-

670 4107 782 4161 vari
834 4120 1047 4177 quoque
1072 4102 1288 4158 solitum
1331 4102 1436 4168 sit,
1473 4112 1652 4157 tamen
1682 4101 2023 4157 considerare
2052 4111 2264 4172 oportet

669 4198 811 4270 quod
868 4196 1134 4252 invocatio
1186 4194 1418 4249 nominis
1474 4193 1603 4249 Jesu
1656 4209 1759 4248 non
1808 4193 1967 4249 debet
2013 4211 2041 4247 a
2104 4194 2259 4249 nobis

668 4290 838 4345 futilis
868 4288 1037 4345 videri
1068 4296 1285 4359 propter
1315 4286 1714 4341 venerationem
1741 4296 1796 4341 et
1816 4286 2068 4341 virtutem
2096 4287 2263 4356 ipsius

671 4383 962 4440 nominis:
1032 4381 1085 4435 in
1135 4396 1242 4451 quo
1295 4377 1513 4434 nomine
1565 4379 1790 4435 virtutes
1845 4392 2033 4433 omnes
2087 4379 2263 4433 solent

671 4479 809 4541 ﬁeri,
863 4486 918 4532 et
966 4489 1365 4545 nonnumquam
1392 4473 1584 4544 aliqua:
1630 4473 1791 4527 etiam
1842 4472 1909 4527 ab
1957 4473 2261 4528 hominibus

668 4570 954 4628 extraneis.
1016 4567 1281 4624 Caeterum
1309 4584 1415 4638 quo
1442 4567 1711 4638 pertinent
1736 4566 1824 4621 illa
1847 4565 2009 4637 verba
2035 4566 2256 4630 Christi,

2374 3375 2730 3432 admiratione
2751 3377 2991 3432 omnium
3015 3377 3347 3450 disputasset
3374 3398 3390 3447 ;
3422 3382 3563 3451 quod
3582 3399 3703 3438 cum
3736 3384 3990 3454 baptizao

2373 3480 2542 3536 retur,
2601 3471 2668 3525 ita
2736 3481 2793 3526 ut
2846 3472 2976 3527 nulli
3034 3472 3124 3527 alii
3181 3475 3513 3545 contigerat,
3565 3476 3718 3531 malis
3767 3481 3990 3547 apertis

2373 3561 2728 3617 descensione
2750 3563 2984 3631 Spiritus
3013 3566 3183 3620 sancti
3224 3576 3279 3621 et
3312 3582 3470 3636 super
3494 3581 3616 3621 eum
3658 3569 3982 3637 mansione,

2372 3655 2681 3709 testimonio
2699 3656 2859 3711 etiam
2888 3656 3064 3712 Patris
3084 3658 3167 3713 sui
3200 3658 3433 3729 itemque
3461 3657 3680 3714 Joannis
3711 3659 3986 3731 Baptista:

2373 3746 2566 3802 fuisset
2613 3748 2958 3814 clariﬁcatus;
3022 3752 3165 3821 quod
3212 3768 3372 3823 supra
3433 3752 3717 3808 humanam
3767 3754 3997 3813 medio-

2371 3840 2620 3894 critatem
2652 3841 2813 3895 corda
2864 3851 2919 3897 et
2966 3842 3325 3914 cogitationes
3355 3844 3728 3901 universorum
3765 3847 3995 3904 intelli-

2368 3938 2540 4001 geret,
2569 3931 2714 4001 quod
2765 3932 3055 4005 languores
3098 3945 3153 3989 et
3206 3936 3333 3991 vitia
3362 3946 3420 3992 et
3449 3937 3787 3994 valetudines
3841 3956 3997 3999 cum

2369 4032 2638 4093 potestate
2670 4025 2899 4079 maxima
2925 4038 3139 4083 curaret
3164 4037 3324 4097 atque
3345 4040 3583 4096 sanaret,
3612 4031 3752 4102 quod
3772 4035 4001 4091 remis-

2365 4116 2546 4171 siones
2594 4126 2935 4188 peccatorum
2975 4133 3097 4174 cum
3127 4120 3354 4176 evidenti
3389 4124 3704 4192 probatione
3730 4138 3984 4196 praesta-

2368 4215 2467 4273 ret,
2503 4208 2647 4279 quod
2673 4208 2937 4266 daemonia
2963 4212 3116 4281 jussu
3176 4214 3494 4284 expelleret,
3540 4217 3683 4288 quod
3718 4219 3998 4289 leprosos

2373 4302 2539 4357 verbo
2570 4301 2875 4370 mandaret,
2911 4305 3053 4376 quod
3081 4321 3273 4377 aquam
3302 4308 3354 4362 in
3386 4308 3569 4365 vinum
3598 4317 4003 4373 convertenda

2366 4393 2671 4449 convivium
2720 4396 2958 4466 nuptiale
2987 4397 3287 4455 admirabili
3330 4401 3513 4457 laetitia
3584 4405 4000 4474 ampliﬁcaret.

2367 4484 2508 4553 quod
2539 4486 2698 4542 etscis
2719 4488 2979 4577 visionem
3014 4494 3324 4548 restitueret
3347 4504 3441 4549 aut
3468 4497 3787 4569 indulgeret,
3814 4506 4005 4571 quod

2364 4576 2666 4635 doctrinam
2712 4576 2887 4637 Patris
2913 4598 3034 4638 cum
3078 4586 3224 4639 omni
3253 4586 3447 4643 ﬁducia
3500 4601 3787 4656 assereret,
3813 4598 4003 4664 quod

670 4667 762 4736 qui
810 4673 1127 4735 negaturum
1183 4677 1243 4717 se
1287 4675 1408 4716 esse
1472 4660 1627 4725 dixit,
1676 4674 1776 4715 nec
1820 4674 1981 4715 nosse
2029 4675 2122 4715 eos
2169 4660 2417 4732 quiDin
2500 4672 2620 4728 loco
2690 4673 2906 4729 deserto
2975 4674 3043 4729 de
3123 4677 3359 4748 quinque
3432 4681 3659 4750 panibus
3724 4660 4009 4757 quinque

666 4759 767 4815 sibi
815 4760 867 4813 in
914 4758 1001 4814 die
1053 4754 1242 4827 judicii
1268 4754 1461 4809 dicturi
1487 4763 1671 4809 essent
1704 4773 1716 4808 :
1749 4753 1987 4819 Domine,
2019 4752 2255 4820 Domine,

667 4868 836 4908 nonne
880 4852 934 4905 in
988 4860 1073 4904 tuo
1131 4849 1335 4904 nomine
1385 4848 1816 4917 prophetavimus,
1860 4860 1906 4903 et
1963 4849 2015 4902 in
2058 4850 2261 4903 nomine

666 4958 753 5003 tuo
802 4943 1055 5001 dwmonia
1090 4942 1346 5014 ejecimtts,
1379 4952 1427 4995 et
1455 4942 1508 4994 in
1540 4942 1742 4995 nomine
1800 4951 1885 4994 tuo
1916 4943 2123 4995 virtutes
2146 4959 2259 4995 ma-

663 5060 790 5114 gnas
821 5041 1054 5112 fecimus,
1078 5034 1455 5107 respondendo
1483 5035 1560 5089 eis
1584 5035 1743 5089 etiam
1766 5049 1885 5088 cum
1905 5034 2261 5104 jurejurando

662 5137 781 5206 quia
812 5146 1091 5202 numquam
1117 5128 1331 5199 cognovi
1358 5144 1477 5194 vos;
1507 5127 1752 5181 discedite
1786 5143 1817 5180 a
1868 5143 1947 5181 me
1966 5127 2052 5199 qui
2072 5143 2258 5197 apera~

661 5229 790 5283 mini
818 5227 1136 5297 iniquitatem
1186 5221 1381 5296 (Marc.
1430 5237 1543 5288 xxv,
1578 5222 1707 5293 27);
1736 5221 1839 5276 nisi
1885 5222 2261 5280 ostenderetur

662 5322 819 5379 nobis
875 5331 1277 5389 nonnumquam
1302 5316 1460 5371 etiam
1516 5315 1585 5371 ab
1635 5314 1719 5368 his
1770 5314 1858 5386 qui
1905 5325 2261 5385 Operarentur

660 5416 1017 5485 iniquitatem,
1073 5426 1235 5485 posse
1278 5426 1375 5481 per
1446 5408 1667 5465 nimiam
1718 5408 1975 5463 virtutem
2023 5410 2259 5466 nominis

660 5507 788 5563 Jesu
835 5507 999 5563 etiam
1063 5507 1180 5562 haec
1228 5504 1393 5561 ﬁeri?
1441 5501 1752 5573 idcircoque
1784 5500 1948 5558 debet
1992 5503 2260 5565 invocatio

2366 4766 2534 4821 millia
2582 4766 2855 4821 hominum
2887 4780 3177 4837 saturaret,
3200 4772 3343 4843 quod
3370 4776 3615 4846 reliquiae
3640 4787 3794 4838 atque
3826 4778 4007 4838 buc-

2366 4859 2516 4912 cellae
2556 4860 2835 4929 plusquam
2860 4858 3144 4918 duodecim
3191 4865 3453 4935 cophinos
3504 4870 3768 4937 impleret,
3812 4877 4007 4941 quod

2365 4959 2605 5005 mortuos
2671 4966 2770 5022 pro
2819 4966 2914 5007 sua
2973 4956 3174 5025 pietate
3214 4959 3411 5028 passim
3462 4962 3765 5024 suscitaret,
3815 4969 4011 5032 quod

2364 5044 2540 5098 ventis
2592 5053 2647 5098 et
2710 5045 2844 5100 mari
2914 5056 2973 5102 ttt
3020 5050 3377 5120 quiescerent
3435 5053 3760 5124 imperaret,
3818 5062 4015 5128 quod

2366 5150 2527 5206 super
2560 5152 2706 5192 mare
2735 5139 2959 5209 pedibus
2984 5142 3305 5209 ambularet,
3337 5145 3478 5216 quod
3514 5147 3735 5202 virtutes
3763 5162 4017 5212 oumes

2366 5230 2591 5285 omnino
2622 5231 2921 5301 perﬁceret.

2434 5320 2526 5375 IX.
2600 5322 2807 5391 Quibus
2884 5326 3047 5384 rebus
3109 5339 3164 5386 et
3227 5329 3534 5401 hujusmodi
3591 5331 4021 5403 compluribus

2366 5413 2522 5470 Iactis
2561 5414 2629 5470 ad
2658 5417 2956 5474 claritatem
3011 5422 3129 5493 ejus
3172 5426 3562 5494 pertinentibus
3617 5442 4024 5499 consequens

2365 5523 2487 5565 esse
2534 5509 2818 5567 videbatur
2846 5522 2903 5568 ut
2927 5516 3379 5586 quemadmodum
3424 5521 3593 5577 Judaei
3635 5522 3700 5577 de
3739 5522 4021 5589 Christo

2001 5622 2368 5682 VARIORUM
2408 5627 2636 5684 NOT/E.

730 5742 952 5817 dliquod
975 5745 1229 5802 scabram.
1262 5742 1494 5801 Fortean
1526 5742 2061 5817 scripserit_A_uctor,
2082 5742 2254 5815 aliqua

655 5813 882 5885 δςᾳὺνιίηι
902 5832 920 5868 ,·
942 5818 1049 5873 hoc
1076 5825 1175 5878 est,
1199 5817 1561 5885 aliquatenus.
1596 5813 1662 5872 Ut
1683 5814 1825 5885 apud
1846 5813 2257 5879 Tertullianum,

650 5873 819 5945 aliqua
844 5885 1123 5944 Numidas.
1148 5873 1269 5959 ρυῤ
1294 5873 1342 5936 si
1370 5873 1734 5951 (μηδ”έηθιὶιξ
1749 5885 1956 5955 aliquod
2005 5873 2257 5954 scabram;

2353 5745 2465 5834 feri.
2504 5758 2649 5803 certe
2691 5752 2929 5834 poterit:
2967 5756 3424 5834 quemadmodum
3454 5761 3593 5833 apud
3645 5760 3981 5834 Virgilium

2358 5836 2415 5873 os
2446 5817 2773 5893 numerosque
2800 5822 2909 5880 Deo
2933 5817 3135 5881 similis.
3175 5829 3372 5886 Βιςλιτ
3391 5870 3404 5884 .
3489 5817 3503 5833 ’
3737 5817 4012 5844 ⁹“““““··⁴’
