4216 6262
280 322 413 378 H95

1626 330 1937 390 ANONYMI
1974 334 2198 392 LIBER.

3415 345 3552 401 H94

277 438 534 502 sentiunt,
565 438 706 507 quod
730 445 904 493 tamen
931 438 1000 495 de
1037 439 1165 496 Jesu
1206 440 1419 498 Christo
1451 444 1675 499 Domino
1726 464 1848 503 nos-
1882 452 1933 511 Α
1958 458 2011 504 et
2036 466 2139 504 non
2169 450 2357 515 semel,
2386 452 2481 505 sed
2507 452 2704 521 saepius
2731 467 2851 507 eum
2880 462 3126 523 negasset
3151 473 3164 508 :
3193 454 3334 524 quod
3363 457 3547 511 consi-

276 540 358 585 tro
422 546 528 585 non
575 529 818 596 credunt,
873 539 929 584 ut
983 532 1143 587 etiam
1201 534 1301 604 ipsi
1350 536 1758 605 existimarent,
1807 548 1866 593 ut

276 622 397 679 talis
455 633 509 678 et
560 633 737 678 tantus
776 623 919 678 nulla
970 625 1115 680 obita
1152 636 1326 682 morte
1363 628 1414 681 io
1457 638 1716 684 aeternum
1743 646 1866 701 per-

276 724 506 782 severet,
548 725 605 771 et
643 732 866 787 regnum
919 715 1085 774 Israel
1142 727 1198 774 et
1247 720 1409 775 totius
1447 721 1595 777 orbis
1650 722 1699 777 in
1743 738 1865 792 per-

278 823 492 882 petuum
558 812 700 881 quod
759 828 864 867 non
921 814 1281 882 corriperetur
1330 815 1649 883 possideret.
1713 816 1867 872 Unde

275 906 432 960 etiam
477 903 647 959 Judmi
688 904 805 958 ausi
846 905 1059 960 fuerunt
1102 921 1224 961 eum
1256 921 1446 975 rapere
1481 918 1535 962 et
1564 908 1615 963 in
1645 924 1862 979 regnum

277 1012 554 1069 unguere:
585 996 728 1068 quod
784 997 999 1068 quidem
1049 1013 1271 1054 necesse
1323 999 1507 1054 habuit
1535 1000 1624 1055 ille
1679 1016 1864 1071 super-

276 1092 502 1163 fugcre:
551 1107 615 1148 ac
671 1102 955 1163 propterea
997 1092 1245 1164 discipuli
1297 1095 1413 1164 ejus
1466 1094 1867 1151 arbitrabantur

278 1188 418 1258 quod
464 1187 610 1242 nulla
647 1187 747 1242 alia
796 1188 1004 1243 ratione
1040 1190 1204 1243 vitam
1244 1198 1500 1245 (eternam
1535 1190 1617 1244 his
1645 1200 1867 1261 praestan

281 1289 431 1335 turus
480 1289 640 1345 esset,
692 1278 795 1334 nisi
842 1281 1071 1349 primum
1130 1281 1245 1350 ipse
1298 1282 1459 1336 vitam
1491 1283 1629 1337 hanc
1659 1292 1867 1351 tempo—

280 1374 443 1428 ralem
485 1388 606 1428 cum
639 1372 726 1427 illa
767 1381 967 1428 :cterna
999 1374 1053 1428 in
1076 1390 1136 1431 se
1182 1374 1299 1444 ipso
1321 1375 1710 1431 continuasset.
1764 1376 1868 1431 De-

289 1467 448 1538 nique
492 1482 614 1522 cum
673 1476 1125 1523 conversarentur
1191 1468 1244 1522 in
1300 1467 1541 1534 Galilaea,
1598 1468 1733 1524 dixit
1788 1469 1867 1523 eis

287 1557 441 1613 Jesus
485 1576 499 1612 :
552 1556 746 1625 Incipit
799 1557 969 1613 Filius
1009 1559 1228 1614 hominis
1273 1560 1407 1614 tradi
1447 1561 1499 1615 in
1554 1577 1733 1616 manus
1776 1560 1872 1615 ho-

280 1653 486 1717 minam,
518 1661 565 1705 et
591 1651 895 1721 interﬁcient
943 1668 1077 1717 eum,
1109 1662 1155 1706 et
1210 1662 1324 1722 post
1362 1654 1590 1708 triduum
1642 1664 1869 1725 resurget

280 1742 472 1814 (Marc.
504 1759 579 1808 Ix,
609 1743 723 1815 30).
755 1743 825 1798 Et
851 1744 1159 1799 contristati
1212 1753 1338 1800 sunt
1387 1744 1566 1811 nimis,
1598 1746 1744 1816 quia,
1796 1746 1870 1801 si-

1966 539 2093 594 lium
2124 540 2171 592 ei
2200 540 2449 609 quoniam
2483 556 2649 611 usque
2679 541 2743 595 ad
2775 542 3077 612 passionem
3114 544 3320 599 Domini
3354 560 3548 614 perse-

1967 639 2272 687 veraturum
2301 642 2435 698 erat,
2470 632 2638 688 multo
2669 635 2816 704 prius
2843 650 2870 687 a
2903 636 3126 691 Domino
3147 637 3322 705 palam
3357 636 3551 691 factum

1967 736 2069 793 est,
2105 736 2159 780 ut
2189 742 2287 782 nos
2312 743 2526 797 quoque
2569 728 2618 782 id
2653 745 2757 783 non
2793 731 3117 799 ignoremus.
3165 730 3401 800 Denique
3432 737 3548 799 post

1967 819 2416 875 resurrectionem
2450 820 2658 875 Domini
2696 824 2831 875 unus
2887 839 2918 876 e
2942 821 3219 891 discipulis
3246 822 3362 892 ejus
3390 822 3548 879 Cleo-

1969 925 2081 979 pas,
2113 926 2234 965 cum
2258 921 2403 966 esset
2430 921 2655 968 mtestus
2687 912 2981 967 secundum
3025 929 3265 967 errorem
3315 914 3553 968 omnium

1967 1002 2449 1073 condiscipulorum
2528 1019 2782 1067 suorum,
2842 1003 2942 1073 ipsi
3012 1004 3237 1059 Domino
3290 1014 3557 1075 tamquam

1967 1096 2124 1151 alicui
2158 1098 2339 1165 ignoto
2387 1096 2631 1151 referens
2657 1095 2799 1165 quod
2851 1096 3172 1165 contigerat,
3219 1096 3296 1151 sic
3344 1097 3561 1154 locutus

1968 1198 2052 1243 est
2098 1190 2284 1244 dicens
2313 1190 2382 1244 de
2427 1188 2555 1245 .lesu
2582 1189 2879 1254 Nazareno,
2908 1191 2995 1262 qui
3026 1193 3123 1263 fuit
3173 1193 3421 1261 propheta
3468 1210 3560 1263 po-

1970 1292 2081 1338 tens
2126 1284 2181 1335 in
2233 1283 2381 1352 factis
2429 1292 2477 1336 et
2522 1282 2669 1336 dictis
2713 1283 2764 1335 in
2813 1292 3083 1351 conspectu
3128 1281 3226 1336 Dei
3264 1294 3311 1336 et
3342 1284 3564 1339 universi

1970 1377 2185 1445 populi,
2238 1376 2490 1445 quomodo
2566 1377 2700 1429 hanc
2768 1375 3089 1430 tradiderant
3157 1377 3443 1431 sacerdotes
3512 1386 3561 1431 et

1969 1468 2223 1537 principes
2292 1469 2450 1522 nostri
2502 1469 2556 1521 in
2618 1468 3001 1522 damnationem
3058 1470 3234 1522 mortis
3305 1480 3351 1522 et
3419 1471 3565 1523 cruci

1969 1576 2082 1613 cum
2133 1561 2352 1628 ﬁxerunt
2403 1576 2421 1612 :
2477 1576 2568 1613 nos
2634 1569 2803 1612 autem
2863 1560 3192 1631 sperabamus
3243 1560 3380 1629 quod
3454 1561 3563 1630 ipse

1971 1664 2079 1709 erat
2132 1654 2487 1723 redempturus
2536 1653 2706 1707 Israel
2763 1653 2915 1726 (Luc.
2968 1654 3137 1724 xxrv).
3188 1654 3347 1709 Juxta
3404 1670 3560 1725 quae,

1971 1763 2160 1803 omnes
2186 1763 2397 1818 quoque
2422 1747 2672 1817 discipuli
2700 1748 3154 1803 asseverationem
3192 1764 3404 1818 quoque
3448 1765 3568 1803 mu-

280 1838 387 1892 cuti
413 1836 667 1901 diximus,
710 1837 869 1908 longe
897 1836 1167 1893 diversum
1207 1839 1356 1907 prius
1380 1839 1575 1893 animis
1596 1847 1867 1894 acrmente
1894 1849 1943 1909 B
1972 1841 2161 1898 lierum
2201 1857 2321 1911 qum
2350 1851 2471 1910 post
2511 1841 2958 1897 resurrectionem
2988 1841 3233 1896 viderant
3259 1842 3566 1911 Dominum,

282 1940 658 2000 conceperant.
676 1930 915 2001 Denique
939 1930 1025 1987 hic
1050 1922 1149 1986 fuit
1169 1931 1330 1987 etiam
1358 1932 1667 1988 Iudaeorum
1687 1948 1870 1988 sermo

284 2024 719 2080 contradictionis
748 2023 1005 2080 adversus
1031 2040 1173 2091 eum,
1228 2040 1348 2080 cum
1393 2043 1456 2082 sc
1496 2027 1611 2097 ipse
1653 2027 1869 2098 quidem

286 2114 501 2171 doceret
532 2131 626 2170 eos
654 2124 708 2171 et
724 2114 897 2171 futura
924 2117 1287 2183 annuntiaret;
1309 2118 1385 2171 illi
1408 2129 1585 2173 autem
1608 2118 1871 2174 dicerent:

287 2204 339 2260 Ν
342 2224 398 2261 os
431 2208 719 2262 audivimus
738 2224 770 2261 a
787 2206 896 2279 lege
922 2209 1041 2277 quia
1064 2206 1292 2263 Christus
1316 2221 1483 2262 manet
1508 2210 1561 2264 in
1587 2219 1833 2263 wternum
1857 2226 1874 2264 .'

285 2310 329 2355 ct
356 2299 608 2370 quomodo
639 2308 691 2353 tu
713 2299 840 2354 dicis
870 2300 989 2369 quia
1015 2300 1231 2354 exaltari
1270 2310 1463 2369 oportet
1497 2302 1662 2370 ﬁlium
1708 2302 1874 2357 homi-

288 2395 365 2447 nis
402 2392 581 2467 (Joau.
614 2410 707 2459 sn,
740 2392 832 2465 54)
856 2395 878 2447 ?
905 2394 1090 2465 Itaque
1119 2394 1218 2450 fuit
1255 2395 1643 2466 discipulorum
1687 2397 1876 2453 eadem

291 2488 409 2544 haec
438 2489 787 2558 praesumptio
820 2488 887 2543 de
915 2490 1151 2555 Christo,
1185 2501 1566 2560 prorumpente
1620 2491 1673 2545 in
1718 2491 1879 2546 istum

289 2595 593 2636 sermonem
640 2580 1031 2637 incredulitatis
1084 2597 1195 2636 sua:
1250 2582 1413 2637 Petro
1461 2582 1579 2654 ipso
1622 2583 1759 2638 duce
1817 2598 1880 2639 ac

290 2676 533 2746 principe
570 2676 974 2746 Apostolorum.
1015 2675 1147 2731 Cum
1198 2677 1341 2731 enim
1388 2693 1419 2731 a
1465 2678 1691 2734 Domino
1722 2678 1882 2734 simul

290 2786 414 2826 cum
441 2770 655 2826 caeteris
709 2770 901 2826 fuisset
941 2771 1306 2842 interrogatus
1358 2770 1611 2841 quidnam
1655 2771 1884 2826 sentiret

292 2865 361 2921 de
389 2866 525 2935 ipso.
556 2863 607 2918 id
631 2874 713 2918 est
738 2879 896 2934 quem
925 2878 1048 2919 esse
1075 2878 1196 2918 eum
1229 2863 1593 2927 existimaret;
1627 2871 1682 2917 et
1709 2862 1883 2933 primo

294 2962 571 3014 veritatem
601 2956 883 3025 confessus
922 2956 1132 3021 fuisset,
1164 2956 1352 3011 dicens
1379 2971 1501 3012 esse
1550 2971 1671 3011 eum
1700 2955 1885 3011 Chris-

296 3062 406 3107 tum
442 3051 630 3107 Filium
659 3051 754 3107 Dei
788 3052 890 3107 vivi
920 3050 1132 3123 (Matth.
1168 3066 1276 3116 svi,
1304 3050 1371 3105 16
1398 3059 1453 3105 et
1478 3048 1658 3120 seq.);
1688 3060 1739 3105 et
1762 3064 1886 3119 pro-

297 3157 482 3218 pterea
536 3146 725 3201 beatus
754 3145 821 3199 ab
850 3144 943 3199 illo
980 3144 1247 3213 judicatus
1269 3153 1413 3198 esset
1460 3142 1602 3213 quod
1634 3142 1736 3197 hoc
1776 3158 1883 3197 non

1967 1934 2348 2007 iudicaverunt
2372 1934 2723 1989 deliramenta
2754 1953 2771 2000 ;
2800 1946 2853 1989 et
2907 1935 3122 2005 quidam
3182 1936 3420 2007 ipsorum
3451 1938 3567 1991 viso

1974 2045 2039 2084 eo
2068 2044 2173 2083 non
2200 2027 2561 2087 crediderunt.
2617 2029 2712 2084 sed
2741 2028 3158 2095 dubitaverunt;
3208 2030 3405 2101 quique
3438 2040 3566 2088 tunc

1975 2139 2081 2178 non
2122 2122 2477 2178 interfuerunt
2509 2123 2727 2177 omnino
2764 2139 2869 2176 non
2892 2122 3270 2186 crediderunt,
3298 2122 3401 2177 nisi
3426 2134 3569 2193 post-

1978 2216 2196 2271 modum
2227 2217 2294 2270 ab
2320 2216 2436 2284 ipso
2473 2216 2702 2269 Domino
2742 2216 2992 2270 omnibus
3016 2216 3191 2271 modis
3223 2216 3569 2273 fuissentob-

1975 2311 2171 2381 jurgati
2191 2321 2350 2377 atque
2390 2309 2647 2378 increpati
2673 2329 2684 2363 :
2709 2311 2961 2380 quoniam
2995 2316 3139 2364 mars
3170 2327 3265 2366 eos
3294 2311 3365 2366 ita
3392 2311 3569 2367 offen-

1980 2406 2165 2467 derat,
2214 2411 2271 2456 ut
2317 2409 2563 2470 putarent
2611 2418 2731 2455 cum
2802 2418 2907 2455 non
2966 2402 3359 2468 resurrexisse,
3411 2420 3571 2475 quem

1981 2495 2325 2551 crediderant
2366 2494 2501 2548 mori
2550 2508 2655 2547 non
2706 2494 2954 2548 debuisse
2995 2511 3009 2558 ;
3059 2495 3183 2564 quia
3231 2505 3417 2551 contra
3458 2496 3576 2567 opi-

1983 2588 2199 2643 nioiiem
2228 2589 2465 2656 ipsorum
2495 2587 2662 2641 semel
2692 2595 2933 2641 mortuus
2978 2586 3187 2642 fuisset.
3218 2588 3399 2659 Itaque
3430 2590 3576 2659 quod

1984 2681 2050 2735 ad
2079 2681 2222 2749 ipsos
2271 2679 2562 2748 discipulos
2591 2680 2838 2748 pertinet,
2870 2695 3041 2750 neque
3091 2681 3355 2750 integram
3401 2697 3578 2753 neque

1985 2772 2276 2844 perfectam
2307 2771 2466 2826 fidem
2512 2771 2763 2826 habuisse
2798 2771 2879 2825 his
2930 2772 3103 2826 modis
3151 2773 3346 2843 quibus
3388 2776 3577 2829 retuli-

1986 2883 2106 2921 mus
2136 2865 2518 2931 inveniuntur;
2552 2874 2607 2920 et
2653 2866 2795 2936 quod
2838 2866 3007 2920 multo
3054 2867 3272 2937 gravius
3298 2878 3401 2932 est,
3436 2868 3580 2923 sicut

1986 2961 2039 3015 in
2068 2959 2362 3031 Evangelio
2382 2970 2500 3013 cata
2527 2958 2788 3013 Joannem
2818 2962 3075 3029 scriptum
3103 2968 3205 3027 est,
3249 2962 3410 3014 etiam
3439 2959 3579 3016 alios

1986 3056 2330 3127 baptizabant
2349 3053 2555 3126 (Joan.,
2582 3071 2657 3121 ιιι,
2681 3054 2802 3123 ‘22).

2059 3148 2129 3202 X.
2162 3148 2425 3203 Praeterea
2458 3146 2583 3216 quid
2610 3147 2853 3202 dicturus
2903 3162 2962 3203 es
3007 3148 3073 3203 de
3103 3148 3184 3203 bis
3210 3150 3297 3219 qui
3332 3151 3578 3219 plerum-

296 3239 625 3303 carnaliter,
676 3236 771 3293 sed
830 3252 923 3307 per
977 3236 1149 3290 Patris
1216 3234 1451 3291 caelestis
1504 3234 1883 3289 revelationem

1990 3259 2093 3313 que
2107 3242 2174 3299 ab
2196 3242 2465 3313 episcopis
2492 3241 2740 3311 pessima:
2768 3244 3196 3298 conversationis
3218 3244 3573 3314 baptizantur:

299 3342 581 3386 assecutus
599 3337 774 3385 esset:
805 3328 946 3384 idem
979 3337 1179 3393 tamen,
1199 3327 1315 3382 ubit
1335 3326 1499 3398 CthiI.
1524 3326 1680 3383 .lesus
1705 3335 1885 3383 osten-

298 3424 430 3480 dere
468 3422 745 3493 discipulis
787 3422 902 3477 suis
938 3422 1060 3492 quia
1114 3430 1390 3491 oporteret
1416 3437 1538 3477 eum
1570 3420 1887 3494 Hierosoly-

300 3535 443 3574 mam
484 3518 584 3585 ire,
609 3526 665 3573 et
687 3516 847 3571 multa
898 3516 1005 3587 pati
1054 3532 1082 3568 a
1108 3515 1409 3570 senioribus
1441 3524 1498 3570 et
1517 3515 1887 3571 sacerdotibus

301 3624 355 3668 et
382 3612 596 3675 scribis.
622 3619 676 3667 et
703 3610 933 3667 interfici
989 3618 1043 3664 et
1088 3619 1210 3680 post
1262 3610 1403 3665 diem
1457 3611 1671 3665 tertium
1710 3627 1889 3667 resur-

300 3721 463 3777 gere;
512 3705 859 3761 nihilominus
890 3704 982 3759 ilIe
1025 3719 1185 3759 verus
1215 3703 1417 3759 Christi
1450 3705 1734 3761 confessor
1764 3714 1890 3776 post

302 3800 555 3870 pauculos
599 3798 715 3855 dies
753 3808 1029 3868 assumpto
1073 3813 1139 3853 eo
1192 3798 1356 3868 coepit
1410 3798 1559 3853 illum
1614 3799 1889 3869 corripere

304 3892 526 3948 dicens:
560 3890 828 3961 Propitius
872 3892 941 3944 sis
968 3890 1093 3959 tibi,
1146 3905 1248 3945 non
1297 3890 1394 3943 erit
1427 3890 1567 3943 istud
1611 3888 1775 3960 (Ibid.
1799 3890 1889 3957 22,

302 3988 400 4058 25)
425 4006 440 4053 ;
472 3986 543 4041 ita
571 3995 629 4040 ut
652 3994 931 4056 propterea
964 3983 1151 4039 audire
1178 3998 1209 4038 a
1240 3982 1466 4037 Domino
1487 3982 1887 4050 commeruerit,

320 4077 455 4133 Vade
475 4086 585 4147 post
602 4093 697 4143 me,
720 4076 965 4141 Satanas,
987 4075 1287 4130 scandalum
1304 4074 1428 4127 mihi
1447 4089 1524 4137 es;
1541 4074 1609 4130 ob
1634 4075 1734 4130 hoc
1750 4074 1891 4145 quod

306 4189 413 4231 non
436 4181 648 4245 saperet
670 4188 732 4228 ca
760 4188 881 4243 quae
908 4182 1033 4227 sunt
1059 4171 1174 4236 Dei,
1206 4169 1301 4226 sed
1331 4186 1392 4225 ea
1422 4185 1543 4239 qua:
1569 4178 1697 4225 sunt
1721 4169 1893 4225 homi-

306 4284 455 4323 num.
482 4266 613 4335 Quae
635 4266 930 4337 increpatio
981 4263 1245 4320 adversus
1290 4264 1507 4319 Petrum
1562 4263 1733 4335 magis
1778 4279 1893 4319 ma-

309 4365 496 4436 gisque
521 4363 691 4418 eluxit
711 4361 1054 4434 apprehenso
1083 4359 1331 4426 Domino,
1358 4375 1478 4415 cum
1506 4375 1536 4413 a
1582 4358 1895 4415 muliercula

310 4457 633 4513 conterritus
658 4455 899 4511 diceret:
932 4453 1145 4527 (Matth.
1178 4469 1322 4521 xxvi,
1357 4454 1424 4509 70
1450 4462 1504 4507 et
1534 4449 1676 4523 seq.)
1711 4449 1899 4506 Nescio

309 4553 434 4624 quid
455 4553 616 4615 dicas,
665 4562 823 4621 neque
860 4551 975 4604 novi
1028 4561 1094 4605 te.
1136 4549 1201 4603 Et
1248 4549 1440 4604 iterum
1464 4562 1586 4602 cum
1615 4545 1719 4601 hoc
1758 4544 1897 4602 idem

1984 3337 2073 3408 qui
2104 3346 2280 3391 tamen
2313 3335 2553 3401 tandem,
2584 3350 2707 3389 cum
2743 3334 2882 3389 Deus
2916 3335 3165 3400 voluerit,
3194 3337 3246 3390 in
3278 3338 3578 3393 sceleribus

1985 3432 2099 3487 suis
2137 3430 2393 3495 convicti,
2430 3430 2592 3485 etiam
2621 3430 2740 3500 ipso
2767 3440 2861 3484 aut
2893 3445 3123 3498 prorsus
3146 3431 3308 3486 etiam
3335 3447 3586 3489 commu-

1987 3526 2255 3581 nicatione
2288 3523 2605 3594 privantur?
2652 3525 2759 3576 Aut
2803 3522 2929 3593 quid
2955 3531 3158 3577 statues
3193 3523 3261 3579 de
3290 3525 3370 3580 eis
3401 3525 3495 3596 qui
3520 3525 3589 3581 ab

1988 3619 2253 3691 episcopis
2272 3632 2439 3687 prave
2459 3616 2818 3671 sentientibus
2837 3625 2928 3670 aut
2946 3617 3365 3686 imperitioribus
3388 3620 3589 3678 fuerint

1986 3712 2278 3783 baptizati?
2299 3710 2514 3780 quando
2532 3725 2635 3763 non
2653 3708 2718 3761 ad
2739 3709 2996 3777 liquidum
3019 3720 3073 3765 et
3097 3711 3300 3780 integre
3318 3712 3399 3766 vel
3419 3715 3583 3768 etiam

1990 3806 2149 3861 aliter
2186 3819 2344 3874 quam
2375 3811 2590 3872 oportet
2627 3802 2678 3854 in
2712 3802 3000 3857 traditione
3036 3808 3361 3860 sacramenti
3388 3807 3591 3863 fuerint

1992 3898 2184 3963 locuti;
2207 3905 2354 3951 certe
2376 3904 2465 3949 aut
2492 3894 2941 3963 interrogaverint
2970 3895 3119 3963 quid,
3138 3899 3587 3971 aut'interrogan-

1992 4000 2074 4047 tes
2087 4008 2114 4044 a
2130 3986 2576 4060 respondentibus
2593 3986 2861 4041 audierint
2875 3987 3017 4057 quod
3038 3988 3257 4045 minime
3271 3992 3340 4045 ita
3360 3992 3593 4049 interro-

1991 4084 2102 4155 gari
2122 4092 2214 4136 aut
2237 4081 2548 4151 responderi
2574 4080 2733 4135 debet
2752 4098 2764 4135 :
2783 4083 2922 4149 quod
2942 4090 3117 4136 tamen
3137 4098 3241 4138 non
3259 4085 3415 4141 valde
3446 4088 3590 4144 illam

1995 4187 2231 4232 nostram
2260 4184 2460 4231 rectam
2485 4175 2642 4229 fidem
2663 4173 2845 4239 laedat,
2869 4175 2962 4229 sed
2988 4191 3089 4229 non
3115 4188 3221 4231 tam
3243 4189 3430 4235 ornate
3452 4192 3509 4235 ut
3534 4190 3591 4237 tu

1997 4280 2054 4327 et
2076 4270 2394 4340 composite,
2419 4269 2503 4325 isti
2527 4284 2739 4340 quoque
2760 4269 3117 4339 simpliciores
3136 4271 3379 4328 homines
3396 4286 3597 4348 myste-

1997 4366 2133 4419 rium
2163 4362 2288 4418 ﬁdei
2313 4361 2547 4417 tradant.
2597 4362 2846 4416 Dicturus
2873 4377 2931 4415 es
2978 4363 3121 4417 enim
3152 4364 3335 4435 utique
3365 4382 3461 4436 pro
3503 4376 3593 4425 tua

2000 4456 2253 4528 singulari
2305 4453 2603 4525 diligentia,
2640 4453 2737 4507 hos
2769 4468 2986 4524 quoque
3035 4454 3214 4509 denuo
3242 4456 3591 4527 baptizandos

2001 4563 2143 4609 esse.
2174 4564 2294 4604 cum
2322 4547 2554 4601 maxime
2585 4546 2663 4600 eis
2687 4561 2775 4601 res
2801 4544 2943 4600 desit
2980 4556 3072 4600 aut
3100 4545 3276 4601 obstet
3306 4552 3594 4618 quominus

313 4645 517 4702 diceret
567 4642 846 4699 addhibito
900 4641 1274 4714 jurejurando,
1326 4651 1379 4697 et
1439 4641 1595 4696 tertio
1638 4639 1897 4696 devotans
1922 4640 2305 4728 Dinviolabile
2331 4638 2459 4693 illud
2487 4637 2726 4692 divinum
2769 4638 3083 4709 mysterium
3135 4638 3258 4695 fidei
3298 4640 3594 4700 intemera-

314 4750 370 4795 ct
394 4740 583 4810 jurans
614 4738 929 4805 affirmaret,
962 4739 1212 4810 quoniam
1240 4754 1345 4793 non
1377 4745 1560 4793 nosset
1599 4735 1895 4803 hominem,

2005 4746 2114 4791 tum
2142 4733 2349 4804 possint
2367 4730 2631 4802 accipere.
2661 4731 2767 4787 Sed
2798 4730 2941 4786 enim
2972 4732 3209 4787 virorum
3238 4735 3440 4804 optime
3465 4737 3590 4794 red-

1583 4828 1942 4887 VARIORUM
1988 4826 2220 4885 NOTAE.

394 4929 481 4985 IX.
514 4959 584 4971 --
611 4930 976 4999 Corriperelur.
1018 4926 1155 4984 Puto
1200 4926 1486 4999 legendum
1526 4940 1645 4981 esse
1677 4941 1905 4980 corrum-

323 5012 543 5071 peretur.
588 5001 859 5058 CALLAND.

397 5073 898 5147 SuperfugereLHoc
940 5082 1086 5129 certe
1113 5071 1281 5143 magis
1311 5069 1422 5129 Deo
1447 5070 1719 5139 convenit,
1747 5083 1903 5139 quam

321 5145 712 5217 subterfugere.
746 5145 970 5201 Rue/tur.

397 5212 668 5274 Devotdns.
694 5217 1059 5272 Tertullianus
1084 5215 1218 5271 dixit
1247 5215 1615 5270 devotamenta.
1659 5212 1880 5268 RIGALT.

392 5289 464 5345 X.
490 5320 561 5332 ——
589 5290 757 5343 Etiam
783 5290 910 5356 ipso.
947 5288 1098 5358 Legit
1128 5287 1328 5347 Fcllus,
1359 5288 1511 5358 etiam
1535 5287 1646 5354 ipso
1682 5298 1905 5358 munere.

321 5361 586 5434 Rigaltius
603 5376 733 5434 vero
756 5377 770 5412 :
796 5355 963 5434 Etiam
979 5355 1112 5426 ipso,
1128 5359 1337 5412 scilicet
1352 5357 1601 5434 Domino,
1618 5355 1909 5434 privamur.

322 5426 481 5501 Quia,
530 5432 722 5503 inquit,
778 5430 863 5503 vel
902 5429 1042 5485 facto
1080 5444 1179 5482 suo
1225 5429 1459 5496 pessimo
1491 5426 1911 5503 Donninunrpe-

321 5514 550 5575 gant,et
577 5501 643 5556 ad
672 5501 929 5575 _Et_hnicos
982 5509 1290 5575 transeunt;
1342 5508 1438 5552 aut
1482 5509 1701 5566 prorsus
1755 5501 1914 5548 etiam

325 5570 614 5645 Ejiciiintur
637 5572 704 5625 ab
726 5570 987 5645 Ecclesia.
1020 5571 1291 5645 Genuum.

414 5644 648 5697 Virorum
672 5642 881 5709 optime.
915 5642 1081 5694 Antea
1124 5641 1397 5703 legebatur
1422 5640 1691 5709 vivorum:
1738 5652 1918 5709 emeng

329 5715 477 5771 datio
502 5713 673 5766 facilis
695 5707 750 5767 et
777 5712 953 5764 obvia.
979 5711 1069 5766 Sic
1098 5712 1150 5764 iu
1171 5708 1409 5775 Epistula
1442 5708 1648 5766 Paulini
1680 5707 1919 5778 episc0pi

332 5783 690 5856 Aquileiensis
710 5782 775 5838 ad
798 5778 1048 5839 Carolum
1082 5781 1181 5856 (Ma;
1199 5780 1419 5856 innlibro
1454 5781 1628 5856 primo
1653 5779 1920 5856 miscella-

330 5849 556 5917 ineorum
571 5866 895 5921 nostrorum,
926 5870 1043 5925 pag.
1078 5852 1205 5911 565.
1242 5849 1337 5907 llis
1354 5861 1399 5909 et
1421 5849 1669 5909 similibus
1698 5852 1919 5907 virorum

617 5952 897 6016 Punoc.
938 5947 1047 6011 Ill.

2008 4924 2213 4991 optime.
2261 4920 2407 4976 Inter
2436 4917 2691 4990 epistolas
2740 4916 2970 4973 ineditas
3000 4918 3318 4974 Trasmundi
3348 4924 3601 4981 monachi

2007 4994 2422 5051 Clarevalleusis
2445 4992 2712 5058 reperitur
2728 5005 2828 5042 una
2852 5006 2972 5058 qua:
2997 4993 3074 5045 sic
3102 4992 3286 5059 incipit
3311 5010 3323 5046 :
3358 4992 3599 5061 Recipere

2010 5085 2041 5120 a
2070 5078 2136 5131 te,
2165 5064 2386 5118 virorum
2411 5063 2619 5130 Optime,
2649 5062 3039 5132 rioniratenulas
3065 5066 3277 5132 ferreas.
3310 5066 3399 5117 sed
3428 5083 3597 5121 mure-

2011 5138 2160 5191 nulas
2186 5152 2368 5188 aureas
2397 5132 2701 5204 solebamus.
2725 5131 3001 5204 Mattha'us
3025 5131 3220 5187 Bossus
3249 5134 3339 5188 lib.
3372 5151 3409 5195 ι.
3433 5138 3595 5204 epist.

2014 5209 2079 5261 77
2110 5207 2175 5260 ad
2192 5206 2521 5277 Polycletuin
2551 5202 2865 5277 :_Poly_clele,
2893 5207 3113 5277 uirorum
3138 5206 3346 5277 optime.
3364 5202 3602 5264 Joannes

2015 5278 2254 5332 Vatellus
2291 5272 2350 5331 in
2403 5272 2751 5349 epistolaad
2788 5274 3151 5349 Duilli-Imma
3182 5276 3419 5349 Rivicrc,
3476 5296 3600 5349 quae

2015 5350 2156 5404 edita
2184 5358 2261 5402 e5!
2295 5363 2414 5401 cum
2440 5342 2678 5419 epistolis
2714 5342 2979 5399 Guillelmi
3010 5347 3077 5401 de
3107 5346 3287 5401 Maro:
3325 5347 3445 5402 A‘on
3478 5342 3600 5419 pos-

2020 5436 2130 5474 sum
2169 5420 2311 5472 nobis
2362 5434 2463 5470 non
2496 5416 2787 5487 plurimum
2838 5420 3086 5487 gratulari
3130 5420 3354 5471 virorum
3391 5416 3599 5487 Optime.

2022 5490 2177 5560 Apud
2210 5489 2431 5543 Marium
2462 5486 2834 5560 Mereatorcm,
2868 5504 2984 5559 pag.
3012 5490 3100 5550 55.
3132 5490 3254 5550 157,
3285 5491 3335 5543 in
3370 5486 3606 5549 editione

2028 5558 2206 5617 nostra
2263 5562 2336 5615 vir
2382 5559 2606 5631 ap'irner
2658 5558 3210 5631 Interpres'epistola:
3264 5560 3484 5617 Palladii
3534 5564 3603 5620 ad

2022 5634 2254 5689 Lausum
2300 5628 2515 5701 prtulixe
2556 5628 2705 5701 libris
2757 5629 2823 5701 de
2863 5628 3015 5687 Vitis
3048 5632 3307 5695 Patrum;
3371 5631 3459 5687 Est
3515 5652 3609 5689 au-

2026 5717 2121 5760 tem
2161 5700 2316 5778 hujus
2357 5700 2597 5778 desiderii
2653 5700 2938 5770 spiritualis
2982 5713 3188 5757 exactor
3238 5703 3459 5759 virorum
3510 5723 3608 5778 op-

2026 5779 2177 5832 timus
2204 5775 2425 5831 Lausus.
2465 5772 2734 5829 GALLAND.

2963 5939 3039 6006 38
