4262 6236
679 237 818 295 1195

1999 229 2086 286 DE
2128 226 2656 288 REBAPTISMATE

3819 228 3953 288 1196

675 362 866 416 damus
904 366 958 416 et
998 356 1368 427 permittamus
1416 355 1700 410 virtutibus
1769 350 2076 407 cmlestibus
2117 351 2259 404 vires
2285 348 2566 410 Atiliristi
2603 360 2798 402 nomen
2848 347 3011 402 etiam
3059 346 3344 404 hereticus
3397 349 3589 420 aliquis
3632 351 3724 421 qui
3777 359 3956 405 tamen

679 470 836 519 suas,
873 461 927 506 et
968 449 1262 519 dignationi
1305 447 1500 502 divinae
1553 445 1848 515 maiestatis
1899 442 2260 497 concedamus

678 546 1018 619 operationes
1036 543 1298 612 pr0prias,
1316 553 1368 596 et
1390 539 1752 610 intelligentes
1765 547 2022 608 quantum
2047 536 2101 589 in
2115 551 2178 589 ea
2195 536 2266 589 sit

681 642 1121 704 emolumentum,
1147 637 1374 692 libenter
1395 635 1447 690 ei
1463 634 1886 704 acquiescamus.
1909 633 1977 686 Et
1995 630 2114 684 ideo
2141 645 2264 684 cum

683 737 828 791 salus
861 742 1043 788 nostra
1073 732 1124 786 in
1155 730 1484 800 Baptismate
1511 727 1753 796 spiritus,
1779 725 1920 795 quod
1951 725 2264 795 plerumque

685 844 806 884 cum
828 826 1158 896 Baptismate
1179 837 1332 892 aquae
1356 820 1700 889 coniunctum
1724 829 1826 880 est,
1854 818 1923 871 sit
1949 817 2260 879 constituta,

685 920 950 993 siquidem
980 933 1074 987 per
1120 931 1218 971 nos
1257 914 1529 983 Baptisma
1554 911 1814 975 tradetur,
1849 909 2054 979 integre
2079 917 2134 962 et
2171 922 2263 962 so-

684 1013 935 1069 lemniter
963 1019 1018 1065 et
1046 1025 1139 1078 per
1177 1006 1354 1061 omnia
1377 1020 1494 1074 quae
1539 1003 1736 1073 scripta
1764 1012 1891 1057 sunt
1937 1002 2262 1070 assignetur,

683 1117 842 1176 atque
888 1104 1004 1158 sine
1052 1101 1155 1154 ulla
1186 1099 1342 1153 ullius
1364 1098 1438 1152 rei
1469 1102 1807 1166 separatione
1840 1099 2078 1148 tradatur
2111 1108 2126 1156 ;
2174 1101 2266 1145 aut

682 1200 782 1252 sia
837 1197 1043 1252 minore
1095 1193 1240 1248 clero
1291 1207 1386 1260 per
1411 1189 1785 1244 necessitatem
1811 1187 2060 1242 traditum
2085 1184 2262 1247 fuerit,

682 1304 930 1349 eventum
967 1271 1318 1360 expectemus
1351 1295 1407 1340 ut
1447 1294 1539 1338 aut
1590 1285 1904 1352 suppleatur
1933 1297 1963 1336 a
1993 1280 2149 1335 nobis
2175 1287 2268 1333 aut

683 1403 712 1441 a
741 1385 967 1440 Domino
997 1380 1352 1453 supplendum
1384 1386 1725 1439 reservetur;
1769 1375 1814 1428 si
1856 1391 1984 1429 vero
2018 1373 2086 1428 ab
2131 1372 2265 1426 alie-

684 1482 766 1534 nis
813 1477 1060 1532 traditum
1121 1475 1300 1539 fuerit,
1331 1482 1387 1525 ιιι
1429 1480 1604 1541 potest
1629 1469 1730 1523 hoc
1785 1469 2050 1539 negotium
2106 1476 2159 1522 et
2211 1478 2269 1520 ut

684 1571 932 1635 admittit,
993 1568 1290 1638 corrigatur
1331 1584 1342 1617 :
1385 1563 1505 1633 quiat
1565 1562 1792 1632 Spiritus
1847 1570 2064 1615 sanctus
2115 1568 2267 1614 extra

685 1663 980 1719 Ecclesiam
1014 1676 1117 1713 non
1164 1659 1254 1723 sit,
1305 1657 1434 1710 fides
1491 1670 1704 1725 quoque
1748 1669 1854 1708 non
1905 1653 2077 1707 solum
2127 1651 2267 1721 apud

2367 441 2542 510 ipsum
2593 440 2866 496 Christum
2925 451 3111 510 negat,
3165 442 3451 509 conﬁteri;
3511 444 3635 514 quia
3689 445 3742 497 in
3799 443 3955 498 alium

2369 532 2644 587 Christum
2700 533 2910 599 credit,
2953 548 3076 588 cum
3129 531 3375 589 Christus
3401 535 3718 590 conﬁteatur
3741 535 3883 600 quod
3909 535 3958 591 ei

2372 626 2635 695 prodesse
2692 627 2912 680 minime
2939 628 3107 695 possit
3138 645 3150 680 :
3181 626 3445 693 siquidem
3483 628 3743 682 Dominus
3774 644 3878 682 non
3902 643 3961 683 se

2368 719 2543 786 ipsum
2586 719 2638 772 in
2688 720 3084 773 confessionem
3139 734 3168 772 a
3218 719 3372 772 nobis
3418 735 3598 775 coram
3650 721 3952 775 hominibus

2367 811 2554 865 deduci
2596 822 2848 880 oportere
2884 810 3041 874 dixit,
3099 812 3238 882 quod
3279 814 3399 868 sine
3455 814 3573 883 ipso
3609 825 3663 868 et
3710 814 3824 869 sine
3869 829 3960 868 ve-

2368 902 2606 958 nerando
2637 903 2856 958 nomine
2898 904 3016 973 eius
3044 919 3149 958 non
3199 915 3375 974 potest
3408 906 3543 960 ﬁeri.
3595 905 3659 959 Et
3710 906 3830 961 ideo
3877 907 3962 959 in-

2369 1006 2576 1067 tegrum
2605 1012 2668 1051 ac
2709 999 2980 1053 sincerum
3010 1007 3066 1052 et
3120 999 3596 1055 incontaminatum
3629 1010 3682 1055 et
3733 1000 3962 1055 inviola-

2371 1101 2483 1144 tum
2558 1101 2850 1162 utrumque
2901 1092 3063 1148 debet
3115 1095 3414 1149 consistere
3479 1096 3774 1160 confitenti,
3817 1097 3963 1151 nullo

2368 1185 2578 1241 delectu
2623 1186 2806 1241 habito
2851 1187 3018 1256 ipsius
3043 1187 3408 1254 confessoris,
3452 1190 3566 1244 sive
3609 1189 3699 1245 ille
3743 1189 3962 1259 justus,

2369 1280 2482 1334 sive
2541 1291 2807 1349 peccator,
2863 1280 3238 1351 perfectasque
3291 1279 3658 1348 Christianus,
3717 1296 3784 1336 an
3836 1296 3966 1337 vero

2370 1372 2527 1425 etiam
2563 1387 2704 1426 nunc
2738 1370 3082 1440 imperfectus
3103 1413 3118 1436 ,
3149 1373 3239 1443 qui
3272 1387 3485 1427 summo
3516 1373 3829 1429 discrimine
3869 1389 3964 1429 suo

2372 1465 2658 1519 Dominum
2690 1463 2937 1523 conﬁteri
2961 1480 3067 1519 non
3119 1467 3318 1519 timuit.
3351 1465 3462 1521 Nec
3503 1476 3586 1521 est
3615 1467 3720 1522 hoc
3753 1475 3966 1522 contra-

2371 1559 2507 1611 rium
2563 1558 2831 1628 superiori
2877 1559 3161 1612 tractatui:
3195 1559 3316 1627 quia
3348 1558 3457 1613 illic
3510 1558 3723 1628 quidem
3756 1567 3966 1629 tempus

2373 1661 2590 1719 superat
2630 1651 2697 1704 ad
2751 1649 3068 1719 corrigenda
3113 1665 3232 1720 quae
3261 1651 3426 1704 multa
3480 1651 3560 1704 vel
3609 1667 3770 1720 prava
3818 1659 3965 1716 sunt,

684 1757 984 1820 haereticos,
1017 1768 1202 1808 verum
1233 1751 1391 1804 etiam
1439 1748 1578 1818 apud
1618 1763 1712 1800 eos
1767 1747 1856 1816 qui
1898 1747 1951 1799 in
1983 1745 2272 1801 schismate
2302 1749 2348 1807 Β
2376 1752 2430 1796 et
2469 1743 2726 1812 quoniam
2767 1743 3012 1812 quaedam
3039 1757 3295 1796 COIICCSaa
3325 1751 3448 1798 sunt
3475 1744 3573 1813 ipsi
3593 1745 3966 1800 tantummodo

681 1847 954 1905 constituti
981 1855 1107 1901 sunt
1143 1859 1270 1900 sana
1302 1858 1422 1896 esse
1450 1857 1552 1894 non
1582 1837 2108 1908 possit.,ldcircoque
2157 1851 2268 1906 pm-

682 1940 958 1997 nitcutiam
1003 1937 1281 2007 agentibus
1322 1934 1684 2003 correctisque
1721 1948 1818 2002 per
1846 1931 2145 1986 doctrinam
2183 1946 2269 1985 ve.

681 2035 852 2089 ritatis
877 2041 931 2087 et
981 2047 1073 2100 per
1120 2031 1277 2084 ﬁdem
1327 2031 1585 2095 ipsorum,
1626 2043 1746 2096 quae
1775 2036 1957 2096 postea
1985 2025 2266 2080 emendata

682 2136 764 2182 est
807 2125 1084 2196 puriﬁcato
1104 2122 1267 2178 Corde
1297 2137 1505 2186 eorum,
1552 2119 1918 2174 tantummodo
1947 2119 2270 2186 Baptismate

681 2219 950 2290 spiritali,
1010 2216 1060 2272 id
1113 2225 1194 2270 est
1259 2231 1448 2268 manus
1509 2213 1848 2282 itnpositione
1906 2211 2140 2280 episcopi
2216 2220 2271 2264 et

681 2313 912 2382 Spiritus
961 2309 1131 2364 sancti
1182 2307 1696 2370 subministratiOne,
1726 2305 1996 2360 subveniri
2044 2304 2267 2369 debeat;

682 2407 892 2477 signum
937 2418 1147 2474 quoque
1211 2401 1332 2455 ﬁdei
1401 2403 1666 2470 integrum
1712 2399 1813 2452 hoc
1864 2397 2022 2452 modo
2075 2405 2128 2451 et
2172 2397 2271 2451 hac

681 2502 889 2555 ratione
916 2498 1048 2553 tradi
1079 2498 1131 2550 in
1187 2496 1423 2550 Ecclesia
1471 2493 1664 2548 merito
1717 2492 2033 2554 consuevit;
2079 2505 2146 2546 ne
2185 2492 2268 2543 in-

686 2595 892 2649 vocatio
925 2591 1153 2647 nominis
1180 2589 1308 2645 Jesu
1332 2604 1450 2658 qua:
1481 2588 1681 2641 aboleri
1737 2601 1844 2640 non
1892 2594 2085 2654 potest,
2135 2599 2268 2639 con-

685 2687 958 2757 temptuia
988 2685 1141 2739 nobis
1182 2683 1424 2737 videatur
1451 2681 1628 2735 habita
1670 2698 1683 2734 :
1731 2679 1871 2750 quod
1922 2680 2106 2748 utique
2163 2695 2267 2734 non

683 2789 926 2850 oportet;
967 2791 1289 2848 quamquam
1319 2773 1439 2828 talis
1473 2773 1762 2835 invocatio,
1805 2773 1850 2826 si
1899 2771 2030 2826 nihil
2081 2787 2268 2826 eorum

681 2887 800 2942 quae
856 2869 1269 2924 memoravimus
1320 2875 1562 2920 secutum
1616 2863 1792 2931 fuerit,
1843 2863 1911 2917 ab
1959 2865 2270 2932 operatione

683 2964 870 3020 salutis
929 2971 1106 3016 cesset
1175 2975 1238 3013 ac
1307 2966 1473 3012 vacet.
1541 2957 1756 3012 Dicente
1819 2957 1959 3011 enim
2009 2956 2270 3025 Apostolo

682 3071 841 3108 unum
880 3068 999 3107 esse
1050 3051 1316 3121 Baptisma
1371 3049 1586 3122 (Ephcs.
1643 3064 1714 3114 tv,
1775 3046 1856 3118 5),
1909 3062 2129 3102 necesse
2190 3058 2268 3103 est

2373 1837 2573 1890 nomini
2606 1836 2815 1890 Domini
2847 1837 3048 1900 nostri,
3093 1838 3405 1909 martyrium
3453 1849 3630 1893 autem
3662 1839 3890 1893 nonnisi
3917 1842 3965 1894 in

2373 1933 2488 1999 ipso
2516 1941 2572 1986 et
2606 1947 2702 1999 per
2729 1933 2906 2000 ipsum
2944 1932 3222 1986 Dominum
3254 1933 3421 2003 possit
3461 1936 3825 1989 consummari
3854 1953 3869 2001 ;
3918 1945 3967 1990 et

2374 2023 2574 2078 idcirco
2603 2040 2777 2093 neque
2803 2023 3078 2078 Christum
3096 2026 3212 2079 sine
3235 2027 3382 2094 ipsus
3411 2028 3630 2082 nomine
3657 2030 3773 2096 quis
3796 2031 3966 2098 possit

2373 2118 2640 2184 conﬁteri,
2677 2133 2852 2188 neque
2885 2133 3081 2174 nomen
3109 2117 3312 2173 Christi
3335 2119 3450 2174 sine
3484 2121 3602 2190 ipso
3645 2121 3856 2177 Christo
3896 2122 3961 2176 ad

2373 2214 2766 2266 confessionem
2800 2214 3047 2283 cuiquam
3079 2215 3250 2282 possit
3277 2216 3621 2284 patrocinari.

2446 2304 2560 2358 ΧΠ.
2604 2305 2939 2374 Quapropter
2993 2315 3139 2360 totus
3177 2306 3568 2363 discernendus
3597 2319 3677 2364 est
3707 2319 3968 2365 tractatus

2375 2399 2481 2460 hic,
2515 2408 2570 2449 nt
2615 2398 2785 2466 possit
2831 2397 3168 2452 manifestior
3219 2398 3356 2454 ﬁeri.
3409 2399 3653 2469 Namque
3700 2402 3971 2457 invocatio

2375 2491 2606 2544 nominis
2635 2489 2764 2544 Jesu
2790 2490 2912 2543 idco
2939 2498 3147 2544 tantum
3181 2494 3507 2560 patrocinari
3545 2503 3761 2562 potest,
3826 2498 3872 2550 si
3903 2495 3971 2550 ri—

2377 2587 2428 2640 te‘
2455 2587 2698 2656 suppleta
2727 2597 2910 2656 postea
2939 2587 3122 2652 fuerit,
3155 2590 3279 2658 quiat
3306 2601 3359 2644 et
3402 2590 3691 2660 Prophetae
3718 2603 3771 2648 et
3833 2597 3973 2664 Apo-

2374 2683 2497 2736 stoli
2548 2683 2616 2734 ita
2649 2680 3098 2751 praedicaverunt.
3135 2685 3225 2737 Ait
3264 2686 3408 2739 enim
3437 2685 3673 2742 Jacobus
3719 2689 3771 2742 in
3825 2691 3970 2744 Actis

2374 2775 2796 2844 Apostolorum:
2837 2774 2946 2828 Viri
2996 2780 3186 2846 fratres
3215 2820 3228 2843 ,
3261 2779 3437 2832 audite
3463 2795 3482 2832 :
3510 2780 3694 2834 Simon
3739 2781 3976 2851 exposuit

2373 2869 2797 2939 quemadmodum
2842 2870 3064 2938 primum
3118 2870 3255 2925 Deus
3309 2873 3585 2927 visitaverit
3627 2876 3868 2946 accipere
3912 2892 3973 2929 ex

2374 2965 2604 3034 gentibus
2660 2965 2906 3034 pupulum
2980 2965 3175 3018 nomini
3237 2982 3328 3019 suo
3360 2985 3382 3031 ;
3424 2976 3470 3019 et
3515 2968 3633 3020 huic
3690 2979 3975 3023 consonant

2373 3071 2629 3109 sermones
2693 3059 3099 3126 prophetarum,
3171 3059 3302 3110 sicut
3378 3059 3627 3129 scriptum
3678 3072 3794 3115 est:
3841 3061 3973 3114 Post

685 3146 1020 3202 invocatione
1058 3143 1288 3197 nominis
1341 3142 1464 3196 Jesu
1522 3151 1936 3211 perseverante;
1993 3141 2114 3210 quia
2161 3157 2266 3194 non

2376 3150 2480 3202 haec
2544 3159 2802 3214 revertar,
2857 3161 2902 3204 et
2975 3149 3299 3216 retedi/icabo
3388 3152 3770 3207 tabernaculum
3837 3153 3978 3207 illud

685 3249 862 3312 potest
900 3255 930 3294 a
960 3253 1223 3308 quoquam
1257 3236 1531 3289 hominum
1577 3251 1695 3304 qua:
1730 3236 1895 3289 semel
1922 3236 2163 3289 invocata
2185 3243 2268 3289 est

682 3334 902 3397 auferri,
929 3334 971 3386 si
999 3347 1115 3387 eam
1143 3339 1328 3385 contra
1381 3329 1651 3384 decretura
1692 3329 2071 3397 Apostolorum
2103 3328 2269 3397 gemi-

683 3445 813 3485 nare
839 3427 953 3481 ausi
984 3425 1240 3480 fuerimus
1272 3423 1544 3477 nimietate
1575 3420 1862 3490 pracstandi
1895 3421 2055 3475 immo
2080 3436 2269 3490 super-

683 3521 911 3578 addendi
939 3519 1280 3590 Baptismatis
1306 3517 1483 3571 studio
1515 3536 1528 3570 a
1561 3518 1606 3570 si
1639 3516 1727 3570 ille
1753 3517 1841 3585 qui
1871 3516 1936 3570 ad
1968 3516 2267 3572 Ecclesiam

684 3615 969 3672 revertitur
983 3613 1112 3668 nolit
1129 3613 1305 3667 denuo
1324 3610 1602 3679 baptizari,
1629 3609 1862 3664 futurum
1880 3621 1961 3664 est
1979 3621 2033 3663 ut
2050 3611 2267 3666 defrau-

685 3708 873 3763 detnus
895 3706 1216 3773 Baptismale
1231 3703 1451 3772 spiritali
1470 3718 1590 3756 eum
1613 3718 1768 3772 quem
1794 3710 2041 3771 putamus
2055 3701 2271 3758 defrau-

685 3804 917 3860 dandum
947 3817 1050 3856 non
1077 3814 1196 3854 esse
1225 3800 1543 3868 baptismate
1569 3813 1742 3867 aquae.

758 3897 849 3952 XI.
900 3894 1037 3963 Quid
1067 3902 1242 3946 autem
1299 3901 1501 3946 statues
1553 3891 1603 3943 in
1648 3905 1936 3959 personam
1987 3891 2105 3959 ejus
2146 3907 2270 3945 ver-

685 3993 812 4049 bum
863 3988 1124 4050 audientis
1178 3987 1268 4056 qui
1331 3983 1467 4038 forte
1511 3986 1880 4053 apprehensus
1931 3984 1982 4038 in
2053 3985 2272 4039 nomine

686 4083 888 4144 Christi
941 4079 1122 4134 statim
1163 4075 1476 4142 confessus,
1525 4090 1587 4129 ac
1659 4075 1971 4144 priusquam
2016 4075 2272 4144 baptizari

687 4192 824 4248 aqua
877 4173 1274 4245 permitteretur
1322 4170 1404 4234 ei,
1453 4169 1612 4222 fuerit
1659 4169 1912 4237 punitus;
1954 4183 2129 4224 utrum
2183 4186 2274 4238 pe-

689 4271 828 4328 risse
858 4283 980 4323 eum
1007 4262 1374 4336 pronuntiabis
1402 4262 1522 4331 quia
1556 4277 1659 4316 non
1689 4273 1770 4316 est
1793 4277 1928 4329 aqua
1949 4263 2269 4339 baptizatus,

691 4381 760 4420 an
807 4379 934 4417 vero
983 4357 1182 4428 aliquid
1213 4357 1552 4412 extrinsecus
1576 4356 1896 4425 patrocinari
1925 4356 1990 4410 ad
2044 4359 2272 4413 salutem

692 4454 1063 4515 existimabis,
1123 4451 1249 4504 licet
1299 4464 1402 4502 non
1451 4448 1516 4502 sit
1542 4464 1676 4517 aqua
1723 4449 2067 4517 baptizatus?
2120 4450 2272 4517 Quod

2373 3243 2543 3296 David
2588 3244 2725 3312 quod
2752 3243 2969 3310 cecidit;
3020 3254 3067 3296 et
3109 3260 3224 3314 qua:
3271 3247 3516 3299 demolita
3559 3257 3676 3299 sunt
3725 3249 3833 3318 ejus
3887 3265 3976 3299 re-

2372 3337 2672 3404 wdiﬁcabo,
2728 3347 2774 3388 et
2822 3340 2990 3390 denuo
3039 3340 3232 3405 erigant
3281 3327 3456 3401 illud;
3485 3341 3556 3390 uti
3579 3340 3847 3408 exquirant
3875 3356 3970 3393 re-

2371 3430 2505 3483 sidui
2554 3430 2814 3482 hominum
2861 3427 3062 3493 Deum,
3119 3441 3163 3482 et
3205 3447 3378 3485 omnes
3421 3440 3586 3502 gentes
3632 3449 3782 3500 super
3830 3448 3970 3502 quas

2371 3525 2657 3576 invocatum
2707 3533 2779 3577 est
2845 3539 3024 3577 nomen
3064 3539 3228 3576 meum
3284 3542 3437 3593 super
3488 3543 3608 3590 eas,
3663 3527 3782 3579 dicit
3854 3524 3974 3581 Βοα-

2373 3617 2538 3669 minus
2566 3616 2762 3686 faciens
2803 3615 2910 3668 haec
2941 3615 3076 3686 (Act.
3109 3629 3198 3680 xv,
3233 3618 3444 3680 15-17).
3477 3618 3660 3688 itaque
3688 3630 3742 3674 et
3763 3619 3984 3674 residui

2377 3708 2674 3767 hominum.
2707 3707 2756 3760 id
2785 3716 2867 3760 est
2894 3706 3110 3776 quidatn
3138 3707 3468 3774 Iudaeorum,
3497 3719 3552 3763 et
3576 3725 3764 3766 omnes
3785 3723 3990 3782 gentes

2375 3821 2537 3874 super
2555 3820 2685 3873 quas
2717 3803 3021 3856 invocatum
3053 3814 3137 3856 est
3170 3819 3366 3857 nomen
3401 3805 3634 3871 Domini,
3675 3817 3915 3874 possunt
3935 3817 3992 3862 et

2376 3914 2597 3953 necesse
2630 3899 2827 3952 habent
2856 3898 3129 3967 requirere
3159 3897 3476 3965 Dominum,
3519 3901 3643 3970 quia
3674 3901 3792 3969 ipsa
3826 3903 3992 3956 invo-

2377 3996 2516 4050 catio
2565 3993 2798 4047 nominis
2869 3993 3071 4062 praebet
3133 3992 3212 4046 eis
3277 3994 3616 4047 occasionem
3669 3995 3761 4048 vel
3821 3996 3990 4049 etiam

2377 4087 2604 4155 imponit
2663 4087 3037 4139 necessitatem
3089 4085 3395 4154 requirendi
3445 4086 3775 4153 Dominum,
3864 4103 3993 4143 cum

2379 4182 2571 4251 quibus
2601 4180 2914 4249 praecipiunt
2935 4179 3241 4247 Scripturas
3261 4191 3494 4245 sanctas,
3519 4181 3635 4235 sive
3664 4185 3994 4250 universas,

2382 4275 2496 4329 sive
2538 4274 2818 4344 quasdam,
2849 4282 3029 4327 tamen
3051 4273 3336 4327 audentius
3359 4273 3426 4328 de
3458 4273 3684 4329 veritate
3747 4287 4001 4331 tractare

2383 4383 2540 4437 qnam
2581 4382 2701 4421 cum
2733 4365 3003 4435 gentibus,
3035 4379 3200 4434 super
3224 4380 3358 4435 quos
3381 4381 3485 4420 non
3533 4377 3616 4420 est
3659 4367 3997 4424 invocatum

2383 4477 2579 4516 nomen
2612 4459 2823 4513 Domini
2854 4459 2979 4513 Jesu
3005 4459 3124 4512 Filii
3159 4460 3251 4513 Dei
3304 4459 3430 4525 vivi,
3465 4460 3621 4515 sicuti
3678 4477 3792 4517 nec
3825 4477 4000 4531 super

690 4551 896 4622 perisse
921 4561 1041 4602 eum
1068 4541 1658 4623 existimabis,obviam
1689 4540 1782 4594 tibi
1815 4543 1992 4596 veniet
2011 4545 2275 4599 sententia
2303 4549 2354 4610 D
2383 4555 2617 4621 Judmos,
2649 4555 2738 4623 qui
2794 4563 3005 4606 veteres
3031 4561 3236 4605 tantum
3261 4553 3564 4621 Scriptor-as
3587 4555 3900 4624 recipiunt.
3937 4556 4002 4610 Et

687 4621 899 4699 Domini
930 4638 1185 4694 dicentis:
1218 4621 1532 4703 Quicumque
1553 4651 1629 4688 me
1656 4638 1915 4705 confessus
1933 4637 2082 4706 fuerit
2101 4653 2275 4691 coram

689 4735 978 4791 hominibus
1006 4772 1021 4795 ,
1053 4729 1330 4798 conﬁtebor
1359 4728 1505 4781 illum
1561 4740 1606 4782 et
1634 4745 1723 4799 ego
1753 4746 1922 4781 coram
1980 4729 2137 4785 Patre
2164 4749 2272 4786 meo

689 4831 775 4902 qui
819 4829 872 4880 in
919 4824 1057 4879 caelis
1095 4833 1164 4877 est
1191 4820 1480 4894 (Matt/nx,
1525 4820 1616 4889 5‘2)
1649 4822 1815 4890 :quia
1863 4821 1994 4876 nihil
2049 4825 2274 4879 interest

693 4936 870 4979 utrum
921 4921 1008 4975 hic
1049 4919 1269 4974 verbum
1295 4915 1518 4969 audiens
1551 4931 1616 4968 an
1658 4915 1828 4969 fidelis
1873 4918 1942 4970 sit
1985 4919 2073 4987 qui
2099 4921 2271 4973 conli-

693 5029 832 5074 tetur
888 5015 1145 5079 Dotnino,
1198 5012 1490 5066 dummodo
1542 5011 1713 5079 ipsum
1775 5009 2045 5088 Christum
2113 5031 2271 5085 quem

689 5111 933 5169 conﬁteri
980 5119 1223 5179 oportet,
1273 5107 1622 5166 confiteatur;
1674 5105 1797 5174 quia
1849 5105 2104 5160 Dominus
2159 5111 2270 5176 pari

687 5208 804 5260 vice
871 5201 1176 5258 conﬁtendo
1229 5208 1282 5254 et
1340 5200 1452 5267 ipse
1498 5196 1864 5252 confessorem
1924 5212 2077 5252 suum
2134 5200 2272 5268 apud

685 5295 897 5352 Patrem
929 5337 943 5362 ,
1013 5293 1216 5348 honore
1258 5309 1377 5347 eum
1446 5291 1685 5362 martyrii
1734 5290 1854 5358 sui,
1899 5298 1956 5344 ut
2007 5291 2276 5360 pollicitus

687 5403 801 5459 est,
851 5402 1095 5446 exornet.
1157 5387 1308 5456 Quod
1359 5387 1543 5456 utique
1594 5404 1698 5441 non
1758 5384 1918 5440 debet
1974 5385 2132 5441 latius
2181 5402 2271 5441 ac-

679 5487 786 5555 cipi
809 5526 825 5551 ,
872 5486 1024 5554 quasi
1054 5485 1217 5555 possit
1274 5496 1657 5553 usquequaque
1686 5481 1918 5552 porrigi,
1950 5480 2069 5550 quia
2103 5491 2277 5550 potest

2379 4648 2797 4716 ideontriusquc
2831 4645 2988 4715 hujus
3039 4647 3253 4714 generis
3301 4645 3568 4710 homines,
3597 4646 3647 4698 id
3677 4660 3771 4702 est
3819 4648 4000 4704 Judaei

2379 4751 2430 4796 et
2462 4741 2701 4795 Gentiles
2728 4781 2742 4804 ,
2777 4739 2935 4808 plene
2991 4751 3045 4791 ut
3083 4748 3295 4816 oportet
3343 4739 3624 4794 credentes
3664 4743 3791 4810 pari
3831 4741 4003 4796 modo

2381 4835 2738 4904 baptizantur.
2782 4832 3028 4887 Harretici
3078 4848 3206 4886 vero
3243 4832 3356 4901 .jatn
3407 4833 3660 4900 baptizati
3715 4851 3877 4906 aqua
3945 4837 4002 4890 in

2382 4931 2599 4985 nomine
2627 4929 2758 4983 Jesu
2807 4927 3025 4994 Christi,
3081 4936 3282 4979 tantum
3314 4927 3364 4978 in
3412 4925 3610 4995 Spiritu
3659 4939 3875 4984 sancto
3909 4931 4002 4985 ba-

2383 5022 2614 5095 ptizandi
2664 5031 2823 5075 sunt:
2858 5029 2911 5073 et
2963 5021 3012 5074 in
3066 5019 3214 5086 Jesu,
3256 5019 3396 5089 quod
3438 5035 3633 5073 nomen
3664 5022 3868 5078 solum
3901 5023 4003 5078 da-

2383 5127 2490 5170 tum
2539 5124 2620 5169 est
2666 5114 2766 5168 sub
2807 5113 2945 5167 cado
2976 5114 3028 5166 in
3055 5129 3164 5182 quo
3206 5122 3448 5182 oporteat
3490 5112 3670 5166 salvos
3699 5118 3838 5170 ﬁeri
3878 5133 4003 5180 nos.

2378 5209 2569 5262 merito
2600 5221 2742 5259 mors
2781 5207 3179 5264 contemnitur;
3229 5207 3481 5276 quoniam
3523 5205 3670 5260 sisic
3724 5223 4004 5278 perseve-

2375 5314 2531 5363 rent,
2580 5301 2713 5356 salvi
2748 5316 2864 5356 esse
2907 5317 3011 5354 non
3068 5309 3310 5371 possunt,
3345 5301 3468 5372 quia
3520 5316 3625 5355 non
3659 5306 4005 5376 requisiveo

2374 5409 2500 5454 runt
2521 5398 2802 5452 Dominum
2826 5405 2945 5467 post
2972 5396 3365 5452 invocationem
3395 5396 3628 5452 nominis
3655 5396 3798 5466 ejus
3828 5416 4007 5474 super

2019 5597 2380 5656 VARIORUM
2421 5601 2650 5658 ΝΟΤΛΕ.

744 5708 814 5762 Et
836 5713 1171 5789 inte/ligentes
1201 5715 1480 5789 iiigaltius,
1510 5731 1564 5776 ιιι
1586 5716 1770 5792 mult.
1800 5715 2070 5772 GALLAND.

2432 5715 2654 5770 Χ1.--Μ
2663 5713 2768 5769 ulta
2787 5716 2864 5770 vel
2880 5733 3050 5786 prava.
3071 5715 3456 5787 Reponendum
3474 5727 3554 5773 est
3573 5719 3789 5775 mutila.
3820 5722 4000 5780 GALL.
