4262 6236
297 217 431 275 1197

1677 212 1988 283 ANONYMI
2025 211 2254 271 LIBER.

3438 216 3576 274 1198

292 352 418 419 eos,
470 336 609 393 sicut
656 342 711 392 et
747 332 824 391 illi
870 334 961 415 qui
986 332 1065 390 "in
1122 347 1217 390 eos
1272 333 1521 390 Christus
1578 334 1668 405 qui
1740 333 1878 390 forte
1904 338 1954 399 Α
1982 332 2221 403 gelornm
2263 330 2650 386 tantummodo
2703 338 2825 401 post
2878 344 2937 386 se
2976 333 3252 402 respexit,
3293 340 3351 388 et
3401 340 3580 388 tumu-

293 414 512 487 credere
543 427 827 487 noluerunt
854 414 964 494 ,Vde
994 425 1186 501 quibus
1234 426 1493 480 Dominus
1542 424 1617 480 ait
1647 444 1660 480 :
1697 424 1881 482 Cavete

291 538 351 577 ne
396 521 509 594 quis
551 536 637 585 uos
685 520 739 577 in
793 535 1017 574 errorem
1063 518 1294 573 inducat.
1343 517 1500 572 Multi
1519 518 1653 572 enim
1682 519 1882 573 venient

291 614 339 669 in
370 614 573 669 nomine
598 630 708 669 meo
734 613 958 669 dicentes
994 630 1013 668 :
1045 612 1155 685 Ego
1172 629 1285 666 sum
1311 611 1541 667 Christus
1573 628 1591 665 :
1621 624 1667 667 et
1696 614 1883 668 multos

289 708 338 761 in
370 722 594 762 errorem
620 704 862 759 inducent
889 702 1104 777 (Matth.
1130 719 1282 771 xxrv,
1311 705 1367 772 4,
1389 703 1566 777 5-11).
1593 705 1659 760 Et
1686 705 1881 761 iterum

289 799 396 854 ait:
432 797 574 852 Tunc
601 799 644 853 si
668 798 755 869 qui
777 797 965 852 dixerit
988 795 1164 851 vobis’:
1199 795 1331 850 Ecce
1371 797 1453 850 hic
1502 795 1764 862 Christus,
1796 807 1884 852 aut

290 890 407 954 hic;
448 890 607 943 nolite
651 891 878 944 credere.
926 888 1153 959 Surgent
1215 890 1349 942 enim
1404 890 1779 959 pseudochristi
1834 900 1885 946 et

292 986 751 1055 pseudoprophetw
774 1025 789 1053 ,
832 992 879 1037 et
929 982 1121 1037 dabunt
1160 983 1307 1053 signa
1340 999 1530 1054 magna
1556 994 1601 1037 et
1628 993 1881 1053 portenta,

290 1079 356 1131 ita
386 1087 441 1131 ut
471 1086 661 1146 errent,
691 1078 735 1132 si
775 1077 885 1144 ﬁeri
918 1086 1113 1147 potest,
1161 1076 1316 1130 etiam
1373 1077 1519 1131 electi
1562 1076 1726 1150 (Ibid.
1774 1076 1881 1146 25,

291 1171 403 1242 24).
464 1168 612 1239 Quas
668 1171 893 1227 virtutes
945 1186 1050 1226 non
1106 1169 1267 1227 dubie
1321 1178 1449 1224 tunc
1494 1169 1571 1223 illi
1626 1170 1727 1224 sub
1789 1186 1885 1225 no-

292 1265 434 1319 mine
459 1263 658 1319 Christi
703 1264 920 1320 facient.
971 1264 1031 1319 In
1085 1277 1192 1336 quo
1216 1263 1431 1318 nomine
1469 1264 1730 1318 videntur
1758 1264 1882 1333 qui-

291 1357 409 1413 dam
445 1340 607 1413 etiam
650 1358 813 1413 modo
858 1357 1115 1430 quasdam
1161 1357 1389 1412 virtutes
1432 1358 1633 1423 facere,
1664 1366 1718 1412 et
1748 1355 1887 1414 falso

291 1450 639 1521 prophetare.
676 1449 782 1507 Sed
811 1461 1015 1506 certum
1059 1460 1142 1506 est
1180 1466 1295 1518 eos,
1345 1449 1486 1522 quod
1517 1451 1617 1522 ipsi
1649 1468 1752 1507 non
1780 1452 1890 1506 sint

289 1542 521 1613 Christi,
584 1552 868 1614 pr0pterca
919 1544 988 1599 ad
1061 1542 1333 1599 Christum
1394 1560 1500 1599 non
1574 1546 1885 1615 pertinere;

289 1638 739 1709 quemadmodum
787 1639 947 1695 etiam
1001 1639 1047 1694 si
1091 1639 1211 1710 quis
1240 1638 1507 1694 desciscat
1556 1654 1587 1694 a
1637 1638 1885 1705 Christo,

289 1732 557 1788 inliterens
585 1733 702 1788 solo
745 1732 951 1788 nomini
995 1731 1144 1801 ejus,
1203 1733 1294 1803 qui
1349 1746 1459 1787 non
1512 1731 1738 1787 multum
1790 1730 1887 1785 ad-

1986 422 2070 479 lus
2117 424 2246 479 salis
2267 422 2406 478 facta
2463 432 2565 479 est.
2612 423 2725 490 Qua
2753 423 2962 479 ratione
2988 424 3150 479 etiam
3178 424 3269 480 ille
3290 424 3578 484 haereticus

1984 518 2074 587 qui
2146 517 2452 573 conﬁtendo
2520 517 2717 573 Christi
2786 534 2981 572 nomen
3037 519 3372 590 trucidatur,
3440 521 3579 576 nihil

1986 619 2170 680 postea
2234 618 2413 681 potest
2460 611 2749 682 corrigere,
2813 611 2860 665 si
2909 611 3037 682 quid
3097 611 3164 666 de
3213 613 3324 668 Deo
3369 623 3461 667 aut
3509 614 3579 669 de

1985 701 2201 760 Christo
2244 705 2385 760 male
2434 705 2712 773 senserit,
2770 719 2892 759 cum
2943 706 2997 760 in
3052 706 3213 761 alium
3272 706 3438 761 Deum
3494 707 3582 762 vel

1986 797 2038 851 in
2090 797 2255 853 alium
2306 797 2575 853 Christum
2624 796 2894 853 credendo
2951 800 3299 869 semetipsum
3350 798 3580 869 fefellit,

1986 888 2265 943 confessor
2318 904 2423 944 non
2472 889 2703 953 Christi,
2760 888 2852 943 sed
2884 890 3128 945 solitario
3179 888 3381 946 Christi
3406 892 3584 947 nomi-

1986 997 2090 1050 ne;
2148 982 2364 1057 quando
2407 992 2462 1037 et
2504 983 2796 1053 Apostolus
2841 993 3238 1054 consequenter
3284 983 3460 1039 dicat:
3514 985 3586 1039 Et

1986 1077 2032 1131 si
2081 1094 2268 1148 corpus
2304 1092 2471 1132 meum
2518 1078 2778 1132 tradidero
2808 1120 2823 1147 ,
2858 1079 2931 1132 ita
2971 1088 3026 1132 ut
3074 1096 3260 1133 exurar
3306 1081 3440 1151 igni,
3498 1082 3584 1133 di-

1986 1170 2249 1224 lectionem
2294 1182 2465 1224 autem
2511 1187 2613 1225 non
2665 1171 2879 1225 habeam
2907 1212 2922 1237 ,
2961 1171 3093 1226 nihil
3122 1173 3337 1244 proﬁcio
3386 1174 3429 1247 (Ι
3460 1173 3583 1231 Cor.

1988 1276 2103 1327 xm,
2133 1261 2211 1333 '5).
2269 1263 2405 1331 Quia
2434 1262 2539 1319 hoc
2578 1263 2719 1318 facto
2750 1264 2883 1319 nihil
2932 1264 3144 1335 prolicit
3167 1267 3258 1338 qui
3290 1282 3396 1325 non
3428 1269 3594 1325 habet

1989 1352 2343 1410 dilectionem
2385 1355 2503 1426 ejus
2544 1355 2638 1411 Dei
2682 1366 2735 1410 et
2763 1354 2999 1424 Christi,
3057 1358 3148 1430 qui
3193 1374 3289 1428 per
3313 1359 3509 1431 Legem
3534 1372 3591 1419 et

1989 1448 2291 1520 Prophetas
2317 1459 2371 1506 et
2427 1450 2480 1505 in
2514 1450 2808 1521 Evangelio
2833 1451 2885 1506 in
2915 1451 3018 1506 hoc
3045 1453 3206 1508 modo
3228 1455 3584 1524 prmdicatur:

1989 1542 2189 1616 Diliges
2208 1542 2488 1599 Dominum
2506 1542 2670 1599 Deum
2693 1554 2835 1598 tuum
2849 1546 2902 1599 in
2919 1556 3023 1600 toto
3048 1546 3201 1603 corde
3231 1558 3318 1603 tuo
3343 1560 3389 1603 et
3411 1550 3462 1604 in
3482 1560 3592 1605 tota

1989 1641 2163 1694 anima
2187 1651 2273 1694 tua
2294 1650 2339 1694 et
2365 1642 2419 1695 in
2442 1650 2546 1695 tota
2566 1641 2870 1712 cogitatione
2898 1652 3006 1710 tua,
3031 1652 3078 1696 et
3099 1643 3281 1713 diliges
3298 1647 3590 1713 proximum

1994 1732 2083 1786 tibi
2101 1745 2360 1802 tamquam
2379 1743 2445 1786 te.
2467 1731 2536 1786 In
2561 1734 2640 1787 his
2668 1734 2801 1787 enim
2832 1734 3027 1789 duobus
3058 1738 3328 1807 praeceptis
3354 1748 3458 1792 tota
3479 1738 3591 1795 Lex

285 1824 501 1896 juvatur
524 1867 539 1889 ,
572 1825 738 1881 immo
780 1826 949 1897 magis
983 1824 1086 1881 hoc
1139 1826 1356 1881 nomine
1395 1825 1556 1883 etiam
1607 1832 1885 1891 oneratur,
1918 1818 1966 1878 B
1994 1825 2177 1896 pendet
2206 1834 2252 1879 et
2277 1823 2558 1896 Propheta:
2584 1823 2763 1899 (Deut.
2790 1841 2866 1893 vr,
2890 1826 2959 1894 5;
2993 1826 3183 1882 Matth.
3217 1843 3349 1899 utr,
3373 1831 3591 1905 57-40).

290 1918 415 1974 licet
461 1918 621 1975 fuerit
671 1928 829 1974 antea
870 1917 1215 1974 ﬁdelissimus
1264 1927 1356 1973 aut
1397 1917 1750 1989 justissimus,
1795 1923 1890 1971 aut

290 2011 438 2066 clero
476 2010 657 2080 aliquo
714 2011 1043 2077 honoratus,
1094 2008 1583 2065 aut'confessionis
1628 2008 1889 2080 dignitate

290 2102 567 2174 praeditus.
602 2103 664 2157 Hi
687 2104 829 2158 enim
858 2119 1045 2157 omnes
1078 2102 1324 2174 negando
1375 2117 1561 2158 verum
1589 2100 1887 2173 Christum,

290 2195 684 2251 iutroducendo
737 2205 829 2249 aut
877 2195 1154 2267 sequendo
1184 2194 1376 2260 alium,
1406 2210 1529 2248 cum
1587 2195 1657 2248 sit
1709 2194 1889 2250 nullus

292 2288 515 2343 omnino
564 2288 722 2355 alius,
753 2288 888 2343 nihil
930 2288 1043 2358 spei
1074 2299 1164 2343 aut
1185 2288 1376 2342 salutis
1401 2286 1501 2342 sibi
1535 2286 1888 2357 relinquunt:

293 2396 402 2437 non
439 2383 595 2437 aliter
646 2398 808 2454 quam
846 2381 918 2437 illi
968 2383 1057 2452 qui
1109 2397 1291 2437 coram
1374 2381 1682 2436 hominibus
1723 2396 1890 2453 nega-

294 2484 490 2531 verunt
534 2473 804 2531 Christum
827 2518 842 2544 ,
900 2491 1036 2546 quos
1095 2475 1279 2545 negari
1317 2488 1541 2529 necesse
1567 2483 1651 2529 est
1678 2490 1709 2529 a
1732 2473 1890 2529 Chri-

292 2577 419 2631 sto,
460 2581 565 2622 non
615 2564 793 2621 habita
843 2566 952 2620 ulla
1003 2565 1219 2621 ratione
1269 2565 1507 2636 ipsorum
1554 2580 1619 2620 ex
1685 2580 1890 2634 praece-

291 2661 441 2716 denti
486 2661 908 2716 conversatione
937 2673 1125 2716 eorum
1156 2668 1248 2713 aut
1289 2673 1453 2714 sensu
1483 2666 1574 2712 aut
1597 2656 1891 2730 dignitate;

292 2753 519 2826 proinde
572 2762 734 2825 atque
780 2752 881 2822 ipsi
922 2752 1040 2806 ausi
1097 2761 1223 2806 sunt
1275 2749 1588 2818 Christum,
1676 2751 1729 2806 id
1810 2760 1896 2807 est

290 2847 524 2906 salutem
541 2845 993 2917 suamabrogare,
1022 2845 1265 2900 damnati
1282 2860 1376 2914 per
1394 2842 1557 2915 hujus
1586 2844 1725 2904 modi
1747 2845 1897 2900 clau-

289 2946 502 3011 sulam,
547 2943 669 3015 quia
721 2922 1164 2997 manifestissime
1218 2956 1249 2995 a
1289 2940 1519 2996 Domino
1550 2938 1750 2995 dictum
1776 2948 1892 2994 est:

292 3038 612 3113 Quicumque
658 3054 739 3091 me
806 3035 1063 3108 negaverit
1107 3051 1283 3088 coram
1321 3032 1649 3100 hominibus,
1702 3032 1896 3104 negabo

286 3149 407 3188 eum
462 3141 511 3186 et
574 3147 665 3204 ego
734 3146 905 3184 coram
969 3127 1128 3183 Patre
1183 3145 1293 3182 meo
1351 3127 1439 3198 qui
1489 3128 1543 3181 in
1614 3124 1752 3181 caelis
1824 3135 1899 3181 est

1990 1916 2139 1973 Sicut
2189 1928 2244 1974 et
2293 1918 2534 1975 Joannes
2580 1919 2925 1991 Evangelista
2973 1920 3146 1976 dicit:
3196 1922 3267 1977 Et
3314 1924 3478 1978 omnis
3505 1925 3597 1995 qui

1991 2009 2193 2082 diligit,
2243 2027 2304 2064 ea:
2326 2010 2437 2067 Deo
2483 2020 2631 2066 natus
2682 2020 2793 2077 est,
2843 2022 2890 2066 et
2929 2015 3189 2085 cognoscit
3234 2014 3442 2081 Deum;
3473 2017 3597 2087 quia

1992 2100 2133 2158 Deus
2184 2104 2389 2158 dilectio
2420 2114 2491 2159 est
2543 2104 2586 2177 (Ι
2639 2104 2797 2160 Joan.
2849 2121 2923 2173 tv,
2969 2106 3115 2181 7-8).
3165 2108 3335 2165 Sicuti
3376 2120 3431 2166 et
3453 2112 3596 2169 Deus

1993 2196 2101 2249 ait:
2138 2195 2222 2251 Ita
2273 2199 2407 2251 enim
2435 2198 2615 2252 dilexit
2650 2197 2793 2253 Deus
2819 2200 3067 2255 mundum
3107 2211 3162 2256 ut
3201 2200 3398 2257 Filium
3442 2222 3594 2259 suum

1994 2291 2200 2343 unicum
2247 2291 2429 2359 daret,
2477 2301 2533 2345 ut
2587 2292 2754 2346 omnis
2808 2292 2896 2364 qui
2951 2295 3004 2348 in
3052 2310 3165 2348 eum
3225 2298 3451 2352 crederet
3491 2315 3597 2354 non

1995 2382 2218 2452 periret,
2251 2382 2341 2437 sed
2396 2371 2600 2437 haberet
2641 2386 2795 2438 vitam
2844 2395 3086 2440 teter-nam
3118 2385 3298 2459 (Joan.
3345 2406 3424 2458 tu,
3477 2392 3591 2463 16).

1998 2471 2068 2527 Ut
2114 2473 2399 2531 manifeste
2445 2485 2733 2547 appareret
2758 2492 2881 2531 eum
2910 2478 3002 2548 qui
3044 2478 3182 2534 hanc
3207 2481 3462 2554 diligendi
3492 2501 3594 2539 nos

1996 2571 2053 2619 et
2078 2564 2338 2636 diligendi
2388 2581 2417 2619 a
2473 2567 2629 2622 nobis
2672 2567 3017 2626 dilectionem
3047 2572 3099 2625 in
3141 2588 3200 2628 se
3228 2590 3336 2630 non
3365 2578 3596 2648 habeat,

1996 2657 2143 2711 inani
2192 2657 2542 2714 confessione
2586 2670 2640 2715 et
2683 2662 2933 2733 passione
2976 2664 3110 2719 nihil
3154 2667 3412 2736 prolicere
3436 2686 3599 2742 quam

1996 2759 2055 2803 ut
2100 2749 2215 2820 ipsa
2262 2760 2484 2822 apparet
2523 2762 2579 2807 et
2616 2764 2831 2810 constat
2878 2755 3192 2814 hazreticum
3243 2776 3363 2818 esse
3416 2768 3507 2835 qui
3534 2767 3591 2822 in

1999 2842 2160 2897 alium
2197 2843 2357 2900 deum
2405 2846 2591 2901 credat
2640 2848 2755 2903 sive
2800 2847 3073 2906 Christum
3121 2853 3287 2910 alium
3331 2858 3591 2929 accipiat,

1999 2954 2159 3008 quam
2203 2956 2362 3011 quem
2401 2939 2699 3011 Scriptura:
2728 2941 2863 2998 Novi
2904 2954 2960 2999 et
2996 2944 3213 3003 Veteris
3263 2948 3599 3010 Testamenti

1999 3031 2287 3088 manifeste
2353 3032 2686 3105 praedicant,
2736 3050 2857 3105 qua:
2906 3035 3121 3094 Patrem
3174 3044 3601 3112 omnipotentem

2000 3133 2301 3179 creatorem
2356 3125 2597 3180 omnium
2628 3134 2683 3181 et
2732 3125 2928 3182 Filium
2984 3129 3100 3199 ejus
3127 3131 3246 3189 sine
3271 3135 3602 3194 obscuritate

288 3226 510 3301 (Matth.
565 3243 619 3294 x,
652 3222 745 3299 55)
784 3241 798 3277 :
832 3232 889 3277 ut
914 3222 1139 3278 verbum
1188 3223 1310 3290 hoc,
1347 3222 1700 3303 Quicumque,
1738 3219 1903 3275 etiam
1928 3217 1972 3281 C
2004 3217 2344 3272 annuntiant.
2400 3215 2628 3273 Eveniet
2680 3218 2824 3274 enim
2856 3220 2934 3276 eis
2983 3233 3041 3277 ut
3083 3224 3173 3279 alii
3218 3226 3287 3281 ab
3329 3229 3436 3284 alio
3489 3231 3602 3287 Deo

284 3322 345 3378 in
395 3320 631 3375 clausula
678 3317 1037 3374 confessionis
1068 3314 1383 3389 plenissime
1411 3313 1567 3369 nobis
1615 3311 1891 3379 ostendat,

287 3414 437 3488 quod
476 3413 621 3469 nulla
649 3411 889 3469 conditio
933 3411 1103 3481 ipsius
1129 3407 1438 3464 conﬁtentis
1460 3406 1653 3462 obesse
1681 3406 1890 3477 possit;

286 3510 420 3566 licet
446 3516 668 3579 negator
707 3506 799 3561 ille
826 3513 986 3559 antea
1017 3503 1101 3559 vel
1152 3501 1439 3557 hzereticus
1485 3499 1649 3556 fuerit
1680 3502 1766 3554 vel
1791 3515 1889 3553 au-

285 3605 445 3661 diens
487 3611 578 3657 aut
607 3599 797 3656 audire
843 3597 1108 3668 incipiens
1133 3637 1149 3664 ,
1179 3594 1270 3668 qui
1322 3592 1560 3648 nondum
1590 3592 1893 3664 baptizatus

282 3698 395 3765 sit,
441 3695 525 3750 vel
579 3694 647 3750 de
700 3692 895 3750 haeresi
944 3689 1012 3745 ad
1060 3690 1340 3745 veritatem
1381 3684 1507 3740 ﬁdei
1559 3698 1885 3751 conversus,

280 3792 374 3848 vel
426 3792 493 3847 ab
552 3788 794 3845 Ecclesia
824 3786 1098 3857 digressus
1147 3791 1202 3837 et
1247 3789 1434 3851 postea
1480 3790 1730 3833 reversus
1775 3777 1886 3842 sit;

281 3896 345 3944 et
405 3894 532 3940 tunc
598 3899 720 3938 cum
774 3879 1012 3945 rediret,
1077 3875 1390 3947 priusquam
1440 3870 1491 3926 ei
1566 3884 1757 3923 manus
1821 3865 1889 3923 ab

280 3981 547 4053 episcopo
579 3979 953 4050 imponeretur
977 4016 993 4041 ,
1035 3970 1411 4042 apprehensus
1433 3962 1675 4019 conﬁteri
1702 3961 1885 4016 Chris-

282 4086 401 4133 tum
431 4087 611 4130 coram
664 4068 971 4124 hominibus
1009 4077 1231 4119 necesse
1298 4056 1561 4122 habuerit,
1612 4056 1750 4111 sicut
1787 4054 1888 4108 ite-

282 4180 409 4221 rum
451 4146 661 4237 neganti
708 4161 980 4218 Christum
1010 4157 1154 4213 nulla
1193 4152 1411 4225 prbpria
1460 4158 1614 4204 vetus
1661 4146 1890 4217 dignitas

282 4269 471 4333 potest
515 4240 580 4313 ad
611 4258 837 4314 salutem
872 4250 1218 4327 patrocinari.

358 4350 502 4407 Xlll.
545 4350 933 4420 Quodcumque
979 4345 1123 4403 enim
1180 4344 1237 4399 in
1290 4340 1507 4398 homine
1539 4339 1783 4427 ultimum
1834 4336 1888 4391 in

278 4447 393 4504 hac
433 4447 613 4519 specie
657 4444 1057 4516 deprehensum
1110 4437 1313 4505 fuerit,
1360 4438 1412 4491 in
1470 4434 1564 4489 illo
1619 4431 1741 4504 quis
1784 4444 1886 4485 no-

272 4552 462 4599 strum
516 4537 751 4611 judicari
799 4551 1026 4594 necesse
1079 4532 1334 4597 habebit,
1375 4528 1587 4585 abolitis
1641 4536 1696 4582 et
1744 4524 1885 4579 obli-

273 4636 475 4690 teratis
513 4634 761 4689 omnibus
814 4647 932 4702 qua:
965 4630 1110 4699 prius
1154 4625 1339 4697 gessit.
1382 4621 1452 4677 Et
1492 4620 1616 4676 ideo
1669 4634 1791 4675 cum
1826 4617 1879 4671 in

264 4725 548 4799 martyrio
594 4733 737 4780 tanta
787 4725 857 4780 sit
899 4722 1121 4777 mutatio
1142 4734 1322 4774 rerum
1355 4717 1409 4771 in
1437 4720 1711 4769 momento
1741 4722 1879 4766 tem-

184 4798 203 4816 .
262 4821 476 4895 poris,
521 4827 580 4874 ut
637 4821 687 4873 in
737 4834 796 4879 re
852 4830 1110 4889 perquam
1165 4811 1336 4867 veloci
1412 4808 1625 4881 possint
1683 4804 1882 4859 mutari

258 4917 539 4981 universa
566 4932 581 4981 ;
614 4930 773 4971 nemo
805 4911 908 4967 sibi
931 4909 1238 4966 blandiatur
1258 4908 1345 4978 qui
1378 4903 1717 4963 occasionem
1742 4898 1879 4955 ami-

1996 3309 2225 3365 salutem
2252 3312 2585 3380 exspectanti
2610 3329 2623 3367 :
2657 3320 2786 3368 tunc
2826 3311 3043 3370 demum
3073 3328 3261 3375 contra
3285 3321 3599 3392 opinionem

1997 3417 2149 3457 suam
2199 3420 2229 3457 a
2275 3404 2491 3460 Christo
2539 3406 2632 3461 Dei
2673 3407 2847 3464 Patris
2907 3411 3297 3483 omnipotentis
3340 3394 3600 3477 creatoris

1997 3495 2132 3552 Filio
2182 3515 2342 3568 quem
2380 3499 2928 3572 hlasphemaverunt,
2975 3505 3030 3559 in
3067 3522 3283 3577 poenam
3328 3521 3593 3571 aeternam

1995 3587 2350 3656 damnentur,
2414 3605 2536 3645 cum
2577 3592 2823 3662 judicare
2871 3594 3011 3651 Deus
3060 3600 3289 3671 cceperit
3333 3603 3600 3665 absconsa

1994 3682 2274 3739 hominum
2293 3684 2591 3739 secundum
2606 3685 2959 3758 Evangelium
2978 3691 3359 3760 perChristum
3380 3696 3592 3769 Jesum;

1995 3790 2062 3830 eo
2098 3776 2242 3847 quod
2284 3775 2338 3830 in
2370 3776 2546 3847 ipsum
2586 3790 2693 3832 non
2734 3777 3101 3853 crediderint,
3149 3786 3273 3842 licet
3296 3786 3467 3860 ipsius
3495 3810 3595 3851 no-

1993 3867 2142 3923 mine
2170 3868 2339 3924 abluli
2386 3868 2511 3925 sint.

2063 3959 2204 4015 XIV.
2235 3961 2303 4015 Et
2346 3977 2516 4052 usque
2538 3962 2674 4019 adeo
2698 3979 2859 4022 omne
2888 3967 3018 4022 illud
3059 3968 3434 4031 haereticorum
3460 3978 3589 4052 bap-

1994 4054 2149 4106 tisma
2184 4051 2551 4109 intercedente
2581 4055 2757 4126 aliquo
2780 4059 3065 4115 intervallo
3106 4068 3362 4135 temporis
3386 4051 3586 4144 corrigi

1992 4155 2198 4216 potest,
2246 4147 2291 4202 si
2333 4148 2454 4219 quis
2494 4152 2852 4220 supervixerit
2877 4162 2931 4208 et
2977 4152 3136 4212 ﬁdem
3169 4166 3497 4236 correxerit,
3531 4178 3589 4227 ut

1994 4241 2135 4296 Deus
2181 4250 2364 4296 noster
2391 4240 2443 4295 in
2470 4240 2763 4316 Evangelio
2812 4247 3107 4304 secundum
3150 4250 3351 4310 Lucam
3379 4264 3447 4312 ad
3478 4260 3587 4317 dis-

1991 4335 2197 4405 cipulos
2245 4350 2371 4390 suos
2418 4335 2626 4392 locutus
2669 4347 2752 4394 est
2772 4338 2958 4397 dicens
2987 4360 3001 4397 :
3034 4342 3215 4402 Habeo
3240 4359 3410 4405 autem
3439 4356 3586 4412 aliud

1991 4428 2244 4497 baptisma
2286 4420 2537 4499 baptizari
2573 4430 2728 4503 (Luc.
2776 4448 2884 4500 χιι,
2930 4434 3046 4508 50).
3102 4438 3232 4515 Item
3290 4448 3583 4507 secundum

1990 4520 2227 4576 Marcum
2267 4520 2334 4576 ad
2379 4522 2520 4579 ﬁlios
2564 4523 2812 4580 Zebedaei
2867 4526 3057 4583 eadem
3084 4533 3295 4591 ratione
3332 4536 3579 4599 dixerat:

1989 4612 2212 4669 Potestis
2266 4614 2431 4670 bibere
2478 4616 2693 4672 calicem
2721 4634 2867 4689 quem
2911 4636 3006 4690 ego
3046 4621 3198 4692 bibo;
3245 4640 3336 4683 aut
3385 4631 3581 4705 baptis-

1984 4719 2118 4764 mate
2141 4726 2241 4781 quo
2268 4726 2360 4782 ego
2390 4710 2649 4781 baptizor,
2684 4713 2933 4782 baptizari
2965 4712 3156 4786 (Marc.
3198 4736 3253 4789 x,
3285 4723 3415 4796 58)?
3435 4733 3575 4799 quod

1982 4803 2145 4857 sciret
2198 4801 2443 4859 homines
2470 4819 2577 4859 non
2606 4804 2780 4860 solum
2813 4820 2950 4877 aqua
2977 4847 2992 4872 ,
3027 4823 3237 4881 verum,
3270 4817 3430 4874 etiam
3452 4837 3577 4879 san-

1982 4896 2144 4964 guine
2192 4912 2291 4953 suo
2341 4897 2561 4968 proprio
2608 4895 2813 4965 habere
2857 4898 3145 4970 baptizari:
3194 4907 3266 4961 ita
3297 4921 3357 4965 ut
3381 4923 3433 4968 et
3459 4918 3577 4974 solo

251 5005 423 5061 serit
465 5002 719 5075 gloriosae
761 4999 989 5064 salutis,
1032 4995 1078 5051 si
1124 4993 1265 5051 forte
1294 5007 1355 5048 se
1381 4991 1449 5047 ab
1494 5006 1555 5045 ea
1589 4986 1884 5045 excluserit
1983 4986 2089 5044 hoc
2126 4989 2450 5060 Baptismate
2495 4990 2745 5061 baptizati
2798 4991 2958 5047 fidem
3000 4997 3257 5069 integram
3300 5012 3354 5059 et
3385 5006 3575 5079 digna-

242 5098 506 5174 propria
554 5111 650 5152 sua
693 5095 880 5164 culpa:
912 5090 1069 5147 sicuti
1120 5098 1176 5145 et
1200 5087 1293 5143 illa
1342 5099 1480 5141 uxor
1528 5082 1702 5148 Loth,
1763 5098 1883 5153 qua:
1984 5080 2185 5136 tionem
2242 5082 2509 5138 sinceram
2556 5082 2756 5139 lavacri
2804 5086 3014 5156 possint
3051 5090 3277 5163 adipisci
3323 5106 3380 5153 et
3419 5111 3572 5160 utro-

236 5191 535 5253 similiter
576 5190 630 5244 in
667 5185 929 5262 angustiis
975 5198 1157 5240 rerum
1186 5192 1376 5236 contra
1415 5183 1743 5251 prreceptum
1777 5175 1885 5228 An-
2163 5262 2197 5263 ἰ
2286 5250 2295 5263 1

1598 5266 1960 5329 VARIORUM
1995 5262 2230 5329 ΝΟΤᾹΞ.

1968 5359 2147 5451 ili???
2165 5372 2329 5451 “l’l’ﬁ'f
2331 5363 2495 5451 “13‘
2523 5356 3035 5451 “ﬁfi‘e‘fﬁff‘i‘m
3072 5380 3197 5449 εξκο
3231 5368 3345 5442 Εεο
3396 5379 3567 5451 conii-

1972 5445 2167 5515 cerem
2205 5429 2490 5515 legendum
2536 5444 2675 5496 esse,
2711 5430 2953 5499 quoniam
3004 5450 3059 5488 re
3105 5438 3220 5508 ίρδα
3266 5429 3570 5515 ἧρραίέῖδὲε

1972 5511 2188 5558 constat.
2231 5502 2501 5556 GALLAND.

2046 5572 2399 5629 XII—Deus
2426 5580 2615 5649 noster.
2645 5572 2817 5649 Antea
2836 5573 3113 5645 legebatur
3138 5579 3300 5647 Deum
3319 5601 3570 5649 nostrum.

1975 5648 2380 5734 Sensusautem
2416 5643 2659 5734 prostulat
2680 5654 2743 5701 ut
2771 5643 2974 5719 legatur
3017 5643 3265 5710 comedo
3316 5643 3575 5734 quo‘iios

1977 5720 2401 5779 emendavimus.
2442 5715 2719 5774 Cttnano.
2829 5715 2845 5719 '
3333 5715 3339 5737 ⁴

364 5385 475 5442 XII.
502 5416 574 5430 --
600 5385 701 5453 Qui
724 5385 783 5439 in
818 5399 902 5437 eos
927 5379 1176 5453 Christus.
1217 5373 1372 5453 Angli
1417 5367 1697 5453 legendum
1746 5378 1865 5453 esse

214 5436 805 5528 mor—iherunt‘quiob
826 5436 1265 5525 pseudo-chrisma
1296 5436 1427 5516 forte
1467 5436 1668 5496 credere
1692 5436 1869 5491 nolue-

206 5539 428 5595 πίει.
456 5530 728 5588 ϐλιιηι).

348 5583 970 5671 nil—aliamque.
1001 5594 1161 5651 Forte
1182 5583 1870 5713 legendtéqtigzgcumque.

344 5743 531 5809 Quam
555 5756 611 5801 ut
653 5746 787 5815 ipsa-
818 5732 1314 5815 Βίεξιιιίυεοθηξιξὲι
1357 5724 1871 5815 ίιαρθίηθηέθηέυῐῒξ

190 5801 417 5884 θεέέ
437 5816 571 5875 hunc
611 5801 789 5876 locum
819 5801 1125 5882 utvlegatur
1149 5806 1279 5863 nihil
1330 5801 1576 5876 proficere
1624 5813 1776 5869 quum
1819 5805 1875 5850 ut
