4216 6262
695 284 834 340 1199

2028 278 2117 333 DE
2158 276 2693 336 REBAPTISMATE

3794 287 3813 340 i
3823 285 3904 341 200

691 416 800 472 que
845 398 1004 454 modo
1056 396 1313 466 baptizari
1336 436 1350 455 ,
1403 410 1559 465 teque
1607 401 1787 448 tamen
1837 405 1999 446 unum
2054 390 2319 462 baptisma
2346 396 2399 455 A
2425 398 2542 469 prio
2569 412 2730 451 sensu
2760 402 2813 449 et
2842 403 3046 448 temere
3077 391 3176 447 hoc
3213 390 3415 447 fecisse.
3447 392 3528 447 Ait
3568 393 3694 448 enim
3719 392 3909 453 Joannes

691 495 885 549 salutis
931 501 986 547 et
1035 490 1256 544 honoris
1319 490 1520 559 pariter
1574 498 1629 544 et
1689 487 1968 556 mqualitcr
2019 487 2299 557 consequi.

692 588 848 655 Quod
898 587 1039 642 enim
1098 584 1299 638 dictum
1354 591 1437 639 est
1507 599 1537 637 a
1611 583 1869 647 Domino,
1932 580 2107 635 Habeo
2154 582 2300 635 aliud

692 680 963 749 Baptisma
1003 677 1294 748 baptizari,
1352 676 1455 731 hoc
1509 676 1564 730 in
1614 676 1734 730 loco
1776 692 1886 730 non
1919 685 1976 730 ut
2005 675 2300 731 secundum

689 770 1007 840 Baptisma,
1062 785 1125 825 ac
1178 770 1223 824 si
1273 770 1384 824 sint
1436 768 1545 823 duo
1590 770 1960 837 Baptismala,
2013 768 2299 836 signiﬁcat,

693 864 794 919 sed
838 864 1063 918 alterius
1089 878 1303 934 quoque
1357 863 1555 933 speciei
1613 861 1884 932 Baptisma
1940 860 2006 915 ad
2056 860 2302 915 eamdem

689 959 923 1011 salutem
952 972 1287 1012 concurrens
1316 955 1573 1010 donatum
1606 954 1764 1009 nobis
1788 969 1910 1010 esse
1936 954 2297 1009 demonstrat-

690 1051 839 1118 Quas
894 1059 1151 1121 utrasque
1200 1049 1410 1120 species
1446 1049 1514 1104 ab
1561 1049 1677 1118 ipso
1708 1048 1934 1102 Domino
1964 1058 2153 1103 nostro
2184 1047 2297 1117 pri-

689 1162 839 1201 mum
910 1146 1106 1201 initiari
1179 1154 1234 1201 et
1286 1144 1608 1199 sanctiﬁcari
1671 1144 1985 1213 oportebat,
2033 1151 2090 1197 ut
2142 1142 2299 1197 nobis

691 1257 908 1312 quoque
939 1241 1197 1296 alterutra
1230 1240 1346 1295 sive
1385 1248 1609 1309 utraque
1639 1237 1850 1307 species
1884 1251 2045 1291 unum
2075 1235 2178 1291 hoc
2201 1235 2300 1290 du-

687 1333 820 1405 plex
876 1334 1212 1389 salutiferam
1260 1342 1420 1403 atque
1456 1332 1810 1386 honoriﬁcum
1854 1329 2125 1399 Baptisma
2157 1344 2301 1399 pra:-

687 1437 859 1484 staret
890 1444 904 1492 ;
948 1436 1004 1483 et
1034 1430 1133 1483 viae
1161 1425 1408 1497 quaedam
1443 1425 1601 1479 unius
1651 1424 1997 1493 Baptismatis
2037 1422 2116 1477 sic
2144 1421 2301 1476 nobis

686 1523 1051 1590 pateﬁerent,
1106 1532 1165 1577 ut
1211 1519 1501 1592 aliquando
1570 1519 1788 1589 impune
1848 1518 2026 1588 aliqua
2090 1518 2300 1571 illarum

684 1614 937 1678 deesset,
987 1614 1128 1669 sicut
1182 1613 1235 1667 in
1291 1614 1517 1667 verbum
1581 1608 1920 1665 audientibus
1976 1607 2301 1680 martyribus

680 1708 904 1779 impune
941 1724 1096 1779 aqua:
1143 1708 1419 1776 Baptisma
1446 1707 1633 1773 deest,
1666 1721 1801 1774 quos
1834 1714 2012 1759 tamen
2045 1703 2179 1759 certi
2209 1718 2301 1757 su-

2406 493 2475 549 de
2529 483 2757 545 Domino
2820 496 3009 541 nostro
3040 486 3094 539 in
3150 484 3377 555 Epistola
3440 500 3527 539 sua
3579 501 3666 539 nos
3724 487 3909 543 docens:

2409 583 2510 639 Hic
2550 592 2624 637 est
2673 581 2759 653 qui
2801 578 2933 633 venit
2987 594 3077 649 per
3123 593 3301 645 aquam
3366 585 3409 629 et
3451 578 3751 646 sanguinem,
3789 578 3910 633 λανδ

2406 677 2659 741 Christus,
2708 692 2809 729 non
2863 676 2916 727 in
2942 690 3077 744 aqua
3124 681 3315 726 tantum
3339 711 3353 736 ,
3404 670 3487 724 sed
3524 671 3573 723 in
3612 688 3727 742 aqua
3758 681 3795 725 et
3814 690 3909 726 san-

2406 773 2580 842 guine.
2623 769 2691 823 Et
2723 769 2951 839 Spiritus
2986 778 3059 822 est
3099 768 3189 837 qui
3230 766 3552 820 testimonium
3592 765 3802 834 perhibet,
3826 766 3914 835 quia

2406 865 2637 934 Spiritus
2674 875 2745 917 est
2786 863 2971 917 veritas
2991 880 3011 926 ;
3055 862 3176 931 quia
3218 871 3315 915 tres
3341 859 3657 913 testimonium
3687 858 3909 928 perhibent,

2407 957 2642 1029 Spiritus
2672 967 2719 1011 et
2766 973 2900 1027 aqua
2944 966 2990 1010 et
3041 955 3272 1026 sanguis.
3328 951 3393 1006 Et
3439 953 3517 1007 isti
3547 962 3636 1005 tres
3672 968 3803 1004 unum
3830 967 3915 1012 sum

2403 1049 2447 1123 (Ι
2475 1049 2670 1104 Joann.
2704 1066 2778 1115 γι,
2814 1047 2891 1121 δ).
2946 1047 3018 1104 Ut
3065 1063 3129 1102 ex
3180 1047 3285 1102 illis
3329 1045 3657 1116 colligamus,
3684 1053 3729 1098 et
3770 1058 3916 1112 aquam

2404 1156 2666 1215 praestare
2685 1141 2998 1214 (Spiritum)
3032 1141 3275 1207 Solitum,
3305 1147 3359 1194 et
3384 1137 3673 1208 sanguinem
3704 1134 3915 1205 proprium

2406 1236 2717 1291 hominibus
2749 1242 3007 1305 praestare
3034 1233 3296 1303 Spiritum
3323 1231 3548 1293 solitum,
3581 1239 3631 1283 et
3654 1228 3800 1297 ipsum
3822 1241 3918 1295 quo-

2405 1346 2511 1400 que
2556 1330 2804 1401 spiritum
2850 1337 3106 1399 praestare
3149 1326 3403 1396 Spiritum
3450 1323 3672 1379 solitum.
3698 1320 3808 1376 Nam
3832 1336 3917 1375 cuiu

2403 1421 2708 1478 effundatur
2755 1437 2891 1493 aqua
2934 1421 3095 1477 sicuti
3146 1431 3201 1477 et
3251 1420 3483 1490 sanguis,
3556 1418 3753 1487 spiritus
3796 1417 3916 1469 etiam

2404 1515 2605 1572 effusus
2634 1519 2704 1572 sit
2733 1532 2761 1570 a
2792 1516 3021 1571 Domino
3052 1531 3215 1586 super
3252 1529 3439 1570 omnes
3471 1512 3554 1581 qui
3602 1510 3913 1573 crediderunt,

2403 1611 2585 1681 utique
2614 1620 2669 1665 et
2696 1626 2830 1681 aqua
2853 1620 2908 1663 et
2934 1609 3285 1665 nihilominus
3314 1608 3525 1680 proprio
3545 1606 3789 1676 sanguine,
3821 1614 3911 1657 tunc

2402 1705 2597 1760 deinde
2613 1714 2667 1759 et
2685 1705 2885 1774 Spiritu
2902 1714 3087 1760 sancto
3102 1715 3325 1775 possunt
3344 1703 3578 1758 homines
3600 1699 3833 1770 baptizari.
3856 1697 3917 1752 Ait

686 1818 811 1857 mus
835 1845 848 1867 ,
882 1803 927 1857 si
976 1802 1104 1871 quid
1147 1802 1437 1855 laxamenti
1493 1801 1761 1866 habeant,
1806 1800 1965 1854 etiam
2020 1814 2156 1869 aqua
2208 1813 2297 1853 so-
2327 1805 2377 1864 B
2405 1798 2546 1853 enim
2575 1797 2803 1853 Petrus:
2836 1799 2974 1868 (Act.
2996 1815 3055 1864 tt,
3090 1798 3177 1865 17,
3204 1797 3294 1870 18)
3320 1798 3425 1853 Sed
3449 1797 3539 1850 hoc
3565 1793 3765 1865 estquod
3782 1793 3922 1845 dictum

683 1894 810 1948 litos
865 1894 1174 1963 baptizari:
1224 1893 1460 1964 itemque
1514 1892 1621 1947 illis
1664 1876 2021 1962 qui'legitimi
2065 1900 2191 1946 sunt
2232 1890 2297 1943 ii.

684 1986 835 2042 deles
900 1986 1111 2052 cﬂ'ecli,
1188 1987 1406 2056 impune
1474 1985 1627 2039 deest
1677 1985 1949 2054 Baptisma
2024 1984 2299 2053 sanguinis

682 2080 925 2150 proprii;
975 2080 1099 2149 quia
1133 2078 1383 2149 baptizati
1415 2078 1469 2133 in
1497 2078 1715 2131 nomine
1736 2076 1932 2132 Christi
1959 2120 1974 2144 ,
2027 2077 2297 2146 redempti

686 2181 818 2227 sunt
866 2172 1266 2241 protiosissimo
1305 2172 1567 2242 sanguine
1615 2171 1866 2235 Domini,
1909 2186 2031 2225 cum
2066 2180 2293 2240 utraque

686 2265 805 2319 haec
835 2282 901 2319 ex
934 2281 1041 2320 uno
1092 2276 1254 2335 atque
1308 2265 1499 2321 eodem
1556 2264 1707 2320 fonte
1746 2266 2041 2336 procedant
2071 2266 2293 2320 ﬂumina

680 2358 1031 2429 Biptismatis
1073 2359 1373 2425 dominici,
1417 2370 1474 2415 ut
1512 2360 1689 2413 omnis
1740 2361 1831 2430 qui
1865 2360 1979 2414 sitit
2029 2361 2209 2415 veniat
2239 2368 2296 2415 et

685 2451 877 2515 bibat,
932 2451 1071 2505 sicut
1124 2451 1403 2521 Scriptura
1454 2450 1629 2505 dicit:
1679 2449 1925 2505 Flumina
1982 2453 2045 2506 de
2120 2462 2295 2506 ventre

693 2547 805 2616 ejus
827 2546 1095 2599 currebant
1117 2561 1264 2609 aqua:
1290 2546 1413 2599 viva:
1440 2543 1621 2616 (Joan.
1657 2561 1755 2611 vn,
1778 2544 1893 2615 58).
1919 2547 2049 2612 Qua:
2071 2545 2293 2599 ﬂumina

683 2641 916 2710 primum
947 2651 1313 2710 apparuerunt
1344 2640 1397 2694 in
1449 2639 1658 2694 Domini
1712 2641 1961 2710 passione
1984 2680 2000 2706 ,
2040 2639 2196 2710 cujus
2223 2640 2290 2695 dc

685 2734 858 2791 latere
892 2736 1161 2805 perforato
1205 2733 1393 2789 lancea
1425 2734 1644 2789 militari
1678 2734 1894 2805 sanguis
1921 2743 1975 2788 et
2000 2750 2136 2803 aqua
2171 2749 2287 2787 ma-

685 2830 857 2896 navit,
906 2837 963 2882 ut
994 2830 1264 2883 emitteret
1290 2827 1399 2881 duo
1421 2826 1639 2881 ﬁumina
1672 2827 1899 2881 diversae
1926 2828 2148 2899 speciei,
2192 2827 2287 2881 sed

685 2932 868 2976 tamen
898 2918 1139 2990 ejusdem
1169 2934 1233 2973 ac
1273 2920 1547 2989 singulare
1576 2920 1747 2984 latus,
1803 2921 1874 2974 ita
1903 2928 1963 2974 ut
2004 2921 2290 2991 impleatur

686 3015 894 3085 Spiritu
938 3022 1128 3068 sancto
1176 3012 1503 3083 quicumque
1544 3013 1774 3068 credens
1815 3013 2013 3068 biberit
2038 3031 2103 3069 ex
2137 3024 2289 3068 utro-

687 3124 795 3178 que
832 3106 1069 3161 ﬂumine.
1126 3105 1252 3159 Haec
1291 3105 1435 3160 enim
1479 3104 1547 3160 de
1576 3105 1884 3160 ﬂuminibus
1938 3106 2021 3161 his
2062 3107 2287 3177 loquens

2404 1903 2478 1947 est
2508 1910 2597 1963 per
2626 1893 2941 1964 Pr0pltetam
2973 1908 2993 1947 :
3018 1893 3132 1946 Erit
3153 1894 3206 1946 in
3234 1892 3515 1947 novissimis
3537 1888 3716 1955 diebus,
3732 1887 3831 1940 dicit
3846 1886 3920 1937 Do-

2410 1986 2599 2051 minus,
2625 1984 2700 2053 e/f
2698 1986 2887 2040 undam
2904 1987 3141 2057 spiritum
3157 2004 3323 2039 meum
3345 2002 3495 2055 super
3505 2000 3687 2039 onmem
3702 1994 3881 2042 carnem,
3893 1988 3922 2029 et

2400 2080 2777 2150 prophetabunt
2803 2082 2901 2150 filii
2922 2097 3097 2135 eorum
3119 2090 3167 2134 et
3196 2081 3322 2148 lilia!
3343 2096 3533 2143 eorum,
3555 2086 3598 2131 et
3614 2079 3795 2148 juvenes
3815 2071 3922 2124 visio-

2400 2190 2488 2228 nes
2510 2174 2765 2241 videbunt,
2792 2183 2839 2229 et
2868 2176 3088 2228 seniores
3110 2176 3309 2229 somnia
3337 2171 3667 2228 somniabunt.
3692 2168 3750 2222 Et
3776 2166 3923 2237 quidem

2399 2281 2555 2333 super
2584 2282 2754 2320 servos
2780 2276 2826 2320 et
2855 2282 3010 2337 super
3038 2266 3257 2321 ancillas
3284 2264 3545 2333 efundam
3572 2264 3631 2317 de
3655 2260 3809 2331 spiritu
3828 2272 3923 2310 meo.

2400 2356 2571 2424 Quem
2619 2358 2877 2429 Spiritum
2933 2360 2986 2413 in
3018 2358 3205 2415 Veteri
3245 2359 3609 2421 Testamento,
3653 2370 3744 2409 non
3769 2349 3927 2429 quidem

2400 2453 2600 2520 passim
2634 2468 2730 2507 nec
2759 2453 2949 2515 elfuse,
2978 2452 3075 2507 sed
3104 2454 3558 2508 communicatum
3585 2464 3695 2504 cum
3722 2446 3841 2505 aliis,
3867 2428 3929 2495 aul

2403 2544 2568 2599 etiam
2599 2555 2794 2615 Sponte
2821 2545 3099 2601 insiluisse
3126 2546 3177 2600 in
3213 2545 3478 2617 quosdam
3507 2543 3750 2606 homines,
3781 2536 3848 2591 vel
3870 2536 3928 2588 in-

2399 2634 2583 2691 duisse
2611 2636 2731 2692 illos
2756 2639 2841 2692 vel
2859 2639 3025 2695 fuisse
3046 2654 3208 2709 super
3228 2653 3326 2693 eos
3349 2634 3794 2709 deprehendimus,
3817 2623 3932 2681 sicuti

2396 2728 2565 2800 Moysi
2598 2730 2668 2787 de
2711 2734 3049 2804 septuaginta
3082 2732 3421 2803 presbyteris
3458 2747 3490 2786 a
3541 2728 3746 2784 Domino
3780 2724 3933 2777 dictum

2396 2838 2521 2880 esse
2546 2826 3031 2882 animadvertimus
3051 2844 3066 2881 :
3092 2825 3162 2880 Et
3182 2829 3423 2898 auferam
3441 2824 3668 2896 spiritum
3683 2820 3755 2889 qui
3772 2825 3888 2887 super
3902 2821 3935 2865 te

2396 2929 2491 2983 est,
2520 2928 2567 2973 et
2588 2920 2850 2989 imponam
2875 2937 3029 2991 super
3049 2936 3133 2975 eos
3156 2919 3347 2989 (Num.
3372 2936 3449 2987 χι,
3482 2915 3594 2990 17).
3624 2917 3815 2982 Ρτοιιιετ
3830 2902 3937 2977 qIIOd

2396 3011 2561 3065 etiam
2603 3013 2899 3068 secundum
2932 3014 3379 3084 pollicitationem
3408 3028 3562 3069 suam
3614 3011 3731 3065 Deus
3762 3005 3818 3059 ab
3854 2998 3939 3055 alio

2394 3118 2458 3159 ex
2490 3105 2682 3175 spiritu
2712 3107 2803 3175 qui
2833 3122 2999 3176 super
3028 3106 3248 3179 Moysen
3300 3106 3503 3174 fuerat,
3540 3101 3765 3174 imposuit
3803 3084 3942 3191 θυι)θῖ

687 3200 1009 3255 ostendebat
1061 3199 1321 3254 Dominus
1370 3200 1679 3269 signiﬁcans
1725 3201 1986 3269 Spiritum
2043 3212 2284 3257 sanctum
2314 3211 2358 3273 ρ
2393 3194 2536 3261 illOS.
2567 3209 2619 3251 et
2652 3197 3112 3268 prophetaverunt
3134 3199 3188 3253 in
3229 3201 3428 3254 castris
3462 3217 3473 3251 :
3506 3194 3655 3265 ρυοά
3674 3191 3862 3261 Mill-‘95:
3896 3198 3920 3237 “

687 3308 851 3362 quem
904 3292 1176 3362 accepturi
1208 3301 1393 3347 essent
1426 3292 1515 3362 qui
1556 3292 1815 3347 credituri
1846 3304 2001 3348 erant
2031 3295 2083 3349 in
2116 3296 2289 3351 illum.

688 3384 938 3440 Nondum
986 3394 1154 3439 autem
1223 3395 1330 3440 erat
1389 3385 1655 3454 Spiritus,
1706 3387 1827 3454 quia
1869 3385 2023 3441 Iesus
2070 3389 2298 3442 nondum

690 3487 797 3532 crat
838 3479 1152 3547 clariﬁcatus
1202 3476 1392 3549 (Ibid.,
1427 3478 1539 3547 '59).
1592 3477 1758 3548 Igitur
1804 3479 1991 3535 dicens
2036 3483 2300 3551 quemad-

691 3570 910 3625 modum
964 3570 1211 3641 generari
1261 3578 1440 3639 potest
1496 3570 1756 3639 Baptismi
1804 3572 1945 3640 quod
2005 3573 2300 3642 Apostolus

690 3682 861 3722 unum
910 3681 1033 3722 esse
1094 3664 1352 3735 prmdicat
1382 3707 1398 3733 ,
1466 3666 1651 3735 utique
1699 3666 2048 3722 inaiiil'estum
2078 3677 2161 3723 est
2205 3668 2299 3724 illa

690 3765 904 3815 ratione
934 3804 950 3827 ,
1001 3760 1125 3831 quia
1167 3760 1396 3814 diversa:
1452 3769 1575 3813 sunt
1625 3758 1837 3829 species
1908 3766 2067 3815 unius
2140 3771 2303 3832 atque

694 3852 941 3925 ejusdem
968 3852 1313 3923 Baptismatis
1344 3867 1410 3908 ex
1463 3868 1569 3906 uno
1601 3852 1829 3907 vulnere
1883 3852 2198 3922 proﬂuentis
2247 3855 2301 3910 in

692 3964 890 4019 aquam
922 3958 977 4002 et
1018 3947 1376 4017 sanguinem;
1410 3960 1532 4001 cum
1564 3945 1674 4000 illic
1700 3946 1808 4002 duo
1844 3946 1953 4001 sint
1991 3947 2058 4001 de
2103 3949 2301 4018 quibus

691 4042 861 4098 locuti
904 4057 1091 4097 sumus
1118 4040 1449 4110 Baptismala
1498 4054 1671 4108 aqum,
1728 4039 1779 4094 id
1834 4050 1917 4095 est
1943 4043 2100 4096 unius
2140 4052 2300 4113 atque

693 4134 937 4203 ejusdem
987 4134 1227 4204 species,
1276 4149 1401 4188 cum
1444 4149 1610 4187 unum
1644 4148 1765 4189 esse
1797 4134 1993 4189 debeat
2024 4135 2296 4205 Baptisma

694 4229 1115 4301 uniuscujusque
1159 4226 1401 4298 species,
1455 4227 1593 4282 sicut
1637 4226 1848 4297 plenius
1876 4244 2061 4283 sumus
2108 4230 2293 4285 locuti.

768 4321 883 4376 XV.
929 4321 994 4375 Et
1040 4320 1292 4390 quoniam
1348 4317 1596 4373 videmur
1639 4334 1799 4373 omne
1841 4318 2111 4389 Baptisma
2141 4322 2302 4391 spiri-

698 4413 804 4467 tale
852 4412 1108 4467 trilariam
1154 4410 1423 4473 divisisse,
1474 4411 1758 4466 veniamus
1797 4411 1960 4467 etiam
2009 4414 2075 4468 ad
2106 4415 2301 4484 proba-

2404 3289 2570 3345 homo
2634 3292 2909 3361 spiritalis,
2970 3293 3041 3347 ita
3103 3294 3402 3363 contigisse
3454 3288 3723 3364 gaudebat,
3761 3284 3861 3338 licet
3890 3275 3939 3331 ab

2402 3384 2530 3440 Jesu
2574 3386 2685 3440 ﬁlio
2707 3385 2850 3441 Nave
2873 3396 2931 3441 ut
2957 3385 3078 3443 huic
3108 3388 3186 3443 rei
3234 3387 3601 3444 intercederet
3621 3383 3770 3441 invito
3802 3372 3943 3433 suade-

2403 3481 2586 3547 batur,
2620 3489 2678 3535 et
2721 3480 2923 3535 idcirco
2950 3497 3057 3536 non
3086 3481 3253 3537 fuisse
3284 3493 3587 3552 permotus.
3629 3479 3781 3533 Porro
3811 3479 3942 3525 autem

2401 3574 2454 3627 in
2480 3574 2619 3629 libro
2644 3575 2918 3645 iudicum,
2952 3577 3079 3632 item
3121 3578 3174 3631 in
3210 3577 3527 3649 Regnorum
3574 3573 3718 3630 libris
3758 3560 3943 3624 animad-

2402 3670 2665 3723 vertimus
2686 3684 2851 3740 super
2880 3670 3171 3741 plerosque
3196 3681 3288 3725 aut
3309 3671 3483 3728 fuisse
3509 3669 3746 3742 spiritum
3788 3650 3945 3717 Domini

2408 3772 2501 3816 aut
2528 3764 2800 3819 insiluisse
2831 3765 2882 3819 in
2910 3780 3027 3832 eos,
3052 3774 3323 3837 tamquam
3355 3781 3524 3838 super
3546 3757 3831 3822 Gothoniel,
3873 3750 3947 3808 Ge-

2406 3858 2568 3926 deon,
2599 3858 2814 3930 Jepthe,
2839 3861 3090 3926 Samson,
3114 3862 3265 3925 Sani,
3310 3862 3479 3918 David
3513 3870 3569 3918 et
3611 3869 3817 3915 caeteros
3834 3850 3945 3906 alios.

2404 3952 2559 4022 Quod
2617 3969 2784 4024 usque
2836 3955 2971 4011 adeo
3020 3958 3090 4011 ita
3137 3972 3196 4011 se
3246 3956 3428 4023 habet,
3474 3966 3537 4013 ut
3570 3954 3788 4025 Spiritus
3826 3940 3951 4003 sancti

2403 4056 2595 4115 Sponte
2621 4047 2896 4103 accedenti
2928 4050 2997 4105 ab
3025 4051 3105 4105 eis
3125 4051 3426 4107 libertatem
3457 4067 3523 4108 ac
3552 4050 3833 4105 facultatem
3862 4053 3944 4094 ma-

2402 4138 2747 4195 nifestissime
2773 4155 2872 4195 nos
2902 4142 3160 4197 Dominus
3198 4143 3445 4200 docuerit
3500 4145 3724 4199 dicens:
3779 4132 3951 4207 Sitifim

2403 4229 2489 4281 ubi
2514 4232 2619 4285 vult
2645 4232 2828 4301 spirat,
2854 4243 2900 4287 et
2928 4250 3097 4289 vocem
3117 4236 3230 4306 ejus
3249 4236 3421 4305 audis,
3446 4246 3496 4291 et
3514 4237 3675 4292 nescis
3695 4231 3813 4286 unde
3829 4222 3951 4280 νιηὶαί

2403 4334 2492 4377 aut
2513 4342 2614 4395 quo
2640 4328 2788 4380 vadat
2804 4326 2986 4399 (Joan.
3008 4345 3085 4394 ut,
3112 4329 3191 4401 8).
3224 4329 3301 4385 Ita
3330 4340 3387 4385 ut
3409 4331 3556 4387 idem
3586 4327 3804 4401 Spiritus
3826 4320 3948 4377 etiam

2405 4433 2570 4488 super
2600 4420 2850 4491 indignos
2874 4438 3092 4494 quoque
3137 4424 3221 4480 sui
3272 4438 3679 4496 nonnumquam
3712 4415 3955 4476 inveniatur

697 4505 897 4563 tionem
953 4503 1275 4560 narrationis
1322 4503 1613 4572 propositio
1635 4546 1648 4567 ,
1725 4519 1791 4559 ne
1840 4504 2119 4561 videamur
2172 4522 2298 4576 pro—
2322 4500 2377 4564 D
2405 4524 2547 4578 esse;
2566 4530 2673 4569 non
2703 4514 2889 4586 utique
2918 4517 3091 4573 otiose
3118 4532 3219 4574 nec
3239 4518 3359 4575 sine
3383 4519 3620 4587 ratione,
3642 4514 3737 4575 sed
3755 4518 3954 4571 necessa-

2041 4686 2407 4749 VARIORUM
2443 4693 2671 4753 NOTAE}.

774 4870 833 4932 Si
857 4874 979 4947 quid
1011 4869 1289 4947 levamenti
1319 4866 1556 4947 liabennt.
1583 4866 1639 4923 Si
1661 4866 1990 4947 _nece_s_sitas_
2032 4869 2299 4947 discrimi-

698 4949 782 5004 nis
823 4939 1152 5002 imminentis
1198 4940 1397 5011 aliquid
1441 4939 1719 5003 Iaxaverit,
1791 4940 1990 5009 aliquid
2042 4945 2301 5010 temporis

700 5021 1022 5075 indulserit:
1062 5015 1205 5087 quod
1246 5012 1544 5087 Cyprianus
1601 5020 1746 5087 amat
1788 5011 1991 5087 dicere,
2050 5029 2303 5069 commea-

696 5103 803 5147 tum
853 5101 899 5145 et
950 5083 1144 5143 moram
1174 5089 1227 5139 in
1274 5084 1459 5138 sacculo
1504 5083 1758 5207 tantisper:
1819 5083 1988 5138 adhuc
2037 5087 2300 5141 manendi.

1764 5170 1938 5207 IGALT.

1764 5170 1938 5210 IGALT.

775 5235 1017 5290 Nondum
1038 5241 1204 5286 autem
1221 5236 1328 5283 erat
1344 5227 1576 5297 spiritus.
1607 5228 1661 5280 In
1688 5226 1978 5295 Evangelia
2002 5227 2225 5285 Joannis
2243 5231 2296 5285 in

695 5308 931 5365 editione
976 5306 1187 5374 vulgata
1234 5301 1425 5371 legitur
1465 5299 1677 5374 spiritus
1716 5300 1886 5354 datus.
1919 5299 2021 5374 Sed
2053 5300 2189 5357 hanc
2214 5305 2297 5357 ul-

695 5384 880 5435 timam
914 5369 1097 5432 vocem
1132 5391 1235 5429 non
1263 5369 1476 5427 exstare
1504 5373 1553 5424 in
1584 5369 1774 5444 Graeco
1796 5380 1849 5444 et
1893 5370 2299 5444 subintelhgen-

696 5454 817 5505 dam
846 5465 966 5505 esse
990 5449 1098 5515 jam
1146 5451 1474 5499 monuerunt
1498 5444 1595 5496 viri
1621 5441 1785 5496 ducti.
1809 5442 2143 5515 Quamquam
2174 5441 2300 5501 sunt

693 5522 861 5591 aliqui
890 5520 981 5588 qui
1011 5527 1193 5591 putant
1228 5515 1370 5569 illam
1393 5530 1514 5591 esse
1539 5530 1655 5591 non
1670 5516 2050 5591 necessariam.
2078 5515 2243 5571 GALL.

772 5585 885 5646 XV.
906 5585 977 5630 4—-
1005 5589 1231 5658 Spiritus
1270 5595 1342 5640 est
1368 5587 1574 5641 veritas.
1602 5585 1691 5639 Sic
1733 5596 1909 5658 textus
1935 5585 2156 5642 Graecus
2190 5606 2201 5640 :
2235 5592 2294 5643 τὸ

698 5665 900 5729 πνεῦμά
926 5656 1062 5716 ἐστιὺ
1088 5662 1118 5716 ἡ
1136 5659 1354 5715 ἀλήθεια.
1382 5658 1744 5729 Eamdemque
1773 5656 2057 5711 lectionem
2079 5659 2301 5713 exhibet

696 5734 755 5778 ὃ.
778 5726 1116 5790 Ambrosius,
1138 5729 1230 5796 lib.
1266 5742 1349 5787 Ill,
1378 5726 1660 5796 degSpirit.
1678 5736 1869 5796 sanct.,
1888 5742 2009 5796 cap.
2040 5728 2130 5794 10,
2150 5744 2296 5783 cum.

699 5797 787 5848 67.
809 5796 876 5849 At
904 5811 1027 5849 cum
1056 5795 1275 5861 Vulgata
1302 5809 1423 5861 quae
1449 5794 1598 5861 legit,
1621 5794 1858 5848 Christus
1873 5806 1920 5849 et
1936 5794 2143 5864 veritas,
2172 5815 2302 5855 con-

2404 4880 2648 4960 sentiunt
2699 4880 2793 4937 alii
2846 4883 3018 4960 ferme
3072 4902 3263 4946 omnes
3322 4889 3472 4948 latini
3534 4892 3745 4950 Patres.
3805 4888 3962 4947 Locum

2402 4958 2668 5035 ἱιιιεεειιηι
2697 4958 2952 5029 anonymi
2980 4959 3165 5035 Ahujus
3207 4964 3464 5027 auctoris,
3497 4967 3592 5035 qui
3640 4979 3837 5022 comma
3856 4969 3962 5015 octa-

2403 5023 3378 5107 vunerauncum:eonjunctum7cum
3429 5023 3576 5091 sexto
3612 5039 3664 5091 in
3692 5052 3785 5091 suo
3823 5044 3963 5107 ereti}-

2404 5094 2758 5178 plai-‘idegisse
2777 5094 3011 5178 videtur,
3063 5106 3263 5178 excutit
3298 5106 3357 5178 lt.
3386 5106 3445 5162 P.
3503 5110 3575 5164 de
3603 5110 3800 5165 Ruheis
3846 5098 3964 5178 Y-C;

2407 5165 2460 5218 in
2483 5165 2702 5249 “Dissert.
2753 5170 2816 5224 de
2870 5174 3028 5227 tribus
3059 5175 3112 5228 in
3153 5176 3278 5231 caelo
3322 5177 3534 5243 Testib.,
3575 5197 3698 5249 pag.
3730 5181 3812 5234 76.
3850 5168 3965 5241 Ουοδ

2405 5238 2620 5319 quidem
2653 5254 3030 5319 argumentum
3076 5262 3184 5316 prie
3205 5252 3415 5304 cwtcris
3442 5238 3964 5319 dilig'en'tissime’per‘

2402 5317 2661 5390 tractasse
2686 5317 3015 5390 Comperitur
3043 5318 3441 5376 eruditissimus
3494 5317 3783 5379 Soucietus
3822 5325 3967 5390 contra

2402 5381 2720 5462 Simonium,
2758 5381 2999 5458 Renmrq.
3034 5406 3124 5443 sur
3170 5391 3221 5444 lo
3249 5390 3429 5462 Critiq.
3457 5394 3518 5448 de
3555 5397 3609 5448 la
3637 5394 3868 5449 Biblioth.
3904 5388 3967 5439 de!

2401 5452 2523 5541 Au‘t'.
2555 5456 2702 5538 «ξι-91η
2741 5467 2871 5541 tom.
2897 5452 3098 5541 it,'pag.
3135 5462 3244 5541 575
3276 5452 3402 5519 828:
3444 5465 3724 5541 GALLstvo.

2475 5524 2727 5608 Spiritum
2758 5524 2991 5608 solitum,
3012 5524 3294 5608 Assentior
3324 5552 3453 5591 vero
3478 5540 3699 5595 erudito
3735 5551 3880 5608 quem
3902 5546 3966 5585 δυο

2401 5610 2495 5676 pra
2521 5597 2728 5653 laudavi
2755 5610 2809 5654 et
2837 5602 3206 5676 admonitione
3230 5606 3348 5676 ejus
3379 5624 3506 5663 usus
3545 5626 3672 5664 sum
3724 5597 3781 5663 u't
3822 5617 3967 5662 emen-

2401 5670 2584 5723 darem
2612 5679 2667 5725 et
2696 5673 3000 5741 supplerem
3044 5678 3185 5734 hunc
3234 5670 3431 5736 locum.
3479 5679 3646 5738 Certa
3699 5692 3870 5738 autem
3911 5678 3971 5730 65’-

2403 5740 2729 5799 emendatio.
2763 5740 3034 5802 GALLAND.
