4262 6236
573 328 717 388 1205

1966 332 2541 419 PROLEGOMENA.\

3726 336 3865 395 i20l

572 444 748 519 (Psal.
780 456 933 512 xcvi,
967 442 1057 515 5),
1085 443 1287 515 absque
1313 445 1390 500 eis
1415 445 1505 516 qui
1535 443 1789 517 baptizati
1817 446 2015 500 suntin
2045 446 2164 517 Spi-
2190 450 2243 509 Α
2269 455 2519 503 raverant
2540 489 2555 514 ,
2597 447 2675 503 ait
2714 447 2780 502 ad
2826 446 3106 503 mulierem
3154 444 3417 502 Dominus
3452 465 3466 501 :
3495 442 3655 504 Fides
3694 459 3782 504 tua
3823 463 3870 506 te

571 539 683 595 ritu
712 549 901 594 sancto
924 546 979 592 et
1005 537 1132 608 igni.

647 630 837 687 XVIII.
882 629 950 685 Et
978 630 1287 689 hominibus
1327 633 1545 705 quidem
1588 633 1821 705 Spiritus
1863 647 2172 706 perseverat

573 721 738 778 hodie
758 722 1061 787 invisibilis,
1086 723 1226 779 sicut
1252 725 1509 780 Dominus
1528 725 1659 781 dicit
1679 745 1692 781 :
1716 725 1943 799 Spiritus
1962 729 2047 783 ubi
2063 730 2172 784 vult

573 814 769 885 spirat,
794 823 843 867 et
878 814 1044 867 nescis
1082 813 1218 869 unde
1245 816 1411 870 veniat
1436 817 1515 871 uel
1552 832 1650 886 quo
1676 818 1830 872 vadat
1869 818 2049 891 (Idan.
2080 836 2168 883 tu.

573 908 669 976 8).
699 906 805 963 Sed
837 907 892 962 in
920 908 1185 979 principio
1215 910 1455 981 mysterii
1490 910 1614 967 lidei
1643 921 1695 967 et
1721 912 1977 982 spiritalis
2027 912 2170 985 Bap-

573 1000 806 1055 tismatis
833 1000 919 1056 hic
939 1000 1082 1055 idem
1105 1001 1336 1072 Spiritus
1361 1005 1640 1060 manifeste
1666 1005 1810 1060 visus
1835 1016 1917 1062 est
1937 1015 1991 1061 et
2010 1020 2172 1076 super

573 1092 867 1162 discipulos
891 1092 1156 1148 insedisse
1202 1094 1353 1164 quasi
1393 1094 1527 1165 ignis
1558 1114 1571 1149 :
1604 1097 1750 1163 item,
1770 1097 1924 1153 caelis
1946 1101 2167 1168 apertis,

576 1185 924 1241 descendisse
951 1200 1114 1256 super
1141 1187 1425 1243 Dominum
1457 1190 1721 1246 columbm
1753 1192 2013 1259 similem;
2042 1209 2173 1264 quo-

578 1278 723 1332 niam
755 1278 1031 1348 pleraque,
1068 1280 1233 1335 immo
1260 1296 1396 1351 peue
1436 1282 1614 1337 omnia
1640 1299 1760 1354 qua:
1785 1295 1968 1341 essent
1997 1286 2171 1343 futura

579 1371 862 1427 manifesta
904 1381 1032 1427 sunt
1063 1389 1076 1426 :
1105 1388 1226 1443 qua:
1268 1382 1446 1429 tamen
1477 1376 1639 1431 modo
1664 1385 1847 1432 essent
1892 1377 2172 1433 invisibilia

577 1462 965 1531 nihilominus,
1024 1479 1168 1519 nunc
1221 1479 1434 1536 quoque
1484 1468 1653 1523 oculis
1704 1478 1760 1524 et
1813 1469 2173 1525 iucredulitati

578 1556 862 1611 hominum
900 1558 987 1611 vel
1016 1574 1080 1613 ex
1110 1570 1289 1629 parte,
1318 1561 1404 1615 vel
1433 1560 1752 1632 aliquando,
1795 1564 1879 1618 vel
1921 1565 1973 1618 in
2007 1564 2173 1634 ligura

579 1659 707 1705 sant
749 1659 1044 1706 monStrata
1084 1653 1151 1707 ad
1181 1654 1637 1710 eorroborandam
1668 1665 1722 1709 et
1751 1655 2173 1712 confirmandam

580 1744 742 1801 ﬁdem
785 1754 1047 1801 nostram.
1090 1746 1193 1802 Sed
1226 1762 1326 1802 nec
1356 1747 1486 1802 illud
1514 1750 1786 1804 omiserim
1820 1751 1962 1820 quod
1995 1751 2174 1805 Evan-

2271 541 2466 594 salvam
2508 540 2657 612 fecit,
2694 541 2821 596 vade
2862 542 2916 595 in
2959 558 3101 612 pace.
3142 541 3224 596 Ex
3262 540 3455 610 quibus
3484 543 3749 599 universis
3778 560 3866 599 os-

2271 632 2507 688 tenditur
2551 631 2655 688 ﬁde
2699 633 2978 690 emundari
3017 632 3215 698 corda,
3258 634 3461 703 Spiritu
3499 647 3681 691 autem
3725 636 3867 691 ablui

2271 726 2520 782 animas:
2555 742 2717 797 porro
2765 737 2943 783 autem
2998 742 3095 797 per
3146 740 3337 797 aquam
3389 727 3553 782 lavari
3602 743 3865 799 corpora,

2271 816 2531 888 sanguine
2565 833 2779 889 quoque
2822 814 3163 874 festinantius
3195 820 3461 889 perveniri
3492 834 3585 891 per
3609 836 3867 891 compen-

2272 908 2417 965 dium
2445 909 2511 965 ad
2541 910 2728 965 salutis
2757 910 3000 980 praemia.

2346 1000 2488 1060 XIX.
2532 1006 2665 1059 Puto
2711 1020 2811 1059 nos
2868 1005 3025 1071 plene
3089 1013 3377 1061 exsecutos
3431 1006 3866 1077 praedicationem

2275 1097 2529 1168 Baptista:
2571 1096 2827 1161 Joannis,
2877 1098 3017 1153 unde
3059 1112 3366 1154 sermonem
3414 1113 3603 1154 sumus
3653 1102 3866 1166 exorsi,

2273 1194 2365 1265 qui
2391 1190 2524 1248 dixit
2549 1191 2615 1248 ad
2641 1191 2859 1248 Jutlreos
2887 1211 2901 1248 :
2931 1190 3043 1265 Ego
3068 1192 3272 1262 quidem
3300 1209 3387 1247 vos
3414 1191 3621 1261 baptizo
3662 1211 3793 1264 aqua
3818 1197 3873 1250 in

2275 1284 2641 1357 paenitentiam.
2688 1285 2786 1352 Qui
2827 1297 2994 1340 autem
3025 1293 3139 1356 post
3164 1300 3243 1338 me
3267 1285 3401 1339 venit
3428 1286 3613 1356 fortior
3651 1302 3731 1339 me
3768 1296 3868 1351 est,

2275 1378 2420 1449 cujus
2441 1394 2534 1448 ego
2557 1392 2659 1432 non
2683 1392 2795 1431 sum
2810 1376 2996 1448 dignus
3018 1377 3209 1431 solvere
3230 1377 3503 1447 corrigiam
3524 1376 3870 1432 calcemnenti.

2275 1465 2402 1539 Ipse
2426 1487 2512 1525 vos
2539 1470 2813 1541 baptizabit
2850 1472 2904 1524 in
2945 1468 3145 1541 Spiritu
3174 1480 3350 1524 sancto
3378 1478 3425 1523 et
3451 1470 3561 1540 igni
3589 1470 3609 1542 (
3626 1469 3752 1524 Luc.
3783 1487 3840 1527 III
3860 1517 3873 1536 ,

2276 1562 2394 1637 16).
2436 1564 2687 1620 Arbitror
2726 1573 2906 1620 autem
2945 1574 2999 1619 et
3035 1563 3267 1634 apostoli
3308 1562 3534 1618 Joannis
3573 1563 3875 1619 doctrinam

2278 1676 2376 1715 nos
2416 1672 2523 1715 non
2566 1661 2747 1730 Inepte
2786 1658 3149 1728 disposuisse,
3190 1656 3283 1728 qui
3321 1656 3397 1711 ait
3433 1656 3555 1727 quia
3595 1666 3698 1711 tres
3737 1660 3880 1710 testi-

2278 1751 2505 1806 monium
2534 1750 2826 1821 perhibent.
2858 1750 3067 1820 spiritus
3110 1752 3157 1803 et
3195 1764 3328 1816 aqua
3354 1754 3403 1803 et
3431 1748 3675 1820 sanguis,
3715 1758 3764 1802 et
3797 1748 3883 1803 isti

577 1837 776 1908 gelium
798 1838 995 1893 merito
1019 1838 1288 1907 praedicat.
1318 1840 1407 1894 Ait
1427 1840 1571 1895 enim
1595 1841 1888 1912 paralytieo
1917 1844 2172 1898 Dominus
2201 1846 2248 1907 Β
2275 1850 2379 1898 tres
2418 1856 2578 1896 unum
2614 1851 2730 1895 sunt
2775 1837 2854 1911 (I.
2884 1837 3041 1894 Joan.
3083 1854 3138 1900 ν.
3186 1838 3282 1910 8).
3334 1837 3447 1893 Nisi
3490 1836 3645 1893 fallor
3672 1844 3879 1903 autem,

577 1938 768 1985 noster
796 1947 808 1982 :
842 1927 988 1983 Bono
1017 1930 1187 1983 animo
1216 1940 1340 1997 esto,
1372 1931 1468 2000 fili,
1503 1932 1825 1987 dimittuntur
1855 1933 1942 1988 tibi
1972 1943 2179 2006 peccata

582 2019 802 2091 (Matth.
833 2032 926 2086 lx,
956 2020 1014 2092 3)
1048 2039 1060 2074 :
1093 2032 1152 2076 ut
1178 2023 1488 2078 ostenderet
1515 2021 1619 2078 ﬁde
1647 2024 1893 2080 mandari
1925 2025 2085 2082 corda
2111 2026 2180 2081 ad

581 2112 956 2170 remissionem
993 2124 1337 2184 peccatorum
1380 2116 1837 2186 consequendam.
1880 2119 2049 2187 Quam
2090 2136 2179 2175 re-

584 2204 897 2260 missionem
929 2216 1270 2276 peccatorum
1304 2219 1592 2265 consecuta
1620 2218 1704 2265 est
1731 2212 1891 2265 etiam
1934 2211 2022 2267 illa
2064 2224 2184 2283 qua:

587 2308 705 2355 erat
746 2299 941 2357 mulier
970 2301 1241 2369 peccatrix
1272 2300 1327 2356 in
1366 2301 1613 2369 civitate;
1646 2304 1733 2357 cui
1763 2303 2022 2358 Dominus
2065 2306 2139 2359 ait
2167 2325 2180 2359 :

585 2389 931 2447 Dimittuntur
961 2394 1049 2447 tibi
1077 2404 1282 2464 peccata
1315 2393 1479 2463 (Luc.
1518 2412 1621 2462 vn,
1649 2396 1751 2463 48,
1782 2396 1909 2470 50).
1955 2395 2023 2452 Et
2061 2413 2184 2453 cum

591 2486 884 2555 cmpissent
909 2487 998 2556 qui
1027 2487 1187 2542 simul
1219 2487 1649 2554 discumbebant,
1678 2489 1819 2559 apud
1847 2492 2188 2561 semetipsos

590 2580 809 2636 dicere:
838 2577 965 2645 Qui;
991 2588 1062 2635 est
1089 2579 1170 2635 hic
1192 2582 1278 2651 qui
1303 2590 1509 2650 peccata
1534 2581 1781 2637 dimittit?
1804 2583 1946 2653 quod
1973 2594 2028 2639 et
2045 2585 2189 2639 eirea

589 2671 943 2744 paralyticum
974 2673 1220 2729 acerbius
1260 2673 1463 2730 Scriba:
1501 2684 1559 2730 et
1596 2675 1853 2731 Pharisaei
1884 2677 2192 2732 obmurmu-

2281 1933 2442 1988 etiam
2484 1930 2616 1985 illud
2646 1929 3058 2000 explanavimus
3081 1928 3225 2000 quod
3255 1930 3514 1984 Dominus
3555 1940 3739 1984 noster
3762 1931 3839 1984 ait
3869 1947 3883 1982 :

2281 2026 2509 2084 Joannes
2534 2027 2736 2099 quidem
2767 2028 3041 2097 baptizavit
3067 2040 3230 2098 aqua,
3260 2042 3347 2099 nos
3374 2036 3547 2081 autem
3588 2026 3877 2095 baptizabi-

2284 2122 2411 2175 mini
2451 2121 2507 2174 in
2537 2119 2738 2191 Spiritu
2764 2131 2942 2195 saneto
2968 2120 3106 2191 (Aet.
3141 2136 3190 2186 ι,
3221 2119 3298 2190 5).
3333 2120 3602 2174 Prwterea
3628 2120 3883 2176 existimo

2286 2227 2388 2268 nos
2418 2226 2527 2267 non
2560 2212 2825 2267 inﬁrmam
2859 2211 3123 2267 rationem
3154 2211 3456 2266 reddidisse
3481 2210 3887 2267 consuetudinis

2287 2321 2527 2363 causam.
2589 2306 2857 2361 Tueamur
2913 2314 3131 2371 tamen,
3175 2305 3277 2359 etsi
3325 2305 3624 2375 posteriore
3667 2304 3789 2359 loco
3835 2305 3891 2360 id

2290 2400 2547 2463 iacimus,
2589 2412 2659 2452 ne
2681 2398 2772 2468 qui
2814 2404 2962 2465 putet
2988 2410 3089 2453 nos
3121 2397 3282 2451 unico
3307 2396 3541 2451 articulo
3567 2407 3890 2467 praesentem

2293 2491 2702 2546 altercationem
2732 2489 3016 2544 suscitare.
3044 2489 3380 2559 Quamquam
3411 2488 3529 2542 hzee
3555 2488 3892 2545 consuetudo

2296 2586 2457 2640 etiam
2499 2585 2611 2639 sola
2650 2584 2873 2640 deberet
2900 2583 3043 2654 apud
3080 2584 3327 2638 homines
3363 2583 3610 2638 timorem
3652 2583 3749 2638 Dei
3792 2583 3891 2637 lia-

2297 2676 2488 2733 bentes
2511 2688 2567 2733 et
2597 2677 2829 2734 humiles
2846 2718 2861 2744 ,
2889 2677 3217 2747 praecipuum
3245 2676 3425 2731 locum
3449 2675 3721 2732 obtinere.

1874 2788 2236 2851 VARIORUM
2272 2790 2505 2849 NOTAE.

668 2904 971 2980 XIX—Ad
982 2909 1163 2964 salutis
1179 2910 1410 2979 prmntia.
1430 2909 1588 2965 Puto.
1611 2908 1825 2980 Rigaltii
1840 2919 1893 2965 et
1909 2908 2186 2965 Oxonien-

596 2980 737 3035 siunt
769 2979 1255 3049 interpunctiouem
1272 2982 1566 3052 sequimur.
1591 2983 1662 3037 At
1686 2979 1933 3037 Baluzius
1964 2999 1977 3034 :
2010 2980 2182 3035 Festi-

2294 2909 2501 2963 nantius
2539 2908 2786 2979 perveniri
2817 2925 2906 2979 per
2945 2909 3300 2979 compendium
3347 2908 3416 2962 ad
3455 2907 3633 2963 salutis
3679 2909 3889 2977 praemia

2294 2991 2439 3051 puto,
2468 2989 2575 3036 etc.
2608 2979 2781 3035 Minus
2809 2988 2979 3035 recte.
3015 2982 3286 3037 GALLAND.

637 3152 3887 3190 mm

813 3312 972 3395 DE
1034 3310 1615 3397 ANONYMO
1671 3309 2245 3395 AUCTORE
2316 3310 3021 3397 TRACTATUS
3062 3276 3678 3400 ADVERSUS

706 3462 710 3467 ’
1829 3479 1994 3562 ΝΟ
2009 3478 2661 3564 VATIANUM.

1532 3677 2983 3810 PROLEGOMENA.

2187 3936 2639 3992 caus——

679 4059 907 4117 Constat
951 4067 1227 4115 auctorem
1270 4058 1393 4114 libri
1430 4057 1498 4114 ad
1543 4056 1899 4113 Novatianum
1944 4058 2203 4129 aequalem
2232 4057 2277 4120 C
2312 4056 2715 4112 Tillemontium
2739 4053 3245 4127 (4,)deterruit,quo
3262 4055 3439 4110 minus
3462 4053 3565 4111 hoc
3586 4058 3911 4126 opusculum

612 4170 735 4212 esse
763 4151 1042 4224 Cypriani,
1070 4167 1170 4207 nec
1196 4150 1418 4206 dubium
1445 4165 1564 4206 esse
1594 4159 1794 4221 potest.
1824 4150 1955 4218 quin
1991 4151 2044 4205 in
2072 4150 2212 4221 paci-

617 4247 778 4314 ﬁcis,
826 4256 881 4303 et
928 4245 1187 4302 Ecclesia:
1231 4244 1533 4300 faventibus
1582 4243 1853 4299 Valeriani
1905 4243 2216 4312 primordiis

618 4341 918 4413 scripserit.
970 4341 1143 4397 Unam
1192 4340 1336 4395 enim
1385 4340 1590 4393 tantum
1636 4335 2070 4408 persecutionem
2114 4352 2214 4390 nu-

618 4447 794 4491 merat
819 4444 941 4505 post
981 4450 1120 4498 eam,
1170 4450 1289 4504 qua:
1319 4433 1419 4488 sub
1460 4433 1622 4489 Decio
1661 4432 1857 4497 saeviit,
1888 4439 1944 4486 et
1968 4446 2095 4497 eos,
2128 4430 2215 4500 qui

620 4528 677 4584 in
707 4527 880 4599 prima
926 4526 1263 4588 ceciderunt.
1288 4510 1346 4580 in
1377 4523 1613 4580 secunda
1657 4521 1890 4578 victores
1934 4521 2099 4577 fuisse
2130 4521 2213 4577 di-

622 4618 842 4693 cit,(I).
875 4617 1096 4673 Videtur
1123 4617 1283 4673 etiam
1317 4614 1603 4671 Africanus
1634 4614 1821 4680 fuisse,
1853 4625 1961 4668 tum
1992 4614 2114 4684 quia
2138 4612 2217 4667 sic

621 4712 758 4768 ludit
784 4712 837 4767 in
860 4710 1185 4766 Felicissimi
1219 4710 1435 4765 nomine
1460 4707 1539 4782 (‘2)
1575 4726 1588 4763 :
1618 4707 1754 4775 Quid
1793 4706 1860 4761 ad
1885 4707 1983 4760 ista
2009 4722 2219 4776 respon-

628 4806 783 4861 deant
822 4804 1188 4874 ρει-νενείεεὶΠή
1215 4804 1299 4858 isti
1327 4790 1637 4868 Novatiani,
1682 4801 1764 4857 vel
1790 4816 1933 4857 nunc
1969 4799 2218 4854 infelicis-

626 4902 748 4957 simi
806 4898 997 4970 pauci?
1051 4898 1216 4963 Tum,
1271 4898 1395 4967 quia
1443 4896 1612 4952 solam
1666 4894 1963 4951 Ecclesiam
2012 4892 2221 4949 caelesti

626 4997 840 5052 ratione
864 4993 1139 5064 baptizare
1177 4992 1527 5063 pronuntians
1554 4990 1655 5062 (3),
1696 4988 2073 5045 haereticorum
2109 4986 2216 5041 Ba-

619 5090 817 5159 ptisma
865 5103 973 5141 non
1016 5087 1246 5142 obscure
1287 5085 1479 5156 rejicil.
1515 5085 1640 5140 Sola
1681 5082 1805 5157 styli
1836 5081 2216 5139 dissimilitudo

723 5222 775 5305 ᾖ)
799 5226 1071 5305 Anonym,
1097 5223 1329 5305 Tractat.
1375 5224 1444 5277 ad
1471 5222 1750 5305 Ngvgtian.
1775 5261 1790 5286 ,
1833 5234 1955 5305 cap.
1987 5220 2042 5305 6ἶ
2071 5217 2215 5305 apud

621 5292 896 5362 Galland.,
940 5292 1070 5350 tom.
1104 5310 1178 5350 Ill.
1216 5294 1353 5349 Bibl.
1388 5306 1497 5351 vet.
1528 5292 1656 5361 PP.,
1688 5306 1808 5364 pag.
1844 5292 1968 5352 372;
1994 5299 2048 5344 et
2079 5292 2217 5364 inter

619 5365 898 5439 Cypriau.,
935 5382 1050 5437 pag.
1084 5367 1171 5434 I7,
1202 5367 1333 5421 edit.
1364 5366 1570 5439 Brem,
1595 5376 1649 5439 e_t
1682 5363 1898 5439 chet.,
1929 5376 2050 5434 pag.
2076 5363 2208 5439 3‘15.

693 5432 771 5508 (2)
825 5432 1103 5501 Id..'il3id.
1137 5432 1256 5509 cap.
1310 5436 1557 5509 2,,apud
1604 5435 1875 5503 Galland.,
1926 5432 2026 5509 pag
2076 5432 2202 5498 ὅτις

618 5517 675 5562 et
705 5506 864 5583 apud
918 5510 1108 5583 Cypr.,
1168 5506 1287 5583 pag.
1342 5506 1623 5575 16,'edit.
1673 5509 1876 5574 Brem.,
1905 5515 1960 5561 et
1988 5506 2205 5573 Venet.,

957 5653 1112 5717 ibid.,
1144 5669 1263 5725 cap.
1311 5654 1367 5725 3.
1421 5664 1539 5725 pag.
1574 5654 1708 5719 372,
1742 5650 1882 5721 apud
1922 5646 2211 5725 gallant!”

599 5716 958 5836 gléSS‘Cypf”
989 5716 1111 5795 pag.
1139 5716 1224 5792 17;
1258 5724 1395 5785 edit.
1422 5716 1649 5801 Βῶηῇἀ
1681 5730 1737 5780 et
1765 5716 1888 5796 pag.
1920 5720 2027 5775 ’175
2076 5721 2209 5779 edit.

2317 4148 2587 4221 Cypriano
2611 4148 2876 4203 tribuerit.

2390 4242 2497 4297 Sed
2536 4251 2712 4296 tamen
2744 4249 2943 4313 praeter
2986 4239 3127 4295 hanc
3165 4240 3428 4295 rationem
3468 4240 3571 4297 alia
3600 4241 3809 4297 videtur
3826 4242 3917 4297 aI-

2317 4334 2446 4390 l‘erri
2478 4348 2653 4405 posse.
2699 4332 2832 4387 Nam
2863 4331 3100 4387 declarat
3134 4340 3322 4386 auctor
3362 4332 3518 4402 hujus
3557 4333 3680 4387 libri
3708 4334 3761 4387 iu
3788 4335 3918 4405 ipso

2319 4426 2542 4483 exordio
2580 4444 2593 4479 :
2649 4443 2667 4476 ι
2705 4425 2956 4495 Cogitant
3001 4424 3096 4478 sibi
3121 4466 3134 4487 ,
3182 4433 3237 4478 et
3279 4424 3690 4480 intolerabiliter
3725 4428 3919 4483 animo

2320 4519 2587 4584 aestuanti,
2623 4518 2877 4589 quidnam
2923 4532 3082 4587 agere
3112 4516 3310 4570 deberet
3350 4517 3419 4571 de
3463 4517 3779 4572 miserandis
3800 4519 3917 4572 ira-

2323 4612 2512 4676 tribus,
2543 4612 2630 4682 qui
2654 4610 2916 4665 \ulnerati
2948 4624 3052 4664 non
3082 4609 3295 4680 propria
3316 4609 3639 4677 ,voluntate,
3669 4610 3767 4665 sed
3795 4611 3920 4667 dia-

2321 4711 2430 4766 boli
2458 4709 2726 4765 saevientis
2767 4709 3085 4777 irruptionc,
3126 4706 3302 4760 adhuc
3326 4720 3514 4776 usque,
3550 4706 3651 4761 hoc
3678 4716 3780 4781 est,
3813 4723 3921 4778 per

2324 4804 2538 4874 longam
2570 4810 2873 4871 temporum
2908 4799 3102 4855 seriem
3129 4806 3349 4869 agentes
3380 4812 3564 4868 poenas
3591 4798 3811 4864 darent,
3846 4816 3923 4856 ex

2324 4895 2555 4951 adverso
2594 4901 2842 4948 exortum
2897 4905 3018 4946 esse
3052 4891 3212 4945 alium
3247 4890 3479 4953 hostem,
3509 4899 3565 4945 et
3606 4889 3775 4960 ipsius
3816 4910 3921 4962 pa-

2322 4997 2492 5043 ternre
2507 4986 2720 5055 pietatis
2747 4984 3116 5040 adversarium
3144 4982 3456 5037 hacreticum
3476 4981 3862 5040 Novatianum.
3898 5007 3917 5039 ι

2321 5081 2415 5138 His
2440 5090 2616 5135 autem
2648 5079 2824 5133 verbis
2865 5078 3062 5132 indicat
3097 5077 3404 5147 episc0pum
3433 5092 3493 5132 se
3521 5093 3665 5143 esse,
3693 5094 3757 5133 ac
3788 5096 3921 5147 per-

2323 5174 2627 5231 humaniter
2661 5172 2823 5242 lapsis
2845 5170 2955 5241 jatn
2985 5170 3186 5225 dudum
3223 5170 3592 5239 paenitentiam
3631 5172 3923 5240 agentibus

2321 5268 2713 5329 consulentem,
2757 5264 2985 5318 moleste
3013 5263 3173 5328 ferre,
3226 5262 3369 5332 quod
3409 5275 3523 5315 sure
3569 5260 3775 5317 lenitati
3821 5265 3924 5318 ad-

2322 5362 2618 5420 versarium
2683 5359 2875 5414 habeat
2938 5356 3248 5412 bmrcticum
3319 5356 3699 5412 Novatianum.
3777 5357 3921 5415 [line

2314 5457 2476 5513 etiam
2511 5452 2648 5510 infra
2691 5451 2795 5526 (5),
2851 5459 3134 5522 postquam
3192 5454 3260 5504 de
3306 5451 3370 5504 iis
3425 5449 3636 5505 locutus
3681 5460 3787 5514 est.
3823 5454 3917 5522 qui

2389 5568 2823 5646 (4)_'l_'illetttt_iiit:;
2850 5565 3126 5646 Μρηπιίιέξ
3154 5575 3288 5646 to_m.
3321 5580 3408 5646 IV:-
3425 5566 3679 5646 pag._1_§5
3698 5573 3753 5619 et
3779 5563 3916 5646 6‘2}:

2316 5635 2433 5700 noi.
2452 5635 2554 5707 '57,
2575 5641 2738 5694 surS.
2759 5637 2949 5711 Cypr.;
2974 5637 3174 5693 etedit.
3198 5635 3455 5703 BruxellI,
3506 5635 3666 5699 1732,
3696 5652 3817 5708 pag.
3843 5639 3916 5693 56

2316 5725 2372 5772 et
2400 5729 2525 5783 pag.
2549 5712 2641 5779 22,
2673 5711 2727 5765 in
2757 5713 2923 5766 notis.

2421 5777 2795 5855 5)'Auonym.,
2840 5784 2875 5839 I.
2923 5796 2995 5849 e.,
3040 5794 3161 5852 cap.
3194 5778 3247 5847 6,
3281 5792 3403 5851 pag.
3433 5777 3578 5846 372;
3610 5779 3752 5852 apud
3783 5779 3914 5837 Gal-
