4262 6236
630 284 765 339 1207
836 286 840 291 ’

1754 288 1845 341 AD
1884 281 2336 342 NOVATIANUM
2376 284 2465 341 DE
2502 283 2739 342 LAPSIS

3759 280 3785 335 1
3795 280 3896 335 9.08

623 416 813 472 porum
840 403 1033 457 seriem
1061 412 1310 472 agentes,
1338 417 1524 472 poenas
1566 402 1793 463 darent;
1844 416 1970 456 ecce
2014 417 2076 457 es
2111 400 2508 471 ad—Asignat,
2559 400 2697 455 sicut
2749 402 2864 470 ipse
2930 400 2981 454 in
3032 398 3321 469 Evangelia
3378 397 3613 453 declarat
3662 398 3895 455 dicens:

627 512 785 556 verso
834 498 1057 551 obortus
1105 506 1188 552 est
1238 497 1377 551 alius
1420 498 1622 559 hostis,
1673 507 1726 550 et
1774 491 1942 565 ipsius
1972 506 2209 566 paterna:

624 589 834 660 pietatis
859 588 1196 642 adversarius
1224 588 1510 643 hereticus
1552 588 1882 644 Novatianus
1916 607 1928 641 :
1960 590 2050 659 qui
2103 604 2209 642 non

627 690 871 747 tantum,
922 690 977 735 ut
1008 681 1058 734 in
1109 680 1402 751 Evangelio
1432 681 1790 750 significatum
1818 690 1900 737 est
1940 682 1957 753 (
1983 682 2108 735 Luc.
2134 681 2211 750 κ),

626 775 767 828 sicut
793 772 1047 827 sacerdos
1078 774 1162 827 vel
1204 773 1391 829 levites
1411 774 1678 843 jacentetn
1710 774 2047 828 vulneratum
2078 788 2215 844 prte-

624 865 844 931 teriret,
876 865 969 921 sed
998 866 1272 937 ingeniosa
1305 881 1367 920 ac
1401 881 1534 921 nova
1562 866 1883 921 crudelitate
1919 865 2213 920 sauciatam

628 958 809 1028 potius
838 959 1141 1025 occideret;
1173 958 1459 1014 adimenda
1486 974 1635 1029 spem
1663 960 1867 1024 salutis,
1904 957 2215 1027 denegando

627 1051 1058 1107 misericordiam
1082 1053 1269 1122 patris,
1290 1053 1593 1123 respuendo
1620 1053 1987 1122 paenitentiam
2013 1052 2211 1107 fratris.

629 1148 820 1202 Mirum
848 1156 979 1218 quot
1003 1149 1218 1213 acerba,
1240 1162 1371 1220 qu0t
1387 1164 1595 1219 aspera,
1618 1160 1747 1219 quot
1773 1164 2027 1220 perversa
2050 1160 2174 1203 sunt
2198 1150 2211 1204 !

627 1241 733 1298 Sed
762 1243 963 1297 facilius
989 1243 1106 1313 quis
1134 1242 1345 1316 (Matth.
1383 1259 1477 1309 Vtt,
1506 1245 1560 1309 5;
1593 1243 1714 1297 Luc.
1746 1261 1820 1310 Vl,
1852 1246 1944 1315 M)
1969 1245 2020 1299 in
2042 1245 2217 1299 alieno

627 1338 781 1392 oculo
814 1339 1067 1392 festucam
1102 1339 1385 1408 perSpicit,
1415 1354 1573 1408 quam
1606 1339 1658 1392 iu
1691 1354 1788 1393 suo
1818 1340 2045 1393 trabem.
2094 1337 2203 1393 Nos

627 1440 826 1493 autem,
855 1430 1044 1485 fratres
1069 1431 1422 1495 dilectissimi,
1452 1447 1555 1485 non
1576 1441 1787 1486 moveat
1807 1440 1900 1485 aut
1921 1430 2219 1486 turbetltte-

628 1523 778 1577 retici
800 1524 951 1577 istius
978 1524 1161 1593 perfidi
1188 1524 1410 1595 abrupta
1426 1524 1697 1579 dementia
1726 1542 1738 1577 :
1771 1525 1857 1593 qui
1882 1540 2002 1578 cum
2025 1524 2076 1578 in
2110 1531 2218 1578 tam

633 1618 834 1686 ingenti
854 1618 1204 1673 dissensionis
1234 1618 1605 1674 etscltismatis
1629 1618 1856 1674 crimine
1873 1620 2217 1687 constitutus,

626 1722 681 1765 et
708 1712 775 1765 ab
805 1712 1046 1768 Ecclesia
1071 1722 1350 1784 separatus
1373 1715 1473 1779 sit,
1499 1713 1757 1784 sacrilega
1784 1716 2085 1769 temeritate
2112 1729 2217 1769 non

2315 493 2448 560 Quia
2474 494 2562 564 qui
2590 510 2692 548 non
2717 493 2913 548 introiit
2944 510 3031 563 per
3067 494 3253 548 ostium
3298 493 3352 545 in
3396 492 3527 546 ovile
3569 494 3772 558 ovium,
3812 495 3903 548 sed

2315 564 2569 643 descendit
2601 606 2687 655 per
2733 589 2945 643 alteram
2996 597 3221 657 partem,
3275 587 3363 640 ille
3417 589 3501 658 fur
3526 597 3572 640 et
3627 588 3758 641 latro
3803 598 3899 642 est.

2315 680 2446 737 Item
2498 683 2550 736 in
2600 680 2790 736 eodem
2840 696 3053 751 quoque
3096 680 3214 734 ait:
3249 678 3436 733 Omnes
3489 680 3574 750 qui
3629 692 3902 749 venerunt,

2317 781 2455 847 fures
2503 785 2619 831 sunt
2667 786 2713 831 et
2764 778 3007 831 latrones.
3071 773 3273 847 (Ioan.
3321 774 3401 842 8).
3456 773 3556 842 Qui
3605 774 3689 828 isti
3737 783 3901 841 sunt,

2318 870 2420 924 nisi
2451 870 2758 925 desertores
2788 868 2914 923 fidei
2948 875 3003 923 et
3032 871 3474 936 transgressores;
3504 866 3752 922 Ecclesiae
3807 868 3902 923 Dei

2318 964 2408 1033 qui
2458 970 2645 1017 contra
2690 962 3084 1017 ordinationem
3116 960 3208 1015 Dei
3240 959 3523 1014 nituntur?
3550 974 3684 1031 quos
3711 961 3907 1016 merito

2318 1056 2545 1125 Spiritus
2582 1065 2796 1111 sanctus
2844 1070 2942 1127 per
2984 1053 3306 1123 Pr0pltetam
3350 1054 3623 1123 increpat,
3672 1054 3905 1113 dicens:

2321 1148 2535 1203 Fecistis
2577 1149 2843 1203 consilium
2870 1164 2971 1202 non
2995 1163 3085 1219 per
3130 1163 3242 1214 me,
3294 1156 3341 1200 et
3387 1150 3764 1202 conventionem
3803 1167 3907 1205 non

2323 1259 2411 1313 per
2449 1243 2685 1312 spiritum
2729 1259 2925 1306 meum,
2972 1242 3197 1312 adjicere
3244 1251 3451 1311 peccata
3494 1259 3649 1313 super
3680 1255 3906 1313 peccata.

2325 1337 2476 1410 (lsa.
2507 1354 2634 1402 xxx.
2665 1338 2741 1407 1).
2760 1337 2895 1405 Quid
2917 1339 2982 1391 ad
3007 1337 3102 1392 ista
3133 1335 3494 1408 respondeant
3518 1338 3911 1407 perversissimi

2324 1431 2412 1485 isti
2440 1428 2721 1485 Novatiani
2744 1472 2759 1495 ,
2792 1429 2877 1484 vel
2918 1444 3061 1484 nunc
3091 1428 3444 1485 infelicissimi
3477 1428 3665 1499 pauci;
3712 1430 3801 1500 qui
3844 1430 3910 1485 ad

2324 1537 2531 1581 tantam
2578 1525 2778 1580 furoris
2824 1524 3147 1580 dementiam
3177 1533 3559 1594 proruperunt,
3586 1534 3647 1578 ut
3677 1539 3777 1579 nec
3804 1523 3913 1579 Deo

2326 1635 2427 1675 nec
2455 1619 2661 1675 homini
2692 1620 3054 1675 reverentiam
3082 1617 3408 1673 habuerint?
3437 1617 3548 1671 lllic
3576 1617 3915 1688 impudenter

2322 1724 2377 1770 et
2416 1719 2532 1770 sine
2563 1714 2667 1769 ulla
2696 1714 3053 1769 ordinationis
3078 1712 3197 1783 lege
3239 1712 3582 1783 episcopatus
3613 1713 3909 1783 appetitur;

629 1804 835 1860 dubitet
867 1807 919 1860 in
946 1821 1042 1860 nos
1070 1822 1163 1860 sua
1192 1806 1417 1861 erimina
1446 1817 1779 1876 retorquere.
1808 1808 1939 1863 Cum
1980 1808 2049 1863 sit
2072 1809 2218 1864 enim
2246 1799 2296 1860 B
2326 1810 2445 1864 heic
2469 1817 2647 1863 autem
2680 1809 2913 1878 propriis
2937 1805 3154 1862 sedibus
3181 1815 3234 1861 et
3262 1805 3535 1861 cathedra:
3562 1805 3667 1860 sibi
3704 1806 3916 1861 tradita:

631 1915 661 1953 a
689 1900 982 1967 semetipso
1014 1914 1156 1953 nunc
1182 1898 1353 1954 factus
1382 1899 1689 1955 immundus
1710 1942 1725 1965 ,
1776 1900 2027 1954 sordibus
2046 1901 2219 1955 sacri-

630 1990 763 2060 legis
814 1991 1155 2059 inquinatus;
1205 1990 1305 2046 hoc
1352 2007 1492 2047 nunc
1534 2006 1632 2046 nos
1672 2006 1792 2047 esse
1832 1992 2125 2048 contendit.
2152 1992 2222 2047 Et

628 2098 750 2137 cum
777 2083 1037 2151 scriptum
1087 2083 1158 2137 sit
1199 2083 1408 2154 (Apoc.
1445 2100 1588 2146 xxu,
1620 2086 1710 2153 15)
1745 2100 1908 2140 canes
1954 2086 2083 2140 foris
2128 2101 2220 2141 re-

628 2188 953 2240 mansuros;
986 2182 1041 2228 et
1068 2172 1363 2241 Apostolus
1392 2175 1491 2230 hos
1533 2175 1753 2230 eosdem
1785 2192 1947 2231 canes
1975 2176 2221 2234 docuerit

627 2282 746 2321 esse
770 2266 1035 2329 vitandus,
1073 2268 1211 2322 sicut
1243 2268 1491 2338 legimus,
1529 2269 1601 2323 ait
1640 2271 1812 2324 enim:
1841 2268 2013 2324 Videte
2037 2288 2215 2339 canes,

623 2362 785 2416 videte
815 2363 976 2417 malos
1007 2364 1268 2433 operarios
1296 2362 1561 2435 (Philipp.
1579 2363 1752 2436 111,2.)
1790 2384 1803 2420 :
1829 2365 2048 2421 Rabiem
2067 2381 2217 2421 suam

624 2472 732 2512 non
758 2468 934 2513 cessat
965 2459 1244 2514 latratibus
1287 2460 1523 2514 excitare
1544 2502 1559 2526 ,
1607 2460 1854 2529 luporum
1888 2476 2039 2515 more
2070 2469 2219 2517 tene-

623 2552 839 2607 brosam
892 2553 1173 2624 caliginem
1221 2564 1442 2623 optare,
1496 2570 1596 2625 qua
1653 2554 1810 2610 facile
1839 2555 2009 2625 possit
2049 2555 2218 2611 ferina

621 2662 720 2703 sua
772 2648 1121 2713 crudelitate,
1173 2663 1302 2702 oves
1331 2664 1361 2702 a
1390 2658 1603 2718 pastore
1646 2648 1917 2718 direptas,
1965 2648 2219 2723 spelunca

622 2741 910 2797 tenebrosa
939 2743 1161 2799 laniare.
1190 2746 1394 2798 Aurum
1422 2756 1572 2799 certe
1597 2758 1655 2797 se
1685 2758 1919 2814 suosque
1948 2759 2084 2811 quos
2106 2745 2218 2799 col-

619 2836 739 2906 ligit
760 2879 775 2901 ,
807 2851 928 2891 esse
956 2836 1286 2907 pronuntiat.
1312 2835 1421 2891 Nec
1452 2851 1548 2891 nos
1574 2835 1880 2891 dubitamus
1910 2836 2219 2894 desertores

621 2931 889 2985 Ecclesiae
916 2940 1188 2999 apostatas
1231 2928 1428 2995 factos,
1462 2931 1514 2985 in
1544 2944 1733 2984 aurum
1766 2944 1911 2983 nunc
1940 2931 2095 2985 facile
2118 2946 2218 3001 po-

619 3024 787 3077 tuisse
812 3024 1084 3087 converti;
1117 3022 1212 3077 sed
1242 3022 1370 3077 illud
1398 3038 1588 3078 aurum
1616 3023 1667 3076 in
1695 3038 1803 3095 quo
1829 3023 1996 3091 prima
2023 3023 2217 3080 delicta

618 3117 805 3187 populi
837 3117 1001 3172 Israel
1029 3118 1281 3172 denotata
1321 3126 1459 3172 sunt,
1507 3118 1525 3189 (
1554 3118 1725 3175 Exod.
1758 3136 1929 3182 xxxu,
1960 3120 1997 3174 2
2019 3120 2209 3193 seqq.).

617 3207 882 3263 Caeterum
912 3224 1041 3264 vasa
1084 3224 1244 3264 attrea
1273 3220 1329 3265 et
1382 3222 1634 3279 argentea
1656 3254 1671 3275 ,
1704 3228 1824 3281 quae
1853 3214 1920 3268 ab
1947 3213 2215 3287 [Egyptiis

618 3316 813 3356 excusa
846 3311 1005 3366 sunt,
1039 3301 1055 3372 (
1083 3302 1253 3356 Exod.
1288 3318 1397 3366 xu,
1434 3303 1538 3369 55,
1571 3304 1661 3373 56)
1702 3304 1753 3358 in
1800 3304 2069 3359 dominica
2122 3322 2215 3376 po—

620 3403 837 3461 testate,
872 3395 923 3449 id
954 3403 1057 3452 est.
1086 3394 1287 3449 Christi
1314 3396 1575 3462 Ecclesia,
1607 3408 1953 3467 perseverant
1984 3414 1998 3452 :
2027 3398 2079 3453 in
2111 3414 2213 3470 qua

616 3490 780 3543 domo
802 3490 846 3543 si
871 3504 1291 3560 perseverasses,
1315 3489 1634 3555 Novatiane,
1661 3506 1753 3546 vas
1772 3493 1991 3547 forsitan
2014 3502 2068 3547 et
2091 3508 2214 3562 pre-

618 3580 814 3634 tiosum
847 3580 1040 3636 fuisses
1070 3599 1083 3634 :
1117 3582 1209 3636 sed
1242 3597 1383 3635 nunc
1409 3592 1460 3638 te
1486 3585 1538 3638 in
1570 3584 1751 3654 paleas
1796 3594 1849 3639 et
1876 3584 1929 3639 in
1960 3585 2212 3656 stipulam

615 3690 937 3730 conversum
984 3692 1082 3731 nec
1130 3677 1376 3749 intelligis
1399 3695 1496 3734 nec
1528 3681 1753 3750 plangis.

690 3769 756 3827 ll.
785 3770 922 3839 Quid
943 3771 1104 3840 igitur
1131 3773 1281 3825 vanis
1303 3773 1460 3828 rebus
1490 3774 1800 3830 extolleris?
1818 3776 2009 3831 damna
2038 3778 2213 3847 potius

611 3877 774 3934 quam
824 3864 969 3918 lucra
1017 3866 1385 3934 consequeris.
1438 3866 1576 3934 Quid
1610 3876 1661 3922 te
1693 3884 1756 3923 ex
1787 3885 1895 3939 quo
1924 3871 2212 3940 pauperior

610 3955 786 4012 factus
815 3971 871 4011 es
893 3999 909 4022 ,
952 3955 1172 4013 divitem
1209 3957 1432 4013 credis?
1478 3958 1613 4014 Audi
1662 3960 1714 4015 in
1748 3963 2068 4034 Apocalypsi
2100 3964 2209 4019 Do-

610 4049 865 4104 minicam
895 4051 1263 4120 vocemjustis
1307 4060 1359 4107 te
1407 4051 1874 4124 objurgationibus
1924 4057 2208 4127 increpan-

610 4152 763 4199 tem:
798 4142 974 4211 Dicis,
1027 4145 1232 4215 inquit,
1284 4146 1421 4201 dives
1473 4164 1618 4213 sum,
1670 4158 1720 4202 et
1763 4148 1955 4204 ditatus
1984 4167 2130 4216 sum,
2162 4161 2209 4207 et

614 4239 814 4293 nullius
861 4240 935 4292 rei
981 4255 1100 4310 egeo
1127 4249 1217 4294 :et
1265 4244 1428 4295 nescis
1454 4244 1695 4312 quoniam
1746 4254 1799 4298 tu
1850 4262 1902 4300 es
1941 4248 2107 4313 miser,
2161 4259 2209 4303 et

610 4335 936 4397 miserabilis,
957 4345 1004 4390 et
1016 4352 1198 4402 cteeus,
1221 4346 1268 4390 et
1284 4354 1501 4409 pauper,
1521 4349 1566 4392 et
1588 4340 1776 4394 nudus.
1793 4341 1977 4411 (Apoc.
2004 4344 2206 4417 ιιι,17.)

612 4428 721 4484 Has
747 4444 896 4499 opes,
926 4428 1023 4483 has
1049 4428 1262 4483 divitias
1282 4432 1611 4500 paupertatis
1642 4447 1739 4501 pro
1761 4442 1909 4488 certo
1929 4435 2205 4503 possidere

612 4537 674 4576 se
702 4521 906 4586 credat,
934 4522 1176 4593 quisquis
1201 4521 1400 4578 Christi
1440 4524 1680 4579 Ecclesia
1707 4524 1963 4581 derelicta
1993 4530 2202 4586 ratione

613 4630 795 4681 caeca,
845 4615 984 4686 apud
1041 4616 1353 4671 temerarios
1397 4617 1516 4671 illos
1558 4617 1907 4674 schismatum
1955 4621 2118 4678 duces
2148 4634 2202 4679 et

615 4708 968 4764 dissensionis
1014 4718 1261 4765 auctores
1315 4711 1553 4766 converti
1606 4726 1710 4767 non
1759 4714 2019 4784 trepidat;
2067 4731 2200 4787 quos

612 4799 849 4855 Joannes
880 4801 898 4872 (
917 4800 937 4854 l
957 4801 1116 4856 Joan.
1147 4818 1216 4871 tr,
1248 4802 1337 4873 18)
1390 4803 1736 4860 anticltristos
1765 4807 2030 4877 appellat,
2064 4822 2200 4879 quos

611 4894 954 4965 Evangelista
987 4894 1221 4969 (Matth.
1255 4912 1340 4964 ιιι,
1390 4896 1483 4967 12)
1548 4898 1715 4967 paleis
1783 4899 2013 4966 similat;
2063 4915 2200 4972 quos

603 4988 870 5045 Dominus
894 4988 1140 5045 Christus
1172 4988 1373 5063 (Joan.
1405 5006 1461 5056 x,
1495 4989 1548 5062 1)
1576 4990 1724 5049 fures
1750 5001 1805 5049 et
1831 4992 2068 5050 latrones
2109 4992 2198 5049 de-

2325 1918 2355 1958 a
2385 1902 2496 1957 Deo
2522 1902 2881 1957 renuntiatur.
2908 1900 3021 1955 Illic
3051 1898 3261 1955 Veritas
3291 1917 3306 1954 :
3340 1900 3691 1970 Aspernantur
3716 1917 3831 1966 me,
3864 1914 3914 1956 ut

2323 1994 2609 2063 sacriﬁcent
2637 1993 2800 2058 mihi,
2834 2010 2925 2048 nec
2952 1992 3174 2061 o/Ierunt
3215 1992 3498 2047 oblationes
3540 2004 3744 2048 sanctas
3768 1994 3916 2063 ﬁlio-

2322 2104 2439 2141 rum
2467 2085 2658 2152 lsrael,
2690 2104 2783 2141 nec
2833 2087 3081 2142 accedunt
3125 2086 3310 2154 offerre
3355 2072 3537 2142 sancta
3586 2097 3875 2142 sanctorum
3894 2108 3919 2153 ,-

2322 2183 2412 2237 sed
2464 2182 2714 2255 accipient
2743 2184 3074 2254 ignominiam
3098 2199 3243 2237 suam
3267 2184 3322 2236 in
3350 2199 3524 2237 errore
3583 2200 3676 2252 quo
3710 2201 3917 2239 errave-

2321 2289 2441 2331 runt
2485 2276 2699 2343 (Ezeclt.
2726 2293 2869 2343 κων,
2904 2278 3120 2347 10-15).
3150 2276 3294 2333 Satis
3343 2277 3414 2331 sit
3443 2278 3624 2348 paucis
3650 2278 3918 2350 probasse

2322 2371 2575 2442 quidnam
2605 2373 2733 2427 sint.
2782 2372 2977 2429 Audite
3024 2374 3204 2444 igitur,
3232 2372 3543 2436 Novatiani.
3591 2374 3731 2443 apud
3770 2389 3917 2444 quos

2322 2466 2616 2538 Scriptura:
2662 2467 2912 2523 caelestes
2967 2467 3215 2539 leguntur
3272 2468 3448 2538 potius
3498 2483 3659 2537 quam
3712 2468 3919 2524 intelli-

2321 2570 2541 2629 guntur,
2595 2576 2783 2632 parum
2836 2562 2882 2616 si
2951 2576 3056 2616 non
3115 2561 3523 2631 interpolentur.
3573 2562 3712 2617 Sunt
3768 2564 3915 2617 enim

2323 2652 2555 2727 (Matth.
2592 2669 2710 2718 χιιι,
2743 2654 2857 2723 14.)
2881 2666 3075 2710 vestra:
3115 2654 3394 2724 praeclusae
3447 2668 3609 2710 aures
3646 2665 3704 2711 et
3746 2656 3913 2712 corda

2321 2757 2517 2802 caecata
2535 2789 2550 2812 ,
2579 2748 2667 2817 qui
2692 2748 2895 2803 nullum
2918 2750 2984 2803 de
3009 2747 3337 2818 spiritalibus
3358 2762 3421 2803 ac
3442 2748 3767 2804 salutaribus
3796 2746 3915 2805 md-

2321 2841 2448 2895 nitis
2503 2840 2679 2896 lumen
2734 2840 3035 2895 admittitis.
3091 2841 3243 2896 Sicut
3294 2840 3481 2896 Esaias
3506 2842 3580 2895 ait
3611 2861 3624 2895 :
3655 2842 3916 2899 Exctecati

2322 2946 2442 2990 sunt
2471 2937 2599 2990 servi
2632 2934 2725 2991 Dei
2781 2936 3099 3008 (lsa..Xl.ll,
3126 2935 3240 3005 19).
3273 2934 3339 2990 Et
3387 2936 3583 2990 merito
3611 2939 3869 2992 exczecati
3896 2981 3913 3004 ,

2321 3029 2443 3099 quin
2469 3030 2715 3084 voluntas
2740 3031 3207 3085 schismaticorum
3233 3045 3339 3085 non
3368 3040 3450 3086 est
3495 3032 3543 3084 in
3589 3031 3705 3101 lege
3728 3073 3743 3095 ,
3778 3048 3906 3102 qua:

2320 3126 2405 3181 lex
2447 3141 2606 3180 unam
2639 3126 2792 3182 nobis
2840 3136 2894 3181 et
2942 3125 3267 3198 singularem
3307 3126 3551 3197 designat
3574 3125 3905 3199 Ecclesiam;

2242 3192 2286 3255 Ο
2322 3221 2373 3275 in
2406 3220 2495 3275 illa
2528 3220 2734 3276 scilicet
2758 3236 2877 3291 quia
2903 3221 3004 3276 sub
3029 3220 3142 3275 Noe
3170 3230 3296 3276 ante
3340 3221 3595 3275 diluvium
3627 3219 3721 3274 Dei
3774 3236 3908 3290 pro-

2321 3314 2551 3370 videntia
2577 3315 2832 3371 fabricata
2861 3325 2941 3370 est
2968 3330 3112 3380 arca,
3140 3316 3193 3370 in
3220 3330 3323 3385 qua
3352 3330 3455 3369 non
3482 3324 3687 3369 tantum
3711 3316 3908 3371 munda

2319 3410 2589 3475 animalia,
2623 3410 2715 3465 sed
2742 3418 2795 3465 et
2819 3408 3113 3477 immunda,
3145 3417 3205 3464 ut
3225 3409 3319 3463 tibi
3349 3410 3455 3463 cito
3486 3410 3900 3481 respondeatur,

2318 3502 2633 3569 Novatiane,
2665 3504 2967 3559 invenimus
2997 3518 3119 3559 esse
3166 3503 3398 3557 reclusa.
3442 3502 3572 3569 Quze
3618 3519 3745 3559 arca
3789 3504 3904 3559 sola

2318 3612 2439 3651 cum
2473 3596 2556 3650 Itis
2583 3613 2700 3665 qua:
2731 3612 2913 3651 secum
2947 3595 3192 3661 fuerant,
3227 3596 3449 3650 liberata
3480 3605 3565 3650 est
3592 3613 3605 3650 :
3640 3597 3690 3651 in
3721 3612 3823 3668 qua
3852 3607 3907 3653 et

2317 3698 2511 3745 cmtera
2539 3704 2658 3758 qua:
2687 3689 2738 3743 in
2768 3704 2827 3743 ea
2858 3690 3070 3744 inventa
3120 3705 3225 3743 non
3275 3698 3430 3752 sunt.
3477 3688 3680 3743 diluvio
3722 3690 3905 3761 perier

2316 3792 2461 3837 runt.
2520 3782 2599 3837 Ex
2629 3782 2741 3852 :illa
2797 3782 2956 3854 igitur
3010 3797 3136 3837 arca
3182 3782 3527 3857 remittuntur
3578 3780 3699 3836 dua:
3741 3798 3904 3849 aves,

2316 3892 2477 3932 corax
2506 3886 2559 3931 et
2585 3876 2854 3930 columba.
2885 3875 2985 3943 Qui
3017 3891 3177 3929 corax
3209 3890 3336 3930 vere
3364 3876 3640 3929 hominum
3668 3876 3903 3931 immun-

2315 3970 2504 4026 dorum
2527 4013 2541 4035 ,
2571 3982 2625 4025 et
2656 3970 2707 4023 in
2740 3968 2974 4025 tenebris
3004 3969 3271 4039 perpetuis
3320 3968 3619 4023 futurorum
3670 3986 3766 4039 per
3790 3986 3903 4024 sa:-

2313 4064 2420 4119 culi
2450 4063 2612 4118 latam
2634 4062 2809 4129 viam,
2842 4070 2897 4117 et
2938 4060 3212 4116 immunda
3245 4062 3579 4116 vescentium
3624 4070 3906 4131 apostata-

2312 4172 2433 4212 rum
2466 4156 2801 4222 futurorum,
2830 4168 2884 4209 et
2913 4154 2977 4207 ad
3010 4153 3305 4209 Ecclesiam
3334 4169 3393 4208 se
3442 4156 3581 4208 ultra
3626 4169 3727 4207 non
3777 4170 3904 4210 ver-

2317 4250 2563 4313 tentium,
2595 4250 2816 4319 figuram
2845 4247 3128 4319 portabat;
3157 4262 3313 4315 quem
3337 4247 3576 4317 legentes
3600 4247 3903 4301 invenimus

2309 4344 2589 4409 emissum,
2620 4351 2676 4397 et
2705 4357 2808 4396 non
2840 4340 3069 4410 amplius
3098 4353 3395 4393 reversum.
3447 4338 3581 4393 Huic
3624 4354 3752 4409 ergo
3779 4340 3898 4400 avi,

2310 4437 2361 4491 id
2390 4446 2505 4503 est,
2540 4433 2815 4491 immundo
2842 4433 3048 4503 Spiritui
3072 4473 3087 4496 ,
3134 4431 3331 4503 quique
3359 4431 3557 4486 fuerint
3582 4432 3785 4486 similes
3813 4432 3900 4485 in-

2307 4534 2486 4598 venti,
2516 4531 2581 4587 ad
2616 4530 2912 4585 Ecclesiam
2938 4527 3167 4598 amplius
3204 4529 3401 4583 reverti
3444 4544 3553 4582 non
3599 4538 3899 4598 poterunt;

2305 4626 2395 4698 qui
2426 4633 2480 4681 et
2505 4626 2551 4681 si
2592 4623 2895 4691 voluerint,
2931 4620 3186 4676 Dominus
3211 4620 3515 4692 prohibebit
3540 4662 3555 4685 ,
3588 4622 3678 4689 qui
3725 4620 3901 4694 Moysi

2305 4721 2592 4793 prmcepit,
2641 4719 2825 4775 dicens
2858 4736 2871 4773 :
2904 4716 3068 4771 Omne
3107 4717 3305 4771 varium
3351 4726 3397 4769 et
3424 4715 3740 4768 immundum
3770 4717 3901 4786 ejice

2306 4820 2448 4889 foras
2469 4824 2610 4869 extra
2631 4824 2801 4867 castra
2827 4810 3016 4882 (Nunt.
3035 4827 3091 4879 v,
3108 4811 3189 4879 2).
3208 4809 3465 4866 Columba
3491 4819 3670 4866 autem
3694 4812 3899 4867 emissa

2307 4910 2662 4967 incontinenti
2708 4907 3041 4979 signiﬁcatur
3088 4921 3336 4974 reversa,
3387 4920 3453 4961 eo
3479 4907 3620 4976 quod
3650 4907 3900 4978 requiem

2304 5024 2409 5067 non
2468 5003 2693 5059 haberet
2743 4998 2974 5072 pedibus
3036 4999 3148 5057 suis
3198 5013 3355 5071 quam
3407 4997 3520 5055 Noe
3584 5000 3789 5071 recepit
3839 5001 3895 5055 in

1948 5129 2315 5192 VARIORUM
2348 5123 2579 5185 NOTAE.

678 5256 718 5310 Ι.
752 5284 823 5295 -
852 5254 1063 5309 Excusa
1101 5261 1239 5307 sunt.
1287 5251 1593 5325 Legendttm
1633 5261 1761 5321 puto
1808 5269 2020 5308 excussa
2054 5263 2193 5325 sunt.

609 5327 852 5394 BeSpicit
871 5327 1015 5382 enim
1041 5335 1229 5381 auctor
1256 5326 1320 5379 ad
1353 5324 1479 5379 illud
1508 5325 1681 5379 Exod.
1701 5341 1793 5390 xu,
1822 5325 2000 5391 55,56
2029 5341 2042 5377 :
2069 5324 2197 5379 Filii

606 5398 778 5453 Israel
802 5426 875 5439 -
894 5399 1145 5467 petierunt
1173 5396 1235 5450 ab
1265 5395 1534 5467 Egyptiis
1572 5413 1692 5467 vasa
1737 5408 1976 5467 argentea
2025 5406 2072 5450 et
2101 5412 2196 5451 au-

606 5485 729 5540 rea,
760 5499 833 5509 -—
859 5466 905 5522 et
930 5468 1298 5539 spoliaverunt
1328 5466 1630 5540 (Egyptios.
1659 5466 1938 5540 Caucaso.

685 5538 967 5596 ll.——Nisi
990 5541 1295 5595 desertores.
1324 5538 1473 5595 Sicut
1502 5549 1556 5595 et
1583 5538 1743 5597 alibi.
1774 5540 2024 5596 mendum
2071 5541 2192 5597 heic

613 5610 901 5677 irrepserat
931 5613 1071 5684 apud
1102 5612 1410 5677 Erasmum,
1433 5626 1486 5669 ut
1524 5614 1795 5682 legeretur
1816 5628 1940 5679 non,
1964 5628 2031 5667 eo
2048 5612 2191 5683 quod

600 5685 768 5754 vetus;
782 5687 1210 5754 excusnmjegat
1240 5698 1342 5737 non
1360 5696 1381 5743 ;
1419 5699 1545 5746 cum
1569 5684 1747 5754 potius
1760 5683 1910 5754 juxta
1940 5698 2043 5739 ms.
2066 5686 2192 5748 cod.

597 5749 856 5815 εἰςιιὶῆρρι
1041 5749 1236 5815 ΡΑΙῙΕΒ.

674 5810 1065 5890 (Iram/nionem
1090 5810 1234 5891 θεῖ
1268 5821 1379 5879 Hoc
1415 5842 1647 5913 quoque
1693 5836 1837 5887 recte
1862 5826 2099 5902 Gravius
2151 5837 2210 5896 et

2298 5258 2403 5300 ms.
2432 5240 2555 5298 cod.
2585 5252 2684 5311 pro
2709 5240 2938 5294 ordinem
2961 5255 2979 5293 :
3003 5237 3207 5311 alludit
3222 5237 3364 5293 enim
3386 5236 3469 5293 'ad
3494 5236 3896 5298 ordinationem

2302 5314 2535 5373 Comelii
2553 5353 2568 5376 ,
2589 5309 2669 5366 'de
2694 5326 2795 5380 qua
2824 5311 2983 5381 paulo
3010 5309 3385 5380 βοει.ῬΑιιει.

2373 5386 2658 5442 Fecistis...
2688 5383 3087 5437 conventionem.
3116 5382 3267 5436 Hune
3306 5382 3481 5437 locum
3522 5382 3600 5437 sic
3638 5385 3891 5450 restitui,

2298 5470 2411 5515 tum
2438 5475 2503 5515 ex
2532 5456 2691 5525 epist.
2717 5470 2806 5525 ιν,
2830 5454 2992 5524 Cynr.
3018 5463 3129 5508 tum
3160 5455 3230 5508 ob
3272 5468 3455 5508 vocem
3497 5453 3738 5509 Graecam
3766 5462 3894 5512 6"};-

2297 5538 2475 5593 θήκας.
2497 5524 2765 5582 Hactenus
2792 5524 3068 5596 legebatur
3094 5526 3471 5595 cogitationem.
3498 5526 3705 5582 PAIEL.

2369 5598 2744 5672 Infelicissimi.
2773 5596 3047 5672 Cauterius
3091 5606 3145 5652 et
3195 5613 3296 5672 ms.
3349 5598 3471 5651 cod.
3516 5598 3890 5661 infelicissima.

2296 5668 2609 5746 Non-male.
2637 5669 2747 5746 33d
2758 5669 2897 5746 illud
2929 5669 3103 5737 placet
3133 5668 3300 5746 magis
3320 5712 3332 5732 ,
3368 5679 3425 5722 ut
3453 5684 3550 5746 per
3588 5674 3892 5746 ἀγτέφρασιν

2299 5745 2504 5801 alludat
2546 5741 2613 5796 ad
2658 5740 3085 5813 Felicissimum;
3133 5740 3477 5813 cujusAsa-pe
3508 5742 3559 5796 in
3600 5740 3892 5813 Cynr'tattis

2301 5816 2537 5882 mentio,
2569 5823 2624 5869 et
2654 5814 2951 5884 praesertim
2975 5812 3134 5882 epist.
3164 5811 3274 5881 jam
3302 5810 3516 5869 laudata
3542 5830 3625 5869 ιν.
3647 5810 3881 5871 ῬΑιιει..
