4262 6236
370 262 512 320 1209

1616 259 1919 318 ANONYMI
1951 250 2381 318 TRACTATUS.

3512 264 3650 322 1210

366 392 584 444 arcam,
642 383 697 431 et
744 384 864 447 post
908 375 1194 447 septimum
1243 375 1385 429 diem
1440 377 1630 431 iterato
1662 377 1951 441 emissam,
1983 383 2030 441 Α
2059 394 2160 431 non
2201 379 2325 447 facit
2353 393 2449 443 ea,
2492 376 2728 432 similabo
2756 393 2871 431 eum
2916 379 3024 432 viro
3063 380 3219 434 stulto
3244 381 3332 450 qui
3376 381 3649 451 aediﬁcavit

364 473 583 544 recepit,
614 485 730 525 eam
761 478 1064 540 portantem
1108 484 1205 524 suo
1232 484 1322 524 ore
1351 469 1506 524 oliva:
1556 468 1743 524 lolium
1790 469 1945 540 (Gen.

366 584 499 632 vut,
527 564 705 636 9-H).

441 659 608 716 lll.Et
633 656 986 730 egoquidem,
1020 657 1209 714 fratres
1229 658 1586 725 dilectissimi,
1620 674 1723 714 non
1748 668 1951 714 temere

365 753 465 808 ista
494 752 769 823 cogitans,
804 767 901 806 nec
930 750 1162 806 lmmana
1192 753 1447 823 sapientia
1478 753 1822 823 conspirans,
1857 752 1952 807 sed

367 858 422 903 ut
452 848 687 904 caelestis
717 846 927 902 Domini
982 847 1288 918 dignatione
1340 849 1646 904 necessarie
1689 858 1742 903 et
1791 848 1955 918 perti-

364 953 558 998 nenter
590 942 860 997 mentibus
892 944 1093 997 nostris
1116 944 1401 1012 concipere
1430 942 1787 1012 permittitur;
1833 940 1954 996 dico

364 1035 531 1100 illam,
568 1035 618 1089 id
650 1045 752 1101 est,
778 1034 1105 1101 columbam,
1137 1035 1401 1105 duplicem
1436 1036 1590 1090 nobis
1619 1049 1713 1104 per
1753 1042 1953 1089 semet-

364 1128 535 1199 ipsam
583 1127 888 1198 signiﬁcare
938 1127 1182 1199 ﬁguram.
1212 1128 1449 1184 Primam
1476 1129 1691 1199 quidem
1723 1137 1777 1183 et
1808 1128 1955 1197 prin-

363 1222 587 1292 cipalem
609 1264 623 1287 ,
658 1236 833 1286 suam,
864 1222 963 1276 hoc
991 1230 1076 1276 est
1101 1222 1435 1292 spiritalem,
1468 1222 1632 1287 olim,
1668 1221 1719 1275 id
1749 1231 1853 1287 est,
1886 1220 1955 1275 ab

367 1314 527 1369 initio
556 1312 750 1367 divinae
789 1312 1270 1368 administrationis
1301 1314 1530 1380 insistit,
1564 1322 1617 1367 et
1645 1328 1955 1367 sacramen-

363 1421 473 1465 tum
503 1410 844 1479 Baptismatis
893 1409 1034 1478 quod
1084 1410 1136 1463 in
1187 1409 1411 1464 salutem
1466 1408 1681 1479 generis
1734 1407 1956 1463 humani

362 1504 657 1576 provisum,
689 1513 743 1558 et
764 1504 865 1559 soli
895 1503 1150 1559 Eeclesim
1177 1505 1387 1559 caelesti
1420 1505 1625 1559 ratione
1655 1502 1951 1569 celebrare,

365 1614 459 1670 per
488 1612 549 1652 os
576 1613 732 1651 suum
758 1596 1129 1669 przeostendit.
1162 1596 1269 1652 Ter
1298 1598 1440 1652 enim
1471 1598 1663 1652 emissa
1692 1614 1755 1652 ex
1789 1613 1911 1653 arca
1939 1639 1953 1661 ,

362 1693 593 1747 volitans
619 1707 714 1764 per
742 1708 921 1747 aerem
974 1707 1132 1763 super
1181 1682 1404 1762 aquam,
1460 1692 1794 1762 significabat
1843 1694 1954 1763 jam

2055 473 2263 524 domum
2289 486 2433 525 suam
2465 487 2619 541 super
2644 487 2854 525 arenam
2886 488 2903 525 :
2930 482 3173 526 venerunt
3217 483 3533 544 tempestates
3555 516 3570 542 ,
3600 485 3651 531 et

2054 567 2364 636 impegerunt
2393 565 2445 617 in
2491 565 2697 619 domum
2747 565 2927 630 illam,
2959 575 3003 619 et
3033 566 3252 630 cecidit,
3311 577 3356 619 et
3397 570 3535 638 facta
3574 579 3650 623 est

2054 660 2203 712 ruina
2231 660 2340 729 ejus
2372 676 2556 729 magna
2588 658 2813 728 (Matth.
2850 676 2942 720 vn.
2976 659 3065 724 96,
3098 660 3218 732 27).
3256 661 3322 715 Et
3348 678 3416 717 ne
3444 674 3648 720 temere

2056 768 2398 824 comparasse
2444 753 2759 819 videamur,
2813 754 3115 808 columbam
3172 754 3317 809 illam
3372 756 3645 826 lapsorum

2058 848 2348 919 imaginem
2379 858 2625 918 portare;
2645 848 2913 918 Propheta
2939 849 3209 904 civitatem
3236 860 3293 904 ut
3317 851 3644 919 columbam,

2059 942 2160 997 hoc
2185 954 2267 997 est
2307 944 2577 1013 lapsorum
2624 958 2931 1013 personam,
2982 943 3252 1014 increpat,
3286 943 3471 1000 dicens
3503 963 3517 999 :
3551 946 3648 1000 Co-

2060 1036 2231 1090 lumba
2268 1053 2366 1091 non
2394 1038 2603 1091 exaudit
2628 1053 2819 1103 vocem,
2849 1036 2903 1090 id
2932 1046 3004 1091 est
3032 1038 3282 1107 praeclara
3306 1047 3353 1091 et
3386 1038 3649 1110 redempta

2057 1132 2234 1184 civitas
2264 1147 2364 1183 non
2394 1130 2570 1200 recipit
2610 1129 2934 1195 doctrinam,
2982 1139 3027 1181 et
3073 1130 3126 1182 in
3160 1128 3439 1183 Dominum
3484 1130 3649 1199 ﬁdens

2060 1241 2159 1278 non
2192 1227 2291 1292 fuit
2321 1224 2339 1296 (
2364 1224 2599 1295 Sophon.
2631 1241 2710 1289 ut,
2746 1226 2798 1289 1,
2833 1224 2911 1296 2).

2131 1318 2223 1374 VI.
2248 1320 2401 1387 Quod
2458 1330 2637 1375 autem
2683 1322 2920 1391 requiem
2952 1320 3180 1391 pedibus
3230 1320 3477 1376 columba
3527 1320 3652 1387 illa,

2060 1416 2197 1470 sicut
2228 1417 2476 1484 superius
2524 1416 2792 1480 diximus,
2836 1416 3078 1471 invenire
3120 1431 3224 1471 non
3255 1427 3495 1487 poterat,
3546 1416 3648 1472 hoc

2060 1508 2644 1580 signiﬁcabatvestigia
2688 1510 3030 1580 negantium,
3074 1509 3175 1564 hoc
3213 1519 3325 1575 est,
3372 1508 3646 1564 sacriﬁca-

2062 1614 2234 1658 torum
2254 1646 2269 1669 ,
2318 1603 2507 1658 lubrici
2551 1618 2761 1658 veneno
2786 1604 3052 1674 serpentis
3078 1606 3333 1670 sauciata,
3361 1604 3413 1659 in
3442 1604 3648 1675 lapsum

2061 1711 2355 1757 conversa;
2406 1712 2525 1767 qua:
2570 1697 2795 1751 ulterius
2827 1712 2930 1752 non
2966 1705 3186 1767 possent
3212 1712 3375 1767 super
3404 1696 3647 1767 aspidem

363 1797 491 1842 tunc
519 1785 772 1841 Ecclesia:
801 1795 1000 1840 nostra:
1044 1796 1401 1841 sacramenta.
1434 1785 1582 1840 Unde
1611 1796 1665 1840 et
1697 1786 1954 1841 Dominus
1982 1793 2030 1853 B
2060 1800 2115 1846 et
2153 1790 2457 1844 basiliscum
2496 1791 2895 1853 conscendere,
2936 1800 2989 1844 et
3018 1790 3309 1844 draconem
3339 1798 3393 1843 et
3436 1789 3649 1843 leonem

359 1879 606 1935 Christus
634 1879 811 1944 Petro,
835 1878 927 1935 sed
951 1888 1006 1935 et
1031 1881 1241 1935 caeteris
1260 1878 1541 1950 discipulis
1569 1879 1681 1933 suis
1710 1880 1950 1948 mandat,

362 1976 587 2031 dicens:
617 1974 806 2029 Euntes
834 1976 1178 2048 evangelizate
1200 1975 1460 2046 gentibus,
1507 1974 1822 2045 baptizantcs
1868 1991 1953 2029 eos

360 2072 413 2123 in
459 2071 660 2123 nomine
692 2070 864 2123 Patris
885 2112 899 2136 ,
929 2079 975 2124 et
1008 2070 1153 2132 Filii,
1181 2079 1226 2123 et
1247 2069 1474 2140 Spiritus
1519 2069 1685 2121 sancti
1735 2066 1951 2141 (Matth.

362 2180 545 2228 xxvm,
576 2163 685 2235 19).
717 2164 830 2219 Ηοε
852 2175 955 2229 est,
990 2172 1046 2218 ut
1076 2163 1308 2218 Trinitas
1334 2162 1421 2216 illa
1453 2178 1572 2231 qua:
1600 2162 1699 2215 sub
1719 2160 1830 2216 Noe
1860 2177 1955 2231 per

362 2259 657 2314 columbam
694 2242 985 2330 ﬁguraliter
1006 2267 1225 2329 operata
1269 2267 1371 2324 est,
1403 2256 1519 2312 hmc
1560 2271 1701 2311 nunc
1750 2256 1802 2310 in
1846 2255 1948 2312 Ec-

365 2354 525 2408 clesia
570 2368 663 2423 per
704 2353 802 2408 hos
832 2354 1144 2424 spiritaliter
1173 2363 1446 2423 operetur.

434 2444 521 2499 1V.
545 2446 827 2501 Sumamns
844 2447 954 2516 jam
981 2462 1120 2501 nunc
1146 2456 1201 2501 et
1223 2446 1514 2501 secundam
1539 2460 1824 2516 personam
1855 2459 1952 2500 co-

363 2540 558 2595 lumba:
611 2556 674 2596 ex
721 2556 846 2597 area
893 2542 1139 2606 emissae;
1190 2541 1377 2596 diluvii
1426 2540 1629 2596 scilicet
1675 2550 1946 2610 tempore,

360 2636 574 2708 quando
603 2651 790 2690 omnes
820 2634 997 2709 abyssi
1050 2643 1446 2706 proruperunt,
1496 2633 1715 2702 quando
1745 2644 1951 2688 catara-

360 2741 460 2786 cta:
487 2731 609 2787 εωΙί
641 2730 921 2802 patefactae
948 2742 1071 2785 sunt
1099 2746 1259 2800 super
1284 2740 1481 2783 terram
1506 2771 1520 2793 ,
1555 2738 1775 2799 pr0pter
1823 2729 1953 2784 faci-

361 2840 493 2880 nora
539 2824 813 2880 hominum
859 2840 979 2896 quae
1009 2823 1247 2895 quotidie
1272 2823 1597 2879 exercebant
1626 2837 1811 2879 coram
1842 2822 1949 2876 Do-

358 2923 505 2979 mino
529 2966 543 2988 ,
593 2924 732 2979 sicut
782 2923 993 2996 Moyses
1032 2921 1212 2987 dixit:
1242 2920 1308 2975 Et
1344 2920 1466 2974 vidit
1519 2918 1767 2972 Dominus
1810 2917 1951 2971 Deus

355 3017 645 3071 redundare
690 3017 937 3087 nequitias
966 3015 1231 3070 hominum
1275 3030 1426 3084 super
1458 3022 1645 3067 terram
1666 3054 1679 3079 ,
1715 3023 1761 3066 et
1812 3012 1950 3080 quod

354 3128 527 3167 omnes
549 3114 603 3167 in
631 3112 821 3167 malum
845 3113 1232 3167 recordarentur
1258 3129 1288 3166 a
1317 3110 1567 3180 principio
1604 3110 1801 3163 dierum
1830 3126 1950 3164 suo-

2058 1884 2272 1939 calcare
2323 1882 2496 1955 (Psat.
2540 1900 2629 1948 xc,
2685 1882 2795 1956 15).
2850 1883 3017 1952 Quam
3064 1892 3381 1953 potestatem
3432 1882 3653 1937 tradidit

2060 1978 2321 2033 Dominus
2345 1977 2626 2046 discipulis
2652 1978 2787 2044 suis,
2818 1977 2955 2031 sicut
2983 1977 3035 2030 in
3066 1976 3356 2046 Evangelio
3382 1975 3457 2029 ait
3482 1994 3497 2030 :
3522 1973 3656 2030 Ecce

2057 2072 2122 2125 do
2150 2072 2286 2125 vobis
2315 2080 2613 2142 potestatem
2644 2071 2879 2125 calcandi
2920 2086 3074 2140 super
3101 2086 3300 2123 omnem
3350 2078 3648 2139 potestatem

2056 2165 2247 2219 inimici
2270 2208 2284 2231 ,
2318 2174 2365 2219 et
2390 2182 2543 2236 super
2567 2174 2826 2233 serpentes
2854 2173 2899 2218 et
2922 2164 3214 2233 scorpiones
3234 2206 3249 2228 ,
3299 2171 3345 2217 et
3368 2179 3469 2217 non
3494 2178 3645 2216 noce-

2058 2262 2180 2314 bunt
2221 2260 2358 2314 vobis
2416 2259 2567 2333 (Luc.
2601 2276 2653 2324 χ,
2687 2258 2799 2331 19).
2853 2259 2943 2314 Isti
2974 2274 3102 2329 ergo
3130 2268 3206 2312 tot
3231 2266 3285 2312 et
3334 2257 3494 2311 tantis
3535 2272 3651 2312 ma-

2056 2355 2214 2425 lignis
2244 2354 2521 2424 spiritibus
2556 2352 2963 2413 infestantihns,
2994 2360 3049 2407 et
3081 2353 3130 2406 in
3158 2352 3426 2419 lapsorum
3460 2364 3649 2405 necem

2056 2448 2487 2517 insurgentibus,
2518 2448 2730 2517 provisa
2771 2454 2855 2500 est
2883 2445 3175 2499 vulneratis
3205 2444 3395 2499 salutis
3424 2445 3509 2499 via
3540 2464 3552 2497 :
3586 2453 3649 2498 ut

2056 2541 2479 2612 quibuscumque
2509 2539 2714 2593 viribus
2743 2546 2961 2608 possent
3010 2547 3122 2592 toto
3168 2552 3228 2592 se
3256 2552 3487 2608 corpore
3520 2551 3642 2608 pro-

2058 2635 2269 2689 trahere
2292 2677 2306 2701 ,
2357 2635 2550 2689 castris
2580 2634 2692 2687 suis
2722 2632 2994 2703 recipere;
3046 2632 3240 2702 quibus
3281 2631 3484 2702 recepti
3516 2646 3643 2703 pos-

2055 2741 2174 2785 sent
2202 2727 2428 2784 medelis
2476 2726 2809 2797 spiritalibus
2857 2725 3083 2781 vulnera
3135 2740 3229 2779 sua
3272 2739 3483 2780 curare.
3534 2724 3646 2780 Re-

2054 2832 2207 2892 cepta
2257 2822 2417 2891 igitur
2460 2820 2706 2874 columba
2736 2863 2750 2885 ,
2791 2820 2975 2889 paucis
3028 2819 3188 2873 etiam
3234 2817 3423 2872 diebus
3472 2817 3643 2871 inter-

2048 2914 2206 2984 jectis
2226 2956 2240 2981 ,
2287 2915 2477 2967 iterato
2502 2913 2769 2967 emittitur
2794 2929 2858 2967 ex
2887 2926 3041 2977 arca,
3089 2927 3206 2981 quae
3234 2926 3450 2966 reversa
3471 2953 3485 2977 ,
3534 2925 3641 2965 non

2054 3017 2255 3063 tantum
2304 3008 2453 3060 lirma
2510 3007 2767 3077 vestigia,
2816 3004 2909 3060 sed
2963 3014 3017 3060 et
3061 3006 3285 3076 insignia
3344 3020 3455 3059 sum
3495 3006 3643 3075 pacis

2052 3111 2210 3171 atque
2254 3100 2520 3163 victorize,
2590 3115 2687 3170 per
2732 3099 2821 3153 illa
2883 3098 3038 3153 oliva:
3083 3098 3207 3152 iulia
3240 3113 3359 3169 quae
3406 3113 3505 3153 suo
3545 3115 3641 3155 ore

354 3222 498 3269 rum,
529 3216 574 3261 et
601 3206 730 3260 dixit
763 3222 783 3259 :
810 3205 1036 3260 Perdam
1077 3206 1331 3260 hominem
1380 3220 1526 3275 quem
1574 3204 1704 3274 feci,
1754 3219 1785 3256 a
1814 3203 1947 3273 {acie
1972 3202 2016 3263 C
2052 3197 2333 3268 portabat,
2377 3195 2633 3251 ostendit.
2681 3195 2883 3265 Duplex
2937 3208 3067 3264 ergo
3104 3194 3190 3248 illa
3243 3193 3493 3260 emissio,
3541 3192 3641 3248 duo

354 3310 533 3365 terrae,
582 3299 644 3354 ab
670 3302 873 3356 homine
900 3318 1057 3365 usque
1081 3300 1150 3354 ad
1178 3317 1357 3372 pecus,
1409 3310 1454 3353 et
1495 3315 1525 3351 a
1566 3298 1737 3369 reptili
1789 3315 1944 3369 usque

351 3392 421 3448 ad
444 3394 673 3447 volatilia
697 3394 810 3448 caeli
859 3393 876 3465 (
901 3392 1029 3448 Gen.
1056 3410 1128 3459 vt,
1164 3393 1307 3465 5-7).
1337 3391 1610 3446 Emittitur
1649 3406 1777 3461 ergo
1806 3400 1941 3445 tem-

352 3502 484 3558 pore
533 3487 842 3560 cataclysmi
891 3488 1138 3542 columba
1186 3504 1253 3541 ex
1300 3500 1458 3552 arca,
1492 3485 1646 3557 aquis
1674 3484 1938 3540 violenter

351 3590 465 3636 toto
495 3581 627 3636 orbe
658 3591 854 3636 terram
888 3579 1290 3635 infestantibus.

418 3674 485 3729 V.
522 3675 613 3729 llla
645 3690 769 3729 arca
805 3674 1027 3746 ﬁguram
1055 3674 1349 3740 Ecclesiae,
1377 3674 1517 3729 sicut
1559 3674 1806 3744 superius
1847 3674 1933 3729 di-

346 3770 525 3824 ximus
546 3811 561 3834 ,
592 3770 872 3841 portabat,
902 3787 1021 3841 qua:
1050 3770 1435 3825 verberabatur
1464 3769 1589 3824 hinc
1634 3779 1793 3840 atque
1840 3768 1928 3823 in-

341 3863 412 3917 de
464 3864 614 3933 aquis
656 3864 1054 3934 insurgentibus
1110 3872 1337 3918 tantum.
1380 3862 1754 3934 Cataclysmus
1801 3876 1930 3931 ergo

340 3956 435 4011 ille
462 3957 550 4027 qui
578 3956 678 4012 sub
722 3956 835 4011 Noe
894 3956 1063 4012 lactus
1115 3965 1232 4023 est,
1280 3958 1501 4026 ﬁguram
1536 3955 1928 4025 persecutionis

340 4065 460 4120 qua:
484 4065 580 4120 per
608 4060 775 4105 totum
796 4050 983 4106 orbem
1014 4066 1156 4105 nunc
1174 4066 1345 4121 nuper
1366 4048 1719 4119 supereﬁusa,
1745 4058 1929 4104 osten-

338 4144 435 4198 dit.
471 4146 639 4215 Aquis
668 4156 843 4200 autem
866 4188 881 4212 ,
911 4145 1140 4214 diruptis
1164 4144 1449 4199 cataractis
1469 4185 1483 4209 ,
1518 4144 1753 4215 undique
1790 4160 1922 4199 con-

338 4239 677 4293 venientibus
700 4248 754 4293 et
779 4232 1217 4295 excrescentibns
1242 4238 1683 4309 signiﬁcabantur
1709 4246 1921 4308 gentes,

335 4345 454 4401 qua:
505 4330 573 4385 ad
628 4331 941 4385 vastandam
998 4332 1293 4387 Ecelesiam
1347 4342 1721 4388 excrevernnt.
1774 4332 1923 4389 Sicut

333 4424 687 4495 Apocalypsis
730 4404 922 4491 docet,
956 4425 1141 4480 dicens
1172 4444 1183 4478 :
1217 4425 1375 4495 Aqua:
1402 4442 1526 4496 quas
1572 4426 1775 4491 vidisti,
1825 4443 1919 4497 po-

331 4518 445 4587 puli
472 4525 625 4585 sunt,
658 4527 704 4571 et
744 4528 948 4588 gentes,
994 4527 1040 4571 et
1078 4535 1233 4589 regna
1274 4517 1454 4590 (Apoc.
1488 4535 1615 4583 xvu,
1646 4520 1761 4589 15).
1817 4518 1919 4575 Co—

2047 3292 2241 3363 plicem
2295 3290 2453 3346 nobis
2509 3290 2895 3361 persecutionis
2951 3290 3300 3344 tentationem
3354 3288 3630 3344 ostendit:

2044 3385 2214 3456 prima
2244 3387 2296 3441 in
2340 3401 2443 3455 qua
2493 3385 2582 3453 qui
2637 3384 2768 3452 lapsi
2823 3390 2976 3448 sunt,
3020 3383 3141 3437 victi
3171 3381 3510 3445 ceciderunt;
3545 3396 3635 3437 se-

2041 3479 2214 3534 cunda
2249 3480 2301 3534 in
2333 3494 2434 3549 qua
2464 3477 2515 3532 hi
2548 3478 2635 3548 qui
2666 3476 2998 3543 ceciderunt,
3042 3477 3278 3531 victores
3316 3475 3631 3532 extiterunt.

2040 3573 2185 3629 Nulli
2216 3574 2359 3627 enim
2394 3581 2638 3626 nostrum
2668 3570 2890 3625 dubium
2912 3570 2996 3624 vel
3029 3570 3296 3625 incertum
3345 3577 3461 3636 est,
3523 3568 3632 3623 fra—

2039 3677 2148 3723 tres
2188 3666 2556 3731 dilectissimi,
2606 3665 2727 3719 illos
2771 3665 2860 3733 qui
2893 3665 3063 3733 prima
3108 3664 3259 3730 acie,
3308 3662 3357 3717 id
3390 3671 3501 3728 est,
3534 3663 3628 3718 de-

2038 3764 2188 3816 ciana
2219 3761 2596 3832 persecutione
2636 3758 2903 3813 vulnerati
2959 3756 3210 3821 luerunt;
3259 3756 3359 3811 hos
3408 3764 3622 3827 postea,

2039 3854 2086 3908 id
2119 3863 2201 3907 est
2226 3895 2240 3920 ,
2292 3850 2531 3908 secundo
2556 3851 2741 3920 prmlio
2769 3852 2841 3905 ita
2876 3852 3083 3905 fortiter
3109 3863 3526 3920 perseverasse,
3571 3858 3629 3903 ut

2036 3957 2443 4005 contemnentes
2504 3946 2679 4001 edicta
2730 3945 3073 3999 saecularium
3128 3944 3464 4013 principum,
3522 3941 3624 3996 hoc

2036 4044 2293 4099 invictum
2322 4042 2615 4103 haberent,
2644 4038 2787 4110 quod
2815 4049 2870 4093 et
2900 4053 3007 4093 non
3040 4046 3349 4093 metuerunt
3373 4035 3623 4105 exemplo

2035 4137 2159 4191 boni
2208 4135 2435 4205 pastoris
2480 4134 2713 4188 animam
2759 4147 2910 4187 suam
2944 4130 3153 4185 tradere
3178 4173 3193 4197 ,
3228 4139 3281 4184 et
3309 4128 3619 4196 sanguinem

2031 4231 2253 4287 tundere
2276 4273 2290 4297 ,
2328 4245 2426 4286 nec
2455 4228 2618 4283 ullam
2653 4226 2972 4282 insanientis
3000 4224 3217 4297 tyranni
3244 4222 3507 4278 szevitiam
3536 4237 3619 4276 rc-

2030 4340 2242 4380 CUSM‘C.

2099 4417 2211 4473 νυ.
2238 4417 2377 4473 Ecce
2396 4459 2409 4481 ,
2444 4431 2602 4488 quam
2639 4416 2924 4487 gloriosos,
2956 4430 3116 4486 quam
3142 4412 3372 4467 Domino
3399 4409 3617 4475 charos,

2026 4514 2351 4569 schismatiui
2382 4513 2468 4567 isti
2501 4513 2661 4583 ligna,
2696 4511 2909 4579 frenum,
2940 4510 3183 4578 stipulam
3213 4506 3485 4579 appellare
3507 4520 3613 4561 non

333 4612 515 4667 lumha
544 4621 723 4667 autem
754 4628 873 4683 quae
906 4612 1130 4683 pedibus
1157 4614 1269 4669 suis
1296 4615 1534 4685 requiem
1563 4614 1765 4671 habere
1808 4630 1913 4670 non
1942 4607 1994 4669 D
2021 4609 2270 4667 dubitant
2307 4608 2351 4680 (Ι
2393 4608 2509 4662 Cor.
2542 4622 2622 4674 ut,
2654 4605 2768 4677 12).
2814 4605 3049 4673 Quorum
3108 4618 3261 4674 pares
3282 4646 3296 4669 ,
3346 4601 3447 4656 hoc
3494 4609 3579 4656 est
3604 4642 3619 4667 ,

328 4715 579 4777 poterat,
629 4705 899 4776 lapsorum
932 4705 1215 4775 imaginem
1244 4707 1489 4776 portabat
1516 4724 1529 4771 ;
1578 4709 1667 4777 qui
1719 4708 1914 4763 imme-
2023 4710 2075 4765 in
2105 4707 2295 4763 eodem
2312 4705 2535 4762 crimine
2560 4704 2743 4773 lapsus
2768 4700 2850 4756 sui
2871 4700 3046 4756 adhuc
3072 4715 3243 4770 usque
3263 4698 3606 4762 constitutos,

328 4816 510 4855 mores
571 4799 873 4854 divinarum
949 4798 1388 4868 praedictionum,
1450 4802 1533 4856 vel
1598 4801 1917 4871 simpliciter
2023 4819 2123 4859 nec
2153 4802 2220 4857 ad
2270 4800 2638 4872 pmnitentiam
2670 4796 3033 4851 admittendos
3075 4810 3197 4851 esse
3247 4801 3610 4863 praesumunt;

328 4892 640 4963 ignorantes
664 4934 679 4955 ,
723 4892 807 4946 vel
856 4890 1111 4945 audacter
1136 4891 1535 4948 dissimulantes
1554 4894 1865 4949 ceciderunt
1897 4911 1911 4947 :
2021 4915 2087 4954 ex
2116 4897 2203 4952 illa
2234 4895 2445 4951 Domini
2475 4892 2911 4965 pronuntiatione
2937 4904 3039 4961 qua
3071 4889 3146 4943 ait
3176 4906 3189 4940 :
3228 4887 3328 4954 Qui
3350 4902 3427 4939 me
3456 4902 3608 4955 nega-

325 5001 554 5057 quorum
588 4985 846 5040 Dominus
886 4984 1095 5039 ruinam
1143 4986 1195 5040 in
1224 4984 1523 5058 Evangelio
1570 4984 1800 5041 futuram
1830 4985 1914 5042 his
2021 4995 2145 5047 verit
2174 5006 2347 5046 coram
2374 4986 2692 5051 hominibus,
2721 4984 2913 5057 negabo
2943 5002 3057 5038 eum
3083 4999 3256 5038 coram
3288 4980 3448 5035 Patre
3472 4996 3604 5044 meo,

327 5082 508 5138 verbis
536 5082 963 5153 signiﬁcaverat,
993 5080 1178 5138 dicens
1210 5098 1225 5141 :
1261 5082 1361 5152 Qui
1387 5082 1532 5137 audit
1558 5084 1709 5139 verba
1735 5100 1844 5138 mea
1865 5093 1913 5139 et
2019 5088 2105 5157 qui
2156 5086 2210 5139 in
2266 5084 2404 5141 caelis
2461 5092 2536 5137 es:
2575 5081 2595 5153 (
2624 5078 2810 5137 Matth.
2846 5096 2897 5145 x,
2934 5081 3049 5149 55).
3087 5077 3227 5134 Proh
3249 5076 3443 5132 dolor!
3478 5075 3605 5147 quid

1632 5220 1720 5276 VA
1731 5218 1988 5277 BIORUM
2015 5219 2237 5276 ΝΟΤᾹΞ.

2082 5380 2649 5438 V.—Prmdictionum.
2678 5381 2766 5437 Sic
2784 5381 2906 5451 lego
2935 5395 3033 5450 pro
3058 5381 3481 5451 prtedicationurn
3499 5398 3517 5446 ;
3536 5396 3603 5437 eo

2011 5454 2152 5522 quod
2184 5456 2459 5525 sequitur:
2488 5455 2716 5522 Quorum
2739 5449 2990 5507 Dominus
3017 5454 3217 5507 ruinam
3245 5454 3297 5506 in
3326 5449 3603 5524 Evangelia

2013 5527 2275 5597 futuram,
2308 5536 2409 5580 etc.
2448 5527 2650 5580 PAMEI..

2088 5597 2377 5653 VL—Non
2397 5600 2640 5652 nocebunt
2668 5599 2826 5652 vobis.
2851 5598 2940 5653 Sic
2967 5597 3163 5651 Manut.
3190 5606 3243 5651 ct
3264 5596 3474 5653 Morell.
3505 5611 3605 5666 pro

2017 5687 2122 5735 vos,
2153 5672 2293 5740 quod
2328 5680 2506 5725 tamen
2534 5668 2698 5727 habet.
2726 5672 2885 5724 etiam
2919 5686 3018 5724 ms.
3050 5668 3241 5723 codex.
3276 5668 3486 5724 ΡΑυει..

2091 5742 2430 5797 Stecularium
2466 5743 2778 5815 principum.
2820 5741 2957 5798 Galli
3000 5756 3202 5864 nemp?)
3225 5754 3283 5796 et
3313 5740 3615 5796 Volusiani.

3207 5827 3388 5864 Αμει.

3207 5827 3388 5872 Ακει..

321 5391 330 5400 “
396 5388 479 5445 ill.
509 5418 581 5428 —
613 5388 840 5441 Primam
876 5386 1080 5455 quidem
1107 5394 1158 5439 et
1184 5384 1536 5455 principalem.
1570 5382 1745 5437 Locus
1774 5381 1900 5437 obs-

322 5476 484 5515 eurus
510 5471 564 5515 et
588 5454 906 5527 corruptus,
957 5460 1117 5510 etiam
1166 5458 1217 5510 in
1248 5470 1350 5510 ms.
1388 5454 1512 5527 cod.
1549 5464 1903 5527 prmterquam

316 5533 462 5595 quiod
524 5532 642 5587 heic
688 5525 819 5585 satis
866 5528 1128 5599 signiﬁcet
1171 5537 1357 5579 auctor
1404 5526 1575 5599 solam
1601 5525 1905 5599 Ecclesium

318 5603 577 5673 Baptismi
628 5597 1025 5657 sacramentum
1067 5599 1312 5653 habere:
1353 5597 1496 5665 quod
1551 5597 1617 5651 ad
1666 5611 1907 5652 errorem

314 5674 570 5746 Cypriani
602 5676 851 5745 pertinet.
942 5673 1146 5746 PAuEL.

397 5738 641 5801 Trinitas.
670 5746 897 5811 Quidam
925 5745 1154 5798 ternitas.
1183 5740 1403 5797 Beelius
1430 5756 1550 5798 meo
1576 5738 1778 5811 judicio
1800 5740 1914 5797 Tri-

324 5819 500 5872 nitas:
533 5820 608 5872 sic
633 5818 777 5872 enim
809 5831 911 5870 ms.
939 5815 1130 5871 codex.
1170 5813 1372 5870 Puer“
