4216 6262
612 324 748 386 1211

1745 331 1837 386 AD
1875 326 2328 388 NOVATIANUM
2372 328 2456 385 DE
2494 327 2732 388 LAPSIS

3756 319 3912 383 1212

611 428 797 502 contra
842 445 1105 503 dominica
1151 458 1411 520 praecepta
1457 449 1815 518 contendunt,
1863 462 1920 507 ut
1964 468 2027 507 ea
2068 467 2189 523 qua).
2214 449 2344 509 Ain
2370 451 2623 505 mandatis
2648 451 2771 505 meis
2798 468 2899 506 non
2923 450 3325 516 ambulaverint;
3350 459 3397 506 et
3421 452 3467 505 si
3483 449 3908 521 justiﬁcationes

607 530 856 599 Christus
881 542 1063 612 judicii
1091 543 1175 598 sui
1208 553 1447 613 tempore
1490 546 1561 600 sit
1606 556 1857 608 acturus.
1891 546 2025 613 thmc
2056 563 2198 604 nunc

612 635 776 707 stirps
804 634 1105 703 Novatiani,
1138 638 1299 707 patris
1328 638 1410 693 sui
1441 640 1745 710 exemplum
1770 639 1968 696 diaboli
1991 652 2195 707 secuta,

612 741 867 783 exercere
894 728 1165 784 conetur?
1213 729 1426 786 dicente
1463 731 1738 803 Scriptura
1773 753 1785 788 :
1816 732 1949 788 Mitti
1999 734 2197 789 vindic-

612 829 760 890 tam,
811 831 858 877 et
907 839 1001 895 ego
1047 824 1349 892 retribuam,
1422 828 1544 882 dicit
1600 827 1850 885 Dominus
1893 828 2071 901 (Heb.
2127 847 2196 898 ιι,

614 908 728 986 30).

686 1004 822 1064 VIII.
855 1008 1313 1080 Restiondebimus
1338 1012 1417 1071 eis
1440 1016 1505 1070 ad
1535 1017 1685 1072 istam
1715 1020 2201 1089 pronuntiationem

614 1098 861 1167 Domini.
889 1119 1047 1174 quam
1094 1106 1233 1161 male
1297 1098 1599 1177 intelligant
1652 1119 1707 1165 et
1733 1110 1872 1165 male
1913 1112 2014 1166 sibi
2043 1112 2204 1169 inter-

615 1205 911 1266 pretentur.
928 1198 1089 1271 Quod
1113 1201 1256 1254 enim
1284 1200 1387 1256 ait:
1415 1202 1514 1269 Qui
1539 1219 1617 1257 me
1642 1206 1893 1276 negaverit
1916 1223 2087 1261 coram
2112 1210 2206 1262 lto-

615 1289 861 1356 minibus,
894 1300 941 1345 et
968 1308 1059 1363 ego
1098 1294 1290 1365 negabo
1329 1310 1442 1349 eum
1480 1312 1652 1350 coram
1680 1295 1839 1351 Patre
1869 1315 1999 1362 meo,
2032 1277 2139 1370 qui.
2153 1302 2206 1355 in

618 1384 757 1439 ccelis
783 1394 884 1449 est,
918 1386 1100 1454 utique
1126 1385 1288 1441 futuri
1321 1389 1579 1459 temporis
1606 1389 1930 1459 signiﬁcatio
1956 1400 2068 1457 est;
2100 1372 2206 1463 quo

618 1485 864 1548 tempore
886 1478 1106 1548 incipiet
1130 1480 1383 1535 Dominus
1405 1493 1610 1537 secreta
1641 1480 1911 1539 hominum
1931 1485 2206 1555 judicare;

618 1586 725 1640 quo
757 1579 999 1641 tempore
1030 1571 1279 1627 tribunali
1307 1571 1505 1628 Christi
1535 1589 1725 1630 omnes
1754 1592 1852 1631 nos
1876 1589 2091 1647 oportet
2117 1578 2210 1632 ad-

621 1673 766 1719 stare
796 1660 881 1733 (Il
910 1662 1028 1718 Cor.
1059 1681 1111 1731 ν,
1148 1663 1287 1737 10);
1320 1681 1427 1736 quo
1471 1677 1713 1738 tempore
1752 1660 1908 1724 inulti
1954 1671 2215 1742 incipient

2299 561 2436 599 meas
2466 547 2880 617 profanaverint,
2909 557 2956 600 et
2983 555 3236 617 praecepta
3261 562 3374 598 mea
3400 561 3501 598 non
3525 543 3875 598 custodierint
3896 554 3920 591 :

2299 638 2510 691 visitabo
2540 639 2591 692 in
2618 638 2762 710 virga
2792 640 3026 711 facinora
3056 654 3260 702 eorum,
3295 638 3422 690 etin
3459 635 3677 706 ﬂagellis
3713 633 3915 687 delicta

2302 746 2510 784 eorum:
2550 732 2949 786 misericordiam
2986 740 3154 784 autem
3191 747 3356 784 meam
3388 747 3488 783 non
3517 728 3815 799 dispergens
3847 724 3915 778 ab

2301 823 2372 877 eis
2402 822 2588 895 (Psal.
2620 839 2895 892 Lxxxvnt,
2929 823 3103 880 Iit-54
3125 822 3161 895 ).
3202 823 3293 877 llis
3324 820 3518 876 similia
3549 832 3602 874 et
3631 835 3731 889 per
3762 818 3920 873 Eze—

2303 918 2531 972 chielem
2560 919 2786 991 legimus
2810 919 3011 974 dixisse
3040 918 3361 972 Dominum:
3392 914 3500 969 Fili
3526 914 3747 968 hominis
3766 956 3782 977 ,
3817 910 3923 966 do-

2305 1026 2417 1062 mus
2455 1006 2622 1064 Israel
2661 1011 2900 1065 habitavit
2939 1026 3089 1080 super
3116 1018 3301 1063 terram
3330 1024 3502 1073 suam,
3535 1018 3578 1060 et
3607 1005 3925 1075 coinquina-

2306 1116 2482 1159 verunt
2511 1123 2622 1160 eam
2649 1107 2960 1177 facinoribus
2988 1107 3112 1161 suis.
3148 1105 3297 1161 Sicut
3326 1104 3551 1158 mulieris
3577 1112 3926 1157 menstruam

2308 1202 2446 1271 facta
2475 1208 2548 1252 est
2578 1199 2902 1253 immunditia
2931 1214 3103 1251 eorum
3137 1207 3254 1250 ante
3284 1196 3464 1269 faciem
3496 1212 3683 1249 meam.
3727 1192 3928 1261 Effudi

2308 1293 2439 1346 iram
2470 1309 2630 1346 meam
2656 1310 2809 1362 super
2835 1281 2946 1357 eos,
2991 1302 3035 1345 et
3067 1290 3395 1344 disseminavi
3423 1306 3508 1343 eos
3538 1291 3675 1343 inter
3705 1298 3925 1358 gentes,
3992 1318 3999 1321 ι

2308 1395 2356 1439 et
2383 1385 2661 1439 secundum
2692 1394 2900 1455 peccata
2927 1400 3098 1438 eorum
3118 1382 3353 1454 judicavi
3379 1399 3464 1435 eos
3483 1397 3503 1435 :
3528 1382 3647 1449 quia
3677 1381 3931 1450 coinqui-

2309 1489 2554 1535 naverunt
2585 1489 2813 1533 sanctum
2845 1496 3025 1533 nomen
3059 1494 3246 1532 meum.
3283 1475 3347 1531 Et
3376 1478 3495 1547 quia
3525 1476 3724 1530 dictum
3753 1487 3834 1529 est
3862 1474 3932 1528 de

2311 1575 2426 1629 his:
2469 1572 2567 1628 Hic
2594 1586 2666 1628 est
2697 1572 2919 1644 populus
2956 1571 3197 1638 Domini;
3231 1572 3432 1642 peperci
3471 1571 3541 1624 eis
3582 1581 3804 1640 propter
3834 1585 3931 1622 no—

2311 1685 2427 1722 men
2468 1676 2699 1721 sanctum
2738 1683 2936 1732 meum,
2980 1666 3115 1737 quod
3143 1665 3330 1736 sprevit
3362 1664 3545 1717 domus
3575 1660 3754 1717 Israel
3794 1664 3933 1716 inter

622 1756 835 1812 dicere:
869 1756 1116 1825 Domine,
1150 1759 1397 1826 Domine,
1432 1777 1598 1815 nonne
1636 1762 1689 1815 in
1734 1772 1820 1817 tuo
1849 1764 2052 1818 nomine
2089 1783 2209 1835 pro-
2240 1766 2288 1827 B
2315 1758 2734 1832 gentes(Ezech.
2759 1756 3184 1827 xxxv1,I8-25).
3212 1752 3275 1811 Et
3298 1756 3629 1827 conjungens
3651 1756 3761 1808 ait:
3796 1757 3932 1808 Pro—

624 1851 959 1922 phetavimus,
984 1862 1030 1905 et
1054 1850 1108 1905 in
1130 1856 1331 1908 nomine
1357 1862 1443 1907 tuo
1465 1854 1720 1908 dwmonia
1741 1854 2066 1925 exclusimus,
2090 1869 2137 1911 et
2160 1860 2215 1912 in

624 1954 711 1996 tuo
736 1943 940 1998 nomine
963 1943 1165 1997 virtutes
1184 1943 1367 1998 multas
1388 1945 1599 2017 fecimus
1622 1940 1834 2019 (Matth.
1856 1962 1948 2011 vn,
1966 1948 2056 2014 22,
2081 1949 2171 2021 25)
2187 1952 2209 2001 ‘t

624 2046 679 2092 et
718 2043 895 2091 tamen
934 2035 1153 2092 audient
1184 2054 1372 2094 vocem
1406 2040 1616 2094 Domini
1653 2039 1913 2096 dicentis:
1954 2040 2212 2099 Discedite

625 2148 658 2186 a
683 2148 763 2185 me
791 2146 961 2188 omnes
988 2132 1075 2201 qui
1099 2134 1294 2203 operati
1323 2135 1440 2188 estis
1466 2134 1816 2205 iniquitatem:
1844 2146 1945 2189 non
1974 2138 2089 2190 novi
2126 2154 2213 2193 vos

627 2222 809 2296 (Joan.
830 2242 903 2291 vi,
923 2224 1036 2298 68).
1061 2224 1137 2281 lbi
1161 2220 1541 2297 adimplebitur
1566 2228 1705 2298 quod
1737 2229 1841 2283 ait:
1877 2227 2092 2301 Negabo
2122 2249 2213 2303 ego

627 2328 675 2372 et
702 2317 838 2372 illos.
870 2318 1017 2385 Quos
1043 2329 1222 2374 autem
1252 2320 1484 2375 maxime
1512 2318 1727 2391 negabit
1758 2318 2017 2377 Dominus
2044 2322 2218 2380 Chris-

629 2418 747 2474 tus,
780 2409 882 2465 nisi
912 2425 1005 2463 vos
1035 2425 1224 2466 omnes
1263 2409 1546 2466 haereticos
1567 2454 1581 2479 ,
1629 2421 1685 2467 et
1726 2411 2131 2480 sehismaticos,
2163 2425 2218 2470 et

631 2502 866 2557 nominis
896 2503 978 2557 sui
1008 2503 1251 2557 alienos?
1279 2501 1378 2570 Qui
1410 2503 1552 2559 enim
1580 2492 1865 2575 aliquando
1892 2503 2214 2573 Christiani,

632 2610 776 2650 nunc
827 2592 1104 2650 Novatiani
1127 2637 1142 2662 ,
1167 2596 1278 2666 jam
1310 2613 1415 2651 non
1445 2593 1769 2664 Christiani,
1803 2597 2030 2666 primam
2059 2598 2218 2655 ﬁdem

633 2698 867 2744 vestram
895 2687 1113 2757 pertidia
1140 2689 1439 2760 posteriore
1490 2704 1587 2761 per
1626 2692 1859 2745 nominis
1902 2691 2217 2762 appellatio—

633 2797 756 2837 nem
778 2783 1052 2849 mutastis;
1069 2782 1227 2837 velim
1246 2782 1594 2853 pr0positioni
1615 2792 1803 2837 vestrae
1822 2783 2215 2854 restiondeatis.

633 2875 819 2949 Legite
845 2886 900 2932 et
920 2877 1128 2944 docete,
1153 2893 1308 2948 quem
1335 2877 1590 2932 Dominus
1615 2874 1683 2932 de
1712 2872 1794 2932 his
1821 2882 1909 2949 qui
1937 2894 1994 2934 se
2019 2879 2220 2934 dereli-

635 2981 862 3043 querant
878 2972 961 3027 vel
982 2980 1325 3041 negaverant,
1342 2987 1461 3026 cum
1478 2970 1652 3026 adhuc
1675 2972 1685 3024 i
1694 2988 1786 3042 pse
1800 2982 1964 3039 esset,
1983 2975 2216 3044 negavit.

2315 1864 2485 1924 pterea
2512 1851 2594 1905 dic
2621 1850 2811 1920 populo
2838 1847 3041 1905 Israel:
3067 1846 3191 1903 Haec
3216 1848 3341 1902 dicit
3370 1847 3653 1902 Dominus:
3678 1846 3807 1901 Non
3838 1864 3930 1901 eo-

2316 1949 2389 2002 bis
2420 1963 2597 2018 parco,
2640 1946 2821 1999 domus
2859 1943 3060 2012 Israel,
3086 1944 3173 1999 sed
3214 1955 3423 2014 propter
3462 1960 3643 1997 nomen
3680 1954 3932 1996 sanctum

2316 2059 2483 2097 meum
2508 2057 2717 2114 parcam
2733 2082 2748 2107 ,
2776 2039 2915 2113 quod
2940 2036 3305 2111 coinquinastis
3331 2039 3462 2091 inter
3485 2048 3694 2109 gentes;
3719 2047 3767 2091 et
3788 2039 3936 2091 scie-

2315 2141 2379 2196 tis
2404 2140 2523 2210 quia
2550 2156 2641 2210 ego
2672 2137 2951 2205 Dominus,
2983 2155 3099 2193 cum
3126 2136 3473 2206 sanctificatus
3503 2140 3649 2209 fuero
3672 2137 3721 2188 in
3746 2136 3928 2191 vobis.

2318 2234 2448 2290 Item
2484 2232 2738 2288 Dominus
2767 2232 2833 2286 ad
2866 2232 3151 2287 eumdem:
3187 2229 3294 2284 Fili
3326 2230 3582 2296 hominis,
3613 2230 3692 2283 dic
3722 2229 3930 2299 papula

2319 2324 2523 2379 Israel:
2565 2322 2737 2389 Quare
2776 2322 2934 2379 locuti
2973 2322 3095 2376 estis
3127 2323 3385 2376 dicentes:
3424 2320 3707 2376 Erroribus
3731 2322 3931 2376 nostris

2319 2417 2751 2483 contabescimus,
2795 2428 2841 2471 et
2879 2416 3132 2487 quomodo
3170 2414 3301 2470 salvi
3328 2431 3437 2469 esse
3476 2414 3800 2484 poterimus?
3833 2412 3931 2468 Dic

2320 2514 2392 2568 eis
2412 2530 2430 2567 :
2467 2510 2587 2565 Vivo
2613 2529 2703 2584 ego
2723 2553 2737 2577 ,
2767 2512 2890 2566 dicit
2922 2508 3171 2564 Dominus
3190 2527 3209 2563 :
3235 2510 3356 2580 quia
3388 2525 3487 2562 non
3516 2507 3756 2561 desidero
3782 2524 3929 2561 mor-

2323 2614 2422 2659 tem
2448 2605 2760 2675 peccatoris;
2785 2604 2875 2658 sed
2901 2601 3131 2656 desidero
3157 2611 3213 2655 ut
3234 2610 3489 2655 avertatur
3514 2611 3758 2670 peccator
3782 2618 3818 2653 α
3848 2602 3930 2654 vis

2322 2715 2415 2751 sua
2440 2696 2655 2768 pessima
2675 2739 2689 2764 ,
2718 2705 2766 2750 et
2791 2696 2942 2750 vivat.
2966 2695 3151 2750 Redite
3176 2711 3295 2765 ergo
3319 2713 3353 2747 a
3376 2694 3457 2749 via
3482 2704 3653 2748 vestra
3682 2695 3927 2765 pessima.

2326 2790 2462 2858 Quid
2492 2792 2641 2843 morti
2670 2806 2756 2843 vos
2786 2789 2985 2843 traditis
3016 2788 3199 2842 domus
3230 2784 3404 2841 Israel
3435 2788 3454 2857 (
3479 2785 3669 2840 Ezech.
3708 2802 3889 2841 xxxm
3912 2828 3929 2849 ,

2323 2868 2550 2954 lO-Ii)?
2580 2879 2669 2936 Sic
2698 2896 2792 2951 per
2819 2879 3026 2934 Esaiam
3054 2878 3407 2949 prophetam:
3435 2877 3559 2933 Non
3588 2878 3643 2932 in
3669 2890 3937 2933 tetanum

2320 2975 2626 3045 indignabor
2680 2973 2856 3039 vobis,
2899 2988 3055 3044 neque
3091 2989 3286 3041 semper
3352 2989 3456 3026 non
3514 2973 3784 3043 defendam
3836 2989 3937 3027 ras

635 3061 799 3131 Atqui
825 3063 1109 3118 etcteteris
1137 3064 1223 3133 qui
1247 3077 1431 3118 secum
1460 3065 1916 3120 retnanscrantde
1941 3065 2220 3137 discipulis
2246 3078 2293 3142 ρ
2329 3060 2475 3140 (Isa.
2509 3083 2653 3132 LVII,
2686 3065 2809 3137 16).
2858 3064 2924 3121 Et
2954 3066 3205 3134 quoniam
3238 3059 3536 3120 Hieremias
3567 3064 3827 3135 propheta
3868 3065 3935 3121 in

636 3156 740 3211 ait:
769 3142 1036 3227 Numquid
1062 3166 1109 3211 et
1135 3174 1220 3211 vos
1240 3158 1389 3212 vultis
1410 3158 1548 3212 abire
1569 3156 1748 3232 (Joan.
1769 3176 1852 3224 v1,
1871 3159 1989 3231 68)?
2008 3161 2225 3216 Petrum

636 3251 798 3305 etiam
829 3266 987 3321 quem
1014 3260 1330 3321 negaturum
1359 3262 1486 3306 ante
1514 3252 1857 3321 praedixerat,
1887 3268 2007 3307 cum
2035 3270 2231 3325 negas-

637 3357 756 3411 set,
792 3347 907 3416 ipse
936 3361 1041 3399 non
1071 3345 1316 3415 negavit,
1346 3345 1439 3400 sed
1467 3345 1755 3411 sustinuit;
1785 3352 1841 3400 et
1868 3361 2052 3401 amare
2081 3346 2226 3401 illam

637 3452 791 3493 suam
819 3439 1154 3508 negationem
1185 3437 1400 3494 ﬂentem
1430 3439 1544 3509 ipse
1572 3440 1912 3509 postmodum
1943 3440 2091 3495 lenit.

710 3529 803 3586 1X.
831 3531 1086 3601 Quantam
1114 3540 1197 3587 est
1224 3534 1312 3586 tua
1333 3571 1349 3597 ,
1374 3530 1698 3598 Novatiane,
1726 3532 1992 3589 dementia
2013 3575 2028 3599 ,
2059 3544 2114 3589 ut
2140 3534 2227 3589 illa

638 3643 758 3699 quae
786 3616 851 3681 ad
882 3626 1100 3682 exitium
1133 3625 1322 3681 salutis
1350 3626 1690 3698 pertineant,
1722 3620 1927 3681 tantum
1961 3627 2140 3699 legas:
2174 3632 2230 3683 et

638 3734 760 3790 qua:
788 3719 856 3774 ad
887 3717 1309 3774 misericordiam
1331 3761 1347 3787 ,
1380 3720 1711 3789 prmtereas?
1736 3719 2003 3776 clamante
2042 3716 2227 3792 Scrip-

640 3820 757 3866 tura
784 3820 839 3866 et
865 3810 1113 3866 dicente:
1148 3809 1501 3867 Paenitentiam
1549 3812 1684 3883 agite
1733 3813 1820 3884 qui
1856 3812 2037 3868 erratis
2058 3858 2073 3882 ,
2102 3832 2228 3870 con-

639 3902 890 3959 verlimini
914 3896 1066 3959 corde
1097 3904 1114 3972 (
1137 3905 1324 3960 Ezcclt.
1357 3922 1518 3971 xvm,
1548 3906 1675 3975 50).
1706 3906 1773 3961 Et
1797 3906 1986 3962 eodem
2014 3924 2228 3979 quoque

638 3996 904 4069 Propheta
944 3998 1194 4053 similiter
1229 3997 1552 4054 exhortante
1593 4008 1647 4053 et
1686 3996 1935 4054 dicente:
1966 3998 2231 4055 Converti-

637 4091 764 4145 mini
790 4090 857 4146 ad
890 4108 969 4147 me
996 4093 1049 4146 in
1079 4101 1183 4146 toto
1212 4080 1366 4146 corde
1390 4101 1587 4158 vestro,
1620 4093 1671 4146 in
1693 4092 1897 4164 jejunio
1916 4135 1929 4159 ,
1970 4102 2018 4147 et
2060 4094 2233 4164 plora-

639 4188 803 4254 tione,
831 4197 878 4241 et
907 4187 1153 4257 planctu:
1180 4195 1227 4240 et
1252 4185 1466 4239 scindite
1490 4184 1645 4239 corda
1668 4195 1831 4245 vestra
1848 4230 1863 4253 ,
1888 4197 1934 4241 et
1959 4204 2061 4243 non
2086 4191 2234 4245 vesti-

637 4289 841 4333 menta:
866 4279 1213 4334 convertimini
1240 4278 1308 4333 ad
1328 4278 1607 4333 Dominum
1636 4278 1801 4333 Deum
1827 4291 2081 4349 vestrum,
2108 4300 2233 4353 quo-

2330 3176 2557 3231 persona
2600 3158 2779 3230 p0puli
2809 3158 3101 3228 peccatoris
3130 3156 3450 3227 deprecatur
3483 3152 3762 3212 Dominum
3784 3201 3801 3221 ,
3839 3155 3935 3213 di-

2328 3272 2487 3313 cens:
2523 3255 2757 3309 Emenda
2777 3270 2888 3319 nos,
2923 3252 3166 3318 Domine,
3198 3250 3287 3307 sed
3321 3246 3374 3306 in
3406 3252 3607 3323 judicio
3646 3265 3696 3306 et
3731 3270 3845 3307 non
3884 3254 3943 3307 in

2328 3350 2437 3415 ira,
2470 3365 2533 3403 ne
2560 3364 2749 3418 paucos
2778 3346 2940 3416 facias
2970 3360 3063 3399 nos
3092 3342 3240 3417 (λεν.
3273 3358 3305 3399 x
3325 3388 3338 3408 ,
3367 3341 3503 3415 9.4);
3536 3338 3737 3414 adjecit
3764 3356 3827 3401 et
3856 3346 3945 3399 di-

2330 3444 2410 3499 xit
2439 3443 2652 3498 Esaias:
2687 3439 2911 3510 Propter
2943 3448 3203 3511 peccatum
3230 3437 3429 3493 modice
3454 3439 3752 3493 contristavi
3782 3456 3941 3502 eam,

2331 3549 2379 3593 et
2408 3537 2638 3610 percussi
2667 3552 2779 3591 eum
2797 3577 2813 3602 ,
2846 3534 2892 3591 et
2917 3534 3075 3588 averti
3102 3531 3285 3603 faciem
3314 3546 3478 3585 meam
3506 3531 3569 3585 ab
3597 3548 3696 3597 eo;
3725 3541 3779 3584 et
3808 3549 3943 3586 con-

2332 3632 2562 3684 tristatus
2582 3640 2655 3683 est
2674 3669 2688 3691 ,
2711 3637 2755 3682 et
2778 3628 2901 3681 abiit
2926 3626 3084 3680 tristis
3114 3624 3167 3678 in
3195 3622 3287 3677 viis
3314 3624 3421 3677 suis
3451 3616 3599 3694 (Isa.
3622 3636 3732 3677 ml
3750 3665 3770 3689 ,
3810 3622 3880 3677 17
3898 3625 3942 3692 ).

2332 3720 2397 3779 Et
2426 3723 2547 3793 quia
2578 3728 2850 3791 operatur,
2880 3716 3078 3789 adjecit
3117 3724 3173 3771 et
3208 3714 3378 3770 dixit:
3422 3712 3543 3768 Vias
3570 3714 3691 3782 eius
3718 3713 3870 3781 ridi,
3900 3725 3949 3768 et

2330 3817 2501 3872 curavi
2544 3831 2687 3880 eum,
2732 3822 2779 3868 et
2823 3810 2939 3865 dedi
2977 3806 3023 3864 ei
3055 3807 3461 3864 exhortationem
3499 3819 3709 3868 veram,
3756 3822 3949 3875 pacem

2331 3926 2486 3979 super
2527 3923 2703 3975 pacem
2732 3922 2752 3969 ;
2798 3900 3213 3975 paenitentibus,
3243 3896 3690 3969 deprecantibus,
3723 3903 3786 3951 et
3815 3913 3949 3964 Ope-

2331 4001 2575 4059 rantihus
2603 4000 2811 4055 restitui
2845 4012 3033 4068 posse,
3065 3992 3208 4065 quod
3239 3993 3377 4047 male
3417 3985 3710 4062 perierint,
3758 3986 3947 4060 quod-

2332 4110 2437 4168 que
2462 4110 2489 4148 a
2521 4093 2734 4149 Christo
2753 4087 3164 4147 declinaverint.

2404 4186 2497 4246 XI.
2542 4186 2781 4256 Denique
2823 4183 2925 4237 hoc
2964 4178 3018 4235 in
3061 4176 3351 4248 Evangelio
3388 4173 3806 4246 comprobatur,
3856 4174 3949 4230 ubi

2336 4278 2503 4357 (Luc.
2536 4276 2645 4354 vn)
2673 4279 2760 4334 illa
2789 4275 2980 4331 mulier
3007 4271 3276 4344 peccatrix
3306 4267 3648 4331 describitur,
3683 4281 3819 4338 qua:
3846 4280 3949 4322 re-

636 4374 775 4426 niam
815 4373 1098 4426 misericors
1137 4381 1244 4438 est,
1287 4381 1334 4425 et
1372 4373 1636 4427 miserator
1673 4373 1851 4427 multa:
1887 4375 2226 4430 miserationis
2248 4390 2303 4451 D
2330 4383 2412 4443 nit
2439 4380 2505 4434 ad
2533 4376 2753 4432 domum
2783 4367 3059 4440 cujusdam
3089 4360 3381 4428 Pharisaei,
3408 4362 3496 4416 ubi
3524 4369 3645 4416 erat.
3671 4359 3951 4415 Dominus

638 4452 811 4534 (Joel.
842 4481 910 4533 ll,
942 4465 1044 4530 12,
1076 4463 1202 4537 15).

708 4554 773 4612 Χ.
806 4556 955 4614 Adeo
980 4558 1100 4628 quia
1129 4557 1310 4612 multae
1339 4556 1696 4613 miseratiOnis
1721 4568 1804 4615 est
1830 4554 2109 4628 Dominus,
2138 4577 2231 4615 au-

637 4652 899 4709 divimus:
931 4653 1211 4709 audiamus
1239 4650 1364 4725 quid
1407 4669 1501 4723 per
1530 4653 1695 4710 David
1736 4666 2071 4714 contestatur
2108 4657 2233 4730 Spi-

637 4745 772 4800 ritus
796 4755 1046 4803 sanctus:
1073 4746 1134 4802 Si
1154 4746 1510 4817 dereliquerint
1534 4744 1632 4817 filii
1656 4749 1767 4820 ejus
1795 4750 1952 4822 legem
1980 4769 2162 4819 meam,
2186 4766 2234 4811 et

2335 4484 2557 4533 vocatus
2585 4482 2705 4525 cum
2735 4460 3048 4532 discipulis,
3089 4467 3311 4529 portans
3349 4468 3443 4509 vas
3480 4452 3788 4524 unguenti;
3822 4468 3951 4522 ῳιε

2335 4569 2485 4626 stetit
2513 4563 2580 4619 ad
2611 4558 2773 4633 pedes
2803 4554 3051 4620 Domini,
3081 4558 3137 4606 et
3166 4547 3416 4621 lacrymis
3453 4546 3566 4601 suis
3595 4545 3728 4600 lavit
3771 4545 3948 4616 pedes

2337 4663 2454 4734 ejus
2473 4706 2487 4729 ,
2518 4668 2573 4715 et
2596 4652 2805 4725 capillis
2831 4645 3090 4711 extersit,
3121 4650 3177 4699 et
3198 4641 3382 4734 oscula
3406 4638 3612 4705 inﬁxit,
3644 4647 3706 4734 ut
3730 4640 3951 4734 excita-

2340 4730 2488 4812 retur
2512 4751 2604 4807 ille
2626 4736 2932 4803 Pharisaeus
2958 4744 3013 4796 et
3035 4736 3272 4794 diceret:
3299 4731 3401 4788 Hie
3425 4733 3471 4787 si
3493 4740 3618 4787 esset
3641 4730 3948 4800 Propheta,

1958 4895 2047 4953 VA
2056 4896 2321 4958 RIORUM
2345 4894 2576 4957 NOTE.

710 5060 939 5117 VIII.—
960 5059 1264 5132 Intelligant
1288 5062 1701 5132 interpretentur.
1742 5060 1841 5118 Ms.
1882 5061 2005 5119 cod.
2033 5061 2229 5117 intelli-

640 5143 765 5206 gunt
793 5142 841 5187 et
878 5133 1538 5206 interpretantnraPAuEL.

710 5204 816 5260 Per
874 5204 1093 5258 nominis
1146 5205 1543 5273 appellationem
1580 5204 1829 5258 mutastis.
1870 5205 2015 5261 Istud
2055 5204 2235 5261 denuo

641 5292 705 5332 ex
736 5275 964 5339 Gravia,
997 5290 1093 5345 pro
1123 5291 1189 5330 eo
1218 5277 1357 5347 quod
1389 5278 1475 5331 alii
1508 5294 1595 5344 per
1622 5278 1840 5331 nominis
1877 5278 2110 5331 mutastis
2148 5294 2233 5331 ve-

643 5352 751 5403 lum
784 5362 802 5400 :
832 5348 1131 5417 praesertim
1158 5364 1278 5402 cum
1309 5350 1472 5403 etiam
1505 5348 1643 5421 legat
1668 5349 1816 5403 velim
1842 5364 1943 5405 ms.
1972 5349 2162 5405 codex.

1722 5422 1926 5477 PAIEL.

717 5486 1269 5562 IX.—Po:nitentiam.
1291 5491 1442 5559 agite,
1458 5501 1561 5547 etc.
1584 5489 1709 5545 Hau:
1733 5490 2155 5562 quoqneGravio
2179 5500 2233 5545 et

648 5575 783 5631 mss.
805 5561 1079 5631 codicibus
1100 5570 1317 5631 accepta
1340 5562 1597 5617 debemus
1617 5604 1632 5629 ,
1655 5563 1777 5616 alibi
1801 5561 2125 5620 desiderata.
2152 5562 2230 5618 In.

722 5630 926 5701 X.—N
930 5648 1049 5700 eque
1059 5648 1161 5685 sem
1168 5647 1255 5700 per
1270 5649 1370 5685 non
1384 5633 1653 5701 defendam
1670 5649 1773 5686 vos.
1789 5633 1917 5687 Mira
1936 5634 2234 5697 translatio,

652 5714 772 5777 cum
821 5699 1367 5777 ada’CI‘bum'gt-‘mcc
1407 5699 1522 5768 sit,
1570 5707 1673 5756 οὖδὲ
1726 5706 1809 5756 διὰ
1861 5710 2237 5777 παπόςᾼόργισ-

656 5768 1215 5841 θιιξεξμαιὺμῖνηιιιιυᾱ
1238 5769 1398 5841 latine
1426 5781 1797 5841 sonat,ineque
1823 5789 2021 5841 semper
2047 5768 2241 5827 irascar

659 5832 817 5884 vobis.
850 5832 1121 5888 CoStcrius
1152 5837 1403 5890 amittens
1432 5832 1725 5893 secundum
1752 5832 2118 5909 negationem,
2153 5858 2241 5897 ac—

2336 5061 2467 5132 cipit
2493 5053 2767 5125 defendam
2799 5060 2899 5132 pro
2936 5043 3154 5129 ulciscar
3170 5056 3215 5132 ᾖ,
3224 5051 3329 5109 qua
3370 5032 3951 5132 signiﬁclqﬁongpnti

2335 5106 2763 5204 qiroqdeiutitur
2796 5106 3117 5204 Cyprianus.
3150 5106 3335 5204 Pet-te
3390 5106 3949 5204 pegmapdin

2339 5176 2894 5277 exercituseas“
2917 5190 2981 5277 ευρ,
2997 5178 3807 5277 cpt-.922;exegisse":
3836 5176 3956 5277 9::

2338 5248 2719 5348 satisfied
2745 5248 3199 5348 διίειηξ-νυιεθξηε
3228 5248 3948 5348 ίιιθξρςεευάςίενεάεηςιυῖο

2341 5319 2597 5402 ibidis};
2612 5319 2829 5403 (item:
2843 5375 2861 5401 ,
2888 5319 3198 5403 frequenter
3220 5319 3463 5379 adhibet.
3478 5319 3855 5403 _Vid._.ludittt.
3890 5336 3910 5374 ι
3931 5363 3953 5385 ,

2343 5391 2634 5479 ὶῖῗὶξ
2664 5391 2815 5464 Rom.
2846 5391 2952 5467 in,
2981 5391 3070 5479 is.
3102 5398 3247 5479 Quin
3273 5406 3328 5451 et
3354 5393 3496 5479 apud
3524 5391 3957 5479 prqhatissimos

2336 5462 2540 5545 lla-tinos
2578 5462 2876 5553 scriptores
2917 5462 3156 5553 verbum.
3199 5466 3465 5538 ejusmodi
3517 5462 3712 5521 eodem
3773 5478 3957 5520 sensu

2339 5540 2653 5629 ὗέιὶὶὸόιιιιη
2680 5540 3074 5629 imperim“?
3117 5540 3490 5629 Gel-wn-

2415 5608 2831 5689 ﬁttiikiint...,'
2860 5627 2986 5689 etc:
3025 5616 3163 5689 ξιμιη
3184 5614 3309 5689 haec
3334 5608 3496 5665 verba
3526 5608 3958 5689 auctoris,_pon

2341 5680 2621 5769 [sa-iustine
2647 5680 3018 5769 ntale'cenSItit
3037 5685 3317 5743 Morellus:
3346 5693 3430 5739 est
3453 5690 3632 5736 tamen
3661 5680 3735 5735 ita
3760 5680 3960 5737 adhuc

2338 5775 2492 5829 locus
2512 5763 2802 5827 'obscurus.
2839 5763 3044 5817 PAIEL.
