  <div class='ocr_page' id='page_1' title='image "/cluster/home/n/w/nwhite01/storage/ocr_20150623/3/hvd.32044054086798/656.png"; bbox 0 0 4216 6262; ppageno 0'>
   <div class='ocr_carea' id='block_1_1' title="bbox 298 334 443 395">
    <p class='ocr_par' dir='ltr' id='par_1_1' title="bbox 298 334 443 395">
     <span class='ocr_line' id='line_1_1' title="bbox 298 334 443 395; baseline -0.007 -1"><span class='ocrx_word' id='word_1_1' title='bbox 298 334 443 395; x_wconf 63' lang='lat' dir='ltr'><strong><em>Hi?)</em></strong></span> 
     </span>
    </p>
   </div>
   <div class='ocr_carea' id='block_1_2' title="bbox 1576 320 2361 391">
    <p class='ocr_par' dir='ltr' id='par_1_2' title="bbox 1576 320 2361 391">
     <span class='ocr_line' id='line_1_2' title="bbox 1576 320 2361 391; baseline -0.01 0"><span class='ocrx_word' id='word_1_2' title='bbox 1576 320 1887 391; x_wconf 75' lang='grc' dir='ltr'><strong><em>ΑΝΟΝΫΜΙ</em></strong></span> <span class='ocrx_word' id='word_1_3' title='bbox 1926 327 2361 391; x_wconf 72' lang='lat' dir='ltr'><strong><em>TRACTATUS.</em></strong></span> 
     </span>
    </p>
   </div>
   <div class='ocr_carea' id='block_1_3' title="bbox 3592 176 3655 184">
    <p class='ocr_par' dir='ltr' id='par_1_3' title="bbox 3592 176 3655 184">
     <span class='ocr_line' id='line_1_3' title="bbox 3592 176 3655 184; baseline -0.016 0"><span class='ocrx_word' id='word_1_4' title='bbox 3592 176 3655 184; x_wconf 72' lang='grc' dir='ltr'><strong><em>..σ-</em></strong></span> 
     </span>
    </p>
   </div>
   <div class='ocr_carea' id='block_1_4' title="bbox 3448 314 3586 373">
    <p class='ocr_par' dir='ltr' id='par_1_4' title="bbox 3448 314 3586 373">
     <span class='ocr_line' id='line_1_4' title="bbox 3448 314 3586 373; baseline -0.014 0"><span class='ocrx_word' id='word_1_5' title='bbox 3448 314 3586 373; x_wconf 69' lang='lat' dir='ltr'><strong>HM</strong></span> 
     </span>
    </p>
   </div>
   <div class='ocr_carea' id='block_1_5' title="bbox 296 436 3590 525">
    <p class='ocr_par' dir='ltr' id='par_1_5' title="bbox 296 436 3590 525">
     <span class='ocr_line' id='line_1_5' title="bbox 296 436 3590 525; baseline -0.005 -16"><span class='ocrx_word' id='word_1_6' title='bbox 296 457 450 511; x_wconf 84' lang='lat' dir='ltr'><strong><em>sciret</em></strong></span> <span class='ocrx_word' id='word_1_7' title='bbox 475 466 590 525; x_wconf 68' lang='lat' dir='ltr'><strong><em>quia</em></strong></span> <span class='ocrx_word' id='word_1_8' title='bbox 614 462 663 509; x_wconf 90' lang='lat' dir='ltr'><strong><em>et</em></strong></span> <span class='ocrx_word' id='word_1_9' title='bbox 687 453 854 525; x_wconf 82' lang='lat' dir='ltr'><strong><em>qualis</em></strong></span> <span class='ocrx_word' id='word_1_10' title='bbox 880 460 1010 510; x_wconf 88' lang='lat' dir='ltr'><strong><em>esset</em></strong></span> <span class='ocrx_word' id='word_1_11' title='bbox 1043 454 1143 509; x_wconf 91' lang='lat' dir='ltr'><strong><em>ista</em></strong></span> <span class='ocrx_word' id='word_1_12' title='bbox 1177 452 1359 509; x_wconf 77' lang='lat' dir='ltr'><strong><em>mulier</em></strong></span> <span class='ocrx_word' id='word_1_13' title='bbox 1386 467 1499 525; x_wconf 74' lang='lat' dir='ltr'><strong><em>quae</em></strong></span> <span class='ocrx_word' id='word_1_14' title='bbox 1535 466 1647 508; x_wconf 91' lang='lat' dir='ltr'><strong><em>eum</em></strong></span> <span class='ocrx_word' id='word_1_15' title='bbox 1688 452 1880 522; x_wconf 85' lang='lat' dir='ltr'><strong><em>tangit,</em></strong></span> <span class='ocrx_word' id='word_1_16' title='bbox 1908 449 1964 512; x_wconf 79' lang='grc' dir='ltr'><strong>Α</strong></span> <span class='ocrx_word' id='word_1_17' title='bbox 2062 446 2202 504; x_wconf 80' lang='grc' dir='ltr'><strong>ΧΙΙΙ.</strong></span> <span class='ocrx_word' id='word_1_18' title='bbox 2234 447 2372 515; x_wconf 90' lang='lat' dir='ltr'><strong><em>Oro,</em></strong></span> <span class='ocrx_word' id='word_1_19' title='bbox 2404 462 2512 503; x_wconf 89' lang='lat' dir='ltr'><strong><em>non</em></strong></span> <span class='ocrx_word' id='word_1_20' title='bbox 2540 444 2751 519; x_wconf 77' lang='lat' dir='ltr'><strong><em>legiSti:</em></strong></span> <span class='ocrx_word' id='word_1_21' title='bbox 2782 442 2959 500; x_wconf 87' lang='lat' dir='ltr'><strong><em>Nolite</em></strong></span> <span class='ocrx_word' id='word_1_22' title='bbox 2986 441 3233 515; x_wconf 83' lang='lat' dir='ltr'><strong><em>gloriari,</em></strong></span> <span class='ocrx_word' id='word_1_23' title='bbox 3262 442 3311 495; x_wconf 93' lang='lat' dir='ltr'><strong><em>el</em></strong></span> <span class='ocrx_word' id='word_1_24' title='bbox 3333 436 3489 493; x_wconf 86' lang='lat' dir='ltr'><strong><em>notite</em></strong></span> <span class='ocrx_word' id='word_1_25' title='bbox 3515 438 3590 494; x_wconf 88' lang='lat' dir='ltr'><strong><em>lo-</em></strong></span> 
     </span>
    </p>
   </div>
   <div class='ocr_carea' id='block_1_6' title="bbox 294 544 1888 621">
    <p class='ocr_par' dir='ltr' id='par_1_6' title="bbox 294 544 1888 621">
     <span class='ocr_line' id='line_1_6' title="bbox 294 544 1888 621; baseline -0.002 -20"><span class='ocrx_word' id='word_1_26' title='bbox 294 549 416 621; x_wconf 87' lang='lat' dir='ltr'><strong><em>quia</em></strong></span> <span class='ocrx_word' id='word_1_27' title='bbox 439 549 696 616; x_wconf 67' lang='lat' dir='ltr'><strong><em>peccatrix</em></strong></span> <span class='ocrx_word' id='word_1_28' title='bbox 718 554 789 600; x_wconf 88' lang='lat' dir='ltr'><strong><em>est</em></strong></span> <span class='ocrx_word' id='word_1_29' title='bbox 816 544 964 619; x_wconf 83' lang='lat' dir='ltr'><strong><em>(Luc.</em></strong></span> <span class='ocrx_word' id='word_1_30' title='bbox 988 562 1091 614; x_wconf 84' lang='lat' dir='ltr'><strong><em>vn,</em></strong></span> <span class='ocrx_word' id='word_1_31' title='bbox 1121 546 1337 617; x_wconf 59' lang='lat'><strong><em>39-47).</em></strong></span> <span class='ocrx_word' id='word_1_32' title='bbox 1356 544 1510 603; x_wconf 87' lang='lat' dir='ltr'><strong>Unde</strong></span> <span class='ocrx_word' id='word_1_33' title='bbox 1536 544 1888 600; x_wconf 87' lang='lat' dir='ltr'><strong><em>incontinenti</em></strong></span> 
     </span>
    </p>
   </div>
   <div class='ocr_carea' id='block_1_7' title="bbox 297 639 1884 709">
    <p class='ocr_par' dir='ltr' id='par_1_7' title="bbox 297 639 1884 709">
     <span class='ocr_line' id='line_1_7' title="bbox 297 639 1884 709; baseline -0.003 -14"><span class='ocrx_word' id='word_1_34' title='bbox 297 641 556 696; x_wconf 79' lang='lat' dir='ltr'><strong>Dominus</strong></span> <span class='ocrx_word' id='word_1_35' title='bbox 576 648 917 709; x_wconf 77' lang='lat' dir='ltr'><strong><em>peccatorum</em></strong></span> <span class='ocrx_word' id='word_1_36' title='bbox 944 641 1203 695; x_wconf 88' lang='lat' dir='ltr'><strong><em>remissor</em></strong></span> <span class='ocrx_word' id='word_1_37' title='bbox 1223 649 1279 694; x_wconf 88' lang='lat' dir='ltr'><strong><em>et</em></strong></span> <span class='ocrx_word' id='word_1_38' title='bbox 1302 639 1673 709; x_wconf 73' lang='lat' dir='ltr'><strong><em>poenitentium</em></strong></span> <span class='ocrx_word' id='word_1_39' title='bbox 1704 652 1884 708; x_wconf 64' lang='lat' dir='ltr'><strong><em>recep»</em></strong></span> 
     </span>
    </p>
   </div>
   <div class='ocr_carea' id='block_1_8' title="bbox 295 731 1886 805">
    <p class='ocr_par' dir='ltr' id='par_1_8' title="bbox 295 731 1886 805">
     <span class='ocr_line' id='line_1_8' title="bbox 295 731 1886 805; baseline -0.002 -16"><span class='ocrx_word' id='word_1_40' title='bbox 295 743 405 802; x_wconf 88' lang='lat' dir='ltr'><strong><em>tor,</em></strong></span> <span class='ocrx_word' id='word_1_41' title='bbox 436 734 542 789; x_wconf 81' lang='lat' dir='ltr'><strong><em>ait:</em></strong></span> <span class='ocrx_word' id='word_1_42' title='bbox 576 732 757 788; x_wconf 83' lang='lat' dir='ltr'><strong><em>Simon</em></strong></span> <span class='ocrx_word' id='word_1_43' title='bbox 778 776 793 798; x_wconf 91' lang='lat'><strong><em>,</em></strong></span> <span class='ocrx_word' id='word_1_44' title='bbox 825 734 983 789; x_wconf 81' lang='lat' dir='ltr'><strong><em>habeo</em></strong></span> <span class='ocrx_word' id='word_1_45' title='bbox 1011 735 1100 789; x_wconf 86' lang='lat' dir='ltr'><strong><em>tibi</em></strong></span> <span class='ocrx_word' id='word_1_46' title='bbox 1128 734 1323 805; x_wconf 89' lang='lat' dir='ltr'><strong><em>aliquid</em></strong></span> <span class='ocrx_word' id='word_1_47' title='bbox 1349 733 1533 789; x_wconf 80' lang='lat' dir='ltr'><strong><em>dicere.</em></strong></span> <span class='ocrx_word' id='word_1_48' title='bbox 1568 731 1632 787; x_wconf 83' lang='lat' dir='ltr'><strong><em>At</em></strong></span> <span class='ocrx_word' id='word_1_49' title='bbox 1661 733 1749 787; x_wconf 88' lang='lat' dir='ltr'><strong><em>ille</em></strong></span> <span class='ocrx_word' id='word_1_50' title='bbox 1776 749 1886 786; x_wconf 89' lang='lat' dir='ltr'><strong><em>res-</em></strong></span> 
     </span>
    </p>
   </div>
   <div class='ocr_carea' id='block_1_9' title="bbox 295 822 1886 898">
    <p class='ocr_par' dir='ltr' id='par_1_9' title="bbox 295 822 1886 898">
     <span class='ocr_line' id='line_1_9' title="bbox 295 822 1886 898; baseline -0.003 -16"><span class='ocrx_word' id='word_1_51' title='bbox 295 826 473 898; x_wconf 86' lang='lat' dir='ltr'><strong><em>pondit</em></strong></span> <span class='ocrx_word' id='word_1_52' title='bbox 503 826 677 880; x_wconf 85' lang='lat' dir='ltr'><strong><em>dicens</em></strong></span> <span class='ocrx_word' id='word_1_53' title='bbox 698 842 717 880; x_wconf 91' lang='lat'><strong><em>:</em></strong></span> <span class='ocrx_word' id='word_1_54' title='bbox 745 825 1016 897; x_wconf 70' lang='lat' dir='ltr'><strong><em>Magister,</em></strong></span> <span class='ocrx_word' id='word_1_55' title='bbox 1045 826 1147 883; x_wconf 88' lang='lat' dir='ltr'><strong><em>dic.</em></strong></span> <span class='ocrx_word' id='word_1_56' title='bbox 1179 828 1244 881; x_wconf 87' lang='lat' dir='ltr'><strong><em>Et</em></strong></span> <span class='ocrx_word' id='word_1_57' title='bbox 1273 826 1565 882; x_wconf 84' lang='lat' dir='ltr'><strong><em>Dominus:</em></strong></span> <span class='ocrx_word' id='word_1_58' title='bbox 1599 824 1714 880; x_wconf 89' lang='lat' dir='ltr'><strong><em>Duo</em></strong></span> <span class='ocrx_word' id='word_1_59' title='bbox 1745 822 1886 879; x_wconf 79' lang='lat' dir='ltr'><strong><em>debi-</em></strong></span> 
     </span>
    </p>
   </div>
   <div class='ocr_carea' id='block_1_10' title="bbox 294 917 1889 991">
    <p class='ocr_par' dir='ltr' id='par_1_10' title="bbox 294 917 1889 991">
     <span class='ocr_line' id='line_1_10' title="bbox 294 917 1889 991; baseline -0.001 -17"><span class='ocrx_word' id='word_1_60' title='bbox 294 930 426 975; x_wconf 87' lang='lat' dir='ltr'><strong><em>tores</em></strong></span> <span class='ocrx_word' id='word_1_61' title='bbox 447 929 591 974; x_wconf 87' lang='lat' dir='ltr'><strong><em>erant</em></strong></span> <span class='ocrx_word' id='word_1_62' title='bbox 611 919 814 974; x_wconf 77' lang='lat' dir='ltr'><strong><em>cuidam</em></strong></span> <span class='ocrx_word' id='word_1_63' title='bbox 834 922 1145 991; x_wconf 66' lang='grc' dir='ltr'><strong><em>[ωηεν-πιοιῂ</em></strong></span> <span class='ocrx_word' id='word_1_64' title='bbox 1166 934 1297 974; x_wconf 87' lang='lat' dir='ltr'><strong><em>unus</em></strong></span> <span class='ocrx_word' id='word_1_65' title='bbox 1318 920 1404 991; x_wconf 91' lang='lat' dir='ltr'><strong><em>qui</em></strong></span> <span class='ocrx_word' id='word_1_66' title='bbox 1427 917 1635 973; x_wconf 77' lang='lat' dir='ltr'><strong><em>habebat</em></strong></span> <span class='ocrx_word' id='word_1_67' title='bbox 1656 919 1889 974; x_wconf 87' lang='lat' dir='ltr'><strong><em>denarios</em></strong></span> 
     </span>
    </p>
   </div>
   <div class='ocr_carea' id='block_1_11' title="bbox 293 999 1891 1086">
    <p class='ocr_par' dir='ltr' id='par_1_11' title="bbox 293 999 1891 1086">
     <span class='ocr_line' id='line_1_11' title="bbox 293 999 1891 1086; baseline -0.003 -18"><span class='ocrx_word' id='word_1_68' title='bbox 293 999 621 1086; x_wconf 84' lang='lat' dir='ltr'><strong><em>quingentos,</em></strong></span> <span class='ocrx_word' id='word_1_69' title='bbox 664 1022 709 1067; x_wconf 90' lang='lat' dir='ltr'><strong><em>et</em></strong></span> <span class='ocrx_word' id='word_1_70' title='bbox 748 1014 883 1067; x_wconf 88' lang='lat' dir='ltr'><strong><em>alius</em></strong></span> <span class='ocrx_word' id='word_1_71' title='bbox 920 1013 1322 1084; x_wconf 72' lang='lat' dir='ltr'><strong><em>quinquaginta:</em></strong></span> <span class='ocrx_word' id='word_1_72' title='bbox 1359 1029 1473 1066; x_wconf 88' lang='lat' dir='ltr'><strong><em>cum</em></strong></span> <span class='ocrx_word' id='word_1_73' title='bbox 1511 1028 1613 1066; x_wconf 88' lang='lat' dir='ltr'><strong><em>non</em></strong></span> <span class='ocrx_word' id='word_1_74' title='bbox 1652 1012 1891 1065; x_wconf 73' lang='lat' dir='ltr'><strong><em>haberent</em></strong></span> 
     </span>
    </p>
   </div>
   <div class='ocr_carea' id='block_1_12' title="bbox 292 1102 1888 1174">
    <p class='ocr_par' dir='ltr' id='par_1_12' title="bbox 292 1102 1888 1174">
     <span class='ocr_line' id='line_1_12' title="bbox 292 1102 1888 1174; baseline -0.003 -13"><span class='ocrx_word' id='word_1_75' title='bbox 292 1108 430 1161; x_wconf 79' lang='lat' dir='ltr'><strong><em>unde</em></strong></span> <span class='ocrx_word' id='word_1_76' title='bbox 450 1107 699 1161; x_wconf 79' lang='lat' dir='ltr'><strong><em>solverent</em></strong></span> <span class='ocrx_word' id='word_1_77' title='bbox 715 1146 731 1173; x_wconf 92' lang='lat'><strong><em>,</em></strong></span> <span class='ocrx_word' id='word_1_78' title='bbox 754 1105 995 1158; x_wconf 88' lang='lat' dir='ltr'><strong><em>ambobus</em></strong></span> <span class='ocrx_word' id='word_1_79' title='bbox 1018 1106 1241 1159; x_wconf 80' lang='lat' dir='ltr'><strong><em>donavit.</em></strong></span> <span class='ocrx_word' id='word_1_80' title='bbox 1268 1105 1333 1160; x_wconf 86' lang='lat' dir='ltr'><strong><em>Et</em></strong></span> <span class='ocrx_word' id='word_1_81' title='bbox 1360 1105 1733 1174; x_wconf 76' lang='lat' dir='ltr'><strong><em>interrogavit:</em></strong></span> <span class='ocrx_word' id='word_1_82' title='bbox 1765 1102 1888 1169; x_wconf 88' lang='lat' dir='ltr'><strong><em>Quis</em></strong></span> 
     </span>
    </p>
   </div>
   <div class='ocr_carea' id='block_1_13' title="bbox 292 1193 1889 1269">
    <p class='ocr_par' dir='ltr' id='par_1_13' title="bbox 292 1193 1889 1269">
     <span class='ocr_line' id='line_1_13' title="bbox 292 1193 1889 1269; baseline -0.004 -15"><span class='ocrx_word' id='word_1_83' title='bbox 292 1199 501 1254; x_wconf 88' lang='lat' dir='ltr'><strong><em>illorum</em></strong></span> <span class='ocrx_word' id='word_1_84' title='bbox 543 1198 657 1269; x_wconf 84' lang='lat' dir='ltr'><strong><em>plus</em></strong></span> <span class='ocrx_word' id='word_1_85' title='bbox 696 1197 898 1267; x_wconf 79' lang='lat' dir='ltr'><strong><em>diligit?</em></strong></span> <span class='ocrx_word' id='word_1_86' title='bbox 934 1196 1002 1250; x_wconf 84' lang='lat' dir='ltr'><strong><em>Et</em></strong></span> <span class='ocrx_word' id='word_1_87' title='bbox 1039 1198 1299 1267; x_wconf 77' lang='lat' dir='ltr'><strong><em>respondit</em></strong></span> <span class='ocrx_word' id='word_1_88' title='bbox 1340 1197 1556 1252; x_wconf 80' lang='lat' dir='ltr'><strong><em>Simon:</em></strong></span> <span class='ocrx_word' id='word_1_89' title='bbox 1590 1194 1774 1263; x_wconf 85' lang='lat' dir='ltr'><strong><em>Utique</em></strong></span> <span class='ocrx_word' id='word_1_90' title='bbox 1802 1193 1889 1249; x_wconf 86' lang='lat' dir='ltr'><strong><em>ille</em></strong></span> 
     </span>
    </p>
   </div>
   <div class='ocr_carea' id='block_1_14' title="bbox 293 1288 1885 1361">
    <p class='ocr_par' dir='ltr' id='par_1_14' title="bbox 293 1288 1885 1361">
     <span class='ocr_line' id='line_1_14' title="bbox 293 1288 1885 1361; baseline -0.004 -14"><span class='ocrx_word' id='word_1_91' title='bbox 293 1291 377 1347; x_wconf 83' lang='lat' dir='ltr'><strong><em>cui</em></strong></span> <span class='ocrx_word' id='word_1_92' title='bbox 404 1291 522 1361; x_wconf 86' lang='lat' dir='ltr'><strong><em>plus</em></strong></span> <span class='ocrx_word' id='word_1_93' title='bbox 544 1290 767 1343; x_wconf 80' lang='lat' dir='ltr'><strong><em>donavit.</em></strong></span> <span class='ocrx_word' id='word_1_94' title='bbox 797 1290 863 1343; x_wconf 84' lang='lat' dir='ltr'><strong><em>Et</em></strong></span> <span class='ocrx_word' id='word_1_95' title='bbox 885 1288 1084 1359; x_wconf 75' lang='lat' dir='ltr'><strong><em>adjecit</em></strong></span> <span class='ocrx_word' id='word_1_96' title='bbox 1106 1290 1322 1344; x_wconf 89' lang='lat' dir='ltr'><strong><em>dicens:</em></strong></span> <span class='ocrx_word' id='word_1_97' title='bbox 1356 1289 1504 1343; x_wconf 80' lang='lat' dir='ltr'><strong><em>Vides</em></strong></span> <span class='ocrx_word' id='word_1_98' title='bbox 1531 1290 1680 1343; x_wconf 86' lang='lat' dir='ltr'><strong><em>istam</em></strong></span> <span class='ocrx_word' id='word_1_99' title='bbox 1703 1288 1885 1341; x_wconf 87' lang='lat' dir='ltr'><strong><em>mulie-</em></strong></span> 
     </span>
    </p>
   </div>
   <div class='ocr_carea' id='block_1_15' title="bbox 294 1380 1889 1450">
    <p class='ocr_par' dir='ltr' id='par_1_15' title="bbox 294 1380 1889 1450">
     <span class='ocr_line' id='line_1_15' title="bbox 294 1380 1889 1450; baseline -0.004 -10"><span class='ocrx_word' id='word_1_100' title='bbox 294 1386 443 1440; x_wconf 87' lang='lat' dir='ltr'><strong><em>rem?</em></strong></span> <span class='ocrx_word' id='word_1_101' title='bbox 470 1384 672 1438; x_wconf 75' lang='lat' dir='ltr'><strong><em>Intraui</em></strong></span> <span class='ocrx_word' id='word_1_102' title='bbox 710 1384 763 1437; x_wconf 85' lang='lat' dir='ltr'><strong><em>in</em></strong></span> <span class='ocrx_word' id='word_1_103' title='bbox 802 1384 1007 1437; x_wconf 86' lang='lat' dir='ltr'><strong><em>domum</em></strong></span> <span class='ocrx_word' id='word_1_104' title='bbox 1045 1393 1215 1450; x_wconf 86' lang='lat' dir='ltr'><strong><em>tuam,</em></strong></span> <span class='ocrx_word' id='word_1_105' title='bbox 1249 1384 1478 1438; x_wconf 78' lang='lat' dir='ltr'><strong><em>osculum</em></strong></span> <span class='ocrx_word' id='word_1_106' title='bbox 1516 1382 1640 1436; x_wconf 87' lang='lat' dir='ltr'><strong><em>mihi</em></strong></span> <span class='ocrx_word' id='word_1_107' title='bbox 1669 1398 1770 1436; x_wconf 88' lang='lat' dir='ltr'><strong><em>non</em></strong></span> <span class='ocrx_word' id='word_1_108' title='bbox 1801 1380 1889 1434; x_wconf 85' lang='lat' dir='ltr'><strong><em>de-</em></strong></span> 
     </span>
    </p>
   </div>
   <div class='ocr_carea' id='block_1_16' title="bbox 294 1472 1891 1545">
    <p class='ocr_par' dir='ltr' id='par_1_16' title="bbox 294 1472 1891 1545">
     <span class='ocr_line' id='line_1_16' title="bbox 294 1472 1891 1545; baseline -0.001 -14"><span class='ocrx_word' id='word_1_109' title='bbox 294 1477 447 1541; x_wconf 85' lang='lat' dir='ltr'><strong><em>disti;</em></strong></span> <span class='ocrx_word' id='word_1_110' title='bbox 487 1478 596 1531; x_wconf 72' lang='lat' dir='ltr'><strong><em>lucc</em></strong></span> <span class='ocrx_word' id='word_1_111' title='bbox 634 1484 802 1529; x_wconf 87' lang='lat' dir='ltr'><strong><em>autem</em></strong></span> <span class='ocrx_word' id='word_1_112' title='bbox 840 1490 943 1529; x_wconf 88' lang='lat' dir='ltr'><strong><em>non</em></strong></span> <span class='ocrx_word' id='word_1_113' title='bbox 982 1476 1192 1529; x_wconf 81' lang='lat' dir='ltr'><strong><em>cessarit</em></strong></span> <span class='ocrx_word' id='word_1_114' title='bbox 1229 1474 1507 1529; x_wconf 84' lang='lat' dir='ltr'><strong><em>osculando</em></strong></span> <span class='ocrx_word' id='word_1_115' title='bbox 1538 1472 1689 1545; x_wconf 88' lang='lat' dir='ltr'><strong><em>pedes</em></strong></span> <span class='ocrx_word' id='word_1_116' title='bbox 1718 1489 1891 1530; x_wconf 82' lang='lat' dir='ltr'><strong><em>meos:</em></strong></span> 
     </span>
    </p>
   </div>
   <div class='ocr_carea' id='block_1_17' title="bbox 292 1566 1885 1641">
    <p class='ocr_par' dir='ltr' id='par_1_17' title="bbox 292 1566 1885 1641">
     <span class='ocr_line' id='line_1_17' title="bbox 292 1566 1885 1641; baseline -0.003 -18"><span class='ocrx_word' id='word_1_117' title='bbox 292 1568 444 1641; x_wconf 89' lang='lat' dir='ltr'><strong><em>pedes</em></strong></span> <span class='ocrx_word' id='word_1_118' title='bbox 468 1585 605 1624; x_wconf 85' lang='lat' dir='ltr'><strong><em>meos</em></strong></span> <span class='ocrx_word' id='word_1_119' title='bbox 628 1585 729 1622; x_wconf 88' lang='lat' dir='ltr'><strong><em>non</em></strong></span> <span class='ocrx_word' id='word_1_120' title='bbox 757 1568 969 1632; x_wconf 87' lang='lat' dir='ltr'><strong><em>lavasti;</em></strong></span> <span class='ocrx_word' id='word_1_121' title='bbox 998 1568 1107 1622; x_wconf 81' lang='lat' dir='ltr'><strong><em>htec</em></strong></span> <span class='ocrx_word' id='word_1_122' title='bbox 1132 1577 1300 1622; x_wconf 88' lang='lat' dir='ltr'><strong><em>autem</em></strong></span> <span class='ocrx_word' id='word_1_123' title='bbox 1324 1568 1567 1639; x_wconf 80' lang='lat' dir='ltr'><strong><em>lacrymis</em></strong></span> <span class='ocrx_word' id='word_1_124' title='bbox 1593 1569 1699 1622; x_wconf 91' lang='lat' dir='ltr'><strong><em>suis</em></strong></span> <span class='ocrx_word' id='word_1_125' title='bbox 1726 1566 1885 1635; x_wconf 86' lang='lat' dir='ltr'><strong><em>lavit,</em></strong></span> 
     </span>
    </p>
   </div>
   <div class='ocr_carea' id='block_1_18' title="bbox 291 1661 1889 1733">
    <p class='ocr_par' dir='ltr' id='par_1_18' title="bbox 291 1661 1889 1733">
     <span class='ocr_line' id='line_1_18' title="bbox 291 1661 1889 1733; baseline -0.001 -16"><span class='ocrx_word' id='word_1_126' title='bbox 291 1672 340 1717; x_wconf 90' lang='lat' dir='ltr'><strong><em>et</em></strong></span> <span class='ocrx_word' id='word_1_127' title='bbox 367 1663 571 1733; x_wconf 78' lang='lat' dir='ltr'><strong><em>capillis</em></strong></span> <span class='ocrx_word' id='word_1_128' title='bbox 598 1662 841 1717; x_wconf 68' lang='lat' dir='ltr'><strong><em>extersit:</em></strong></span> <span class='ocrx_word' id='word_1_129' title='bbox 871 1662 982 1716; x_wconf 87' lang='lat' dir='ltr'><strong><em>oleo</em></strong></span> <span class='ocrx_word' id='word_1_130' title='bbox 1012 1662 1164 1732; x_wconf 82' lang='lat' dir='ltr'><strong><em>pedes</em></strong></span> <span class='ocrx_word' id='word_1_131' title='bbox 1192 1676 1330 1715; x_wconf 88' lang='lat' dir='ltr'><strong><em>meos</em></strong></span> <span class='ocrx_word' id='word_1_132' title='bbox 1369 1678 1472 1715; x_wconf 90' lang='lat' dir='ltr'><strong><em>non</em></strong></span> <span class='ocrx_word' id='word_1_133' title='bbox 1510 1661 1739 1726; x_wconf 70' lang='lat' dir='ltr'><strong><em>auxisti;</em></strong></span> <span class='ocrx_word' id='word_1_134' title='bbox 1783 1663 1889 1716; x_wconf 65' lang='lat' dir='ltr'><strong><em>haec</em></strong></span> 
     </span>
    </p>
   </div>
   <div class='ocr_carea' id='block_1_19' title="bbox 291 1752 1890 1824">
    <p class='ocr_par' dir='ltr' id='par_1_19' title="bbox 291 1752 1890 1824">
     <span class='ocr_line' id='line_1_19' title="bbox 291 1752 1890 1824; baseline -0.001 -15"><span class='ocrx_word' id='word_1_135' title='bbox 291 1768 459 1810; x_wconf 84' lang='lat' dir='ltr'><strong><em>autem</em></strong></span> <span class='ocrx_word' id='word_1_136' title='bbox 486 1755 653 1810; x_wconf 71' lang='lat' dir='ltr'><strong><em>unxit.</em></strong></span> <span class='ocrx_word' id='word_1_137' title='bbox 688 1752 908 1824; x_wconf 87' lang='lat' dir='ltr'><strong><em>Propter</em></strong></span> <span class='ocrx_word' id='word_1_138' title='bbox 935 1754 1072 1824; x_wconf 89' lang='lat' dir='ltr'><strong><em>quod</em></strong></span> <span class='ocrx_word' id='word_1_139' title='bbox 1101 1755 1216 1808; x_wconf 88' lang='lat' dir='ltr'><strong><em>dico</em></strong></span> <span class='ocrx_word' id='word_1_140' title='bbox 1248 1753 1367 1821; x_wconf 83' lang='lat' dir='ltr'><strong><em>tibi,</em></strong></span> <span class='ocrx_word' id='word_1_141' title='bbox 1395 1752 1580 1809; x_wconf 82' lang='lat' dir='ltr'><strong><em>Simon</em></strong></span> <span class='ocrx_word' id='word_1_142' title='bbox 1600 1796 1614 1820; x_wconf 95' lang='lat'><strong><em>,</em></strong></span> <span class='ocrx_word' id='word_1_143' title='bbox 1647 1755 1769 1824; x_wconf 91' lang='lat' dir='ltr'><strong><em>quia</em></strong></span> <span class='ocrx_word' id='word_1_144' title='bbox 1809 1771 1890 1808; x_wconf 90' lang='lat' dir='ltr'><strong><em>re-</em></strong></span> 
     </span>
    </p>
   </div>
   <div class='ocr_carea' id='block_1_20' title="bbox 1991 538 3593 616">
    <p class='ocr_par' dir='ltr' id='par_1_20' title="bbox 1991 538 3593 616">
     <span class='ocr_line' id='line_1_20' title="bbox 1991 538 3593 616; baseline -0.009 -16"><span class='ocrx_word' id='word_1_145' title='bbox 1991 546 2080 616; x_wconf 89' lang='lat' dir='ltr'><strong><em>qui</em></strong></span> <span class='ocrx_word' id='word_1_146' title='bbox 2120 543 2320 599; x_wconf 68' lang='lat' dir='ltr'><strong><em>excelsa</em></strong></span> <span class='ocrx_word' id='word_1_147' title='bbox 2338 584 2353 610; x_wconf 91' lang='lat'><strong><em>,</em></strong></span> <span class='ocrx_word' id='word_1_148' title='bbox 2387 553 2434 599; x_wconf 89' lang='lat' dir='ltr'><strong><em>et</em></strong></span> <span class='ocrx_word' id='word_1_149' title='bbox 2462 561 2525 598; x_wconf 88' lang='lat' dir='ltr'><strong><em>ne</em></strong></span> <span class='ocrx_word' id='word_1_150' title='bbox 2552 551 2695 598; x_wconf 76' lang='lat' dir='ltr'><strong><em>exeat</em></strong></span> <span class='ocrx_word' id='word_1_151' title='bbox 2725 538 3156 611; x_wconf 81' lang='lat' dir='ltr'><strong><em>magniloquentia</em></strong></span> <span class='ocrx_word' id='word_1_152' title='bbox 3183 553 3244 591; x_wconf 80' lang='lat' dir='ltr'><strong><em>ea:</em></strong></span> <span class='ocrx_word' id='word_1_153' title='bbox 3271 551 3357 589; x_wconf 89' lang='lat' dir='ltr'><strong><em>ore</em></strong></span> <span class='ocrx_word' id='word_1_154' title='bbox 3394 541 3555 587; x_wconf 83' lang='lat' dir='ltr'><strong><em>vestro</em></strong></span> <span class='ocrx_word' id='word_1_155' title='bbox 3570 549 3593 599; x_wconf 89' lang='lat'><strong><em>;</em></strong></span> 
     </span>
    </p>
   </div>
   <div class='ocr_carea' id='block_1_21' title="bbox 1990 623 3595 710">
    <p class='ocr_par' dir='ltr' id='par_1_21' title="bbox 1990 623 3595 710">
     <span class='ocr_line' id='line_1_21' title="bbox 1990 623 3595 710; baseline -0.009 -20"><span class='ocrx_word' id='word_1_156' title='bbox 1990 639 2229 710; x_wconf 82' lang='lat' dir='ltr'><strong><em>quoniam</em></strong></span> <span class='ocrx_word' id='word_1_157' title='bbox 2270 637 2419 707; x_wconf 82' lang='lat' dir='ltr'><strong><em>erigit</em></strong></span> <span class='ocrx_word' id='word_1_158' title='bbox 2459 653 2490 688; x_wconf 91' lang='lat' dir='ltr'><strong><em>a</em></strong></span> <span class='ocrx_word' id='word_1_159' title='bbox 2530 644 2664 689; x_wconf 88' lang='lat' dir='ltr'><strong><em>terra</em></strong></span> <span class='ocrx_word' id='word_1_160' title='bbox 2706 648 3014 704; x_wconf 85' lang='lat' dir='ltr'><strong><em>pauperem,</em></strong></span> <span class='ocrx_word' id='word_1_161' title='bbox 3045 648 3076 683; x_wconf 93' lang='lat' dir='ltr'><strong><em>a</em></strong></span> <span class='ocrx_word' id='word_1_162' title='bbox 3105 624 3404 699; x_wconf 89' lang='lat' dir='ltr'><strong><em>sterquilino</em></strong></span> <span class='ocrx_word' id='word_1_163' title='bbox 3446 623 3595 694; x_wconf 89' lang='lat' dir='ltr'><strong><em>erigit</em></strong></span> 
     </span>
    </p>
   </div>
   <div class='ocr_carea' id='block_1_22' title="bbox 1988 712 3594 799">
    <p class='ocr_par' dir='ltr' id='par_1_22' title="bbox 1988 712 3594 799">
     <span class='ocr_line' id='line_1_22' title="bbox 1988 712 3594 799; baseline -0.007 -16"><span class='ocrx_word' id='word_1_164' title='bbox 1988 729 2220 799; x_wconf 83' lang='lat' dir='ltr'><strong><em>inopem,</em></strong></span> <span class='ocrx_word' id='word_1_165' title='bbox 2252 739 2297 781; x_wconf 88' lang='lat' dir='ltr'><strong><em>et</em></strong></span> <span class='ocrx_word' id='word_1_166' title='bbox 2326 728 2499 781; x_wconf 89' lang='lat' dir='ltr'><strong><em>sedere</em></strong></span> <span class='ocrx_word' id='word_1_167' title='bbox 2529 738 2651 782; x_wconf 77' lang='lat' dir='ltr'><strong><em>eum”</em></strong></span> <span class='ocrx_word' id='word_1_168' title='bbox 2676 727 2802 797; x_wconf 81' lang='lat' dir='ltr'><strong><em>facit</em></strong></span> <span class='ocrx_word' id='word_1_169' title='bbox 2830 741 2944 778; x_wconf 89' lang='lat' dir='ltr'><strong><em>cum</em></strong></span> <span class='ocrx_word' id='word_1_170' title='bbox 2985 720 3267 791; x_wconf 88' lang='lat' dir='ltr'><strong><em>potentibus</em></strong></span> <span class='ocrx_word' id='word_1_171' title='bbox 3309 715 3488 789; x_wconf 86' lang='lat' dir='ltr'><strong><em>populi</em></strong></span> <span class='ocrx_word' id='word_1_172' title='bbox 3528 712 3549 788; x_wconf 97' lang='lat'><strong><em>(</em></strong></span> <span class='ocrx_word' id='word_1_173' title='bbox 3572 714 3594 771; x_wconf 90' lang='grc' dir='ltr'>Ι</span> 
     </span>
    </p>
   </div>
   <div class='ocr_carea' id='block_1_23' title="bbox 1991 808 3596 893">
    <p class='ocr_par' dir='ltr' id='par_1_23' title="bbox 1991 808 3596 893">
     <span class='ocr_line' id='line_1_23' title="bbox 1991 808 3596 893; baseline -0.009 -16"><span class='ocrx_word' id='word_1_174' title='bbox 1991 821 2119 893; x_wconf 85' lang='lat' dir='ltr'><strong><em>Reg.</em></strong></span> <span class='ocrx_word' id='word_1_175' title='bbox 2140 838 2177 875; x_wconf 88' lang='grc' dir='ltr'><strong><em>ιι</em></strong></span> <span class='ocrx_word' id='word_1_176' title='bbox 2194 863 2209 887; x_wconf 87' lang='grc'><em>,</em></span> <span class='ocrx_word' id='word_1_177' title='bbox 2233 821 2297 887; x_wconf 80' lang='lat'><strong><em>3,</em></strong></span> <span class='ocrx_word' id='word_1_178' title='bbox 2320 818 2353 876; x_wconf 90' lang='lat'><strong>8</strong></span> <span class='ocrx_word' id='word_1_179' title='bbox 2379 822 2434 888; x_wconf 81' lang='lat' dir='ltr'><strong><em>)‘l</em></strong></span> <span class='ocrx_word' id='word_1_180' title='bbox 2454 812 2567 873; x_wconf 82' lang='lat' dir='ltr'><strong><em>Non</em></strong></span> <span class='ocrx_word' id='word_1_181' title='bbox 2592 818 2803 888; x_wconf 81' lang='lat' dir='ltr'><strong><em>legisti:</em></strong></span> <span class='ocrx_word' id='word_1_182' title='bbox 2832 817 2964 884; x_wconf 87' lang='lat' dir='ltr'><strong><em>Quia</em></strong></span> <span class='ocrx_word' id='word_1_183' title='bbox 2992 813 3243 869; x_wconf 87' lang='lat' dir='ltr'><strong><em>Dominus</em></strong></span> <span class='ocrx_word' id='word_1_184' title='bbox 3265 808 3492 882; x_wconf 85' lang='lat' dir='ltr'><strong><em>superbis</em></strong></span> <span class='ocrx_word' id='word_1_185' title='bbox 3515 825 3596 862; x_wconf 87' lang='lat' dir='ltr'><strong><em>re-</em></strong></span> 
     </span>
    </p>
   </div>
   <div class='ocr_carea' id='block_1_24' title="bbox 1991 900 3595 981">
    <p class='ocr_par' dir='ltr' id='par_1_24' title="bbox 1991 900 3595 981">
     <span class='ocr_line' id='line_1_24' title="bbox 1991 900 3595 981; baseline -0.009 -11"><span class='ocrx_word' id='word_1_186' title='bbox 1991 916 2158 980; x_wconf 84' lang='lat' dir='ltr'><strong><em>sistit,</em></strong></span> <span class='ocrx_word' id='word_1_187' title='bbox 2191 912 2467 969; x_wconf 82' lang='lat' dir='ltr'><strong><em>humilibus</em></strong></span> <span class='ocrx_word' id='word_1_188' title='bbox 2492 922 2657 966; x_wconf 88' lang='lat' dir='ltr'><strong><em>autem</em></strong></span> <span class='ocrx_word' id='word_1_189' title='bbox 2685 912 2771 964; x_wconf 89' lang='lat' dir='ltr'><strong><em>dat</em></strong></span> <span class='ocrx_word' id='word_1_190' title='bbox 2798 910 3013 981; x_wconf 86' lang='lat' dir='ltr'><strong><em>gratiam</em></strong></span> <span class='ocrx_word' id='word_1_191' title='bbox 3044 906 3201 980; x_wconf 81' lang='lat' dir='ltr'><strong><em>(Jac.</em></strong></span> <span class='ocrx_word' id='word_1_192' title='bbox 3226 922 3298 967; x_wconf 84' lang='lat' dir='ltr'><strong><em>tv,</em></strong></span> <span class='ocrx_word' id='word_1_193' title='bbox 3330 904 3398 965; x_wconf 87' lang='lat'><strong><em>6;</em></strong></span> <span class='ocrx_word' id='word_1_194' title='bbox 3426 900 3449 958; x_wconf 83' lang='grc' dir='ltr'>Ι</span> <span class='ocrx_word' id='word_1_195' title='bbox 3475 900 3595 967; x_wconf 67' lang='lat' dir='ltr'><strong><em>Pet.</em></strong></span> 
     </span>
    </p>
   </div>
   <div class='ocr_carea' id='block_1_25' title="bbox 1991 992 3593 1080">
    <p class='ocr_par' dir='ltr' id='par_1_25' title="bbox 1991 992 3593 1080">
     <span class='ocr_line' id='line_1_25' title="bbox 1991 992 3593 1080; baseline -0.01 -15"><span class='ocrx_word' id='word_1_196' title='bbox 1991 1026 2045 1076; x_wconf 84' lang='lat' dir='ltr'><strong><em>v,</em></strong></span> <span class='ocrx_word' id='word_1_197' title='bbox 2069 1009 2178 1080; x_wconf 84' lang='lat'><strong><em>5)?</em></strong></span> <span class='ocrx_word' id='word_1_198' title='bbox 2204 1008 2320 1065; x_wconf 89' lang='lat' dir='ltr'><strong><em>Non</em></strong></span> <span class='ocrx_word' id='word_1_199' title='bbox 2351 1008 2520 1077; x_wconf 82' lang='lat' dir='ltr'><strong><em>legisti</em></strong></span> <span class='ocrx_word' id='word_1_200' title='bbox 2544 1025 2557 1058; x_wconf 91' lang='lat'><strong>:</strong></span> <span class='ocrx_word' id='word_1_201' title='bbox 2585 1006 2685 1073; x_wconf 86' lang='lat' dir='ltr'><strong><em>Qui</em></strong></span> <span class='ocrx_word' id='word_1_202' title='bbox 2710 1023 2764 1060; x_wconf 90' lang='lat' dir='ltr'><strong><em>se</em></strong></span> <span class='ocrx_word' id='word_1_203' title='bbox 2789 1004 2979 1059; x_wconf 78' lang='lat' dir='ltr'><strong><em>exaltat</em></strong></span> <span class='ocrx_word' id='word_1_204' title='bbox 3000 1045 3013 1067; x_wconf 94' lang='lat'><strong><em>,</em></strong></span> <span class='ocrx_word' id='word_1_205' title='bbox 3039 999 3387 1055; x_wconf 86' lang='lat' dir='ltr'><strong><em>humiliabitur</em></strong></span> <span class='ocrx_word' id='word_1_206' title='bbox 3409 994 3430 1071; x_wconf 90' lang='lat'><strong><em>(</em></strong></span> <span class='ocrx_word' id='word_1_207' title='bbox 3451 992 3593 1050; x_wconf 74' lang='lat' dir='ltr'><strong><em>Hat-</em></strong></span> 
     </span>
    </p>
   </div>
   <div class='ocr_carea' id='block_1_26' title="bbox 1996 1089 3594 1167">
    <p class='ocr_par' dir='ltr' id='par_1_26' title="bbox 1996 1089 3594 1167">
     <span class='ocr_line' id='line_1_26' title="bbox 1996 1089 3594 1167; baseline -0.008 -12"><span class='ocrx_word' id='word_1_208' title='bbox 1996 1102 2068 1155; x_wconf 91' lang='lat' dir='ltr'><strong><em>th.</em></strong></span> <span class='ocrx_word' id='word_1_209' title='bbox 2097 1112 2231 1156; x_wconf 77' lang='lat' dir='ltr'><strong><em>xxnt</em></strong></span> <span class='ocrx_word' id='word_1_210' title='bbox 2251 1142 2266 1167; x_wconf 92' lang='lat'><strong><em>,</em></strong></span> <span class='ocrx_word' id='word_1_211' title='bbox 2296 1099 2398 1163; x_wconf 68' lang='grc' dir='ltr'><strong><em>ης</em></strong></span> <span class='ocrx_word' id='word_1_212' title='bbox 2428 1094 2556 1152; x_wconf 89' lang='lat' dir='ltr'><strong><em>Luc.</em></strong></span> <span class='ocrx_word' id='word_1_213' title='bbox 2586 1112 2701 1164; x_wconf 76' lang='lat' dir='ltr'><strong><em>xw,</em></strong></span> <span class='ocrx_word' id='word_1_214' title='bbox 2737 1097 2826 1161; x_wconf 80' lang='lat' dir='ltr'><strong><em>ll;</em></strong></span> <span class='ocrx_word' id='word_1_215' title='bbox 2860 1110 3024 1159; x_wconf 83' lang='lat' dir='ltr'><strong><em>xvm,</em></strong></span> <span class='ocrx_word' id='word_1_216' title='bbox 3062 1094 3127 1147; x_wconf 69' lang='lat' dir='ltr'><strong><em>ii</em></strong></span> <span class='ocrx_word' id='word_1_217' title='bbox 3154 1091 3212 1163; x_wconf 90' lang='lat'><strong><em>)?</em></strong></span> <span class='ocrx_word' id='word_1_218' title='bbox 3239 1089 3353 1145; x_wconf 87' lang='lat' dir='ltr'><strong><em>Non</em></strong></span> <span class='ocrx_word' id='word_1_219' title='bbox 3381 1089 3594 1159; x_wconf 80' lang='lat' dir='ltr'><strong><em>legisti:</em></strong></span> 
     </span>
    </p>
   </div>
   <div class='ocr_carea' id='block_1_27' title="bbox 1996 1181 3594 1262">
    <p class='ocr_par' dir='ltr' id='par_1_27' title="bbox 1996 1181 3594 1262">
     <span class='ocr_line' id='line_1_27' title="bbox 1996 1181 3594 1262; baseline -0.009 -14"><span class='ocrx_word' id='word_1_220' title='bbox 1996 1193 2130 1258; x_wconf 85' lang='lat' dir='ltr'><strong><em>Quia</em></strong></span> <span class='ocrx_word' id='word_1_221' title='bbox 2159 1190 2299 1246; x_wconf 84' lang='lat' dir='ltr'><strong><em>Deus</em></strong></span> <span class='ocrx_word' id='word_1_222' title='bbox 2328 1188 2495 1262; x_wconf 81' lang='lat' dir='ltr'><strong><em>perdit</em></strong></span> <span class='ocrx_word' id='word_1_223' title='bbox 2521 1186 2819 1243; x_wconf 87' lang='lat' dir='ltr'><strong><em>memoriam</em></strong></span> <span class='ocrx_word' id='word_1_224' title='bbox 2847 1185 3201 1256; x_wconf 85' lang='lat' dir='ltr'><strong><em>superborum.</em></strong></span> <span class='ocrx_word' id='word_1_225' title='bbox 3231 1191 3279 1238; x_wconf 89' lang='lat' dir='ltr'><strong><em>et</em></strong></span> <span class='ocrx_word' id='word_1_226' title='bbox 3305 1199 3406 1237; x_wconf 87' lang='lat' dir='ltr'><strong><em>non</em></strong></span> <span class='ocrx_word' id='word_1_227' title='bbox 3433 1181 3594 1235; x_wconf 88' lang='lat' dir='ltr'><strong><em>relin-</em></strong></span> 
     </span>
    </p>
   </div>
   <div class='ocr_carea' id='block_1_28' title="bbox 1991 1271 3597 1357">
    <p class='ocr_par' dir='ltr' id='par_1_28' title="bbox 1991 1271 3597 1357">
     <span class='ocr_line' id='line_1_28' title="bbox 1991 1271 3597 1357; baseline -0.009 -17"><span class='ocrx_word' id='word_1_228' title='bbox 1991 1287 2097 1357; x_wconf 87' lang='lat' dir='ltr'><strong><em>quit</em></strong></span> <span class='ocrx_word' id='word_1_229' title='bbox 2138 1286 2433 1340; x_wconf 87' lang='lat' dir='ltr'><strong><em>memoriam</em></strong></span> <span class='ocrx_word' id='word_1_230' title='bbox 2464 1284 2732 1337; x_wconf 82' lang='lat' dir='ltr'><strong><em>humilium</em></strong></span> <span class='ocrx_word' id='word_1_231' title='bbox 2762 1285 2779 1349; x_wconf 91' lang='lat'><strong><em>(</em></strong></span> <span class='ocrx_word' id='word_1_232' title='bbox 2805 1278 2948 1337; x_wconf 86' lang='lat' dir='ltr'><strong><em>Psal.</em></strong></span> <span class='ocrx_word' id='word_1_233' title='bbox 2981 1296 3066 1346; x_wconf 77' lang='grc' dir='ltr'>ιιι,</span> <span class='ocrx_word' id='word_1_234' title='bbox 3098 1276 3151 1343; x_wconf 90' lang='lat'><strong><em>7,</em></strong></span> <span class='ocrx_word' id='word_1_235' title='bbox 3187 1271 3246 1332; x_wconf 83' lang='grc' dir='ltr'>Η</span> <span class='ocrx_word' id='word_1_236' title='bbox 3274 1274 3333 1349; x_wconf 78' lang='lat' dir='ltr'><strong><em>)‘l</em></strong></span> <span class='ocrx_word' id='word_1_237' title='bbox 3365 1272 3477 1329; x_wconf 84' lang='lat' dir='ltr'><strong><em>Non</em></strong></span> <span class='ocrx_word' id='word_1_238' title='bbox 3522 1274 3597 1328; x_wconf 87' lang='lat' dir='ltr'><strong><em>le-</em></strong></span> 
     </span>
    </p>
   </div>
   <div class='ocr_carea' id='block_1_29' title="bbox 1991 1366 3595 1447">
    <p class='ocr_par' dir='ltr' id='par_1_29' title="bbox 1991 1366 3595 1447">
     <span class='ocr_line' id='line_1_29' title="bbox 1991 1366 3595 1447; baseline -0.007 -15"><span class='ocrx_word' id='word_1_239' title='bbox 1991 1378 2113 1447; x_wconf 89' lang='lat' dir='ltr'><strong><em>gisti</em></strong></span> <span class='ocrx_word' id='word_1_240' title='bbox 2139 1395 2153 1431; x_wconf 86' lang='lat'><strong>:</strong></span> <span class='ocrx_word' id='word_1_241' title='bbox 2188 1377 2321 1445; x_wconf 85' lang='lat' dir='ltr'><strong><em>Quia</em></strong></span> <span class='ocrx_word' id='word_1_242' title='bbox 2350 1388 2448 1447; x_wconf 85' lang='lat' dir='ltr'><strong><em>quo</em></strong></span> <span class='ocrx_word' id='word_1_243' title='bbox 2478 1375 2671 1439; x_wconf 83' lang='lat' dir='ltr'><strong><em>iudicio</em></strong></span> <span class='ocrx_word' id='word_1_244' title='bbox 2699 1372 2811 1444; x_wconf 87' lang='lat' dir='ltr'><strong><em>quis</em></strong></span> <span class='ocrx_word' id='word_1_245' title='bbox 2832 1370 3143 1441; x_wconf 84' lang='lat' dir='ltr'><strong><em>judicaverit</em></strong></span> <span class='ocrx_word' id='word_1_246' title='bbox 3164 1412 3178 1435; x_wconf 91' lang='lat'><strong><em>,</em></strong></span> <span class='ocrx_word' id='word_1_247' title='bbox 3212 1385 3326 1423; x_wconf 88' lang='lat' dir='ltr'><strong><em>eum</em></strong></span> <span class='ocrx_word' id='word_1_248' title='bbox 3359 1366 3595 1439; x_wconf 86' lang='lat' dir='ltr'><strong><em>judicari</em></strong></span> 
     </span>
    </p>
   </div>
   <div class='ocr_carea' id='block_1_30' title="bbox 1992 1460 3597 1542">
    <p class='ocr_par' dir='ltr' id='par_1_30' title="bbox 1992 1460 3597 1542">
     <span class='ocr_line' id='line_1_30' title="bbox 1992 1460 3597 1542; baseline -0.009 -14"><span class='ocrx_word' id='word_1_249' title='bbox 1992 1489 2190 1528; x_wconf 85' lang='lat' dir='ltr'><strong><em>necesse</em></strong></span> <span class='ocrx_word' id='word_1_250' title='bbox 2215 1472 2288 1527; x_wconf 85' lang='lat' dir='ltr'><strong><em>est</em></strong></span> <span class='ocrx_word' id='word_1_251' title='bbox 2314 1470 2332 1542; x_wconf 93' lang='lat'><strong><em>(</em></strong></span> <span class='ocrx_word' id='word_1_252' title='bbox 2358 1467 2544 1525; x_wconf 77' lang='lat' dir='ltr'><strong><em>Matth.</em></strong></span> <span class='ocrx_word' id='word_1_253' title='bbox 2570 1485 2640 1524; x_wconf 80' lang='lat' dir='ltr'><strong><em>vn</em></strong></span> <span class='ocrx_word' id='word_1_254' title='bbox 2660 1511 2675 1536; x_wconf 93' lang='lat'><strong><em>,</em></strong></span> <span class='ocrx_word' id='word_1_255' title='bbox 2702 1471 2736 1523; x_wconf 73' lang='lat'><strong>2</strong></span> <span class='ocrx_word' id='word_1_256' title='bbox 2757 1466 2812 1541; x_wconf 86' lang='lat'><strong><em>)?</em></strong></span> <span class='ocrx_word' id='word_1_257' title='bbox 2841 1466 2953 1522; x_wconf 86' lang='lat' dir='ltr'><strong><em>Non</em></strong></span> <span class='ocrx_word' id='word_1_258' title='bbox 2982 1464 3186 1536; x_wconf 80' lang='lat' dir='ltr'><strong><em>legisti:</em></strong></span> <span class='ocrx_word' id='word_1_259' title='bbox 3218 1463 3349 1530; x_wconf 88' lang='lat' dir='ltr'><strong><em>Quia</em></strong></span> <span class='ocrx_word' id='word_1_260' title='bbox 3374 1461 3461 1533; x_wconf 86' lang='lat' dir='ltr'><strong><em>qui</em></strong></span> <span class='ocrx_word' id='word_1_261' title='bbox 3488 1460 3597 1514; x_wconf 89' lang='lat' dir='ltr'><strong><em>odit</em></strong></span> 
     </span>
    </p>
   </div>
   <div class='ocr_carea' id='block_1_31' title="bbox 1987 1556 3597 1637">
    <p class='ocr_par' dir='ltr' id='par_1_31' title="bbox 1987 1556 3597 1637">
     <span class='ocr_line' id='line_1_31' title="bbox 1987 1556 3597 1637; baseline -0.009 -11"><span class='ocrx_word' id='word_1_262' title='bbox 1987 1570 2205 1637; x_wconf 82' lang='lat' dir='ltr'><strong><em>fratrem</em></strong></span> <span class='ocrx_word' id='word_1_263' title='bbox 2234 1580 2415 1630; x_wconf 88' lang='lat' dir='ltr'><strong><em>suum,</em></strong></span> <span class='ocrx_word' id='word_1_264' title='bbox 2448 1568 2499 1620; x_wconf 88' lang='lat' dir='ltr'><strong><em>in</em></strong></span> <span class='ocrx_word' id='word_1_265' title='bbox 2529 1564 2740 1621; x_wconf 88' lang='lat' dir='ltr'><strong><em>tenebris</em></strong></span> <span class='ocrx_word' id='word_1_266' title='bbox 2768 1574 2867 1630; x_wconf 89' lang='lat' dir='ltr'><strong><em>est,</em></strong></span> <span class='ocrx_word' id='word_1_267' title='bbox 2903 1573 2949 1617; x_wconf 84' lang='lat' dir='ltr'><strong><em>et</em></strong></span> <span class='ocrx_word' id='word_1_268' title='bbox 2984 1564 3037 1616; x_wconf 88' lang='lat' dir='ltr'><strong><em>in</em></strong></span> <span class='ocrx_word' id='word_1_269' title='bbox 3079 1561 3291 1616; x_wconf 84' lang='lat' dir='ltr'><strong><em>tenebris</em></strong></span> <span class='ocrx_word' id='word_1_270' title='bbox 3331 1556 3597 1620; x_wconf 84' lang='lat' dir='ltr'><strong><em>ambulat;</em></strong></span> 
     </span>
    </p>
   </div>
   <div class='ocr_carea' id='block_1_32' title="bbox 1993 1651 3599 1731">
    <p class='ocr_par' dir='ltr' id='par_1_32' title="bbox 1993 1651 3599 1731">
     <span class='ocr_line' id='line_1_32' title="bbox 1993 1651 3599 1731; baseline -0.007 -14"><span class='ocrx_word' id='word_1_271' title='bbox 1993 1673 2041 1717; x_wconf 87' lang='lat' dir='ltr'><strong><em>et</em></strong></span> <span class='ocrx_word' id='word_1_272' title='bbox 2070 1678 2171 1717; x_wconf 88' lang='lat' dir='ltr'><strong><em>non</em></strong></span> <span class='ocrx_word' id='word_1_273' title='bbox 2200 1663 2295 1716; x_wconf 85' lang='lat' dir='ltr'><strong><em>scit</em></strong></span> <span class='ocrx_word' id='word_1_274' title='bbox 2324 1674 2424 1731; x_wconf 83' lang='lat' dir='ltr'><strong><em>quo</em></strong></span> <span class='ocrx_word' id='word_1_275' title='bbox 2450 1668 2562 1725; x_wconf 88' lang='lat' dir='ltr'><strong><em>eat,</em></strong></span> <span class='ocrx_word' id='word_1_276' title='bbox 2592 1661 2711 1730; x_wconf 87' lang='lat' dir='ltr'><strong><em>quia</em></strong></span> <span class='ocrx_word' id='word_1_277' title='bbox 2753 1659 2969 1713; x_wconf 76' lang='lat' dir='ltr'><strong><em>tenebrw</em></strong></span> <span class='ocrx_word' id='word_1_278' title='bbox 3007 1664 3384 1711; x_wconf 76' lang='lat' dir='ltr'><strong><em>exctecaverunt</em></strong></span> <span class='ocrx_word' id='word_1_279' title='bbox 3425 1651 3599 1707; x_wconf 89' lang='lat' dir='ltr'><strong><em>oculos</em></strong></span> 
     </span>
    </p>
   </div>
   <div class='ocr_carea' id='block_1_33' title="bbox 1992 1748 3595 1827">
    <p class='ocr_par' dir='ltr' id='par_1_33' title="bbox 1992 1748 3595 1827">
     <span class='ocr_line' id='line_1_33' title="bbox 1992 1748 3595 1827; baseline -0.006 -18"><span class='ocrx_word' id='word_1_280' title='bbox 1992 1756 2103 1826; x_wconf 86' lang='lat' dir='ltr'><strong><em>ejus</em></strong></span> <span class='ocrx_word' id='word_1_281' title='bbox 2133 1751 2187 1827; x_wconf 89' lang='lat' dir='ltr'><strong><em>(.l</em></strong></span> <span class='ocrx_word' id='word_1_282' title='bbox 2211 1752 2369 1807; x_wconf 77' lang='lat' dir='ltr'><strong><em>JOan.</em></strong></span> <span class='ocrx_word' id='word_1_283' title='bbox 2398 1768 2467 1820; x_wconf 84' lang='grc' dir='ltr'>ιι,</span> <span class='ocrx_word' id='word_1_284' title='bbox 2503 1753 2559 1807; x_wconf 82' lang='grc' dir='ltr'>Η</span> <span class='ocrx_word' id='word_1_285' title='bbox 2588 1750 2644 1824; x_wconf 89' lang='lat'><strong><em>)?</em></strong></span> <span class='ocrx_word' id='word_1_286' title='bbox 2676 1748 2827 1807; x_wconf 88' lang='lat' dir='ltr'><strong><em>Unde</em></strong></span> <span class='ocrx_word' id='word_1_287' title='bbox 2858 1751 3015 1821; x_wconf 81' lang='lat' dir='ltr'><strong><em>igitur</em></strong></span> <span class='ocrx_word' id='word_1_288' title='bbox 3046 1754 3100 1804; x_wconf 88' lang='lat' dir='ltr'><strong><em>et</em></strong></span> <span class='ocrx_word' id='word_1_289' title='bbox 3140 1757 3247 1802; x_wconf 89' lang='lat' dir='ltr'><strong><em>tam</em></strong></span> <span class='ocrx_word' id='word_1_290' title='bbox 3275 1748 3595 1812; x_wconf 87' lang='lat' dir='ltr'><strong><em>sceleratus,</em></strong></span> 
     </span>
    </p>
   </div>
   <div class='ocr_carea' id='block_1_34' title="bbox 293 1821 3595 1918">
    <p class='ocr_par' dir='ltr' id='par_1_34' title="bbox 293 1821 3595 1918">
     <span class='ocr_line' id='line_1_34' title="bbox 293 1821 3595 1918; baseline -0.003 -16"><span class='ocrx_word' id='word_1_291' title='bbox 293 1849 562 1903; x_wconf 84' lang='lat' dir='ltr'><strong><em>mittuntur</em></strong></span> <span class='ocrx_word' id='word_1_292' title='bbox 583 1847 663 1903; x_wconf 82' lang='lat' dir='ltr'><strong><em>illi</em></strong></span> <span class='ocrx_word' id='word_1_293' title='bbox 691 1821 899 1918; x_wconf 81' lang='lat' dir='ltr'><strong><em>peccata</em></strong></span> <span class='ocrx_word' id='word_1_294' title='bbox 923 1821 1051 1917; x_wconf 79' lang='lat' dir='ltr'><strong><em>eius.</em></strong></span> <span class='ocrx_word' id='word_1_295' title='bbox 1081 1846 1221 1902; x_wconf 85' lang='lat' dir='ltr'><strong><em>Ecce</em></strong></span> <span class='ocrx_word' id='word_1_296' title='bbox 1246 1846 1505 1901; x_wconf 85' lang='lat' dir='ltr'><strong><em>Dominus</em></strong></span> <span class='ocrx_word' id='word_1_297' title='bbox 1532 1821 1771 1917; x_wconf 82' lang='lat' dir='ltr'><strong><em>utrisque</em></strong></span> <span class='ocrx_word' id='word_1_298' title='bbox 1797 1845 1889 1902; x_wconf 88' lang='lat' dir='ltr'><strong><em>de-</em></strong></span> <span class='ocrx_word' id='word_1_299' title='bbox 1916 1821 1965 1882; x_wconf 81' lang='grc' dir='ltr'><strong>Β</strong></span> <span class='ocrx_word' id='word_1_300' title='bbox 1993 1821 2047 1903; x_wconf 79' lang='lat' dir='ltr'><strong><em>et</em></strong></span> <span class='ocrx_word' id='word_1_301' title='bbox 2074 1821 2179 1902; x_wconf 81' lang='lat' dir='ltr'><strong><em>tam</em></strong></span> <span class='ocrx_word' id='word_1_302' title='bbox 2207 1846 2444 1916; x_wconf 76' lang='lat' dir='ltr'><strong><em>perditus</em></strong></span> <span class='ocrx_word' id='word_1_303' title='bbox 2461 1887 2476 1911; x_wconf 92' lang='lat'><strong><em>,</em></strong></span> <span class='ocrx_word' id='word_1_304' title='bbox 2508 1821 2612 1901; x_wconf 85' lang='lat' dir='ltr'><strong><em>tam</em></strong></span> <span class='ocrx_word' id='word_1_305' title='bbox 2639 1836 2925 1899; x_wconf 82' lang='lat' dir='ltr'><strong><em>discordiae</em></strong></span> <span class='ocrx_word' id='word_1_306' title='bbox 2956 1841 3138 1897; x_wconf 91' lang='lat' dir='ltr'><strong><em>furore</em></strong></span> <span class='ocrx_word' id='word_1_307' title='bbox 3167 1856 3397 1897; x_wconf 84' lang='lat' dir='ltr'><strong><em>vesanus</em></strong></span> <span class='ocrx_word' id='word_1_308' title='bbox 3425 1839 3595 1895; x_wconf 83' lang='lat' dir='ltr'><strong><em>exsti-</em></strong></span> 
     </span>
    </p>
   </div>
   <div class='ocr_carea' id='block_1_35' title="bbox 292 1938 1891 2011">
    <p class='ocr_par' dir='ltr' id='par_1_35' title="bbox 292 1938 1891 2011">
     <span class='ocr_line' id='line_1_35' title="bbox 292 1938 1891 2011; baseline -0.001 -15"><span class='ocrx_word' id='word_1_309' title='bbox 292 1939 558 1996; x_wconf 85' lang='lat' dir='ltr'><strong><em>bitoribus</em></strong></span> <span class='ocrx_word' id='word_1_310' title='bbox 600 1940 743 2011; x_wconf 88' lang='lat' dir='ltr'><strong><em>larga</em></strong></span> <span class='ocrx_word' id='word_1_311' title='bbox 784 1954 880 1994; x_wconf 88' lang='lat' dir='ltr'><strong><em>sua</em></strong></span> <span class='ocrx_word' id='word_1_312' title='bbox 922 1940 1120 2010; x_wconf 82' lang='lat' dir='ltr'><strong><em>pietate</em></strong></span> <span class='ocrx_word' id='word_1_313' title='bbox 1159 1939 1396 1994; x_wconf 84' lang='lat' dir='ltr'><strong><em>debitum</em></strong></span> <span class='ocrx_word' id='word_1_314' title='bbox 1433 1938 1704 1995; x_wconf 78' lang='lat' dir='ltr'><strong><em>concedit.</em></strong></span> <span class='ocrx_word' id='word_1_315' title='bbox 1751 1939 1891 1995; x_wconf 87' lang='lat' dir='ltr'><strong><em>Ecce</em></strong></span> 
     </span>
    </p>
   </div>
   <div class='ocr_carea' id='block_1_36' title="bbox 292 2030 1891 2103">
    <p class='ocr_par' dir='ltr' id='par_1_36' title="bbox 292 2030 1891 2103">
     <span class='ocr_line' id='line_1_36' title="bbox 292 2030 1891 2103; baseline -0.001 -17"><span class='ocrx_word' id='word_1_316' title='bbox 292 2030 488 2087; x_wconf 86' lang='lat' dir='ltr'><strong><em>delicta</em></strong></span> <span class='ocrx_word' id='word_1_317' title='bbox 515 2031 824 2087; x_wconf 90' lang='lat' dir='ltr'><strong><em>donantem.</em></strong></span> <span class='ocrx_word' id='word_1_318' title='bbox 858 2032 999 2087; x_wconf 87' lang='lat' dir='ltr'><strong><em>Ecce</em></strong></span> <span class='ocrx_word' id='word_1_319' title='bbox 1027 2032 1303 2086; x_wconf 83' lang='lat' dir='ltr'><strong><em>mulierem</em></strong></span> <span class='ocrx_word' id='word_1_320' title='bbox 1332 2033 1686 2101; x_wconf 80' lang='lat' dir='ltr'><strong><em>peccatricem</em></strong></span> <span class='ocrx_word' id='word_1_321' title='bbox 1718 2032 1891 2103; x_wconf 74' lang='lat' dir='ltr'><strong><em>ptent-</em></strong></span> 
     </span>
    </p>
   </div>
   <div class='ocr_carea' id='block_1_37' title="bbox 294 2123 1889 2196">
    <p class='ocr_par' dir='ltr' id='par_1_37' title="bbox 294 2123 1889 2196">
     <span class='ocr_line' id='line_1_37' title="bbox 294 2123 1889 2196; baseline -0.003 -14"><span class='ocrx_word' id='word_1_322' title='bbox 294 2134 532 2193; x_wconf 80' lang='lat' dir='ltr'><strong><em>tentem,</em></strong></span> <span class='ocrx_word' id='word_1_323' title='bbox 562 2123 810 2191; x_wconf 83' lang='lat' dir='ltr'><strong><em>ﬂentem,</em></strong></span> <span class='ocrx_word' id='word_1_324' title='bbox 844 2125 1227 2196; x_wconf 80' lang='lat' dir='ltr'><strong><em>deprecantem</em></strong></span> <span class='ocrx_word' id='word_1_325' title='bbox 1247 2169 1262 2192; x_wconf 94' lang='lat'><strong><em>,</em></strong></span> <span class='ocrx_word' id='word_1_326' title='bbox 1292 2133 1349 2181; x_wconf 87' lang='lat' dir='ltr'><strong><em>et</em></strong></span> <span class='ocrx_word' id='word_1_327' title='bbox 1376 2125 1659 2180; x_wconf 80' lang='lat' dir='ltr'><strong><em>remissam</em></strong></span> <span class='ocrx_word' id='word_1_328' title='bbox 1696 2140 1889 2196; x_wconf 84' lang='lat' dir='ltr'><strong><em>pecca-</em></strong></span> 
     </span>
    </p>
   </div>
   <div class='ocr_carea' id='block_1_38' title="bbox 292 2218 871 2288">
    <p class='ocr_par' dir='ltr' id='par_1_38' title="bbox 292 2218 871 2288">
     <span class='ocr_line' id='line_1_38' title="bbox 292 2218 871 2288; baseline -0.009 -13"><span class='ocrx_word' id='word_1_329' title='bbox 292 2226 467 2275; x_wconf 85' lang='lat' dir='ltr'><strong><em>torum</em></strong></span> <span class='ocrx_word' id='word_1_330' title='bbox 497 2218 871 2288; x_wconf 85' lang='lat' dir='ltr'><strong><em>accipientem.</em></strong></span> 
     </span>
    </p>
   </div>
   <div class='ocr_carea' id='block_1_39' title="bbox 364 2309 1888 2381">
    <p class='ocr_par' dir='ltr' id='par_1_39' title="bbox 364 2309 1888 2381">
     <span class='ocr_line' id='line_1_39' title="bbox 364 2309 1888 2381; baseline -0.003 -14"><span class='ocrx_word' id='word_1_331' title='bbox 364 2311 479 2367; x_wconf 76' lang='lat' dir='ltr'><strong>XII.</strong></span> <span class='ocrx_word' id='word_1_332' title='bbox 508 2311 784 2367; x_wconf 86' lang='lat' dir='ltr'><strong><em>Erubesce</em></strong></span> <span class='ocrx_word' id='word_1_333' title='bbox 804 2313 913 2381; x_wconf 84' lang='lat' dir='ltr'><strong><em>jam</em></strong></span> <span class='ocrx_word' id='word_1_334' title='bbox 938 2326 1102 2374; x_wconf 88' lang='lat' dir='ltr'><strong><em>nunc,</em></strong></span> <span class='ocrx_word' id='word_1_335' title='bbox 1130 2312 1175 2367; x_wconf 89' lang='lat' dir='ltr'><strong><em>si</em></strong></span> <span class='ocrx_word' id='word_1_336' title='bbox 1199 2312 1314 2367; x_wconf 87' lang='lat' dir='ltr'><strong><em>fieri</em></strong></span> <span class='ocrx_word' id='word_1_337' title='bbox 1343 2319 1537 2381; x_wconf 88' lang='lat' dir='ltr'><strong><em>potest.</em></strong></span> <span class='ocrx_word' id='word_1_338' title='bbox 1562 2309 1888 2366; x_wconf 81' lang='lat' dir='ltr'><strong><em>Novatiaue:</em></strong></span> 
     </span>
    </p>
   </div>
   <div class='ocr_carea' id='block_1_40' title="bbox 300 2404 1891 2477">
    <p class='ocr_par' dir='ltr' id='par_1_40' title="bbox 300 2404 1891 2477">
     <span class='ocr_line' id='line_1_40' title="bbox 300 2404 1891 2477; baseline -0.002 -15"><span class='ocrx_word' id='word_1_339' title='bbox 300 2406 492 2462; x_wconf 86' lang='lat' dir='ltr'><strong><em>desine</em></strong></span> <span class='ocrx_word' id='word_1_340' title='bbox 516 2409 843 2477; x_wconf 72' lang='lat' dir='ltr'><strong><em>argumentis</em></strong></span> <span class='ocrx_word' id='word_1_341' title='bbox 872 2408 976 2461; x_wconf 88' lang='lat' dir='ltr'><strong><em>tuis</em></strong></span> <span class='ocrx_word' id='word_1_342' title='bbox 1006 2406 1187 2476; x_wconf 82' lang='lat' dir='ltr'><strong><em>impiis</em></strong></span> <span class='ocrx_word' id='word_1_343' title='bbox 1213 2408 1458 2461; x_wconf 88' lang='lat' dir='ltr'><strong><em>incautos</em></strong></span> <span class='ocrx_word' id='word_1_344' title='bbox 1485 2405 1765 2474; x_wconf 84' lang='lat' dir='ltr'><strong><em>decipere:</em></strong></span> <span class='ocrx_word' id='word_1_345' title='bbox 1794 2404 1891 2459; x_wconf 90' lang='lat' dir='ltr'><strong><em>de-</em></strong></span> 
     </span>
    </p>
   </div>
   <div class='ocr_carea' id='block_1_41' title="bbox 298 2495 1895 2568">
    <p class='ocr_par' dir='ltr' id='par_1_41' title="bbox 298 2495 1895 2568">
     <span class='ocr_line' id='line_1_41' title="bbox 298 2495 1895 2568; baseline 0 -17"><span class='ocrx_word' id='word_1_346' title='bbox 298 2498 417 2551; x_wconf 88' lang='lat' dir='ltr'><strong><em>sine</em></strong></span> <span class='ocrx_word' id='word_1_347' title='bbox 442 2497 601 2552; x_wconf 89' lang='lat' dir='ltr'><strong><em>unius</em></strong></span> <span class='ocrx_word' id='word_1_348' title='bbox 626 2498 843 2567; x_wconf 84' lang='lat' dir='ltr'><strong><em>capituli</em></strong></span> <span class='ocrx_word' id='word_1_349' title='bbox 873 2497 1282 2568; x_wconf 63' lang='lat' dir='ltr'><strong><em>praescriptione</em></strong></span> <span class='ocrx_word' id='word_1_350' title='bbox 1312 2507 1537 2552; x_wconf 89' lang='lat' dir='ltr'><strong><em>terrere.</em></strong></span> <span class='ocrx_word' id='word_1_351' title='bbox 1566 2495 1815 2565; x_wconf 80' lang='lat' dir='ltr'><strong><em>Legimus</em></strong></span> <span class='ocrx_word' id='word_1_352' title='bbox 1840 2502 1895 2551; x_wconf 89' lang='lat' dir='ltr'><strong><em>et</em></strong></span> 
     </span>
    </p>
   </div>
   <div class='ocr_carea' id='block_1_42' title="bbox 297 2588 1894 2662">
    <p class='ocr_par' dir='ltr' id='par_1_42' title="bbox 297 2588 1894 2662">
     <span class='ocr_line' id='line_1_42' title="bbox 297 2588 1894 2662; baseline -0.001 -18"><span class='ocrx_word' id='word_1_353' title='bbox 297 2589 608 2657; x_wconf 83' lang='lat' dir='ltr'><strong><em>adoramus,</em></strong></span> <span class='ocrx_word' id='word_1_354' title='bbox 633 2606 732 2647; x_wconf 90' lang='lat' dir='ltr'><strong><em>nec</em></strong></span> <span class='ocrx_word' id='word_1_355' title='bbox 758 2592 1215 2662; x_wconf 67' lang='lat' dir='ltr'><strong><em>praetermittimus</em></strong></span> <span class='ocrx_word' id='word_1_356' title='bbox 1235 2591 1509 2647; x_wconf 73' lang='lat' dir='ltr'><strong><em>cmlestem</em></strong></span> <span class='ocrx_word' id='word_1_357' title='bbox 1539 2588 1749 2644; x_wconf 84' lang='lat' dir='ltr'><strong><em>Domini</em></strong></span> <span class='ocrx_word' id='word_1_358' title='bbox 1774 2604 1894 2644; x_wconf 58' lang='lat' dir='ltr'><strong><em>seu.</em></strong></span> 
     </span>
    </p>
   </div>
   <div class='ocr_carea' id='block_1_43' title="bbox 298 2682 1895 2757">
    <p class='ocr_par' dir='ltr' id='par_1_43' title="bbox 298 2682 1895 2757">
     <span class='ocr_line' id='line_1_43' title="bbox 298 2682 1895 2757; baseline -0.003 -16"><span class='ocrx_word' id='word_1_359' title='bbox 298 2687 552 2752; x_wconf 78' lang='lat' dir='ltr'><strong><em>tentiam,</em></strong></span> <span class='ocrx_word' id='word_1_360' title='bbox 584 2700 687 2757; x_wconf 92' lang='lat' dir='ltr'><strong><em>qua</em></strong></span> <span class='ocrx_word' id='word_1_361' title='bbox 718 2687 792 2739; x_wconf 86' lang='lat' dir='ltr'><strong><em>ait</em></strong></span> <span class='ocrx_word' id='word_1_362' title='bbox 822 2697 1137 2757; x_wconf 85' lang='lat' dir='ltr'><strong><em>negaturum</em></strong></span> <span class='ocrx_word' id='word_1_363' title='bbox 1174 2701 1234 2740; x_wconf 86' lang='lat' dir='ltr'><strong><em>se</em></strong></span> <span class='ocrx_word' id='word_1_364' title='bbox 1269 2692 1595 2755; x_wconf 75' lang='lat' dir='ltr'><strong><em>negantem;</em></strong></span> <span class='ocrx_word' id='word_1_365' title='bbox 1634 2682 1895 2753; x_wconf 87' lang='lat' dir='ltr'><strong><em>numquid</em></strong></span> 
     </span>
    </p>
   </div>
   <div class='ocr_carea' id='block_1_44' title="bbox 298 2779 1897 2851">
    <p class='ocr_par' dir='ltr' id='par_1_44' title="bbox 298 2779 1897 2851">
     <span class='ocr_line' id='line_1_44' title="bbox 298 2779 1897 2851; baseline -0.002 -15"><span class='ocrx_word' id='word_1_366' title='bbox 298 2791 353 2836; x_wconf 90' lang='lat' dir='ltr'><strong><em>et</em></strong></span> <span class='ocrx_word' id='word_1_367' title='bbox 376 2781 762 2851; x_wconf 73' lang='lat' dir='ltr'><strong><em>ptenitentem?</em></strong></span> <span class='ocrx_word' id='word_1_368' title='bbox 783 2781 851 2835; x_wconf 88' lang='lat' dir='ltr'><strong><em>Et</em></strong></span> <span class='ocrx_word' id='word_1_369' title='bbox 870 2780 994 2851; x_wconf 88' lang='lat' dir='ltr'><strong><em>quid</em></strong></span> <span class='ocrx_word' id='word_1_370' title='bbox 1021 2794 1120 2851; x_wconf 89' lang='lat' dir='ltr'><strong><em>ego</em></strong></span> <span class='ocrx_word' id='word_1_371' title='bbox 1146 2780 1351 2834; x_wconf 87' lang='lat' dir='ltr'><strong><em>tamdiu</em></strong></span> <span class='ocrx_word' id='word_1_372' title='bbox 1371 2779 1439 2834; x_wconf 90' lang='lat' dir='ltr'><strong><em>de</em></strong></span> <span class='ocrx_word' id='word_1_373' title='bbox 1462 2779 1897 2835; x_wconf 87' lang='lat' dir='ltr'><strong><em>miserationibus</em></strong></span> 
     </span>
    </p>
   </div>
   <div class='ocr_carea' id='block_1_45' title="bbox 299 2870 1900 2945">
    <p class='ocr_par' dir='ltr' id='par_1_45' title="bbox 299 2870 1900 2945">
     <span class='ocr_line' id='line_1_45' title="bbox 299 2870 1900 2945; baseline -0.002 -16"><span class='ocrx_word' id='word_1_374' title='bbox 299 2874 526 2945; x_wconf 88' lang='lat' dir='ltr'><strong><em>probare</em></strong></span> <span class='ocrx_word' id='word_1_375' title='bbox 552 2875 760 2945; x_wconf 87' lang='lat' dir='ltr'><strong><em>singula</em></strong></span> <span class='ocrx_word' id='word_1_376' title='bbox 785 2874 1036 2944; x_wconf 78' lang='lat' dir='ltr'><strong><em>gestiam?</em></strong></span> <span class='ocrx_word' id='word_1_377' title='bbox 1052 2874 1279 2942; x_wconf 84' lang='lat' dir='ltr'><strong><em>Quando</em></strong></span> <span class='ocrx_word' id='word_1_378' title='bbox 1301 2874 1515 2944; x_wconf 83' lang='lat' dir='ltr'><strong><em>quidem</em></strong></span> <span class='ocrx_word' id='word_1_379' title='bbox 1541 2871 1789 2927; x_wconf 81' lang='lat' dir='ltr'><strong><em>Ninivitis</em></strong></span> <span class='ocrx_word' id='word_1_380' title='bbox 1806 2870 1900 2926; x_wconf 84' lang='lat' dir='ltr'><strong><em>Al-</em></strong></span> 
     </span>
    </p>
   </div>
   <div class='ocr_carea' id='block_1_46' title="bbox 299 2965 1899 3037">
    <p class='ocr_par' dir='ltr' id='par_1_46' title="bbox 299 2965 1899 3037">
     <span class='ocr_line' id='line_1_46' title="bbox 299 2965 1899 3037; baseline 0.002 -19"><span class='ocrx_word' id='word_1_381' title='bbox 299 2965 565 3037; x_wconf 87' lang='lat' dir='ltr'><strong><em>lophylis,</em></strong></span> <span class='ocrx_word' id='word_1_382' title='bbox 593 2976 650 3021; x_wconf 87' lang='lat' dir='ltr'><strong><em>et</em></strong></span> <span class='ocrx_word' id='word_1_383' title='bbox 676 2968 833 3037; x_wconf 81' lang='lat' dir='ltr'><strong><em>longe</em></strong></span> <span class='ocrx_word' id='word_1_384' title='bbox 863 2981 891 3019; x_wconf 91' lang='lat' dir='ltr'><strong><em>a</em></strong></span> <span class='ocrx_word' id='word_1_385' title='bbox 922 2965 1040 3035; x_wconf 86' lang='lat' dir='ltr'><strong><em>lege</em></strong></span> <span class='ocrx_word' id='word_1_386' title='bbox 1066 2967 1278 3020; x_wconf 86' lang='lat' dir='ltr'><strong><em>Domini</em></strong></span> <span class='ocrx_word' id='word_1_387' title='bbox 1308 2966 1614 3021; x_wconf 86' lang='lat' dir='ltr'><strong><em>constitutis</em></strong></span> <span class='ocrx_word' id='word_1_388' title='bbox 1637 3007 1650 3031; x_wconf 90' lang='lat'><strong><em>,</em></strong></span> <span class='ocrx_word' id='word_1_389' title='bbox 1680 2972 1899 3035; x_wconf 84' lang='lat' dir='ltr'><strong><em>propter</em></strong></span> 
     </span>
    </p>
   </div>
   <div class='ocr_carea' id='block_1_47' title="bbox 301 3057 1895 3130">
    <p class='ocr_par' dir='ltr' id='par_1_47' title="bbox 301 3057 1895 3130">
     <span class='ocr_line' id='line_1_47' title="bbox 301 3057 1895 3130; baseline 0 -18"><span class='ocrx_word' id='word_1_390' title='bbox 301 3057 530 3113; x_wconf 82' lang='lat' dir='ltr'><strong><em>civitatis</em></strong></span> <span class='ocrx_word' id='word_1_391' title='bbox 556 3074 668 3114; x_wconf 75' lang='lat' dir='ltr'><strong><em>sua:</em></strong></span> <span class='ocrx_word' id='word_1_392' title='bbox 692 3060 1062 3113; x_wconf 86' lang='lat' dir='ltr'><strong><em>annuntiatam</em></strong></span> <span class='ocrx_word' id='word_1_393' title='bbox 1085 3060 1423 3115; x_wconf 80' lang='lat' dir='ltr'><strong><em>eversionem</em></strong></span> <span class='ocrx_word' id='word_1_394' title='bbox 1454 3059 1895 3130; x_wconf 85' lang='lat' dir='ltr'><strong><em>deprecantibus,</em></strong></span> 
     </span>
    </p>
   </div>
   <div class='ocr_carea' id='block_1_48' title="bbox 298 3151 1895 3224">
    <p class='ocr_par' dir='ltr' id='par_1_48' title="bbox 298 3151 1895 3224">
     <span class='ocr_line' id='line_1_48' title="bbox 298 3151 1895 3224; baseline 0 -16"><span class='ocrx_word' id='word_1_395' title='bbox 298 3153 666 3209; x_wconf 84' lang='lat' dir='ltr'><strong><em>misericordia</em></strong></span> <span class='ocrx_word' id='word_1_396' title='bbox 698 3152 796 3207; x_wconf 88' lang='lat' dir='ltr'><strong><em>Dei</em></strong></span> <span class='ocrx_word' id='word_1_397' title='bbox 831 3168 936 3207; x_wconf 91' lang='lat' dir='ltr'><strong><em>non</em></strong></span> <span class='ocrx_word' id='word_1_398' title='bbox 978 3153 1276 3224; x_wconf 81' lang='lat' dir='ltr'><strong><em>denegatur</em></strong></span> <span class='ocrx_word' id='word_1_399' title='bbox 1304 3153 1329 3223; x_wconf 92' lang='lat'><strong><em>(</em></strong></span> <span class='ocrx_word' id='word_1_400' title='bbox 1350 3154 1475 3208; x_wconf 79' lang='lat' dir='ltr'><strong><em>Jon.</em></strong></span> <span class='ocrx_word' id='word_1_401' title='bbox 1508 3169 1566 3209; x_wconf 87' lang='grc' dir='ltr'><strong><em>ιιι</em></strong></span> <span class='ocrx_word' id='word_1_402' title='bbox 1587 3153 1652 3224; x_wconf 80' lang='lat'><strong><em>)?</em></strong></span> <span class='ocrx_word' id='word_1_403' title='bbox 1682 3151 1788 3223; x_wconf 87' lang='lat' dir='ltr'><strong><em>Ipsi</em></strong></span> <span class='ocrx_word' id='word_1_404' title='bbox 1820 3153 1895 3208; x_wconf 90' lang='lat' dir='ltr'><strong><em>illi</em></strong></span> 
     </span>
    </p>
   </div>
   <div class='ocr_carea' id='block_1_49' title="bbox 299 3217 1968 3317">
    <p class='ocr_par' dir='ltr' id='par_1_49' title="bbox 299 3217 1968 3317">
     <span class='ocr_line' id='line_1_49' title="bbox 299 3217 1968 3317; baseline -0.002 -15"><span class='ocrx_word' id='word_1_405' title='bbox 299 3246 565 3305; x_wconf 82' lang='lat' dir='ltr'><strong><em>Pharaoni</em></strong></span> <span class='ocrx_word' id='word_1_406' title='bbox 588 3245 844 3315; x_wconf 86' lang='lat' dir='ltr'><strong><em>sacrilega</em></strong></span> <span class='ocrx_word' id='word_1_407' title='bbox 873 3247 1173 3301; x_wconf 86' lang='lat' dir='ltr'><strong><em>temeritate</em></strong></span> <span class='ocrx_word' id='word_1_408' title='bbox 1198 3248 1517 3317; x_wconf 85' lang='lat' dir='ltr'><strong><em>repugnanti</em></strong></span> <span class='ocrx_word' id='word_1_409' title='bbox 1537 3288 1550 3310; x_wconf 92' lang='lat'><strong><em>,</em></strong></span> <span class='ocrx_word' id='word_1_410' title='bbox 1574 3261 1693 3301; x_wconf 90' lang='lat' dir='ltr'><strong><em>cum</em></strong></span> <span class='ocrx_word' id='word_1_411' title='bbox 1720 3260 1894 3316; x_wconf 86' lang='lat' dir='ltr'><strong><em>quon-</em></strong></span> <span class='ocrx_word' id='word_1_412' title='bbox 1922 3217 1968 3281; x_wconf 57' lang='grc' dir='ltr'><strong><em>(ἶ</em></strong></span> 
     </span>
    </p>
   </div>
   <div class='ocr_carea' id='block_1_50' title="bbox 299 3338 1896 3408">
    <p class='ocr_par' dir='ltr' id='par_1_50' title="bbox 299 3338 1896 3408">
     <span class='ocr_line' id='line_1_50' title="bbox 299 3338 1896 3408; baseline -0.001 -14"><span class='ocrx_word' id='word_1_413' title='bbox 299 3340 426 3394; x_wconf 85' lang='lat' dir='ltr'><strong><em>dam</em></strong></span> <span class='ocrx_word' id='word_1_414' title='bbox 473 3338 782 3394; x_wconf 65' lang='lat' dir='ltr'><strong><em>coelestibus</em></strong></span> <span class='ocrx_word' id='word_1_415' title='bbox 834 3339 1001 3408; x_wconf 77' lang='lat' dir='ltr'><strong><em>plagis</em></strong></span> <span class='ocrx_word' id='word_1_416' title='bbox 1053 3339 1453 3405; x_wconf 81' lang='lat' dir='ltr'><strong><em>verberaretur,</em></strong></span> <span class='ocrx_word' id='word_1_417' title='bbox 1503 3348 1558 3394; x_wconf 91' lang='lat' dir='ltr'><strong><em>et</em></strong></span> <span class='ocrx_word' id='word_1_418' title='bbox 1602 3354 1896 3394; x_wconf 87' lang='lat' dir='ltr'><strong><em>conversus</em></strong></span> 
     </span>
    </p>
   </div>
   <div class='ocr_carea' id='block_1_51' title="bbox 300 3430 1896 3504">
    <p class='ocr_par' dir='ltr' id='par_1_51' title="bbox 300 3430 1896 3504">
     <span class='ocr_line' id='line_1_51' title="bbox 300 3430 1896 3504; baseline -0.003 -16"><span class='ocrx_word' id='word_1_419' title='bbox 300 3432 473 3504; x_wconf 80' lang='lat' dir='ltr'><strong><em>Moysi</em></strong></span> <span class='ocrx_word' id='word_1_420' title='bbox 502 3443 557 3487; x_wconf 91' lang='lat' dir='ltr'><strong><em>et</em></strong></span> <span class='ocrx_word' id='word_1_421' title='bbox 583 3430 731 3485; x_wconf 89' lang='lat' dir='ltr'><strong><em>fratri</em></strong></span> <span class='ocrx_word' id='word_1_422' title='bbox 762 3431 878 3503; x_wconf 84' lang='lat' dir='ltr'><strong><em>ejus</em></strong></span> <span class='ocrx_word' id='word_1_423' title='bbox 907 3432 1163 3486; x_wconf 82' lang='lat' dir='ltr'><strong><em>dixisset:</em></strong></span> <span class='ocrx_word' id='word_1_424' title='bbox 1199 3430 1355 3485; x_wconf 83' lang='lat' dir='ltr'><strong><em>Orate</em></strong></span> <span class='ocrx_word' id='word_1_425' title='bbox 1381 3446 1473 3500; x_wconf 89' lang='lat' dir='ltr'><strong><em>pro</em></strong></span> <span class='ocrx_word' id='word_1_426' title='bbox 1504 3448 1583 3486; x_wconf 89' lang='lat' dir='ltr'><strong><em>me</em></strong></span> <span class='ocrx_word' id='word_1_427' title='bbox 1610 3432 1679 3485; x_wconf 90' lang='lat' dir='ltr'><strong><em>ad</em></strong></span> <span class='ocrx_word' id='word_1_428' title='bbox 1717 3430 1896 3485; x_wconf 59' lang='lat' dir='ltr'><strong><em>Domi.</em></strong></span> 
     </span>
    </p>
   </div>
   <div class='ocr_carea' id='block_1_52' title="bbox 301 3524 1897 3598">
    <p class='ocr_par' dir='ltr' id='par_1_52' title="bbox 301 3524 1897 3598">
     <span class='ocr_line' id='line_1_52' title="bbox 301 3524 1897 3598; baseline 0 -17"><span class='ocrx_word' id='word_1_429' title='bbox 301 3543 425 3581; x_wconf 87' lang='lat' dir='ltr'><strong><em>num</em></strong></span> <span class='ocrx_word' id='word_1_430' title='bbox 442 3568 458 3593; x_wconf 94' lang='lat'><strong><em>,</em></strong></span> <span class='ocrx_word' id='word_1_431' title='bbox 485 3526 605 3590; x_wconf 80' lang='lat' dir='ltr'><strong><em>quia</em></strong></span> <span class='ocrx_word' id='word_1_432' title='bbox 624 3524 825 3596; x_wconf 78' lang='lat' dir='ltr'><strong><em>peccavi</em></strong></span> <span class='ocrx_word' id='word_1_433' title='bbox 845 3526 863 3597; x_wconf 94' lang='lat'><strong><em>(</em></strong></span> <span class='ocrx_word' id='word_1_434' title='bbox 883 3524 1054 3580; x_wconf 65' lang='lat' dir='ltr'><strong><em>Exod.</em></strong></span> <span class='ocrx_word' id='word_1_435' title='bbox 1079 3541 1132 3580; x_wconf 78' lang='lat' dir='ltr'><strong><em>rx</em></strong></span> <span class='ocrx_word' id='word_1_436' title='bbox 1150 3567 1165 3593; x_wconf 96' lang='lat'><strong><em>,</em></strong></span> <span class='ocrx_word' id='word_1_437' title='bbox 1188 3524 1293 3598; x_wconf 71' lang='lat'><strong><em>28)</em></strong></span> <span class='ocrx_word' id='word_1_438' title='bbox 1315 3567 1330 3593; x_wconf 94' lang='lat'><strong><em>,</em></strong></span> <span class='ocrx_word' id='word_1_439' title='bbox 1361 3526 1716 3581; x_wconf 87' lang='lat' dir='ltr'><strong><em>iucontinenti</em></strong></span> <span class='ocrx_word' id='word_1_440' title='bbox 1737 3526 1804 3581; x_wconf 89' lang='lat' dir='ltr'><strong><em>ab</em></strong></span> <span class='ocrx_word' id='word_1_441' title='bbox 1831 3541 1897 3581; x_wconf 90' lang='lat' dir='ltr'><strong><em>eo</em></strong></span> 
     </span>
    </p>
   </div>
   <div class='ocr_carea' id='block_1_53' title="bbox 302 3617 1895 3690">
    <p class='ocr_par' dir='ltr' id='par_1_53' title="bbox 302 3617 1895 3690">
     <span class='ocr_line' id='line_1_53' title="bbox 302 3617 1895 3690; baseline -0.002 -15"><span class='ocrx_word' id='word_1_442' title='bbox 302 3619 733 3690; x_wconf 88' lang='lat' dir='ltr'><strong><em>suspendebatur</em></strong></span> <span class='ocrx_word' id='word_1_443' title='bbox 761 3620 839 3674; x_wconf 85' lang='lat' dir='ltr'><strong><em>ira</em></strong></span> <span class='ocrx_word' id='word_1_444' title='bbox 872 3619 987 3673; x_wconf 90' lang='lat' dir='ltr'><strong><em>Dei.</em></strong></span> <span class='ocrx_word' id='word_1_445' title='bbox 1021 3618 1092 3673; x_wconf 85' lang='lat' dir='ltr'><strong><em>Et</em></strong></span> <span class='ocrx_word' id='word_1_446' title='bbox 1122 3628 1176 3673; x_wconf 88' lang='lat' dir='ltr'><strong><em>tu</em></strong></span> <span class='ocrx_word' id='word_1_447' title='bbox 1200 3619 1311 3688; x_wconf 86' lang='lat' dir='ltr'><strong><em>jam</em></strong></span> <span class='ocrx_word' id='word_1_448' title='bbox 1331 3661 1346 3684; x_wconf 94' lang='lat'><strong><em>,</em></strong></span> <span class='ocrx_word' id='word_1_449' title='bbox 1386 3617 1713 3685; x_wconf 85' lang='lat' dir='ltr'><strong><em>Novatiane,</em></strong></span> <span class='ocrx_word' id='word_1_450' title='bbox 1751 3618 1895 3689; x_wconf 85' lang='lat' dir='ltr'><strong><em>judi-</em></strong></span> 
     </span>
    </p>
   </div>
   <div class='ocr_carea' id='block_1_54' title="bbox 303 3711 1898 3782">
    <p class='ocr_par' dir='ltr' id='par_1_54' title="bbox 303 3711 1898 3782">
     <span class='ocr_line' id='line_1_54' title="bbox 303 3711 1898 3782; baseline 0.001 -15"><span class='ocrx_word' id='word_1_451' title='bbox 303 3727 425 3778; x_wconf 89' lang='lat' dir='ltr'><strong><em>cas,</em></strong></span> <span class='ocrx_word' id='word_1_452' title='bbox 466 3720 521 3767; x_wconf 88' lang='lat' dir='ltr'><strong><em>et</em></strong></span> <span class='ocrx_word' id='word_1_453' title='bbox 556 3712 756 3766; x_wconf 89' lang='lat' dir='ltr'><strong><em>nullam</em></strong></span> <span class='ocrx_word' id='word_1_454' title='bbox 796 3725 946 3781; x_wconf 87' lang='lat' dir='ltr'><strong><em>spem</em></strong></span> <span class='ocrx_word' id='word_1_455' title='bbox 987 3711 1139 3782; x_wconf 88' lang='lat' dir='ltr'><strong><em>pacis</em></strong></span> <span class='ocrx_word' id='word_1_456' title='bbox 1179 3726 1243 3765; x_wconf 89' lang='lat' dir='ltr'><strong><em>ac</em></strong></span> <span class='ocrx_word' id='word_1_457' title='bbox 1281 3711 1659 3767; x_wconf 68' lang='lat' dir='ltr'><strong><em>misericordim</em></strong></span> <span class='ocrx_word' id='word_1_458' title='bbox 1700 3711 1898 3769; x_wconf 87' lang='lat' dir='ltr'><strong><em>habere</em></strong></span> 
     </span>
    </p>
   </div>
   <div class='ocr_carea' id='block_1_55' title="bbox 305 3805 1896 3877">
    <p class='ocr_par' dir='ltr' id='par_1_55' title="bbox 305 3805 1896 3877">
     <span class='ocr_line' id='line_1_55' title="bbox 305 3805 1896 3877; baseline 0.003 -18"><span class='ocrx_word' id='word_1_459' title='bbox 305 3806 484 3876; x_wconf 89' lang='lat' dir='ltr'><strong><em>lapsos</em></strong></span> <span class='ocrx_word' id='word_1_460' title='bbox 508 3806 804 3877; x_wconf 78' lang='lat' dir='ltr'><strong><em>praedicas;</em></strong></span> <span class='ocrx_word' id='word_1_461' title='bbox 838 3822 935 3861; x_wconf 90' lang='lat' dir='ltr'><strong><em>nec</em></strong></span> <span class='ocrx_word' id='word_1_462' title='bbox 964 3805 1268 3876; x_wconf 89' lang='lat' dir='ltr'><strong><em>increpanti</em></strong></span> <span class='ocrx_word' id='word_1_463' title='bbox 1297 3807 1561 3876; x_wconf 83' lang='lat' dir='ltr'><strong><em>Apostolo</em></strong></span> <span class='ocrx_word' id='word_1_464' title='bbox 1591 3822 1772 3861; x_wconf 87' lang='lat' dir='ltr'><strong><em>aurem</em></strong></span> <span class='ocrx_word' id='word_1_465' title='bbox 1804 3823 1896 3863; x_wconf 88' lang='lat' dir='ltr'><strong><em>ac-</em></strong></span> 
     </span>
    </p>
   </div>
   <div class='ocr_carea' id='block_1_56' title="bbox 303 3896 1900 3970">
    <p class='ocr_par' dir='ltr' id='par_1_56' title="bbox 303 3896 1900 3970">
     <span class='ocr_line' id='line_1_56' title="bbox 303 3896 1900 3970; baseline 0 -16"><span class='ocrx_word' id='word_1_466' title='bbox 303 3897 619 3955; x_wconf 87' lang='lat' dir='ltr'><strong><em>commodas</em></strong></span> <span class='ocrx_word' id='word_1_467' title='bbox 659 3896 895 3953; x_wconf 85' lang='lat' dir='ltr'><strong><em>dicenti:</em></strong></span> <span class='ocrx_word' id='word_1_468' title='bbox 943 3896 1020 3950; x_wconf 85' lang='lat' dir='ltr'><strong><em>Tu</em></strong></span> <span class='ocrx_word' id='word_1_469' title='bbox 1057 3899 1145 3965; x_wconf 89' lang='lat' dir='ltr'><strong><em>qui</em></strong></span> <span class='ocrx_word' id='word_1_470' title='bbox 1191 3915 1278 3964; x_wconf 89' lang='lat' dir='ltr'><strong><em>es,</em></strong></span> <span class='ocrx_word' id='word_1_471' title='bbox 1327 3899 1414 3968; x_wconf 86' lang='lat' dir='ltr'><strong><em>qui</em></strong></span> <span class='ocrx_word' id='word_1_472' title='bbox 1450 3898 1660 3970; x_wconf 75' lang='lat' dir='ltr'><strong><em>judibas</em></strong></span> <span class='ocrx_word' id='word_1_473' title='bbox 1702 3916 1900 3954; x_wconf 85' lang='lat' dir='ltr'><strong><em>servum</em></strong></span> 
     </span>
    </p>
   </div>
   <div class='ocr_carea' id='block_1_57' title="bbox 304 3990 1900 4055">
    <p class='ocr_par' dir='ltr' id='par_1_57' title="bbox 304 3990 1900 4055">
     <span class='ocr_line' id='line_1_57' title="bbox 304 3990 1900 4055; baseline -0.002 -7"><span class='ocrx_word' id='word_1_474' title='bbox 304 3993 577 4047; x_wconf 85' lang='lat' dir='ltr'><strong><em>alienum?</em></strong></span> <span class='ocrx_word' id='word_1_475' title='bbox 601 3990 822 4045; x_wconf 85' lang='lat' dir='ltr'><strong><em>Domino</em></strong></span> <span class='ocrx_word' id='word_1_476' title='bbox 849 4005 942 4043; x_wconf 89' lang='lat' dir='ltr'><strong><em>suo</em></strong></span> <span class='ocrx_word' id='word_1_477' title='bbox 981 4000 1115 4055; x_wconf 89' lang='lat' dir='ltr'><strong><em>stat,</em></strong></span> <span class='ocrx_word' id='word_1_478' title='bbox 1166 3998 1253 4043; x_wconf 88' lang='lat' dir='ltr'><strong><em>aut</em></strong></span> <span class='ocrx_word' id='word_1_479' title='bbox 1290 3990 1443 4044; x_wconf 86' lang='lat' dir='ltr'><strong><em>cadit.</em></strong></span> <span class='ocrx_word' id='word_1_480' title='bbox 1487 3990 1655 4045; x_wconf 87' lang='lat' dir='ltr'><strong><em>Stabit</em></strong></span> <span class='ocrx_word' id='word_1_481' title='bbox 1693 4001 1900 4045; x_wconf 83' lang='lat' dir='ltr'><strong><em>autem:</em></strong></span> 
     </span>
    </p>
   </div>
   <div class='ocr_carea' id='block_1_58' title="bbox 305 4081 1901 4158">
    <p class='ocr_par' dir='ltr' id='par_1_58' title="bbox 305 4081 1901 4158">
     <span class='ocr_line' id='line_1_58' title="bbox 305 4081 1901 4158; baseline -0.001 -17"><span class='ocrx_word' id='word_1_482' title='bbox 305 4094 484 4158; x_wconf 86' lang='lat' dir='ltr'><strong><em>potens</em></strong></span> <span class='ocrx_word' id='word_1_483' title='bbox 530 4094 603 4140; x_wconf 86' lang='lat' dir='ltr'><strong><em>est</em></strong></span> <span class='ocrx_word' id='word_1_484' title='bbox 641 4083 781 4138; x_wconf 85' lang='lat' dir='ltr'><strong><em>Deus</em></strong></span> <span class='ocrx_word' id='word_1_485' title='bbox 818 4082 1042 4138; x_wconf 87' lang='lat' dir='ltr'><strong><em>stabilire</em></strong></span> <span class='ocrx_word' id='word_1_486' title='bbox 1078 4099 1191 4137; x_wconf 88' lang='lat' dir='ltr'><strong><em>eum</em></strong></span> <span class='ocrx_word' id='word_1_487' title='bbox 1231 4081 1426 4150; x_wconf 86' lang='lat' dir='ltr'><strong><em>(Rom.</em></strong></span> <span class='ocrx_word' id='word_1_488' title='bbox 1455 4098 1575 4148; x_wconf 75' lang='lat' dir='ltr'><strong><em>xw,</em></strong></span> <span class='ocrx_word' id='word_1_489' title='bbox 1608 4081 1704 4154; x_wconf 75' lang='grc'><strong><em>4).</em></strong></span> <span class='ocrx_word' id='word_1_490' title='bbox 1747 4082 1901 4139; x_wconf 85' lang='lat' dir='ltr'><strong><em>Unde</em></strong></span> 
     </span>
    </p>
   </div>
   <div class='ocr_carea' id='block_1_59' title="bbox 304 4173 1898 4247">
    <p class='ocr_par' dir='ltr' id='par_1_59' title="bbox 304 4173 1898 4247">
     <span class='ocr_line' id='line_1_59' title="bbox 304 4173 1898 4247; baseline -0.002 -16"><span class='ocrx_word' id='word_1_491' title='bbox 304 4178 642 4247; x_wconf 87' lang='lat' dir='ltr'><strong><em>pertinenter</em></strong></span> <span class='ocrx_word' id='word_1_492' title='bbox 668 4184 723 4229; x_wconf 90' lang='lat' dir='ltr'><strong><em>et</em></strong></span> <span class='ocrx_word' id='word_1_493' title='bbox 750 4176 1053 4230; x_wconf 86' lang='lat' dir='ltr'><strong><em>necessarie</em></strong></span> <span class='ocrx_word' id='word_1_494' title='bbox 1081 4190 1147 4228; x_wconf 83' lang='lat' dir='ltr'><strong><em>ex</em></strong></span> <span class='ocrx_word' id='word_1_495' title='bbox 1178 4189 1404 4245; x_wconf 86' lang='lat' dir='ltr'><strong><em>persona</em></strong></span> <span class='ocrx_word' id='word_1_496' title='bbox 1432 4173 1743 4229; x_wconf 80' lang='lat' dir='ltr'><strong><em>earumdem</em></strong></span> <span class='ocrx_word' id='word_1_497' title='bbox 1782 4175 1898 4245; x_wconf 88' lang='lat' dir='ltr'><strong><em>lap-</em></strong></span> 
     </span>
    </p>
   </div>
   <div class='ocr_carea' id='block_1_60' title="bbox 305 4265 1897 4341">
    <p class='ocr_par' dir='ltr' id='par_1_60' title="bbox 305 4265 1897 4341">
     <span class='ocr_line' id='line_1_60' title="bbox 305 4265 1897 4341; baseline -0.001 -18"><span class='ocrx_word' id='word_1_498' title='bbox 305 4282 491 4323; x_wconf 88' lang='lat' dir='ltr'><strong><em>sorum</em></strong></span> <span class='ocrx_word' id='word_1_499' title='bbox 541 4268 782 4341; x_wconf 71' lang='lat' dir='ltr'><strong><em>increpat</em></strong></span> <span class='ocrx_word' id='word_1_500' title='bbox 828 4281 924 4321; x_wconf 79' lang='lat' dir='ltr'><strong><em>vos</em></strong></span> <span class='ocrx_word' id='word_1_501' title='bbox 968 4265 1203 4336; x_wconf 86' lang='lat' dir='ltr'><strong><em>Spiritus</em></strong></span> <span class='ocrx_word' id='word_1_502' title='bbox 1249 4274 1501 4334; x_wconf 87' lang='lat' dir='ltr'><strong><em>sanctus,</em></strong></span> <span class='ocrx_word' id='word_1_503' title='bbox 1552 4265 1681 4321; x_wconf 92' lang='lat' dir='ltr'><strong><em>dum</em></strong></span> <span class='ocrx_word' id='word_1_504' title='bbox 1729 4267 1897 4322; x_wconf 87' lang='lat' dir='ltr'><strong><em>dicit:</em></strong></span> 
     </span>
    </p>
   </div>
   <div class='ocr_carea' id='block_1_61' title="bbox 308 4354 1898 4429">
    <p class='ocr_par' dir='ltr' id='par_1_61' title="bbox 308 4354 1898 4429">
     <span class='ocr_line' id='line_1_61' title="bbox 308 4354 1898 4429; baseline -0.001 -16"><span class='ocrx_word' id='word_1_505' title='bbox 308 4357 439 4413; x_wconf 84' lang='lat' dir='ltr'><strong><em>Noli</em></strong></span> <span class='ocrx_word' id='word_1_506' title='bbox 488 4358 736 4429; x_wconf 89' lang='lat' dir='ltr'><strong><em>gratulari</em></strong></span> <span class='ocrx_word' id='word_1_507' title='bbox 790 4359 999 4412; x_wconf 87' lang='lat' dir='ltr'><strong><em>inimica</em></strong></span> <span class='ocrx_word' id='word_1_508' title='bbox 1027 4375 1140 4412; x_wconf 88' lang='lat' dir='ltr'><strong><em>mea</em></strong></span> <span class='ocrx_word' id='word_1_509' title='bbox 1166 4358 1320 4424; x_wconf 88' lang='lat' dir='ltr'><strong><em>mihi,</em></strong></span> <span class='ocrx_word' id='word_1_510' title='bbox 1350 4359 1590 4429; x_wconf 87' lang='lat' dir='ltr'><strong><em>quoniam</em></strong></span> <span class='ocrx_word' id='word_1_511' title='bbox 1629 4359 1676 4413; x_wconf 86' lang='lat' dir='ltr'><strong><em>si</em></strong></span> <span class='ocrx_word' id='word_1_512' title='bbox 1710 4354 1898 4428; x_wconf 84' lang='lat' dir='ltr'><strong><em>cecidi,</em></strong></span> 
     </span>
    </p>
   </div>
   <div class='ocr_carea' id='block_1_62' title="bbox 308 4452 1902 4523">
    <p class='ocr_par' dir='ltr' id='par_1_62' title="bbox 308 4452 1902 4523">
     <span class='ocr_line' id='line_1_62' title="bbox 308 4452 1902 4523; baseline 0.001 -16"><span class='ocrx_word' id='word_1_513' title='bbox 308 4462 357 4507; x_wconf 90' lang='lat' dir='ltr'><strong><em>et</em></strong></span> <span class='ocrx_word' id='word_1_514' title='bbox 382 4468 684 4523; x_wconf 72' lang='lat' dir='ltr'><strong><em>exsurgant;</em></strong></span> <span class='ocrx_word' id='word_1_515' title='bbox 730 4462 777 4506; x_wconf 91' lang='lat' dir='ltr'><strong><em>et</em></strong></span> <span class='ocrx_word' id='word_1_516' title='bbox 817 4453 861 4508; x_wconf 86' lang='lat' dir='ltr'><strong><em>si</em></strong></span> <span class='ocrx_word' id='word_1_517' title='bbox 913 4452 967 4506; x_wconf 88' lang='lat' dir='ltr'><strong><em>in</em></strong></span> <span class='ocrx_word' id='word_1_518' title='bbox 1019 4452 1232 4507; x_wconf 86' lang='lat' dir='ltr'><strong><em>tenebris</em></strong></span> <span class='ocrx_word' id='word_1_519' title='bbox 1260 4453 1615 4520; x_wconf 84' lang='lat' dir='ltr'><strong><em>ambulavero,</em></strong></span> <span class='ocrx_word' id='word_1_520' title='bbox 1651 4452 1902 4510; x_wconf 86' lang='lat' dir='ltr'><strong><em>Dominus</em></strong></span> 
     </span>
    </p>
   </div>
   <div class='ocr_carea' id='block_1_63' title="bbox 307 4544 1906 4619">
    <p class='ocr_par' dir='ltr' id='par_1_63' title="bbox 307 4544 1906 4619">
     <span class='ocr_line' id='line_1_63' title="bbox 307 4544 1906 4619; baseline 0.003 -18"><span class='ocrx_word' id='word_1_521' title='bbox 307 4548 481 4601; x_wconf 85' lang='lat' dir='ltr'><strong><em>lumen</em></strong></span> <span class='ocrx_word' id='word_1_522' title='bbox 519 4555 592 4602; x_wconf 87' lang='lat' dir='ltr'><strong><em>est</em></strong></span> <span class='ocrx_word' id='word_1_523' title='bbox 620 4544 765 4601; x_wconf 86' lang='lat' dir='ltr'><strong><em>mihi.</em></strong></span> <span class='ocrx_word' id='word_1_524' title='bbox 802 4544 949 4600; x_wconf 84' lang='lat' dir='ltr'><strong><em>Iram</em></strong></span> <span class='ocrx_word' id='word_1_525' title='bbox 978 4544 1187 4601; x_wconf 87' lang='lat' dir='ltr'><strong><em>Domini</em></strong></span> <span class='ocrx_word' id='word_1_526' title='bbox 1227 4548 1480 4615; x_wconf 84' lang='lat' dir='ltr'><strong><em>tolerabo,</em></strong></span> <span class='ocrx_word' id='word_1_527' title='bbox 1514 4550 1755 4617; x_wconf 83' lang='lat' dir='ltr'><strong><em>quoniam</em></strong></span> <span class='ocrx_word' id='word_1_528' title='bbox 1787 4565 1906 4619; x_wconf 89' lang='lat' dir='ltr'><strong><em>pec-</em></strong></span> 
     </span>
    </p>
   </div>
   <div class='ocr_carea' id='block_1_64' title="bbox 1994 1932 3599 2005">
    <p class='ocr_par' dir='ltr' id='par_1_64' title="bbox 1994 1932 3599 2005">
     <span class='ocr_line' id='line_1_64' title="bbox 1994 1932 3599 2005; baseline -0.007 -10"><span class='ocrx_word' id='word_1_529' title='bbox 1994 1941 2120 1995; x_wconf 87' lang='lat' dir='ltr'><strong><em>terit</em></strong></span> <span class='ocrx_word' id='word_1_530' title='bbox 2146 1940 2247 1995; x_wconf 85' lang='lat' dir='ltr'><strong><em>iste</em></strong></span> <span class='ocrx_word' id='word_1_531' title='bbox 2268 1939 2592 1993; x_wconf 86' lang='lat' dir='ltr'><strong><em>Novatianus</em></strong></span> <span class='ocrx_word' id='word_1_532' title='bbox 2615 1981 2630 2004; x_wconf 92' lang='lat'><strong><em>,</em></strong></span> <span class='ocrx_word' id='word_1_533' title='bbox 2660 1934 2905 1992; x_wconf 85' lang='lat' dir='ltr'><strong><em>invenire</em></strong></span> <span class='ocrx_word' id='word_1_534' title='bbox 2933 1951 3036 1991; x_wconf 86' lang='lat' dir='ltr'><strong><em>non</em></strong></span> <span class='ocrx_word' id='word_1_535' title='bbox 3066 1949 3315 2005; x_wconf 86' lang='lat' dir='ltr'><strong><em>possum;</em></strong></span> <span class='ocrx_word' id='word_1_536' title='bbox 3342 1932 3435 2003; x_wconf 88' lang='lat' dir='ltr'><strong><em>qui</em></strong></span> <span class='ocrx_word' id='word_1_537' title='bbox 3456 1946 3599 1986; x_wconf 83' lang='lat' dir='ltr'><strong><em>sem-</em></strong></span> 
     </span>
    </p>
   </div>
   <div class='ocr_carea' id='block_1_65' title="bbox 1995 2024 3597 2107">
    <p class='ocr_par' dir='ltr' id='par_1_65' title="bbox 1995 2024 3597 2107">
     <span class='ocr_line' id='line_1_65' title="bbox 1995 2024 3597 2107; baseline -0.007 -16"><span class='ocrx_word' id='word_1_538' title='bbox 1995 2050 2091 2107; x_wconf 77' lang='lat' dir='ltr'><strong><em>per</em></strong></span> <span class='ocrx_word' id='word_1_539' title='bbox 2121 2036 2172 2090; x_wconf 81' lang='lat' dir='ltr'><strong><em>in</em></strong></span> <span class='ocrx_word' id='word_1_540' title='bbox 2203 2034 2365 2091; x_wconf 88' lang='lat' dir='ltr'><strong><em>domo</em></strong></span> <span class='ocrx_word' id='word_1_541' title='bbox 2395 2049 2500 2089; x_wconf 89' lang='lat' dir='ltr'><strong><em>una</em></strong></span> <span class='ocrx_word' id='word_1_542' title='bbox 2524 2076 2537 2098; x_wconf 95' lang='lat'><strong><em>,</em></strong></span> <span class='ocrx_word' id='word_1_543' title='bbox 2568 2032 2619 2087; x_wconf 88' lang='lat' dir='ltr'><strong><em>id</em></strong></span> <span class='ocrx_word' id='word_1_544' title='bbox 2660 2041 2774 2097; x_wconf 89' lang='lat' dir='ltr'><strong><em>est,</em></strong></span> <span class='ocrx_word' id='word_1_545' title='bbox 2821 2030 3022 2087; x_wconf 89' lang='lat' dir='ltr'><strong><em>Christi</em></strong></span> <span class='ocrx_word' id='word_1_546' title='bbox 3086 2024 3353 2092; x_wconf 74' lang='lat' dir='ltr'><strong><em>Ecclesia,</em></strong></span> <span class='ocrx_word' id='word_1_547' title='bbox 3407 2025 3597 2095; x_wconf 82' lang='lat' dir='ltr'><strong><em>proxi-</em></strong></span> 
     </span>
    </p>
   </div>
   <div class='ocr_carea' id='block_1_66' title="bbox 1994 2118 3600 2197">
    <p class='ocr_par' dir='ltr' id='par_1_66' title="bbox 1994 2118 3600 2197">
     <span class='ocr_line' id='line_1_66' title="bbox 1994 2118 3600 2197; baseline -0.007 -14"><span class='ocrx_word' id='word_1_548' title='bbox 1994 2143 2205 2183; x_wconf 89' lang='lat' dir='ltr'><strong><em>morum</em></strong></span> <span class='ocrx_word' id='word_1_549' title='bbox 2232 2127 2427 2183; x_wconf 81' lang='lat' dir='ltr'><strong><em>delicta</em></strong></span> <span class='ocrx_word' id='word_1_550' title='bbox 2454 2134 2512 2180; x_wconf 90' lang='lat' dir='ltr'><strong><em>ut</em></strong></span> <span class='ocrx_word' id='word_1_551' title='bbox 2537 2126 2751 2197; x_wconf 85' lang='lat' dir='ltr'><strong><em>propria</em></strong></span> <span class='ocrx_word' id='word_1_552' title='bbox 2778 2120 3027 2187; x_wconf 86' lang='lat' dir='ltr'><strong><em>fleverit;</em></strong></span> <span class='ocrx_word' id='word_1_553' title='bbox 3055 2126 3221 2177; x_wconf 83' lang='lat' dir='ltr'><strong><em>onera</em></strong></span> <span class='ocrx_word' id='word_1_554' title='bbox 3251 2120 3473 2175; x_wconf 86' lang='lat' dir='ltr'><strong><em>fratrum</em></strong></span> <span class='ocrx_word' id='word_1_555' title='bbox 3495 2160 3511 2185; x_wconf 95' lang='lat'><strong><em>,</em></strong></span> <span class='ocrx_word' id='word_1_556' title='bbox 3535 2118 3600 2173; x_wconf 90' lang='lat' dir='ltr'><strong><em>si-</em></strong></span> 
     </span>
    </p>
   </div>
   <div class='ocr_carea' id='block_1_67' title="bbox 1993 2210 3601 2289">
    <p class='ocr_par' dir='ltr' id='par_1_67' title="bbox 1993 2210 3601 2289">
     <span class='ocr_line' id='line_1_67' title="bbox 1993 2210 3601 2289; baseline -0.006 -15"><span class='ocrx_word' id='word_1_557' title='bbox 1993 2224 2088 2274; x_wconf 89' lang='lat' dir='ltr'><strong><em>cut</em></strong></span> <span class='ocrx_word' id='word_1_558' title='bbox 2115 2218 2403 2289; x_wconf 82' lang='lat' dir='ltr'><strong><em>Apostolus</em></strong></span> <span class='ocrx_word' id='word_1_559' title='bbox 2431 2218 2672 2272; x_wconf 86' lang='lat' dir='ltr'><strong><em>hortatur</em></strong></span> <span class='ocrx_word' id='word_1_560' title='bbox 2699 2215 2852 2289; x_wconf 79' lang='lat' dir='ltr'><strong><em>(Gal.</em></strong></span> <span class='ocrx_word' id='word_1_561' title='bbox 2882 2231 2934 2270; x_wconf 74' lang='lat' dir='ltr'><strong><em>v1</em></strong></span> <span class='ocrx_word' id='word_1_562' title='bbox 2953 2258 2968 2281; x_wconf 96' lang='lat'><strong><em>,</em></strong></span> <span class='ocrx_word' id='word_1_563' title='bbox 2996 2212 3032 2270; x_wconf 70' lang='grc' dir='ltr'>Ξ</span> <span class='ocrx_word' id='word_1_564' title='bbox 3054 2214 3074 2286; x_wconf 96' lang='grc'>)</span> <span class='ocrx_word' id='word_1_565' title='bbox 3096 2256 3109 2277; x_wconf 84' lang='grc'>,</span> <span class='ocrx_word' id='word_1_566' title='bbox 3140 2211 3490 2277; x_wconf 88' lang='lat' dir='ltr'><strong><em>sustinuerit;</em></strong></span> <span class='ocrx_word' id='word_1_567' title='bbox 3519 2210 3601 2265; x_wconf 91' lang='lat' dir='ltr'><strong><em>lu-</em></strong></span> 
     </span>
    </p>
   </div>
   <div class='ocr_carea' id='block_1_68' title="bbox 1995 2300 3599 2366">
    <p class='ocr_par' dir='ltr' id='par_1_68' title="bbox 1995 2300 3599 2366">
     <span class='ocr_line' id='line_1_68' title="bbox 1995 2300 3599 2366; baseline -0.005 0"><span class='ocrx_word' id='word_1_568' title='bbox 1995 2311 2173 2366; x_wconf 85' lang='lat' dir='ltr'><strong><em>bricos</em></strong></span> <span class='ocrx_word' id='word_1_569' title='bbox 2214 2311 2266 2364; x_wconf 90' lang='lat' dir='ltr'><strong><em>in</em></strong></span> <span class='ocrx_word' id='word_1_570' title='bbox 2314 2310 2418 2364; x_wconf 81' lang='lat' dir='ltr'><strong><em>fide</em></strong></span> <span class='ocrx_word' id='word_1_571' title='bbox 2458 2310 2663 2365; x_wconf 57' lang='lat' dir='ltr'><strong><em>caelesti</em></strong></span> <span class='ocrx_word' id='word_1_572' title='bbox 2694 2306 3018 2363; x_wconf 87' lang='lat' dir='ltr'><strong><em>allocutione</em></strong></span> <span class='ocrx_word' id='word_1_573' title='bbox 3046 2300 3502 2361; x_wconf 84' lang='lat' dir='ltr'><strong><em>corroboraverit.</em></strong></span> <span class='ocrx_word' id='word_1_574' title='bbox 3530 2303 3599 2358; x_wconf 84' lang='lat' dir='ltr'><strong><em>At</em></strong></span> 
     </span>
    </p>
   </div>
   <div class='ocr_carea' id='block_1_69' title="bbox 1996 2394 3601 2473">
    <p class='ocr_par' dir='ltr' id='par_1_69' title="bbox 1996 2394 3601 2473">
     <span class='ocr_line' id='line_1_69' title="bbox 1996 2394 3601 2473; baseline -0.006 -14"><span class='ocrx_word' id='word_1_575' title='bbox 1996 2416 2141 2459; x_wconf 85' lang='lat' dir='ltr'><strong><em>nunc</em></strong></span> <span class='ocrx_word' id='word_1_576' title='bbox 2168 2416 2233 2457; x_wconf 83' lang='lat' dir='ltr'><strong><em>ex</em></strong></span> <span class='ocrx_word' id='word_1_577' title='bbox 2280 2414 2387 2473; x_wconf 85' lang='lat' dir='ltr'><strong><em>quo</em></strong></span> <span class='ocrx_word' id='word_1_578' title='bbox 2439 2401 2662 2457; x_wconf 87' lang='lat' dir='ltr'><strong><em>Cainam</em></strong></span> <span class='ocrx_word' id='word_1_579' title='bbox 2717 2401 2863 2455; x_wconf 88' lang='lat' dir='ltr'><strong><em>illam</em></strong></span> <span class='ocrx_word' id='word_1_580' title='bbox 2897 2398 3177 2464; x_wconf 77' lang='lat' dir='ltr'><strong><em>lneresim,</em></strong></span> <span class='ocrx_word' id='word_1_581' title='bbox 3210 2412 3330 2469; x_wconf 74' lang='lat' dir='ltr'><strong><em>qua:</em></strong></span> <span class='ocrx_word' id='word_1_582' title='bbox 3360 2412 3466 2452; x_wconf 93' lang='lat' dir='ltr'><strong><em>non</em></strong></span> <span class='ocrx_word' id='word_1_583' title='bbox 3499 2394 3601 2450; x_wconf 89' lang='lat' dir='ltr'><strong><em>nisi</em></strong></span> 
     </span>
    </p>
   </div>
   <div class='ocr_carea' id='block_1_70' title="bbox 1998 2490 3596 2565">
    <p class='ocr_par' dir='ltr' id='par_1_70' title="bbox 1998 2490 3596 2565">
     <span class='ocr_line' id='line_1_70' title="bbox 1998 2490 3596 2565; baseline -0.004 -13"><span class='ocrx_word' id='word_1_584' title='bbox 1998 2504 2205 2552; x_wconf 89' lang='lat' dir='ltr'><strong><em>tantum</em></strong></span> <span class='ocrx_word' id='word_1_585' title='bbox 2235 2495 2487 2550; x_wconf 87' lang='lat' dir='ltr'><strong><em>occidere</em></strong></span> <span class='ocrx_word' id='word_1_586' title='bbox 2510 2495 2706 2565; x_wconf 85' lang='lat' dir='ltr'><strong><em>gestit,</em></strong></span> <span class='ocrx_word' id='word_1_587' title='bbox 2736 2508 2994 2549; x_wconf 81' lang='lat' dir='ltr'><strong><em>exercere</em></strong></span> <span class='ocrx_word' id='word_1_588' title='bbox 3019 2493 3215 2563; x_wconf 73' lang='grc' dir='ltr'>εωρίις</span> <span class='ocrx_word' id='word_1_589' title='bbox 3246 2506 3348 2546; x_wconf 84' lang='lat' dir='ltr'><strong><em>nec</em></strong></span> <span class='ocrx_word' id='word_1_590' title='bbox 3374 2490 3472 2544; x_wconf 88' lang='lat' dir='ltr'><strong><em>sibi</em></strong></span> <span class='ocrx_word' id='word_1_591' title='bbox 3502 2505 3596 2545; x_wconf 89' lang='lat' dir='ltr'><strong><em>uo-</em></strong></span> 
     </span>
    </p>
   </div>
   <div class='ocr_carea' id='block_1_71' title="bbox 1997 2585 3601 2658">
    <p class='ocr_par' dir='ltr' id='par_1_71' title="bbox 1997 2585 3601 2658">
     <span class='ocr_line' id='line_1_71' title="bbox 1997 2585 3601 2658; baseline 0 -15"><span class='ocrx_word' id='word_1_592' title='bbox 1997 2591 2215 2644; x_wconf 79' lang='lat' dir='ltr'><strong><em>visslme</em></strong></span> <span class='ocrx_word' id='word_1_593' title='bbox 2254 2589 2446 2658; x_wconf 85' lang='lat' dir='ltr'><strong><em>parcit.</em></strong></span> <span class='ocrx_word' id='word_1_594' title='bbox 2488 2586 2809 2643; x_wconf 72' lang='lat' dir='ltr'><strong><em>Cazterumsi</em></strong></span> <span class='ocrx_word' id='word_1_595' title='bbox 2837 2588 3055 2656; x_wconf 83' lang='lat' dir='ltr'><strong><em>legisset</em></strong></span> <span class='ocrx_word' id='word_1_596' title='bbox 3078 2585 3201 2657; x_wconf 87' lang='lat' dir='ltr'><strong><em>quia</em></strong></span> <span class='ocrx_word' id='word_1_597' title='bbox 3233 2585 3440 2657; x_wconf 84' lang='lat' dir='ltr'><strong><em>justitia</em></strong></span> <span class='ocrx_word' id='word_1_598' title='bbox 3470 2586 3601 2656; x_wconf 86' lang='lat' dir='ltr'><strong><em>justi</em></strong></span> 
     </span>
    </p>
   </div>
   <div class='ocr_carea' id='block_1_72' title="bbox 1998 2678 3602 2754">
    <p class='ocr_par' dir='ltr' id='par_1_72' title="bbox 1998 2678 3602 2754">
     <span class='ocr_line' id='line_1_72' title="bbox 1998 2678 3602 2754; baseline -0.004 -15"><span class='ocrx_word' id='word_1_599' title='bbox 1998 2703 2101 2739; x_wconf 90' lang='lat' dir='ltr'><strong><em>non</em></strong></span> <span class='ocrx_word' id='word_1_600' title='bbox 2128 2684 2360 2739; x_wconf 83' lang='lat' dir='ltr'><strong><em>liberabit</em></strong></span> <span class='ocrx_word' id='word_1_601' title='bbox 2386 2700 2497 2738; x_wconf 89' lang='lat' dir='ltr'><strong><em>eum</em></strong></span> <span class='ocrx_word' id='word_1_602' title='bbox 2525 2684 2577 2737; x_wconf 86' lang='lat' dir='ltr'><strong><em>in</em></strong></span> <span class='ocrx_word' id='word_1_603' title='bbox 2604 2684 2686 2737; x_wconf 89' lang='lat' dir='ltr'><strong><em>die</em></strong></span> <span class='ocrx_word' id='word_1_604' title='bbox 2705 2700 2803 2751; x_wconf 90' lang='lat' dir='ltr'><strong><em>qua</em></strong></span> <span class='ocrx_word' id='word_1_605' title='bbox 2828 2680 3066 2735; x_wconf 76' lang='lat' dir='ltr'><strong><em>erraverit</em></strong></span> <span class='ocrx_word' id='word_1_606' title='bbox 3083 2724 3096 2743; x_wconf 86' lang='lat'><strong><em>,</em></strong></span> <span class='ocrx_word' id='word_1_607' title='bbox 3123 2688 3168 2735; x_wconf 90' lang='lat' dir='ltr'><strong><em>et</em></strong></span> <span class='ocrx_word' id='word_1_608' title='bbox 3192 2680 3433 2754; x_wconf 86' lang='lat' dir='ltr'><strong><em>iniquitas</em></strong></span> <span class='ocrx_word' id='word_1_609' title='bbox 3458 2678 3602 2749; x_wconf 84' lang='lat' dir='ltr'><strong><em>impii</em></strong></span> 
     </span>
    </p>
   </div>
   <div class='ocr_carea' id='block_1_73' title="bbox 1999 2772 3598 2849">
    <p class='ocr_par' dir='ltr' id='par_1_73' title="bbox 1999 2772 3598 2849">
     <span class='ocr_line' id='line_1_73' title="bbox 1999 2772 3598 2849; baseline -0.003 -14"><span class='ocrx_word' id='word_1_610' title='bbox 1999 2798 2101 2835; x_wconf 89' lang='lat' dir='ltr'><strong><em>non</em></strong></span> <span class='ocrx_word' id='word_1_611' title='bbox 2138 2780 2332 2835; x_wconf 85' lang='lat' dir='ltr'><strong><em>nocebit</em></strong></span> <span class='ocrx_word' id='word_1_612' title='bbox 2387 2779 2432 2833; x_wconf 88' lang='lat' dir='ltr'><strong><em>ei</em></strong></span> <span class='ocrx_word' id='word_1_613' title='bbox 2492 2794 2554 2834; x_wconf 79' lang='lat' dir='ltr'><strong><em>ea;</em></strong></span> <span class='ocrx_word' id='word_1_614' title='bbox 2589 2796 2689 2849; x_wconf 87' lang='lat' dir='ltr'><strong><em>qua</em></strong></span> <span class='ocrx_word' id='word_1_615' title='bbox 2726 2772 2807 2832; x_wconf 84' lang='lat' dir='ltr'><strong><em>die</em></strong></span> <span class='ocrx_word' id='word_1_616' title='bbox 2844 2793 3115 2831; x_wconf 84' lang='lat' dir='ltr'><strong><em>conversus</em></strong></span> <span class='ocrx_word' id='word_1_617' title='bbox 3156 2777 3307 2846; x_wconf 82' lang='lat' dir='ltr'><strong><em>fuerit</em></strong></span> <span class='ocrx_word' id='word_1_618' title='bbox 3357 2772 3378 2849; x_wconf 90' lang='lat'><strong><em>(</em></strong></span> <span class='ocrx_word' id='word_1_619' title='bbox 3408 2775 3598 2831; x_wconf 75' lang='lat' dir='ltr'><strong><em>Ezech.</em></strong></span> 
     </span>
    </p>
   </div>
   <div class='ocr_carea' id='block_1_74' title="bbox 2004 2861 3602 2945">
    <p class='ocr_par' dir='ltr' id='par_1_74' title="bbox 2004 2861 3602 2945">
     <span class='ocr_line' id='line_1_74' title="bbox 2004 2861 3602 2945; baseline -0.003 -16"><span class='ocrx_word' id='word_1_620' title='bbox 2004 2882 2211 2941; x_wconf 79' lang='lat' dir='ltr'><strong><em>xxxm,</em></strong></span> <span class='ocrx_word' id='word_1_621' title='bbox 2244 2872 2389 2945; x_wconf 77' lang='grc'>12),</span> <span class='ocrx_word' id='word_1_622' title='bbox 2418 2874 2528 2943; x_wconf 84' lang='lat' dir='ltr'><strong><em>jam</em></strong></span> <span class='ocrx_word' id='word_1_623' title='bbox 2560 2870 2687 2927; x_wconf 91' lang='lat' dir='ltr'><strong><em>olim</em></strong></span> <span class='ocrx_word' id='word_1_624' title='bbox 2721 2873 2771 2926; x_wconf 89' lang='lat' dir='ltr'><strong><em>in</em></strong></span> <span class='ocrx_word' id='word_1_625' title='bbox 2801 2872 2984 2927; x_wconf 90' lang='lat' dir='ltr'><strong><em>cinere</em></strong></span> <span class='ocrx_word' id='word_1_626' title='bbox 3022 2870 3338 2941; x_wconf 63' lang='lat' dir='ltr'><strong><em>paeniteret,</em></strong></span> <span class='ocrx_word' id='word_1_627' title='bbox 3383 2866 3472 2923; x_wconf 88' lang='lat' dir='ltr'><strong><em>ille</em></strong></span> <span class='ocrx_word' id='word_1_628' title='bbox 3511 2861 3602 2939; x_wconf 88' lang='lat' dir='ltr'><strong><em>qui</em></strong></span> 
     </span>
    </p>
   </div>
   <div class='ocr_carea' id='block_1_75' title="bbox 2001 2954 3601 3039">
    <p class='ocr_par' dir='ltr' id='par_1_75' title="bbox 2001 2954 3601 3039">
     <span class='ocr_line' id='line_1_75' title="bbox 2001 2954 3601 3039; baseline -0.003 -15"><span class='ocrx_word' id='word_1_629' title='bbox 2001 2983 2215 3039; x_wconf 87' lang='lat' dir='ltr'><strong><em>semper</em></strong></span> <span class='ocrx_word' id='word_1_630' title='bbox 2238 2966 2621 3039; x_wconf 62' lang='lat' dir='ltr'><strong><em>penitentibus</em></strong></span> <span class='ocrx_word' id='word_1_631' title='bbox 2648 2968 2990 3022; x_wconf 84' lang='lat' dir='ltr'><strong><em>adversatur:</em></strong></span> <span class='ocrx_word' id='word_1_632' title='bbox 3020 2964 3109 3036; x_wconf 90' lang='lat' dir='ltr'><strong><em>qui</em></strong></span> <span class='ocrx_word' id='word_1_633' title='bbox 3138 2964 3189 3019; x_wconf 88' lang='lat' dir='ltr'><strong><em>in</em></strong></span> <span class='ocrx_word' id='word_1_634' title='bbox 3216 2954 3369 3020; x_wconf 86' lang='lat' dir='ltr'><strong><em>ruina</em></strong></span> <span class='ocrx_word' id='word_1_635' title='bbox 3394 2962 3601 3019; x_wconf 77' lang='lat' dir='ltr'><strong><em>facilius</em></strong></span> 
     </span>
    </p>
   </div>
   <div class='ocr_carea' id='block_1_76' title="bbox 2003 3057 3603 3131">
    <p class='ocr_par' dir='ltr' id='par_1_76' title="bbox 2003 3057 3603 3131">
     <span class='ocr_line' id='line_1_76' title="bbox 2003 3057 3603 3131; baseline -0.004 -14"><span class='ocrx_word' id='word_1_636' title='bbox 2003 3063 2387 3118; x_wconf 64' lang='lat' dir='ltr'><strong><em>mdillcatorum</em></strong></span> <span class='ocrx_word' id='word_1_637' title='bbox 2418 3061 2672 3116; x_wconf 85' lang='lat' dir='ltr'><strong><em>stantium</em></strong></span> <span class='ocrx_word' id='word_1_638' title='bbox 2699 3068 3013 3131; x_wconf 87' lang='lat' dir='ltr'><strong><em>operantur,</em></strong></span> <span class='ocrx_word' id='word_1_639' title='bbox 3037 3074 3197 3130; x_wconf 88' lang='lat' dir='ltr'><strong><em>quam</em></strong></span> <span class='ocrx_word' id='word_1_640' title='bbox 3226 3061 3275 3111; x_wconf 91' lang='lat' dir='ltr'><strong><em>in</em></strong></span> <span class='ocrx_word' id='word_1_641' title='bbox 3304 3057 3603 3112; x_wconf 88' lang='lat' dir='ltr'><strong><em>structione</em></strong></span> 
     </span>
    </p>
   </div>
   <div class='ocr_carea' id='block_1_77' title="bbox 2002 3146 3603 3227">
    <p class='ocr_par' dir='ltr' id='par_1_77' title="bbox 2002 3146 3603 3227">
     <span class='ocr_line' id='line_1_77' title="bbox 2002 3146 3603 3227; baseline -0.005 -17"><span class='ocrx_word' id='word_1_642' title='bbox 2002 3155 2287 3227; x_wconf 73' lang='lat' dir='ltr'><strong><em>iacentium</em></strong></span> <span class='ocrx_word' id='word_1_643' title='bbox 2328 3156 2635 3219; x_wconf 86' lang='lat' dir='ltr'><strong><em>ruinarum;</em></strong></span> <span class='ocrx_word' id='word_1_644' title='bbox 2680 3155 2765 3225; x_wconf 91' lang='lat' dir='ltr'><strong><em>qui</em></strong></span> <span class='ocrx_word' id='word_1_645' title='bbox 2800 3150 2993 3207; x_wconf 87' lang='lat' dir='ltr'><strong><em>multos</em></strong></span> <span class='ocrx_word' id='word_1_646' title='bbox 3023 3168 3086 3207; x_wconf 78' lang='lat' dir='ltr'><strong><em>ex</em></strong></span> <span class='ocrx_word' id='word_1_647' title='bbox 3119 3146 3376 3206; x_wconf 79' lang='lat' dir='ltr'><strong><em>fratribus</em></strong></span> <span class='ocrx_word' id='word_1_648' title='bbox 3406 3148 3603 3203; x_wconf 87' lang='lat' dir='ltr'><strong><em>nostris</em></strong></span> 
     </span>
    </p>
   </div>
   <div class='ocr_carea' id='block_1_78' title="bbox 2002 3240 3585 3310">
    <p class='ocr_par' dir='ltr' id='par_1_78' title="bbox 2002 3240 3585 3310">
     <span class='ocr_line' id='line_1_78' title="bbox 2002 3240 3585 3310; baseline -0.006 -6"><span class='ocrx_word' id='word_1_649' title='bbox 2002 3249 2332 3305; x_wconf 87' lang='lat' dir='ltr'><strong><em>miserrimos</em></strong></span> <span class='ocrx_word' id='word_1_650' title='bbox 2380 3246 2529 3302; x_wconf 83' lang='lat' dir='ltr'><strong><em>falsis</em></strong></span> <span class='ocrx_word' id='word_1_651' title='bbox 2581 3247 2691 3301; x_wconf 88' lang='lat' dir='ltr'><strong><em>suis</em></strong></span> <span class='ocrx_word' id='word_1_652' title='bbox 2729 3243 3189 3300; x_wconf 84' lang='lat' dir='ltr'><strong><em>adversationibus</em></strong></span> <span class='ocrx_word' id='word_1_653' title='bbox 3232 3240 3543 3310; x_wconf 82' lang='lat' dir='ltr'><strong><em>perterritos</em></strong></span> <span class='ocrx_word' id='word_1_654' title='bbox 3570 3284 3585 3305; x_wconf 94' lang='lat'><strong><em>,</em></strong></span> 
     </span>
    </p>
   </div>
   <div class='ocr_carea' id='block_1_79' title="bbox 2001 3330 3602 3408">
    <p class='ocr_par' dir='ltr' id='par_1_79' title="bbox 2001 3330 3602 3408">
     <span class='ocr_line' id='line_1_79' title="bbox 2001 3330 3602 3408; baseline -0.006 -12"><span class='ocrx_word' id='word_1_655' title='bbox 2001 3342 2196 3397; x_wconf 87' lang='lat' dir='ltr'><strong><em>iterum</em></strong></span> <span class='ocrx_word' id='word_1_656' title='bbox 2239 3338 2367 3395; x_wconf 83' lang='lat' dir='ltr'><strong><em>fecit</em></strong></span> <span class='ocrx_word' id='word_1_657' title='bbox 2396 3337 2673 3406; x_wconf 89' lang='lat' dir='ltr'><strong><em>ethnicos,</em></strong></span> <span class='ocrx_word' id='word_1_658' title='bbox 2705 3334 2936 3393; x_wconf 86' lang='lat' dir='ltr'><strong><em>dicendo</em></strong></span> <span class='ocrx_word' id='word_1_659' title='bbox 2965 3336 3108 3408; x_wconf 89' lang='lat' dir='ltr'><strong><em>quod</em></strong></span> <span class='ocrx_word' id='word_1_660' title='bbox 3139 3334 3454 3406; x_wconf 71' lang='lat' dir='ltr'><strong><em>pmnilentia</em></strong></span> <span class='ocrx_word' id='word_1_661' title='bbox 3490 3330 3602 3405; x_wconf 83' lang='lat' dir='ltr'><strong><em>lap-</em></strong></span> 
     </span>
    </p>
   </div>
   <div class='ocr_carea' id='block_1_80' title="bbox 2000 3424 3597 3505">
    <p class='ocr_par' dir='ltr' id='par_1_80' title="bbox 2000 3424 3597 3505">
     <span class='ocr_line' id='line_1_80' title="bbox 2000 3424 3597 3505; baseline -0.004 -14"><span class='ocrx_word' id='word_1_662' title='bbox 2000 3450 2181 3491; x_wconf 88' lang='lat' dir='ltr'><strong><em>sorum</em></strong></span> <span class='ocrx_word' id='word_1_663' title='bbox 2212 3433 2283 3490; x_wconf 83' lang='lat' dir='ltr'><strong><em>sit</em></strong></span> <span class='ocrx_word' id='word_1_664' title='bbox 2306 3446 2442 3490; x_wconf 79' lang='lat' dir='ltr'><strong><em>vana</em></strong></span> <span class='ocrx_word' id='word_1_665' title='bbox 2465 3477 2479 3499; x_wconf 93' lang='lat'><strong><em>,</em></strong></span> <span class='ocrx_word' id='word_1_666' title='bbox 2511 3442 2610 3489; x_wconf 85' lang='lat' dir='ltr'><strong><em>nec</em></strong></span> <span class='ocrx_word' id='word_1_667' title='bbox 2640 3434 2809 3505; x_wconf 82' lang='lat' dir='ltr'><strong><em>pussit</em></strong></span> <span class='ocrx_word' id='word_1_668' title='bbox 2837 3432 2915 3489; x_wconf 90' lang='lat' dir='ltr'><strong><em>eis</em></strong></span> <span class='ocrx_word' id='word_1_669' title='bbox 2946 3432 3208 3505; x_wconf 86' lang='lat' dir='ltr'><strong><em>prolicere</em></strong></span> <span class='ocrx_word' id='word_1_670' title='bbox 3237 3424 3302 3486; x_wconf 89' lang='lat' dir='ltr'><strong><em>ad</em></strong></span> <span class='ocrx_word' id='word_1_671' title='bbox 3333 3431 3597 3499; x_wconf 86' lang='lat' dir='ltr'><strong><em>salutem;</em></strong></span> 
     </span>
    </p>
   </div>
   <div class='ocr_carea' id='block_1_81' title="bbox 1999 3518 3603 3600">
    <p class='ocr_par' dir='ltr' id='par_1_81' title="bbox 1999 3518 3603 3600">
     <span class='ocr_line' id='line_1_81' title="bbox 1999 3518 3603 3600; baseline -0.004 -16"><span class='ocrx_word' id='word_1_672' title='bbox 1999 3531 2267 3585; x_wconf 88' lang='lat' dir='ltr'><strong><em>clamante</em></strong></span> <span class='ocrx_word' id='word_1_673' title='bbox 2304 3528 2579 3600; x_wconf 86' lang='lat' dir='ltr'><strong><em>Scriptura</em></strong></span> <span class='ocrx_word' id='word_1_674' title='bbox 2619 3537 2673 3583; x_wconf 85' lang='lat' dir='ltr'><strong><em>et</em></strong></span> <span class='ocrx_word' id='word_1_675' title='bbox 2710 3522 2955 3583; x_wconf 81' lang='lat' dir='ltr'><strong><em>dicente:</em></strong></span> <span class='ocrx_word' id='word_1_676' title='bbox 3000 3520 3257 3580; x_wconf 77' lang='lat' dir='ltr'><strong><em>Memento</em></strong></span> <span class='ocrx_word' id='word_1_677' title='bbox 3296 3518 3429 3579; x_wconf 89' lang='lat' dir='ltr'><strong><em>unde</em></strong></span> <span class='ocrx_word' id='word_1_678' title='bbox 3464 3525 3603 3578; x_wconf 76' lang='lat' dir='ltr'><strong><em>exci-</em></strong></span> 
     </span>
    </p>
   </div>
   <div class='ocr_carea' id='block_1_82' title="bbox 2001 3614 3601 3694">
    <p class='ocr_par' dir='ltr' id='par_1_82' title="bbox 2001 3614 3601 3694">
     <span class='ocr_line' id='line_1_82' title="bbox 2001 3614 3601 3694; baseline -0.004 -17"><span class='ocrx_word' id='word_1_679' title='bbox 2001 3624 2137 3677; x_wconf 87' lang='lat' dir='ltr'><strong><em>deris</em></strong></span> <span class='ocrx_word' id='word_1_680' title='bbox 2157 3665 2171 3688; x_wconf 94' lang='lat'><strong><em>,</em></strong></span> <span class='ocrx_word' id='word_1_681' title='bbox 2198 3630 2246 3677; x_wconf 88' lang='lat' dir='ltr'><strong><em>et</em></strong></span> <span class='ocrx_word' id='word_1_682' title='bbox 2272 3638 2368 3694; x_wconf 88' lang='lat' dir='ltr'><strong><em>age</em></strong></span> <span class='ocrx_word' id='word_1_683' title='bbox 2405 3622 2790 3694; x_wconf 73' lang='lat' dir='ltr'><strong><em>pmnltentiam;</em></strong></span> <span class='ocrx_word' id='word_1_684' title='bbox 2818 3622 2860 3674; x_wconf 87' lang='lat' dir='ltr'><strong><em>si</em></strong></span> <span class='ocrx_word' id='word_1_685' title='bbox 2890 3635 2989 3691; x_wconf 86' lang='lat' dir='ltr'><strong><em>quo</em></strong></span> <span class='ocrx_word' id='word_1_686' title='bbox 3019 3614 3187 3673; x_wconf 87' lang='lat' dir='ltr'><strong><em>minus</em></strong></span> <span class='ocrx_word' id='word_1_687' title='bbox 3207 3661 3222 3685; x_wconf 95' lang='lat'><strong><em>,</em></strong></span> <span class='ocrx_word' id='word_1_688' title='bbox 3251 3618 3450 3673; x_wconf 82' lang='lat' dir='ltr'><strong><em>ueniam</em></strong></span> <span class='ocrx_word' id='word_1_689' title='bbox 3477 3616 3601 3684; x_wconf 88' lang='lat' dir='ltr'><strong><em>tibi,</em></strong></span> 
     </span>
    </p>
   </div>
   <div class='ocr_carea' id='block_1_83' title="bbox 2000 3698 3603 3786">
    <p class='ocr_par' dir='ltr' id='par_1_83' title="bbox 2000 3698 3603 3786">
     <span class='ocr_line' id='line_1_83' title="bbox 2000 3698 3603 3786; baseline -0.004 -16"><span class='ocrx_word' id='word_1_690' title='bbox 2000 3716 2100 3770; x_wconf 87' lang='lat' dir='ltr'><strong><em>nisi</em></strong></span> <span class='ocrx_word' id='word_1_691' title='bbox 2140 3715 2485 3784; x_wconf 81' lang='lat' dir='ltr'><strong><em>paenitentiam</em></strong></span> <span class='ocrx_word' id='word_1_692' title='bbox 2523 3716 2682 3786; x_wconf 79' lang='lat' dir='ltr'><strong><em>egeris</em></strong></span> <span class='ocrx_word' id='word_1_693' title='bbox 2722 3706 2926 3786; x_wconf 80' lang='lat' dir='ltr'><strong><em>(Apoc.</em></strong></span> <span class='ocrx_word' id='word_1_694' title='bbox 2959 3728 3030 3779; x_wconf 83' lang='lat' dir='ltr'><strong><em>tt,</em></strong></span> <span class='ocrx_word' id='word_1_695' title='bbox 3062 3710 3159 3783; x_wconf 84' lang='lat'><strong><em>5).</em></strong></span> <span class='ocrx_word' id='word_1_696' title='bbox 3195 3706 3261 3765; x_wconf 85' lang='lat' dir='ltr'><strong><em>Et</em></strong></span> <span class='ocrx_word' id='word_1_697' title='bbox 3287 3708 3502 3782; x_wconf 89' lang='lat' dir='ltr'><strong><em>quidem</em></strong></span> <span class='ocrx_word' id='word_1_698' title='bbox 3535 3698 3603 3763; x_wconf 89' lang='lat' dir='ltr'><strong><em>ad</em></strong></span> 
     </span>
    </p>
   </div>
   <div class='ocr_carea' id='block_1_84' title="bbox 2000 3802 3605 3879">
    <p class='ocr_par' dir='ltr' id='par_1_84' title="bbox 2000 3802 3605 3879">
     <span class='ocr_line' id='line_1_84' title="bbox 2000 3802 3605 3879; baseline -0.002 -17"><span class='ocrx_word' id='word_1_699' title='bbox 2000 3817 2207 3879; x_wconf 88' lang='lat' dir='ltr'><strong><em>septem</em></strong></span> <span class='ocrx_word' id='word_1_700' title='bbox 2233 3807 2492 3864; x_wconf 88' lang='lat' dir='ltr'><strong><em>ecclesias</em></strong></span> <span class='ocrx_word' id='word_1_701' title='bbox 2522 3802 2765 3862; x_wconf 79' lang='lat' dir='ltr'><strong><em>scribens</em></strong></span> <span class='ocrx_word' id='word_1_702' title='bbox 2785 3849 2800 3871; x_wconf 91' lang='lat'><strong><em>,</em></strong></span> <span class='ocrx_word' id='word_1_703' title='bbox 2832 3805 3060 3877; x_wconf 81' lang='lat' dir='ltr'><strong><em>singulis</em></strong></span> <span class='ocrx_word' id='word_1_704' title='bbox 3089 3820 3181 3860; x_wconf 89' lang='lat' dir='ltr'><strong><em>sua</em></strong></span> <span class='ocrx_word' id='word_1_705' title='bbox 3210 3818 3426 3876; x_wconf 86' lang='lat' dir='ltr'><strong><em>quoque</em></strong></span> <span class='ocrx_word' id='word_1_706' title='bbox 3474 3804 3605 3860; x_wconf 87' lang='lat' dir='ltr'><strong><em>faci-</em></strong></span> 
     </span>
    </p>
   </div>
   <div class='ocr_carea' id='block_1_85' title="bbox 2003 3896 3602 3970">
    <p class='ocr_par' dir='ltr' id='par_1_85' title="bbox 2003 3896 3602 3970">
     <span class='ocr_line' id='line_1_85' title="bbox 2003 3896 3602 3970; baseline -0.003 -16"><span class='ocrx_word' id='word_1_707' title='bbox 2003 3915 2131 3955; x_wconf 90' lang='lat' dir='ltr'><strong><em>nora</em></strong></span> <span class='ocrx_word' id='word_1_708' title='bbox 2163 3906 2215 3956; x_wconf 82' lang='lat' dir='ltr'><strong><em>et</em></strong></span> <span class='ocrx_word' id='word_1_709' title='bbox 2244 3898 2438 3956; x_wconf 88' lang='lat' dir='ltr'><strong><em>delicta</em></strong></span> <span class='ocrx_word' id='word_1_710' title='bbox 2467 3900 2751 3970; x_wconf 82' lang='lat' dir='ltr'><strong><em>ingerens:</em></strong></span> <span class='ocrx_word' id='word_1_711' title='bbox 2794 3896 3132 3954; x_wconf 76' lang='lat' dir='ltr'><strong><em>Pteniteutini</em></strong></span> <span class='ocrx_word' id='word_1_712' title='bbox 3155 3940 3170 3963; x_wconf 94' lang='lat'><strong><em>,</em></strong></span> <span class='ocrx_word' id='word_1_713' title='bbox 3200 3897 3429 3952; x_wconf 85' lang='lat' dir='ltr'><strong><em>dicebat.</em></strong></span> <span class='ocrx_word' id='word_1_714' title='bbox 3472 3897 3602 3963; x_wconf 82' lang='lat' dir='ltr'><strong><em>Qui-</em></strong></span> 
     </span>
    </p>
   </div>
   <div class='ocr_carea' id='block_1_86' title="bbox 2004 3988 3604 4062">
    <p class='ocr_par' dir='ltr' id='par_1_86' title="bbox 2004 3988 3604 4062">
     <span class='ocr_line' id='line_1_86' title="bbox 2004 3988 3604 4062; baseline -0.002 -16"><span class='ocrx_word' id='word_1_715' title='bbox 2004 3991 2137 4060; x_wconf 90' lang='lat' dir='ltr'><strong><em>bus,</em></strong></span> <span class='ocrx_word' id='word_1_716' title='bbox 2179 3992 2279 4048; x_wconf 88' lang='lat' dir='ltr'><strong><em>uisi</em></strong></span> <span class='ocrx_word' id='word_1_717' title='bbox 2316 3988 2453 4058; x_wconf 89' lang='lat' dir='ltr'><strong><em>illis,</em></strong></span> <span class='ocrx_word' id='word_1_718' title='bbox 2497 3992 2737 4057; x_wconf 87' lang='lat' dir='ltr'><strong><em>scilicet,</em></strong></span> <span class='ocrx_word' id='word_1_719' title='bbox 2779 4007 2884 4062; x_wconf 90' lang='lat' dir='ltr'><strong><em>quo</em></strong></span> <span class='ocrx_word' id='word_1_720' title='bbox 2925 3991 3095 4061; x_wconf 86' lang='lat' dir='ltr'><strong><em>pretio</em></strong></span> <span class='ocrx_word' id='word_1_721' title='bbox 3136 4006 3328 4062; x_wconf 85' lang='lat' dir='ltr'><strong><em>magno</em></strong></span> <span class='ocrx_word' id='word_1_722' title='bbox 3359 3990 3438 4044; x_wconf 89' lang='lat' dir='ltr'><strong><em>sui</em></strong></span> <span class='ocrx_word' id='word_1_723' title='bbox 3480 4004 3604 4044; x_wconf 79' lang='lat' dir='ltr'><strong><em>sau-</em></strong></span> 
     </span>
    </p>
   </div>
   <div class='ocr_carea' id='block_1_87' title="bbox 2003 4084 2557 4155">
    <p class='ocr_par' dir='ltr' id='par_1_87' title="bbox 2003 4084 2557 4155">
     <span class='ocr_line' id='line_1_87' title="bbox 2003 4084 2557 4155; baseline 0 -16"><span class='ocrx_word' id='word_1_724' title='bbox 2003 4084 2182 4155; x_wconf 86' lang='lat' dir='ltr'><strong><em>guinls</em></strong></span> <span class='ocrx_word' id='word_1_725' title='bbox 2211 4085 2557 4141; x_wconf 78' lang='lat' dir='ltr'><strong><em>redemerat?</em></strong></span> 
     </span>
    </p>
   </div>
   <div class='ocr_carea' id='block_1_88' title="bbox 2075 4173 3602 4247">
    <p class='ocr_par' dir='ltr' id='par_1_88' title="bbox 2075 4173 3602 4247">
     <span class='ocr_line' id='line_1_88' title="bbox 2075 4173 3602 4247; baseline -0.003 -14"><span class='ocrx_word' id='word_1_726' title='bbox 2075 4176 2216 4233; x_wconf 81' lang='lat' dir='ltr'><strong><em>XIV.</em></strong></span> <span class='ocrx_word' id='word_1_727' title='bbox 2261 4178 2306 4234; x_wconf 90' lang='grc' dir='ltr'>Ο</span> <span class='ocrx_word' id='word_1_728' title='bbox 2347 4187 2400 4233; x_wconf 91' lang='lat' dir='ltr'><strong><em>te</em></strong></span> <span class='ocrx_word' id='word_1_729' title='bbox 2430 4176 2650 4247; x_wconf 85' lang='lat' dir='ltr'><strong><em>impium</em></strong></span> <span class='ocrx_word' id='word_1_730' title='bbox 2683 4174 3110 4247; x_wconf 87' lang='lat' dir='ltr'><strong><em>scelestumque,</em></strong></span> <span class='ocrx_word' id='word_1_731' title='bbox 3145 4175 3396 4231; x_wconf 70' lang='lat' dir='ltr'><strong><em>hazretice</em></strong></span> <span class='ocrx_word' id='word_1_732' title='bbox 3421 4173 3602 4229; x_wconf 84' lang='lat' dir='ltr'><strong><em>Nova-</em></strong></span> 
     </span>
    </p>
   </div>
   <div class='ocr_carea' id='block_1_89' title="bbox 2007 4262 3606 4344">
    <p class='ocr_par' dir='ltr' id='par_1_89' title="bbox 2007 4262 3606 4344">
     <span class='ocr_line' id='line_1_89' title="bbox 2007 4262 3606 4344; baseline -0.003 -18"><span class='ocrx_word' id='word_1_733' title='bbox 2007 4272 2179 4337; x_wconf 89' lang='lat' dir='ltr'><strong><em>tiaue,</em></strong></span> <span class='ocrx_word' id='word_1_734' title='bbox 2207 4272 2298 4344; x_wconf 90' lang='lat' dir='ltr'><strong><em>qui</em></strong></span> <span class='ocrx_word' id='word_1_735' title='bbox 2325 4279 2446 4342; x_wconf 90' lang='lat' dir='ltr'><strong><em>post</em></strong></span> <span class='ocrx_word' id='word_1_736' title='bbox 2474 4279 2551 4326; x_wconf 90' lang='lat' dir='ltr'><strong><em>tot</em></strong></span> <span class='ocrx_word' id='word_1_737' title='bbox 2575 4277 2628 4325; x_wconf 88' lang='lat' dir='ltr'><strong><em>et</em></strong></span> <span class='ocrx_word' id='word_1_738' title='bbox 2656 4276 2799 4324; x_wconf 89' lang='lat' dir='ltr'><strong><em>tanta</em></strong></span> <span class='ocrx_word' id='word_1_739' title='bbox 2828 4269 2880 4324; x_wconf 91' lang='lat' dir='ltr'><strong><em>in</em></strong></span> <span class='ocrx_word' id='word_1_740' title='bbox 2908 4267 3152 4324; x_wconf 89' lang='lat' dir='ltr'><strong><em>Ecclesia</em></strong></span> <span class='ocrx_word' id='word_1_741' title='bbox 3172 4311 3187 4336; x_wconf 94' lang='lat'><strong><em>,</em></strong></span> <span class='ocrx_word' id='word_1_742' title='bbox 3218 4285 3246 4322; x_wconf 90' lang='lat' dir='ltr'><strong><em>a</em></strong></span> <span class='ocrx_word' id='word_1_743' title='bbox 3276 4262 3606 4338; x_wconf 87' lang='lat' dir='ltr'><strong><em>quibusdam</em></strong></span> 
     </span>
    </p>
   </div>
   <div class='ocr_carea' id='block_1_90' title="bbox 2005 4360 3607 4433">
    <p class='ocr_par' dir='ltr' id='par_1_90' title="bbox 2005 4360 3607 4433">
     <span class='ocr_line' id='line_1_90' title="bbox 2005 4360 3607 4433; baseline -0.005 -10"><span class='ocrx_word' id='word_1_744' title='bbox 2005 4375 2152 4423; x_wconf 88' lang='lat' dir='ltr'><strong><em>retro</em></strong></span> <span class='ocrx_word' id='word_1_745' title='bbox 2179 4365 2484 4421; x_wconf 83' lang='lat' dir='ltr'><strong><em>voluntarie</em></strong></span> <span class='ocrx_word' id='word_1_746' title='bbox 2525 4362 2813 4420; x_wconf 85' lang='lat' dir='ltr'><strong><em>commissa</em></strong></span> <span class='ocrx_word' id='word_1_747' title='bbox 2848 4360 3105 4431; x_wconf 86' lang='lat' dir='ltr'><strong><em>crimina,</em></strong></span> <span class='ocrx_word' id='word_1_748' title='bbox 3146 4372 3266 4433; x_wconf 75' lang='lat' dir='ltr'><strong><em>qua:</em></strong></span> <span class='ocrx_word' id='word_1_749' title='bbox 3303 4370 3357 4417; x_wconf 90' lang='lat' dir='ltr'><strong><em>et</em></strong></span> <span class='ocrx_word' id='word_1_750' title='bbox 3397 4366 3451 4414; x_wconf 91' lang='lat' dir='ltr'><strong><em>tu</em></strong></span> <span class='ocrx_word' id='word_1_751' title='bbox 3491 4360 3607 4430; x_wconf 88' lang='lat' dir='ltr'><strong><em>ipse</em></strong></span> 
     </span>
    </p>
   </div>
   <div class='ocr_carea' id='block_1_91' title="bbox 2007 4460 3604 4531">
    <p class='ocr_par' dir='ltr' id='par_1_91' title="bbox 2007 4460 3604 4531">
     <span class='ocr_line' id='line_1_91' title="bbox 2007 4460 3604 4531; baseline -0.006 -15"><span class='ocrx_word' id='word_1_752' title='bbox 2007 4463 2060 4516; x_wconf 87' lang='lat' dir='ltr'><strong><em>in</em></strong></span> <span class='ocrx_word' id='word_1_753' title='bbox 2103 4462 2265 4517; x_wconf 90' lang='lat' dir='ltr'><strong><em>domo</em></strong></span> <span class='ocrx_word' id='word_1_754' title='bbox 2306 4460 2400 4516; x_wconf 86' lang='lat' dir='ltr'><strong><em>Dei</em></strong></span> <span class='ocrx_word' id='word_1_755' title='bbox 2440 4460 2754 4531; x_wconf 88' lang='lat' dir='ltr'><strong><em>priusquam</em></strong></span> <span class='ocrx_word' id='word_1_756' title='bbox 2794 4466 3037 4527; x_wconf 83' lang='lat' dir='ltr'><strong><em>apostata</em></strong></span> <span class='ocrx_word' id='word_1_757' title='bbox 3076 4470 3199 4511; x_wconf 90' lang='lat' dir='ltr'><strong><em>esse</em></strong></span> <span class='ocrx_word' id='word_1_758' title='bbox 3238 4462 3604 4525; x_wconf 74' lang='lat' dir='ltr'><strong><em>cttgnoveras;</em></strong></span> 
     </span>
    </p>
   </div>
   <div class='ocr_carea' id='block_1_92' title="bbox 2007 4545 3605 4624">
    <p class='ocr_par' dir='ltr' id='par_1_92' title="bbox 2007 4545 3605 4624">
     <span class='ocr_line' id='line_1_92' title="bbox 2007 4545 3605 4624; baseline -0.008 -14"><span class='ocrx_word' id='word_1_759' title='bbox 2007 4565 2061 4610; x_wconf 88' lang='lat' dir='ltr'><strong><em>et</em></strong></span> <span class='ocrx_word' id='word_1_760' title='bbox 2101 4554 2215 4609; x_wconf 65' lang='lat' dir='ltr'><strong><em>hinc</em></strong></span> <span class='ocrx_word' id='word_1_761' title='bbox 2251 4552 2651 4624; x_wconf 42' lang='lat' dir='ltr'><strong><em>posse‘aboleri</em></strong></span> <span class='ocrx_word' id='word_1_762' title='bbox 2694 4550 2760 4606; x_wconf 89' lang='lat' dir='ltr'><strong><em>de</em></strong></span> <span class='ocrx_word' id='word_1_763' title='bbox 2798 4545 3420 4615; x_wconf 81' lang='lat' dir='ltr'><strong><em>memoria,succedente</em></strong></span> <span class='ocrx_word' id='word_1_764' title='bbox 3444 4546 3605 4610; x_wconf 88' lang='lat' dir='ltr'><strong><em>bono,</em></strong></span> 
     </span>
    </p>
   </div>
   <div class='ocr_carea' id='block_1_93' title="bbox 308 4637 3610 4725">
    <p class='ocr_par' dir='ltr' id='par_1_93' title="bbox 308 4637 3610 4725">
     <span class='ocr_line' id='line_1_93' title="bbox 308 4637 3610 4725; baseline 0 -31"><span class='ocrx_word' id='word_1_765' title='bbox 308 4640 421 4694; x_wconf 77' lang='lat' dir='ltr'><strong><em>cavi</em></strong></span> <span class='ocrx_word' id='word_1_766' title='bbox 459 4639 572 4706; x_wconf 86' lang='lat' dir='ltr'><strong><em>illi,</em></strong></span> <span class='ocrx_word' id='word_1_767' title='bbox 606 4656 762 4710; x_wconf 87' lang='lat' dir='ltr'><strong><em>usque</em></strong></span> <span class='ocrx_word' id='word_1_768' title='bbox 790 4640 911 4693; x_wconf 89' lang='lat' dir='ltr'><strong><em>dum</em></strong></span> <span class='ocrx_word' id='word_1_769' title='bbox 938 4640 1179 4709; x_wconf 78' lang='lat' dir='ltr'><strong><em>iusti/icet</em></strong></span> <span class='ocrx_word' id='word_1_770' title='bbox 1206 4658 1413 4695; x_wconf 86' lang='lat' dir='ltr'><strong><em>causam</em></strong></span> <span class='ocrx_word' id='word_1_771' title='bbox 1442 4658 1638 4710; x_wconf 86' lang='lat' dir='ltr'><strong><em>meam,</em></strong></span> <span class='ocrx_word' id='word_1_772' title='bbox 1671 4652 1718 4698; x_wconf 88' lang='lat' dir='ltr'><strong><em>et</em></strong></span> <span class='ocrx_word' id='word_1_773' title='bbox 1748 4647 1903 4716; x_wconf 83' lang='lat' dir='ltr'><strong><em>faciat</em></strong></span> <span class='ocrx_word' id='word_1_774' title='bbox 1928 4663 1984 4725; x_wconf 79' lang='lat' dir='ltr'><strong><em>D</em></strong></span> <span class='ocrx_word' id='word_1_775' title='bbox 2009 4650 2193 4720; x_wconf 90' lang='lat' dir='ltr'><strong><em>utique</em></strong></span> <span class='ocrx_word' id='word_1_776' title='bbox 2221 4646 2514 4714; x_wconf 89' lang='lat' dir='ltr'><strong><em>docueras,</em></strong></span> <span class='ocrx_word' id='word_1_777' title='bbox 2548 4643 2843 4701; x_wconf 83' lang='lat' dir='ltr'><strong><em>secundum</em></strong></span> <span class='ocrx_word' id='word_1_778' title='bbox 2887 4642 3050 4699; x_wconf 85' lang='lat' dir='ltr'><strong><em>tidem</em></strong></span> <span class='ocrx_word' id='word_1_779' title='bbox 3093 4642 3385 4712; x_wconf 69' lang='lat' dir='ltr'><strong><em>Scriptura:</em></strong></span> <span class='ocrx_word' id='word_1_780' title='bbox 3427 4637 3610 4695; x_wconf 89' lang='lat' dir='ltr'><strong><em>dicen-</em></strong></span> 
     </span>
    </p>
   </div>
   <div class='ocr_carea' id='block_1_94' title="bbox 301 4732 1907 4804">
    <p class='ocr_par' dir='ltr' id='par_1_94' title="bbox 301 4732 1907 4804">
     <span class='ocr_line' id='line_1_94' title="bbox 301 4732 1907 4804; baseline 0.005 -18"><span class='ocrx_word' id='word_1_781' title='bbox 301 4732 559 4804; x_wconf 86' lang='lat' dir='ltr'><strong><em>judicium</em></strong></span> <span class='ocrx_word' id='word_1_782' title='bbox 582 4741 628 4785; x_wconf 89' lang='lat' dir='ltr'><strong><em>et</em></strong></span> <span class='ocrx_word' id='word_1_783' title='bbox 643 4732 900 4801; x_wconf 86' lang='lat' dir='ltr'><strong><em>justitiam</em></strong></span> <span class='ocrx_word' id='word_1_784' title='bbox 917 4774 931 4800; x_wconf 89' lang='lat'><strong><em>,</em></strong></span> <span class='ocrx_word' id='word_1_785' title='bbox 959 4742 1006 4787; x_wconf 88' lang='lat' dir='ltr'><strong><em>et</em></strong></span> <span class='ocrx_word' id='word_1_786' title='bbox 1034 4733 1281 4803; x_wconf 88' lang='lat' dir='ltr'><strong><em>producat</em></strong></span> <span class='ocrx_word' id='word_1_787' title='bbox 1306 4750 1385 4788; x_wconf 89' lang='lat' dir='ltr'><strong><em>me</em></strong></span> <span class='ocrx_word' id='word_1_788' title='bbox 1408 4736 1475 4788; x_wconf 90' lang='lat' dir='ltr'><strong><em>ad</em></strong></span> <span class='ocrx_word' id='word_1_789' title='bbox 1501 4736 1680 4790; x_wconf 86' lang='lat' dir='ltr'><strong><em>lucem.</em></strong></span> <span class='ocrx_word' id='word_1_790' title='bbox 1713 4734 1907 4794; x_wconf 79' lang='lat' dir='ltr'><strong><em>Videbo</em></strong></span> 
     </span>
    </p>
   </div>
   <div class='ocr_carea' id='block_1_95' title="bbox 302 4824 1910 4900">
    <p class='ocr_par' dir='ltr' id='par_1_95' title="bbox 302 4824 1910 4900">
     <span class='ocr_line' id='line_1_95' title="bbox 302 4824 1910 4900; baseline 0.005 -21"><span class='ocrx_word' id='word_1_791' title='bbox 302 4825 559 4895; x_wconf 87' lang='lat' dir='ltr'><strong><em>justitiam</em></strong></span> <span class='ocrx_word' id='word_1_792' title='bbox 584 4824 757 4879; x_wconf 84' lang='lat' dir='ltr'><strong><em>illius:</em></strong></span> <span class='ocrx_word' id='word_1_793' title='bbox 785 4834 831 4880; x_wconf 91' lang='lat' dir='ltr'><strong><em>et</em></strong></span> <span class='ocrx_word' id='word_1_794' title='bbox 856 4825 1038 4880; x_wconf 81' lang='lat' dir='ltr'><strong><em>videbit</em></strong></span> <span class='ocrx_word' id='word_1_795' title='bbox 1069 4842 1146 4880; x_wconf 89' lang='lat' dir='ltr'><strong><em>me</em></strong></span> <span class='ocrx_word' id='word_1_796' title='bbox 1174 4826 1383 4882; x_wconf 87' lang='lat' dir='ltr'><strong><em>inimica</em></strong></span> <span class='ocrx_word' id='word_1_797' title='bbox 1410 4843 1521 4883; x_wconf 83' lang='lat' dir='ltr'><strong><em>utea</em></strong></span> <span class='ocrx_word' id='word_1_798' title='bbox 1538 4869 1552 4894; x_wconf 94' lang='lat'><strong><em>,</em></strong></span> <span class='ocrx_word' id='word_1_799' title='bbox 1583 4839 1631 4883; x_wconf 89' lang='lat' dir='ltr'><strong><em>et</em></strong></span> <span class='ocrx_word' id='word_1_800' title='bbox 1658 4832 1910 4900; x_wconf 87' lang='lat' dir='ltr'><strong><em>cooperiet</em></strong></span> 
     </span>
    </p>
   </div>
   <div class='ocr_carea' id='block_1_96' title="bbox 313 4914 1297 4991">
    <p class='ocr_par' dir='ltr' id='par_1_96' title="bbox 313 4914 1297 4991">
     <span class='ocr_line' id='line_1_96' title="bbox 313 4914 1297 4991; baseline 0.004 -22"><span class='ocrx_word' id='word_1_801' title='bbox 313 4931 368 4970; x_wconf 85' lang='lat' dir='ltr'><strong><em>se</em></strong></span> <span class='ocrx_word' id='word_1_802' title='bbox 393 4914 687 4985; x_wconf 76' lang='lat' dir='ltr'><strong><em>confusione</em></strong></span> <span class='ocrx_word' id='word_1_803' title='bbox 711 4914 911 4987; x_wconf 82' lang='lat' dir='ltr'><strong><em>(Mich.</em></strong></span> <span class='ocrx_word' id='word_1_804' title='bbox 940 4930 1057 4983; x_wconf 84' lang='lat' dir='ltr'><strong><em>vnt,</em></strong></span> <span class='ocrx_word' id='word_1_805' title='bbox 1088 4916 1143 4985; x_wconf 92' lang='lat'><strong><em>8,</em></strong></span> <span class='ocrx_word' id='word_1_806' title='bbox 1174 4918 1241 4975; x_wconf 79' lang='grc'><strong><em>10</em></strong></span> <span class='ocrx_word' id='word_1_807' title='bbox 1258 4919 1297 4991; x_wconf 95' lang='grc'><strong><em>).</em></strong></span> 
     </span>
    </p>
   </div>
   <div class='ocr_carea' id='block_1_97' title="bbox 2014 4735 3609 4810">
    <p class='ocr_par' dir='ltr' id='par_1_97' title="bbox 2014 4735 3609 4810">
     <span class='ocr_line' id='line_1_97' title="bbox 2014 4735 3609 4810; baseline -0.006 -13"><span class='ocrx_word' id='word_1_808' title='bbox 2014 4743 2118 4798; x_wconf 89' lang='lat' dir='ltr'><strong><em>tis:</em></strong></span> <span class='ocrx_word' id='word_1_809' title='bbox 2164 4741 2296 4810; x_wconf 89' lang='lat' dir='ltr'><strong><em>Quia</em></strong></span> <span class='ocrx_word' id='word_1_810' title='bbox 2334 4742 2378 4795; x_wconf 91' lang='lat' dir='ltr'><strong><em>si</em></strong></span> <span class='ocrx_word' id='word_1_811' title='bbox 2415 4756 2683 4796; x_wconf 88' lang='lat' dir='ltr'><strong><em>conversus</em></strong></span> <span class='ocrx_word' id='word_1_812' title='bbox 2720 4738 2874 4807; x_wconf 85' lang='lat' dir='ltr'><strong><em>fuerit</em></strong></span> <span class='ocrx_word' id='word_1_813' title='bbox 2916 4737 3235 4808; x_wconf 80' lang='lat' dir='ltr'><strong><em>facinorosus</em></strong></span> <span class='ocrx_word' id='word_1_814' title='bbox 3273 4735 3339 4789; x_wconf 90' lang='lat' dir='ltr'><strong><em>ab</em></strong></span> <span class='ocrx_word' id='word_1_815' title='bbox 3378 4736 3609 4788; x_wconf 85' lang='lat' dir='ltr'><strong><em>omnibus</em></strong></span> 
     </span>
    </p>
   </div>
   <div class='ocr_carea' id='block_1_98' title="bbox 2014 4823 3610 4907">
    <p class='ocr_par' dir='ltr' id='par_1_98' title="bbox 2014 4823 3610 4907">
     <span class='ocr_line' id='line_1_98' title="bbox 2014 4823 3610 4907; baseline -0.008 -16"><span class='ocrx_word' id='word_1_816' title='bbox 2014 4835 2327 4907; x_wconf 72' lang='lat' dir='ltr'><strong><em>facinoribus</em></strong></span> <span class='ocrx_word' id='word_1_817' title='bbox 2352 4833 2457 4889; x_wconf 86' lang='lat' dir='ltr'><strong><em>suis</em></strong></span> <span class='ocrx_word' id='word_1_818' title='bbox 2482 4847 2597 4904; x_wconf 73' lang='lat' dir='ltr'><strong><em>quia</em></strong></span> <span class='ocrx_word' id='word_1_819' title='bbox 2618 4829 2886 4894; x_wconf 85' lang='lat' dir='ltr'><strong><em>commisit,</em></strong></span> <span class='ocrx_word' id='word_1_820' title='bbox 2918 4839 2966 4883; x_wconf 89' lang='lat' dir='ltr'><strong><em>et</em></strong></span> <span class='ocrx_word' id='word_1_821' title='bbox 2984 4828 3243 4899; x_wconf 88' lang='lat' dir='ltr'><strong><em>justitiam</em></strong></span> <span class='ocrx_word' id='word_1_822' title='bbox 3271 4829 3476 4899; x_wconf 83' lang='lat' dir='ltr'><strong><em>fecerit,</em></strong></span> <span class='ocrx_word' id='word_1_823' title='bbox 3507 4823 3610 4880; x_wconf 83' lang='lat' dir='ltr'><strong><em>vita</em></strong></span> 
     </span>
    </p>
   </div>
   <div class='ocr_carea' id='block_1_99' title="bbox 2013 4916 3605 4994">
    <p class='ocr_par' dir='ltr' id='par_1_99' title="bbox 2013 4916 3605 4994">
     <span class='ocr_line' id='line_1_99' title="bbox 2013 4916 3605 4994; baseline -0.008 -9"><span class='ocrx_word' id='word_1_824' title='bbox 2013 4939 2205 4985; x_wconf 69' lang='lat' dir='ltr'><strong><em>(eterna</em></strong></span> <span class='ocrx_word' id='word_1_825' title='bbox 2239 4928 2397 4993; x_wconf 79' lang='lat' dir='ltr'><strong><em>vivet,</em></strong></span> <span class='ocrx_word' id='word_1_826' title='bbox 2429 4935 2475 4981; x_wconf 89' lang='lat' dir='ltr'><strong><em>et</em></strong></span> <span class='ocrx_word' id='word_1_827' title='bbox 2504 4940 2605 4980; x_wconf 86' lang='lat' dir='ltr'><strong><em>non</em></strong></span> <span class='ocrx_word' id='word_1_828' title='bbox 2634 4924 2874 4978; x_wconf 89' lang='lat' dir='ltr'><strong><em>morietur</em></strong></span> <span class='ocrx_word' id='word_1_829' title='bbox 2901 4921 2955 4976; x_wconf 85' lang='lat' dir='ltr'><strong><em>in</em></strong></span> <span class='ocrx_word' id='word_1_830' title='bbox 2986 4921 3213 4994; x_wconf 78' lang='lat' dir='ltr'><strong><em>facinore</em></strong></span> <span class='ocrx_word' id='word_1_831' title='bbox 3238 4935 3332 4977; x_wconf 88' lang='lat' dir='ltr'><strong><em>suo</em></strong></span> <span class='ocrx_word' id='word_1_832' title='bbox 3371 4916 3605 4993; x_wconf 84' lang='lat' dir='ltr'><strong><em>(Ezech.</em></strong></span> 
     </span>
    </p>
   </div>
   <div class='ocr_carea' id='block_1_100' title="bbox 1628 5084 2264 5147">
    <p class='ocr_par' dir='ltr' id='par_1_100' title="bbox 1628 5084 2264 5147">
     <span class='ocr_line' id='line_1_100' title="bbox 1628 5084 2264 5147; baseline 0.005 -5"><span class='ocrx_word' id='word_1_833' title='bbox 1628 5084 1992 5147; x_wconf 81' lang='lat' dir='ltr'><strong><em>VARIORUM</em></strong></span> <span class='ocrx_word' id='word_1_834' title='bbox 2028 5086 2264 5146; x_wconf 68' lang='grc' dir='ltr'><strong><em>ΝΟΤᾸΕ.</em></strong></span> 
     </span>
    </p>
   </div>
   <div class='ocr_carea' id='block_1_101' title="bbox 383 5211 1913 5285">
    <p class='ocr_par' dir='ltr' id='par_1_101' title="bbox 383 5211 1913 5285">
     <span class='ocr_line' id='line_1_101' title="bbox 383 5211 1913 5285; baseline 0.007 -15"><span class='ocrx_word' id='word_1_835' title='bbox 383 5211 501 5270; x_wconf 76' lang='lat' dir='ltr'><strong><em>XII.</em></strong></span> <span class='ocrx_word' id='word_1_836' title='bbox 524 5242 596 5254; x_wconf 89' lang='lat'>—</span> <span class='ocrx_word' id='word_1_837' title='bbox 624 5211 754 5268; x_wconf 88' lang='lat' dir='ltr'><strong><em>Noli</em></strong></span> <span class='ocrx_word' id='word_1_838' title='bbox 782 5214 1062 5285; x_wconf 86' lang='lat' dir='ltr'><strong><em>gratulari,</em></strong></span> <span class='ocrx_word' id='word_1_839' title='bbox 1112 5216 1320 5270; x_wconf 91' lang='lat' dir='ltr'><strong><em>inimica</em></strong></span> <span class='ocrx_word' id='word_1_840' title='bbox 1348 5235 1476 5275; x_wconf 91' lang='lat' dir='ltr'><strong><em>mea.</em></strong></span> <span class='ocrx_word' id='word_1_841' title='bbox 1509 5220 1626 5275; x_wconf 86' lang='lat' dir='ltr'><strong><em>Non</em></strong></span> <span class='ocrx_word' id='word_1_842' title='bbox 1655 5224 1830 5279; x_wconf 87' lang='lat' dir='ltr'><strong><em>minus</em></strong></span> <span class='ocrx_word' id='word_1_843' title='bbox 1858 5235 1913 5280; x_wconf 88' lang='lat' dir='ltr'><strong><em>et</em></strong></span> 
     </span>
    </p>
   </div>
   <div class='ocr_carea' id='block_1_102' title="bbox 310 5288 1912 5356">
    <p class='ocr_par' dir='ltr' id='par_1_102' title="bbox 310 5288 1912 5356">
     <span class='ocr_line' id='line_1_102' title="bbox 310 5288 1912 5356; baseline 0.006 -14"><span class='ocrx_word' id='word_1_844' title='bbox 310 5290 477 5352; x_wconf 87' lang='lat' dir='ltr'><strong><em>istud,</em></strong></span> <span class='ocrx_word' id='word_1_845' title='bbox 506 5302 602 5356; x_wconf 88' lang='lat' dir='ltr'><strong><em>pro</em></strong></span> <span class='ocrx_word' id='word_1_846' title='bbox 632 5301 699 5340; x_wconf 93' lang='lat' dir='ltr'><strong><em>eo</em></strong></span> <span class='ocrx_word' id='word_1_847' title='bbox 723 5288 865 5353; x_wconf 87' lang='lat' dir='ltr'><strong><em>quod</em></strong></span> <span class='ocrx_word' id='word_1_848' title='bbox 896 5295 1150 5355; x_wconf 87' lang='lat' dir='ltr'><strong><em>corrupte</em></strong></span> <span class='ocrx_word' id='word_1_849' title='bbox 1180 5298 1296 5343; x_wconf 88' lang='lat' dir='ltr'><strong><em>erat</em></strong></span> <span class='ocrx_word' id='word_1_850' title='bbox 1323 5292 1513 5345; x_wconf 89' lang='lat' dir='ltr'><strong><em>amica.</em></strong></span> <span class='ocrx_word' id='word_1_851' title='bbox 1555 5293 1691 5347; x_wconf 87' lang='lat' dir='ltr'><strong><em>Nam</em></strong></span> <span class='ocrx_word' id='word_1_852' title='bbox 1722 5293 1912 5351; x_wconf 64' lang='lat' dir='ltr'><strong><em>Graece</em></strong></span> 
     </span>
    </p>
   </div>
   <div class='ocr_carea' id='block_1_103' title="bbox 311 5357 1291 5430">
    <p class='ocr_par' dir='ltr' id='par_1_103' title="bbox 311 5357 1291 5430">
     <span class='ocr_line' id='line_1_103' title="bbox 311 5357 1291 5430; baseline -0.003 -15"><span class='ocrx_word' id='word_1_853' title='bbox 311 5359 451 5430; x_wconf 85' lang='lat' dir='ltr'><strong><em>apud</em></strong></span> <span class='ocrx_word' id='word_1_854' title='bbox 470 5374 588 5430; x_wconf 55' lang='lat' dir='ltr'><strong><em>cxx</em></strong></span> <span class='ocrx_word' id='word_1_855' title='bbox 608 5366 740 5430; x_wconf 85' lang='lat' dir='ltr'><strong><em>,_est</em></strong></span> <span class='ocrx_word' id='word_1_856' title='bbox 758 5362 915 5430; x_wconf 60' lang='lat' dir='ltr'><strong><em>lepé</em></strong></span> <span class='ocrx_word' id='word_1_857' title='bbox 941 5380 1065 5430; x_wconf 60' lang='lat' dir='ltr'><strong><em>uno.</em></strong></span> <span class='ocrx_word' id='word_1_858' title='bbox 1087 5357 1291 5413; x_wconf 75' lang='lat' dir='ltr'><strong><em>PAIEL.</em></strong></span> 
     </span>
    </p>
   </div>
   <div class='ocr_carea' id='block_1_104' title="bbox 386 5426 1905 5504">
    <p class='ocr_par' dir='ltr' id='par_1_104' title="bbox 386 5426 1905 5504">
     <span class='ocr_line' id='line_1_104' title="bbox 386 5426 1905 5504; baseline 0.003 -20"><span class='ocrx_word' id='word_1_859' title='bbox 386 5426 1167 5504; x_wconf 73' lang='lat' dir='ltr'><strong><em>XIII.-—-Proxintorutn_delicta</em></strong></span> <span class='ocrx_word' id='word_1_860' title='bbox 1186 5438 1240 5504; x_wconf 80' lang='lat' dir='ltr'><strong><em>ut</em></strong></span> <span class='ocrx_word' id='word_1_861' title='bbox 1258 5433 1468 5504; x_wconf 75' lang='lat' dir='ltr'><strong><em>propria</em></strong></span> <span class='ocrx_word' id='word_1_862' title='bbox 1483 5433 1695 5501; x_wconf 80' lang='lat' dir='ltr'><strong><em>ﬂeverit.</em></strong></span> <span class='ocrx_word' id='word_1_863' title='bbox 1716 5433 1905 5504; x_wconf 72' lang='grc' dir='ltr'><strong><em>Βρεμι-</em></strong></span> 
     </span>
    </p>
   </div>
   <div class='ocr_carea' id='block_1_105' title="bbox 313 5498 1904 5565">
    <p class='ocr_par' dir='ltr' id='par_1_105' title="bbox 313 5498 1904 5565">
     <span class='ocr_line' id='line_1_105' title="bbox 313 5498 1904 5565; baseline 0.004 -10"><span class='ocrx_word' id='word_1_864' title='bbox 313 5504 390 5558; x_wconf 88' lang='lat' dir='ltr'><strong><em>cit</em></strong></span> <span class='ocrx_word' id='word_1_865' title='bbox 415 5512 608 5553; x_wconf 81' lang='lat' dir='ltr'><strong><em>auctor</em></strong></span> <span class='ocrx_word' id='word_1_866' title='bbox 632 5498 913 5565; x_wconf 84' lang='lat' dir='ltr'><strong><em>epistolam</em></strong></span> <span class='ocrx_word' id='word_1_867' title='bbox 945 5498 1246 5563; x_wconf 84' lang='lat' dir='ltr'><strong><em>Novatiani,</em></strong></span> <span class='ocrx_word' id='word_1_868' title='bbox 1275 5498 1501 5556; x_wconf 73' lang='lat' dir='ltr'><strong><em>Romani</em></strong></span> <span class='ocrx_word' id='word_1_869' title='bbox 1530 5507 1658 5558; x_wconf 87' lang='lat' dir='ltr'><strong><em>clcri</em></strong></span> <span class='ocrx_word' id='word_1_870' title='bbox 1686 5498 1904 5562; x_wconf 75' lang='lat' dir='ltr'><strong><em>nomine</em></strong></span> 
     </span>
    </p>
   </div>
   <div class='ocr_carea' id='block_1_106' title="bbox 315 5569 1903 5643">
    <p class='ocr_par' dir='ltr' id='par_1_106' title="bbox 315 5569 1903 5643">
     <span class='ocr_line' id='line_1_106' title="bbox 315 5569 1903 5643; baseline 0.003 -16"><span class='ocrx_word' id='word_1_871' title='bbox 315 5573 573 5643; x_wconf 84' lang='lat' dir='ltr'><strong><em>scriptam</em></strong></span> <span class='ocrx_word' id='word_1_872' title='bbox 593 5569 1258 5643; x_wconf 70' lang='lat' dir='ltr'><strong><em>,__ttttatn__stttterius_cutu</em></strong></span> <span class='ocrx_word' id='word_1_873' title='bbox 1299 5572 1419 5627; x_wconf 86' lang='lat' dir='ltr'><strong><em>aliis</em></strong></span> <span class='ocrx_word' id='word_1_874' title='bbox 1449 5574 1689 5643; x_wconf 84' lang='lat' dir='ltr'><strong><em>ejusdem</em></strong></span> <span class='ocrx_word' id='word_1_875' title='bbox 1724 5575 1903 5632; x_wconf 71' lang='lat' dir='ltr'><strong><em>Nova-</em></strong></span> 
     </span>
    </p>
   </div>
   <div class='ocr_carea' id='block_1_107' title="bbox 318 5636 1364 5708">
    <p class='ocr_par' dir='ltr' id='par_1_107' title="bbox 318 5636 1364 5708">
     <span class='ocr_line' id='line_1_107' title="bbox 318 5636 1364 5708; baseline -0.003 -13"><span class='ocrx_word' id='word_1_876' title='bbox 318 5636 449 5695; x_wconf 78' lang='lat' dir='ltr'><strong><em>tinni</em></strong></span> <span class='ocrx_word' id='word_1_877' title='bbox 480 5636 733 5708; x_wconf 83' lang='lat' dir='ltr'><strong><em>operibus</em></strong></span> <span class='ocrx_word' id='word_1_878' title='bbox 764 5636 1049 5708; x_wconf 85' lang='lat' dir='ltr'><strong><em>edidimus.</em></strong></span> <span class='ocrx_word' id='word_1_879' title='bbox 1093 5638 1364 5698; x_wconf 68' lang='lat' dir='ltr'><strong><em>Gausao.</em></strong></span> 
     </span>
    </p>
   </div>
   <div class='ocr_carea' id='block_1_108' title="bbox 391 5706 1905 5786">
    <p class='ocr_par' dir='ltr' id='par_1_108' title="bbox 391 5706 1905 5786">
     <span class='ocr_line' id='line_1_108' title="bbox 391 5706 1905 5786; baseline 0.007 -23"><span class='ocrx_word' id='word_1_880' title='bbox 391 5706 614 5786; x_wconf 54' lang='lat' dir='ltr'><strong><em>(lanuuii</em></strong></span> <span class='ocrx_word' id='word_1_881' title='bbox 642 5708 782 5786; x_wconf 79' lang='lat' dir='ltr'><strong><em>illam</em></strong></span> <span class='ocrx_word' id='word_1_882' title='bbox 823 5706 1072 5786; x_wconf 72' lang='lat' dir='ltr'><strong><em>lateresim.</em></strong></span> <span class='ocrx_word' id='word_1_883' title='bbox 1118 5710 1283 5765; x_wconf 69' lang='lat' dir='ltr'><strong><em>Recte</em></strong></span> <span class='ocrx_word' id='word_1_884' title='bbox 1325 5714 1604 5780; x_wconf 80' lang='lat' dir='ltr'><strong><em>Erasmus,</em></strong></span> <span class='ocrx_word' id='word_1_885' title='bbox 1669 5733 1768 5786; x_wconf 88' lang='lat' dir='ltr'><strong><em>pro</em></strong></span> <span class='ocrx_word' id='word_1_886' title='bbox 1815 5737 1905 5774; x_wconf 89' lang='lat' dir='ltr'><strong><em>ca-</em></strong></span> 
     </span>
    </p>
   </div>
   <div class='ocr_carea' id='block_1_109' title="bbox 316 5777 1907 5861">
    <p class='ocr_par' dir='ltr' id='par_1_109' title="bbox 316 5777 1907 5861">
     <span class='ocr_line' id='line_1_109' title="bbox 316 5777 1907 5861; baseline 0.006 -24"><span class='ocrx_word' id='word_1_887' title='bbox 316 5782 513 5861; x_wconf 74' lang='lat' dir='ltr'><strong><em>ninam.</em></strong></span> <span class='ocrx_word' id='word_1_888' title='bbox 561 5778 652 5832; x_wconf 85' lang='lat' dir='ltr'><strong><em>Sic</em></strong></span> <span class='ocrx_word' id='word_1_889' title='bbox 690 5777 831 5831; x_wconf 87' lang='lat' dir='ltr'><strong><em>enim</em></strong></span> <span class='ocrx_word' id='word_1_890' title='bbox 874 5789 935 5861; x_wconf 71' lang='lat' dir='ltr'><strong><em>et</em></strong></span> <span class='ocrx_word' id='word_1_891' title='bbox 978 5780 1334 5861; x_wconf 71' lang='lat' dir='ltr'><strong><em>Hieronymus</em></strong></span> <span class='ocrx_word' id='word_1_892' title='bbox 1360 5777 1599 5861; x_wconf 81' lang='lat' dir='ltr'><strong><em>appellat</em></strong></span> <span class='ocrx_word' id='word_1_893' title='bbox 1631 5777 1749 5844; x_wconf 75' lang='lat' dir='ltr'><strong><em>eam</em></strong></span> <span class='ocrx_word' id='word_1_894' title='bbox 1789 5805 1907 5861; x_wconf 79' lang='lat' dir='ltr'><strong><em>qua:</em></strong></span> 
     </span>
    </p>
   </div>
   <div class='ocr_carea' id='block_1_110' title="bbox 318 5850 1906 5933">
    <p class='ocr_par' dir='ltr' id='par_1_110' title="bbox 318 5850 1906 5933">
     <span class='ocr_line' id='line_1_110' title="bbox 318 5850 1906 5933; baseline 0.005 -23"><span class='ocrx_word' id='word_1_895' title='bbox 318 5853 507 5910; x_wconf 88' lang='lat' dir='ltr'><strong><em>adimit</em></strong></span> <span class='ocrx_word' id='word_1_896' title='bbox 552 5864 704 5920; x_wconf 86' lang='lat' dir='ltr'><strong><em>spent</em></strong></span> <span class='ocrx_word' id='word_1_897' title='bbox 754 5850 1059 5908; x_wconf 86' lang='lat' dir='ltr'><strong><em>remittendi</em></strong></span> <span class='ocrx_word' id='word_1_898' title='bbox 1104 5850 1326 5923; x_wconf 78' lang='lat' dir='ltr'><strong><em>peccati.</em></strong></span> <span class='ocrx_word' id='word_1_899' title='bbox 1373 5850 1548 5914; x_wconf 82' lang='lat' dir='ltr'><strong><em>Locus</em></strong></span> <span class='ocrx_word' id='word_1_900' title='bbox 1595 5850 1906 5933; x_wconf 53' lang='lat' dir='ltr'><strong><em>Hieronimi</em></strong></span> 
     </span>
    </p>
   </div>
   <div class='ocr_carea' id='block_1_111' title="bbox 2012 5222 3605 5295">
    <p class='ocr_par' dir='ltr' id='par_1_111' title="bbox 2012 5222 3605 5295">
     <span class='ocr_line' id='line_1_111' title="bbox 2012 5222 3605 5295; baseline 0 -15"><span class='ocrx_word' id='word_1_901' title='bbox 2012 5234 2095 5281; x_wconf 90' lang='lat' dir='ltr'><strong><em>est</em></strong></span> <span class='ocrx_word' id='word_1_902' title='bbox 2138 5224 2309 5294; x_wconf 84' lang='lat' dir='ltr'><strong><em>Epist.</em></strong></span> <span class='ocrx_word' id='word_1_903' title='bbox 2355 5224 2424 5278; x_wconf 91' lang='lat' dir='ltr'><strong><em>ad</em></strong></span> <span class='ocrx_word' id='word_1_904' title='bbox 2468 5222 2765 5295; x_wconf 58' lang='lat' dir='ltr'><strong><em>Oceanum;</em></strong></span> <span class='ocrx_word' id='word_1_905' title='bbox 2805 5232 2860 5277; x_wconf 86' lang='lat' dir='ltr'><strong><em>et</em></strong></span> <span class='ocrx_word' id='word_1_906' title='bbox 2901 5223 3146 5295; x_wconf 70' lang='lat' dir='ltr'><strong><em>meminit</em></strong></span> <span class='ocrx_word' id='word_1_907' title='bbox 3177 5222 3421 5291; x_wconf 78' lang='lat' dir='ltr'><strong><em>ejusdem</em></strong></span> <span class='ocrx_word' id='word_1_908' title='bbox 3455 5228 3605 5295; x_wconf 89' lang='lat' dir='ltr'><strong><em>quasi</em></strong></span> 
     </span>
    </p>
   </div>
   <div class='ocr_carea' id='block_1_112' title="bbox 2012 5293 3610 5367">
    <p class='ocr_par' dir='ltr' id='par_1_112' title="bbox 2012 5293 3610 5367">
     <span class='ocr_line' id='line_1_112' title="bbox 2012 5293 3610 5367; baseline 0.003 -19"><span class='ocrx_word' id='word_1_909' title='bbox 2012 5297 2251 5350; x_wconf 89' lang='lat' dir='ltr'><strong><em>tollentis</em></strong></span> <span class='ocrx_word' id='word_1_910' title='bbox 2291 5296 2641 5367; x_wconf 70' lang='lat' dir='ltr'><strong><em>martyrium,</em></strong></span> <span class='ocrx_word' id='word_1_911' title='bbox 2685 5293 2777 5347; x_wconf 80' lang='lat' dir='ltr'><strong><em>lib.</em></strong></span> <span class='ocrx_word' id='word_1_912' title='bbox 2820 5293 3404 5367; x_wconf 17' lang='lat' dir='ltr'><strong><em>contraﬂVigilantium:</em></strong></span> <span class='ocrx_word' id='word_1_913' title='bbox 3446 5293 3502 5351; x_wconf 79' lang='lat' dir='ltr'><strong><em>ut</em></strong></span> <span class='ocrx_word' id='word_1_914' title='bbox 3539 5301 3610 5352; x_wconf 86' lang='lat' dir='ltr'><strong><em>sit</em></strong></span> 
     </span>
    </p>
   </div>
   <div class='ocr_carea' id='block_1_113' title="bbox 2011 5365 3606 5436">
    <p class='ocr_par' dir='ltr' id='par_1_113' title="bbox 2011 5365 3606 5436">
     <span class='ocr_line' id='line_1_113' title="bbox 2011 5365 3606 5436; baseline 0.002 -16"><span class='ocrx_word' id='word_1_915' title='bbox 2011 5367 2199 5421; x_wconf 87' lang='lat' dir='ltr'><strong><em>eadem</em></strong></span> <span class='ocrx_word' id='word_1_916' title='bbox 2230 5382 2349 5436; x_wconf 80' lang='lat' dir='ltr'><strong><em>quae</em></strong></span> <span class='ocrx_word' id='word_1_917' title='bbox 2379 5365 2788 5428; x_wconf 85' lang='lat' dir='ltr'><strong><em>Gnosticorum,</em></strong></span> <span class='ocrx_word' id='word_1_918' title='bbox 2823 5366 2889 5419; x_wconf 87' lang='lat' dir='ltr'><strong><em>de</em></strong></span> <span class='ocrx_word' id='word_1_919' title='bbox 2919 5366 3115 5436; x_wconf 61' lang='lat' dir='ltr'><strong><em>Quibus</em></strong></span> <span class='ocrx_word' id='word_1_920' title='bbox 3147 5366 3513 5421; x_wconf 82' lang='lat' dir='ltr'><strong><em>&#39;l‘ertulliunus</em></strong></span> <span class='ocrx_word' id='word_1_921' title='bbox 3553 5370 3606 5423; x_wconf 91' lang='lat' dir='ltr'><strong><em>in</em></strong></span> 
     </span>
    </p>
   </div>
   <div class='ocr_carea' id='block_1_114' title="bbox 2014 5433 3609 5509">
    <p class='ocr_par' dir='ltr' id='par_1_114' title="bbox 2014 5433 3609 5509">
     <span class='ocr_line' id='line_1_114' title="bbox 2014 5433 3609 5509; baseline 0 -16"><span class='ocrx_word' id='word_1_922' title='bbox 2014 5433 2312 5509; x_wconf 76' lang='lat' dir='ltr'><strong><em>Scorpiaco.</em></strong></span> <span class='ocrx_word' id='word_1_923' title='bbox 2334 5441 2517 5509; x_wconf 3' lang='lat' dir='ltr'><strong><em>(Atqtna</em></strong></span> <span class='ocrx_word' id='word_1_924' title='bbox 2543 5436 2678 5509; x_wconf 76' lang='lat' dir='ltr'><strong><em>cado</em></strong></span> <span class='ocrx_word' id='word_1_925' title='bbox 2708 5437 2871 5509; x_wconf 80' lang='lat' dir='ltr'><strong><em>etiam</em></strong></span> <span class='ocrx_word' id='word_1_926' title='bbox 2904 5433 3066 5509; x_wconf 73' lang='lat' dir='ltr'><strong><em>Cauta</em></strong></span> <span class='ocrx_word' id='word_1_927' title='bbox 3097 5437 3379 5509; x_wconf 77' lang='lat' dir='ltr'><strong><em>legendum</em></strong></span> <span class='ocrx_word' id='word_1_928' title='bbox 3412 5454 3609 5495; x_wconf 81' lang='lat' dir='ltr'><strong><em>censeo</em></strong></span> 
     </span>
    </p>
   </div>
   <div class='ocr_carea' id='block_1_115' title="bbox 2009 5504 3611 5579">
    <p class='ocr_par' dir='ltr' id='par_1_115' title="bbox 2009 5504 3611 5579">
     <span class='ocr_line' id='line_1_115' title="bbox 2009 5504 3611 5579; baseline 0.002 -17"><span class='ocrx_word' id='word_1_929' title='bbox 2009 5504 2156 5578; x_wconf 86' lang='lat' dir='ltr'><strong><em>apud</em></strong></span> <span class='ocrx_word' id='word_1_930' title='bbox 2187 5504 2445 5579; x_wconf 76' lang='lat' dir='ltr'><strong><em>eumdem</em></strong></span> <span class='ocrx_word' id='word_1_931' title='bbox 2465 5506 2693 5562; x_wconf 88' lang='lat' dir='ltr'><strong><em>Tertull.</em></strong></span> <span class='ocrx_word' id='word_1_932' title='bbox 2739 5504 2891 5579; x_wconf 81' lang='lat' dir='ltr'><strong><em>initio</em></strong></span> <span class='ocrx_word' id='word_1_933' title='bbox 2924 5506 3042 5579; x_wconf 80' lang='lat' dir='ltr'><strong><em>libri</em></strong></span> <span class='ocrx_word' id='word_1_934' title='bbox 3073 5506 3136 5561; x_wconf 90' lang='lat' dir='ltr'><strong><em>de</em></strong></span> <span class='ocrx_word' id='word_1_935' title='bbox 3156 5504 3439 5579; x_wconf 46' lang='lat' dir='ltr'><strong><em>&#39;Baptismo</em></strong></span> <span class='ocrx_word' id='word_1_936' title='bbox 3463 5552 3475 5575; x_wconf 90' lang='lat'><strong><em>,</em></strong></span> <span class='ocrx_word' id='word_1_937' title='bbox 3516 5523 3611 5566; x_wconf 87' lang='lat' dir='ltr'><strong><em>aut</em></strong></span> 
     </span>
    </p>
   </div>
   <div class='ocr_carea' id='block_1_116' title="bbox 2009 5576 3607 5652">
    <p class='ocr_par' dir='ltr' id='par_1_116' title="bbox 2009 5576 3607 5652">
     <span class='ocr_line' id='line_1_116' title="bbox 2009 5576 3607 5652; baseline 0.002 -18"><span class='ocrx_word' id='word_1_938' title='bbox 2009 5576 2199 5652; x_wconf 81' lang='lat' dir='ltr'><strong><em>saltem</em></strong></span> <span class='ocrx_word' id='word_1_939' title='bbox 2229 5578 2453 5644; x_wconf 71' lang='lat' dir='ltr'><strong><em>Caiatia,</em></strong></span> <span class='ocrx_word' id='word_1_940' title='bbox 2490 5593 2589 5652; x_wconf 69' lang='lat' dir='ltr'><strong><em>pro</em></strong></span> <span class='ocrx_word' id='word_1_941' title='bbox 2616 5593 2681 5631; x_wconf 86' lang='lat' dir='ltr'><strong><em>eo</em></strong></span> <span class='ocrx_word' id='word_1_942' title='bbox 2697 5578 2853 5652; x_wconf 82' lang='lat' dir='ltr'><strong><em>quod</em></strong></span> <span class='ocrx_word' id='word_1_943' title='bbox 2883 5586 2969 5652; x_wconf 74' lang='lat' dir='ltr'><strong><em>est</em></strong></span> <span class='ocrx_word' id='word_1_944' title='bbox 2996 5576 3230 5652; x_wconf 76' lang='lat' dir='ltr'><strong><em>Gaiana:</em></strong></span> <span class='ocrx_word' id='word_1_945' title='bbox 3256 5576 3456 5652; x_wconf 76' lang='lat' dir='ltr'><strong><em>quippe</em></strong></span> <span class='ocrx_word' id='word_1_946' title='bbox 3484 5598 3607 5652; x_wconf 66' lang='lat' dir='ltr'><strong><em>quae</em></strong></span> 
     </span>
    </p>
   </div>
   <div class='ocr_carea' id='block_1_117' title="bbox 2009 5648 3610 5720">
    <p class='ocr_par' dir='ltr' id='par_1_117' title="bbox 2009 5648 3610 5720">
     <span class='ocr_line' id='line_1_117' title="bbox 2009 5648 3610 5720; baseline 0.003 -15"><span class='ocrx_word' id='word_1_947' title='bbox 2009 5651 2304 5706; x_wconf 83' lang='lat' dir='ltr'><strong><em>remedium</em></strong></span> <span class='ocrx_word' id='word_1_948' title='bbox 2347 5652 2504 5704; x_wconf 88' lang='lat' dir='ltr'><strong><em>etiam</em></strong></span> <span class='ocrx_word' id='word_1_949' title='bbox 2561 5648 2831 5719; x_wconf 87' lang='lat' dir='ltr'><strong><em>Baptismo</em></strong></span> <span class='ocrx_word' id='word_1_950' title='bbox 2881 5650 3112 5704; x_wconf 82' lang='lat' dir='ltr'><strong><em>tolleret.</em></strong></span> <span class='ocrx_word' id='word_1_951' title='bbox 3170 5648 3245 5705; x_wconf 89' lang='lat' dir='ltr'><strong><em>Dc</em></strong></span> <span class='ocrx_word' id='word_1_952' title='bbox 3293 5648 3412 5707; x_wconf 76' lang='lat' dir='ltr'><strong><em>aliis</em></strong></span> <span class='ocrx_word' id='word_1_953' title='bbox 3453 5648 3610 5720; x_wconf 80' lang='lat' dir='ltr'><strong><em>hujus</em></strong></span> 
     </span>
    </p>
   </div>
   <div class='ocr_carea' id='block_1_118' title="bbox 2010 5720 3609 5789">
    <p class='ocr_par' dir='ltr' id='par_1_118' title="bbox 2010 5720 3609 5789">
     <span class='ocr_line' id='line_1_118' title="bbox 2010 5720 3609 5789; baseline 0.001 -13"><span class='ocrx_word' id='word_1_954' title='bbox 2010 5734 2170 5777; x_wconf 71' lang='lat' dir='ltr'><strong><em>secta:</em></strong></span> <span class='ocrx_word' id='word_1_955' title='bbox 2194 5724 2465 5776; x_wconf 76' lang='lat' dir='ltr'><strong><em>erroribus</em></strong></span> <span class='ocrx_word' id='word_1_956' title='bbox 2486 5722 2606 5774; x_wconf 82' lang='lat' dir='ltr'><strong><em>vide</em></strong></span> <span class='ocrx_word' id='word_1_957' title='bbox 2629 5723 2876 5775; x_wconf 84' lang='lat' dir='ltr'><strong><em>eumdem</em></strong></span> <span class='ocrx_word' id='word_1_958' title='bbox 2900 5720 2965 5775; x_wconf 88' lang='lat' dir='ltr'><strong><em>de</em></strong></span> <span class='ocrx_word' id='word_1_959' title='bbox 2988 5720 3284 5789; x_wconf 59' lang='lat' dir='ltr'><strong><em>Praescript.</em></strong></span> <span class='ocrx_word' id='word_1_960' title='bbox 3310 5726 3426 5779; x_wconf 85' lang='lat' dir='ltr'><strong><em>adv.</em></strong></span> <span class='ocrx_word' id='word_1_961' title='bbox 3454 5727 3609 5789; x_wconf 54' lang='lat'><strong><em>[10312;</em></strong></span> 
     </span>
    </p>
   </div>
   <div class='ocr_carea' id='block_1_119' title="bbox 2011 5789 3607 5861">
    <p class='ocr_par' dir='ltr' id='par_1_119' title="bbox 2011 5789 3607 5861">
     <span class='ocr_line' id='line_1_119' title="bbox 2011 5789 3607 5861; baseline 0.003 -14"><span class='ocrx_word' id='word_1_962' title='bbox 2011 5792 2295 5858; x_wconf 73' lang='lat' dir='ltr'><strong><em>Irenaeum,</em></strong></span> <span class='ocrx_word' id='word_1_963' title='bbox 2325 5793 2418 5848; x_wconf 89' lang='lat' dir='ltr'><strong><em>lib.</em></strong></span> <span class='ocrx_word' id='word_1_964' title='bbox 2450 5793 2488 5858; x_wconf 90' lang='lat' dir='ltr'><strong><em>l,</em></strong></span> <span class='ocrx_word' id='word_1_965' title='bbox 2520 5804 2638 5861; x_wconf 89' lang='lat' dir='ltr'><strong><em>cap.</em></strong></span> <span class='ocrx_word' id='word_1_966' title='bbox 2669 5791 2788 5856; x_wconf 91' lang='lat' dir='ltr'><strong><em>ult.;</em></strong></span> <span class='ocrx_word' id='word_1_967' title='bbox 2818 5789 3173 5859; x_wconf 76' lang='lat' dir='ltr'><strong><em>Epiphaniam</em></strong></span> <span class='ocrx_word' id='word_1_968' title='bbox 3209 5789 3341 5851; x_wconf 77' lang='lat' dir='ltr'><strong><em>lnrr.</em></strong></span> <span class='ocrx_word' id='word_1_969' title='bbox 3370 5812 3607 5860; x_wconf 76' lang='lat' dir='ltr'><strong><em>xxxvm;</em></strong></span> 
     </span>
    </p>
   </div>
   <div class='ocr_carea' id='block_1_120' title="bbox 2011 5863 3034 5935">
    <p class='ocr_par' dir='ltr' id='par_1_120' title="bbox 2011 5863 3034 5935">
     <span class='ocr_line' id='line_1_120' title="bbox 2011 5863 3034 5935; baseline -0.002 -15"><span class='ocrx_word' id='word_1_970' title='bbox 2011 5875 2064 5920; x_wconf 88' lang='lat' dir='ltr'><strong><em>et</em></strong></span> <span class='ocrx_word' id='word_1_971' title='bbox 2095 5865 2450 5935; x_wconf 72' lang='lat' dir='ltr'><strong><em>Augusdnum</em></strong></span> <span class='ocrx_word' id='word_1_972' title='bbox 2485 5864 2617 5919; x_wconf 80' lang='lat' dir='ltr'><strong><em>hacr.</em></strong></span> <span class='ocrx_word' id='word_1_973' title='bbox 2650 5876 2799 5919; x_wconf 83' lang='lat' dir='ltr'><strong><em>xvnt.</em></strong></span> <span class='ocrx_word' id='word_1_974' title='bbox 2830 5863 3034 5919; x_wconf 60' lang='lat' dir='ltr'><strong><em>Pauca.</em></strong></span> 
     </span>
    </p>
   </div>
  </div>
