4216 6262
589 221 729 310 teis

1356 227 1448 284 AD
1484 227 1937 288 NOVATIANUM
1978 232 2064 288 DE
2105 233 2343 294 LAPSIS
2382 232 2692 290 ANONYMI
2731 231 3164 292 TRACTATUS.

3744 235 3899 294 1216

588 353 714 392 xvm
731 381 747 405 ,
772 337 901 412 21).
929 338 1167 408 (Delicta
1194 341 1336 397 enim
1363 357 1480 413 qua:
1503 345 1794 409 commisit,
1818 347 2178 404 abolebantur
2205 354 2257 412 Λ
2281 351 2421 404 dium
2441 352 2534 404 erit
2553 353 2606 404 in
2634 352 2756 406 ctelo
2782 370 2934 422 super
2955 371 3054 408 uno
3075 363 3338 426 peccatore
3359 357 3704 427 paenitentiam
3729 373 3900 426 agen—

587 431 656 486 de
694 432 948 487 memoria
987 433 1397 488 succedentibus
1436 435 1591 490 bonis
1641 435 1857 506 factis.)
1894 439 1972 494 Tu
2016 441 2176 512 hodie

587 537 848 585 retractas
869 568 884 588 .
912 542 980 581 an
1011 527 1244 584 debeant
1283 529 1554 600 lapsorum
1595 533 1771 587 curari
1804 534 2052 603 vulnera,
2089 536 2180 606 qui

585 619 772 677 nudati
806 635 834 673 a
874 618 1086 674 diabolo
1135 621 1479 690 ceciderunt,
1514 623 1754 678 violentia
1802 643 1984 697 aqum,
2027 644 2180 698 quam

589 731 682 769 suo
709 731 794 768 ore
821 731 1028 784 serpens
1057 716 1221 769 emisit
1249 727 1364 786 post
1393 718 1653 772 mulierem
1685 718 1703 791 (
1726 721 1887 787 Apoc.
1915 738 2022 787 xu,
2050 722 2116 778 15
2136 725 2178 793 ).

588 805 692 865 Sed
716 807 839 878 quid
859 808 1022 862 dicam
1037 808 1063 862 Σ)
1080 809 1155 863 ait
1177 811 1216 863 Α
1229 810 1469 872 postolus
1490 829 1501 864 :
1526 810 1708 866 Laudo
1734 829 1816 867 ros
1833 813 1856 867 ?
1876 813 1939 868 In
1963 815 2057 868 hoc
2080 833 2179 869 non

587 888 776 954 laudo:
797 901 916 970 quia
939 917 1041 954 non
1064 901 1117 955 in
1143 901 1354 966 melius,
1381 903 1470 956 sed
1496 904 1548 956 in
1579 906 1724 975 pejus
1752 907 1955 960 venistis
1985 906 2036 979 (I
2059 907 2180 962 Cor.

588 1006 678 1056 xt,
720 992 944 1065 1217).
988 994 1090 1052 Ubi
1128 996 1271 1050 enim
1327 1007 1451 1052 sunt
1511 999 1860 1054 wmulationes
1899 1010 1944 1054 et
1983 994 2183 1057 dissen-

591 1088 760 1142 siones
789 1088 840 1142 in
869 1088 1028 1154 vobis,
1060 1105 1228 1143 nonne
1257 1092 1490 1145 carnales
1517 1093 1636 1146 estis
1654 1136 1668 1159 ,
1702 1101 1749 1146 et
1778 1085 2064 1148 secundani
2090 1097 2183 1149 ho-

590 1183 778 1236 minem
801 1181 1072 1237 ambulatis
1099 1181 1155 1256 (I
1185 1180 1307 1239 Cor.
1339 1199 1425 1249 ιιι,
1451 1184 1560 1256 5)?
1586 1183 1696 1240 Nec
1723 1200 1820 1241 nos
1847 1187 2059 1256 quidem
2088 1191 2189 1243 mi—

592 1281 700 1336 rari
738 1291 986 1351 oportet,
1022 1297 1117 1337 cur
1147 1283 1248 1339 iste
1275 1282 1613 1339 Novatianus
1644 1295 1750 1340 tam
1783 1285 2012 1341 nefanda
2033 1327 2048 1352 ,
2082 1297 2188 1340 tam

593 1373 774 1444 gravia
801 1373 852 1428 in
883 1389 1171 1445 personam
1198 1376 1469 1446 lapsorum
1498 1393 1756 1434 exercere
1783 1394 1925 1433 nunc
1952 1378 2149 1434 audeat
2173 1396 2186 1432 :

593 1465 1025 1538 quandoquidem
1050 1467 1310 1524 habemus
1336 1471 1580 1540 exempla
1609 1473 2069 1542 praevaricationis
2091 1473 2188 1527 hu-

2285 452 2332 496 te
2357 441 2506 512 (Luc.
2538 459 2614 498 xv
2633 487 2646 507 ,
2681 443 2861 516 6-10).
2888 445 2954 500 Et
2982 447 3308 517 subjungens
3337 450 3413 503 ait
3441 467 3462 504 :
3503 450 3598 503 Aut
3624 464 3740 520 qua:
3767 467 3900 502 mu-

2285 536 2377 588 lier
2403 536 2590 591 habens
2611 537 2846 592 denarios
2873 539 3043 593 decem
3067 581 3082 604 ,
3113 550 3160 593 et
3184 557 3299 594 cum
3325 541 3602 612 perdiderit
3627 558 3692 597 ea:
3729 542 3904 596 dena-

2286 627 2376 679 riis
2397 669 2410 691 ,
2446 645 2602 681 unum
2629 645 2795 684 nonne
2818 631 3045 686 accendit
3072 632 3351 694 lucernam,
3372 645 3418 687 et
3441 644 3544 688 tota
3571 633 3653 689 die
3673 634 3900 688 domum

2287 735 2431 773 suam
2475 721 2714 774 emundat
2746 764 2760 788 ,
2792 739 3022 793 qutrrens
3063 725 3220 779 donec
3264 726 3485 781 inveniat
3509 727 3533 780 ?
3561 725 3625 780 Et
3656 744 3775 781 cum
3803 728 3901 780 irt-

2289 813 2495 879 venerit,
2521 823 2758 867 convocat
2785 816 2976 869 amicas
2998 827 3044 871 et
3062 818 3250 872 vicinas
3270 859 3286 880 ,
3313 819 3486 874 dicens
3509 839 3522 875 :
3547 818 3912 890 Congratula-

2291 905 2414 958 mini
2440 907 2564 959 ntilti
2589 948 2603 972 ,
2631 909 2870 977 quoniam
2897 910 3064 964 inveni
3086 911 3351 966 denarium
3374 929 3522 982 quem
3547 914 3911 984 perdideram.

2293 995 2420 1050 Dico
2450 999 2617 1067 vobis,
2666 1003 2785 1066 quia
2825 1001 2926 1056 tale
2950 1004 3194 1074 gaudium
3231 1007 3326 1059 erit
3345 1007 3400 1060 in
3422 1017 3693 1076 conspectu
3720 1007 3911 1078 Ange-

2295 1091 2460 1145 lorum
2491 1091 2586 1146 Dei
2613 1111 2765 1164 super
2807 1112 2906 1150 uno
2938 1108 3200 1166 peccatore
3227 1101 3570 1167 paenitentiam
3609 1112 3817 1171 agente.
3859 1100 3909 1155 Ε

2291 1185 2561 1238 contrario
2589 1195 2766 1241 autem
2815 1204 2922 1243 non
2954 1199 3172 1260 agentes
3202 1189 3499 1246 facinorum
3531 1208 3751 1247 suorum
3781 1209 3912 1263 pae-

2292 1275 2567 1332 nitentiam
2596 1295 2611 1342 ;
2645 1295 2761 1348 qua:
2788 1295 2881 1334 eos
2909 1291 3158 1336 maneant
3187 1324 3202 1349 ,
3234 1298 3299 1338 ex
3340 1285 3505 1354 ipsius
3539 1284 3754 1339 Domini
3786 1299 3916 1339 res-

2294 1366 2463 1439 ponso
2489 1383 2832 1440 cognoscant.
2854 1373 3102 1444 Legimus
3129 1377 3272 1430 enim
3307 1376 3357 1431 in
3394 1376 3718 1448 Evangelio:
3751 1379 3917 1448 quod

2293 1464 2499 1534 quidam
2524 1477 2764 1520 venerunt
2791 1468 2854 1521 de
2881 1467 3110 1523 Galilwis
3133 1470 3202 1522 ad
3230 1469 3538 1535 Dominum,
3573 1474 3910 1526 annuntian—

593 1559 678 1629 jus
705 1559 1082 1631 prmcedcmia,
1112 1561 1242 1619 Sam
1272 1562 1360 1619 ine
1387 1565 1544 1618 bonus
1573 1565 1592 1638 (
1609 1565 1630 1619 ι
1657 1566 1784 1637 κερ,
1809 1582 1895 1631 ιχ,
1924 1567 1960 1621 2
1979 1609 1994 1632 ,
2023 1583 2154 1622 xu"
2173 1612 2187 1633 ,
2221 1578 2268 1639 Β
2297 1565 2367 1611 tes
2389 1558 2436 1610 ei
2465 1557 2527 1611 de
2551 1560 2621 1613 eis
2647 1576 2860 1628 quorum
2885 1563 3184 1632 sanguinem
3203 1563 3402 1617 miscuit
3431 1562 3635 1617 Pilatus
3657 1580 3779 1618 cum
3822 1581 3920 1619 sa-

597 1669 732 1724 seqq.
759 1653 814 1725 ),
861 1665 1058 1725 praeter
1097 1666 1331 1722 caetera,
1373 1667 1557 1728 postea
1601 1660 1768 1715 livore
1807 1663 2099 1728 evertitur,
2139 1671 2193 1717 et

595 1756 782 1802 contra
806 1747 970 1802 David
997 1750 1176 1804 omnia
1197 1749 1424 1805 adversa
1448 1760 1502 1806 et
1528 1751 1744 1807 inimica
1768 1767 1927 1822 agere
1951 1755 2189 1809 molitur.

597 1844 763 1900 Judas
785 1843 874 1900 ille
901 1845 1042 1902 inter
1062 1846 1351 1916 Apostolos
1375 1846 1580 1903 electus
1601 1847 1818 1921 (Matth.
1841 1867 1905 1917 x,
1929 1852 1998 1916 4;
2029 1869 2156 1908 xxv:
2175 1897 2191 1919 ,

600 1941 743 2009 15),
797 1940 889 2010 qui
933 1955 1151 2011 semper
1200 1943 1252 1995 in
1293 1941 1455 1996 domo
1495 1943 1587 1996 Dei
1628 1945 1895 2000 unanimis
1932 1955 1987 2001 et
2021 1946 2195 2004 ﬁdelis

600 2029 789 2104 (Psal.
821 2047 926 2097 LIV,
958 2032 1062 2103 15)
1088 2073 1103 2097 ,
1134 2032 1250 2102 ipse
1280 2033 1618 2104 postmodum
1652 2036 1821 2092 Deum
1851 2039 2090 2094 tradidit.
2184 2047 2191 2076 ι

670 2123 998 2181 Praedixerat
1025 2126 1240 2196 quidem
1270 2136 1326 2183 et
1355 2130 1610 2185 Dominus
1638 2133 1836 2187 multos
1861 2149 1980 2190 esse
2008 2145 2199 2192 ventu-

601 2233 694 2275 ros
723 2219 824 2275 sub
855 2219 1090 2289 pellibus
1119 2221 1297 2276 ovium
1320 2264 1335 2288 ,
1368 2238 1592 2293 rapaces
1635 2225 1790 2295 lupos
1829 2227 2058 2297 (Matth.
2088 2246 2195 2295 vn,

603 2313 728 2386 15).
761 2313 863 2382 Qui
893 2321 1020 2368 sunt
1049 2314 1134 2369 isti
1177 2330 1402 2385 rapaces
1440 2317 1586 2386 lupi,
1629 2318 1728 2374 nisi
1770 2334 1933 2376 sensu
1973 2323 2200 2378 subdolo

603 2407 974 2478 conspirantes
1015 2407 1081 2462 ad
1124 2409 1487 2464 inlestandum
1526 2426 1742 2481 gregem
1783 2411 2023 2468 Christi?
2064 2415 2202 2470 sicut

602 2499 832 2576 legimus
859 2499 999 2571 apud
1027 2500 1342 2556 Zachariam
1375 2502 1611 2571 positum
1643 2521 1658 2559 :
1689 2503 1823 2560 Ecce
1875 2522 1965 2577 ego
2013 2508 2201 2560 suscita

604 2601 855 2666 pastorem
881 2593 936 2647 in
963 2600 1097 2647 terra
1114 2633 1131 2660 ,
1157 2594 1244 2666 qui
1268 2594 1405 2666 quod
1429 2611 1659 2650 aversum
1687 2606 1792 2661 est,
1820 2614 1922 2651 non
1947 2599 2165 2654 visitabit
2185 2643 2200 2666 ,

605 2695 653 2741 et
679 2703 856 2742 carnes
886 2687 1158 2741 electorum
1185 2687 1515 2743 manducabit
1538 2732 1553 2755 ,
1585 2699 1632 2742 et
1673 2692 1804 2745 talos
1844 2690 2054 2746 illorum
2094 2703 2203 2747 tor-

605 2781 777 2853 quebit
815 2779 1016 2855 (Zach.
1053 2795 1142 2845 x1,
1190 2780 1320 2852 l6).
1363 2781 1625 2838 Similiter
1653 2792 1707 2838 et
1735 2799 1833 2854 per
1866 2784 2204 2841 Ezechielem

611 2871 855 2940 increpat
893 2871 1199 2941 huiusmodi
1248 2883 1522 2942 pastores.
1570 2875 1775 2930 scilicet
1823 2876 2107 2945 prmdones
2154 2888 2208 2933 et

2295 1651 2504 1718 cri/iciis
2535 1653 2792 1721 ipsorum:
2847 1655 3027 1724 quibus
3075 1659 3338 1726 respondit
3379 1656 3632 1712 Dominus
3685 1659 3919 1712 dicens:

2297 1744 2502 1800 Putatis
2535 1749 2655 1818 quia
2682 1748 2762 1802 illi
2792 1745 2996 1804 Galilwi
3018 1767 3170 1821 super
3199 1761 3406 1805 caeteros
3432 1750 3677 1806 Galilteos
3725 1767 3922 1821 pecco.

2297 1846 2428 1892 tores
2467 1839 2668 1909 fuerant
2696 1881 2712 1906 ,
2743 1843 2861 1911 quia
2889 1843 3027 1912 passi
3052 1853 3169 1898 sunt
3217 1844 3392 1898 talia?
3421 1843 3570 1900 Non.
3606 1844 3743 1899 Dico
3773 1847 3923 1899 enim

2298 1931 2476 1984 vobis:
2522 1932 2619 1987 nisi
2648 1935 2993 2003 ptenitentiam
3040 1937 3240 2007 egeritis
3267 1979 3283 2004 ,
3323 1953 3496 1992 omnes
3547 1921 3788 1992 similiter
3831 1956 3924 2008 pe-

2298 2026 2460 2080 rietis.
2491 2027 2591 2082 Aut
2617 2029 2695 2082 illi
2721 2029 2892 2083 decem
2916 2040 2963 2084 et
2985 2039 3120 2095 octo,
3147 2047 3300 2101 super
3322 2047 3448 2102 quos
3468 2033 3650 2086 cecidit
3676 2033 3834 2085 turris
3863 2033 3923 2086 in

2303 2118 2449 2175 Siloa
2469 2164 2484 2186 ,
2519 2124 2706 2193 putatis
2732 2125 2851 2193 quia
2873 2124 3122 2180 debitores
3149 2129 3353 2196 fuerunt
3379 2128 3530 2182 morti
3561 2143 3707 2198 super
3730 2143 3922 2182 omnes

2302 2215 2530 2270 homines
2570 2219 2654 2288 qui
2681 2219 2972 2273 habitabant
3018 2221 3069 2274 in
3099 2219 3470 2274 Hierusalem?
3494 2218 3640 2274 Non.
3665 2219 3791 2274 Dico
3821 2238 3920 2274 ro-

2304 2309 2398 2376 bis,
2439 2309 2626 2380 inquit,
2657 2313 2777 2381 quia
2804 2313 2905 2366 nisi
2927 2314 3275 2383 paznitentiam
3298 2312 3498 2384 egeritis
3524 2354 3541 2378 ,
3569 2329 3748 2367 omnes
3771 2314 3926 2367 simi-

2304 2403 2419 2456 liter
2447 2405 2667 2472 perietis.
2703 2404 2856 2476 (Luc.
2886 2422 2977 2460 xm
3001 2447 3018 2474 ,
3063 2406 3208 2478 1-5).

2377 2496 2517 2553 XVI.
2563 2499 2868 2554 lixcitemus
2908 2500 3087 2571 itaque
3118 2515 3219 2556 nos
3262 2510 3524 2572 quantum
3582 2515 3880 2571 possumus
3905 2543 3923 2568 ,

2308 2587 2497 2657 fratres
2527 2588 2858 2646 di!ectissimi
2887 2633 2902 2658 ,
2935 2601 2989 2646 et
3013 2591 3244 2662 abrupto
3275 2593 3484 2648 inertiae
3513 2602 3574 2647 et
3610 2596 3926 2650 securitatis

2310 2696 2498 2735 somno
2532 2725 2545 2748 ,
2588 2682 2654 2737 ad
2685 2683 3020 2740 observanda
3048 2685 3258 2740 Domini
3305 2695 3574 2756 pratcepta
3605 2687 3923 2757 vigilemus.

2309 2775 2624 2844 Quaeramus
2671 2787 2777 2832 tota
2807 2789 2986 2834 mente
3015 2779 3154 2849 quod
3187 2779 3518 2850 perdidimus
3541 2823 3557 2848 ,
3591 2789 3648 2835 ut
3672 2782 3926 2836 invenire

2312 2871 2611 2939 possimus;
2643 2871 2764 2939 quia
2790 2871 3049 2938 Quwrenti
3081 2914 3096 2938 ,
3126 2873 3201 2926 ait
3246 2873 3521 2943 Scriptura
3545 2915 3564 2940 ,
3595 2875 3806 2928 dabitur
3829 2917 3847 2941 ,
3884 2887 3929 2930 ct

609 2962 857 3020 laniones
885 2963 1094 3036 (dicam
1124 2974 1185 3020 ut
1211 2966 1603 3040 aestimaverat)
1629 2968 1852 3024 dicens:
1884 2969 1928 3022 0
1956 2980 2204 3041 pastores,
2235 2978 2279 3041 ρ
2313 2964 2537 3034 pulsanti
2560 2965 2813 3034 aperietur
2856 2965 3010 3037 (Luc.
3054 2982 3107 3022 χι
3129 3008 3144 3032 ,
3179 2965 3290 3038 10).
3322 2965 3633 3022 Mundemus
3679 2967 3924 3023 domum

609 3074 766 3128 quare
793 3059 873 3112 lac
899 3059 1114 3126 ebibitis,
1143 3069 1189 3114 et
1215 3061 1542 3131 coagulatum
1567 3063 1833 3117 comeditis
1851 3105 1866 3128 ,
1898 3073 1946 3118 et
1977 3069 2106 3136 forte
2136 3065 2206 3119 ad

609 3151 828 3206 nihilum
857 3152 1188 3224 perduxistis,
1221 3164 1267 3208 et
1296 3156 1558 3223 inﬁrmant
1588 3173 1688 3210 non
1719 3158 1983 3224 visitastis,
2011 3161 2209 3215 claudi-

613 3256 809 3301 cantem
837 3265 939 3302 non
965 3250 1201 3312 curastis,
1226 3259 1274 3302 et
1299 3261 1551 3305 errantem
1576 3267 1679 3306 non
1705 3255 1998 3318 revocastis,
2022 3266 2069 3307 et
2097 3272 2211 3324 per-

615 3339 829 3395 misistis
857 3342 1103 3412 pupulum
1132 3359 1298 3396 meum
1327 3359 1498 3398 errare
1524 3345 1658 3399 inter
1681 3346 1856 3413 spinas
1885 3356 1933 3400 et
1957 3345 2166 3402 tribulos
2185 3349 2210 3401 ?

615 3433 901 3506 PrOpterea
927 3434 1037 3488 hwc
1063 3434 1188 3488 dicit
1218 3434 1466 3490 Dominus
1483 3453 1501 3490 :
1529 3435 1664 3490 Ecce
1689 3454 1779 3509 ego
1811 3438 2008 3492 veniam
2035 3441 2212 3493 adver-

613 3541 701 3580 sus
731 3536 982 3599 pastores,
1015 3535 1061 3580 et
1090 3527 1352 3596 exquiram
1397 3544 1510 3582 oves
1557 3544 1692 3582 nteas
1742 3527 1804 3582 de
1832 3529 2063 3584 manibus
2091 3531 2211 3584 illo-

615 3635 728 3672 rum
746 3661 761 3685 ,
789 3628 836 3672 et
862 3617 1108 3688 repellam
1134 3635 1217 3672 eos
1245 3629 1301 3674 ut
1325 3635 1428 3674 non
1454 3629 1666 3690 pascant
1693 3637 1806 3674 oves
1831 3639 1968 3675 meas
1993 3666 2008 3690 ,
2041 3633 2084 3676 et
2114 3641 2216 3678 non

618 3721 762 3766 erunt
790 3713 864 3767 eis
893 3715 1113 3783 amplius
1143 3730 1259 3768 oves
1289 3729 1414 3768 meae
1440 3713 1494 3767 in
1524 3713 1928 3769 devorationem:
1959 3725 2005 3769 et
2040 3717 2216 3788 exqui-

618 3821 728 3857 rant
754 3821 838 3858 eas
865 3805 991 3858 sicut
1021 3815 1194 3876 pastor
1221 3822 1423 3878 gregem
1452 3823 1600 3859 suum
1629 3807 1682 3860 in
1709 3807 1792 3860 die
1820 3825 1919 3874 qua
1947 3810 2101 3878 fuerit
2132 3826 2218 3863 ca-

620 3895 723 3966 ligo
747 3904 793 3948 et
818 3895 1002 3949 nebula
1022 3912 1040 3949 :
1060 3897 1133 3950 sic
1156 3898 1417 3968 exquiram
1444 3915 1558 3954 oves
1583 3915 1719 3953 meas
1736 3939 1751 3964 ,
1776 3910 1822 3952 et
1848 3902 2110 3969 exquiram
2135 3919 2219 3956 eas

620 3989 674 4042 in
705 3990 842 4043 omni
883 3989 993 4043 loco
1021 4006 1332 4060 quocumque
1357 3991 1600 4063 dispersa:
1629 4002 1784 4046 sunt:
1812 4004 1858 4046 et
1890 3995 2024 4063 quod
2054 3996 2217 4065 perie-

621 4093 738 4151 rat,
781 4083 1072 4154 requirant:
1113 4094 1160 4138 et
1200 4085 1336 4154 quod
1375 4096 1661 4151 erraverat,
1694 4087 1977 4142 revocabo:
2003 4099 2048 4142 et
2088 4090 2225 4159 quod

607 4182 1030 4248 'claudicaverat,
1074 4181 1300 4236 curabo:
1340 4192 1387 4236 et
1427 4184 1563 4253 quod
1602 4185 1865 4254 inﬁrmum
1906 4195 2014 4253 est,
2046 4197 2220 4240 custo-

624 4282 762 4335 diam
780 4298 800 4336 :
819 4291 866 4336 et
894 4297 1101 4352 pascam
1123 4296 1236 4335 oves
1261 4297 1398 4335 meas
1424 4297 1541 4335 cum
1560 4281 1760 4352 judicio
1787 4279 2008 4356 (Ezech.
2037 4299 2222 4352 xxxrv,

625 4377 681 4441 5,
711 4376 768 4434 ιι.
805 4376 896 4441 ιο,
932 4376 1016 4442 ιι,
1050 4374 1119 4430 ta
1145 4375 1187 4446 ).

697 4467 812 4524 XV.
834 4467 966 4536 Quis
987 4469 1088 4522 ista
1117 4467 1397 4537 loquitur?
1419 4467 1613 4539 Utique
1641 4469 1730 4524 ille
1756 4469 1846 4539 qui
1887 4470 2089 4525 relictis
2115 4487 2218 4525 no-

554 4592 556 4594 τ
626 4562 841 4631 naginta
891 4574 1086 4615 novem
1127 4558 1357 4625 ovibus,
1398 4560 1643 4629 quaesivit
1694 4561 1838 4615 illam
1876 4577 1995 4630 quae
2037 4562 2104 4617 de
2125 4578 2223 4619 suo

629 4663 900 4708 erraverat
923 4669 1114 4724 grege,
1167 4652 1304 4706 sicut
1337 4653 1498 4707 David
1527 4654 1686 4708 dicit:
1726 4653 1904 4708 Erravi
1952 4655 2084 4708 velut
2119 4657 2225 4710 ovis

629 4761 742 4817 qua:
769 4746 914 4817 periit
939 4745 1108 4818 (Psal.
1134 4761 1296 4801 cxvm
1322 4786 1337 4811 ,
1369 4745 1492 4818 176)
1519 4763 1533 4812 ;
1559 4761 1716 4816 quam
1749 4747 2014 4801 inventam
2046 4746 2227 4802 Chris-

635 4851 723 4896 tus
752 4840 909 4907 redit,
940 4841 1164 4896 humero
1186 4855 1284 4895 suo
1303 4849 1518 4910 portans
1542 4841 1886 4910 peccatricem
1909 4840 2224 4908 delicatam;

632 4935 721 5005 qui
751 4934 991 5004 gaudens
1007 4943 1060 4990 et
1081 4933 1348 4998 exultans,
1367 4933 1572 4988 vocatis
1593 4933 1780 4990 amicis
1799 4946 1853 4988 et
1875 4933 2185 4990 domesticis
2210 4979 2226 5002 ,

635 5029 750 5082 ait:
783 5027 1227 5099 Congratulamini
1256 5026 1419 5091 mihi,
1466 5026 1705 5095 quoniam
1758 5027 1960 5080 inventa
2018 5037 2091 5082 est
2122 5029 2231 5083 ovis

637 5141 748 5181 mea
774 5139 887 5195 qua:
911 5123 1148 5195 perierat.
1182 5121 1310 5178 Dico
1328 5166 1342 5189 ,
1389 5121 1561 5193 inquit
1588 5165 1603 5189 ,
1631 5121 1770 5179 vobis
1789 5165 1804 5189 ,
1833 5123 1955 5193 quia
1983 5122 2085 5178 tale
2107 5139 2233 5194 gau-

2314 3068 2551 3112 nostram
2581 3058 2840 3112 munditia
2871 3059 3098 3130 spiritali
3130 3100 3145 3123 ,
3175 3068 3232 3114 ut
3257 3069 3464 3116 secreta
3493 3076 3711 3132 quaeque
3735 3069 3794 3115 et
3823 3063 3932 3118 ab—

2312 3150 2420 3205 dita
2453 3152 2684 3219 pectoris
2708 3153 2877 3207 nostri
2908 3195 2922 3220 ,
2953 3167 3085 3208 vero
3117 3152 3391 3222 Evangelii
3418 3154 3620 3208 lumine
3665 3153 3887 3209 radiata
3912 3197 3930 3220 ,

2313 3243 2494 3298 dicant
2521 3261 2533 3297 :
2563 3243 2679 3298 Tibi
2715 3245 2813 3298 soli
2840 3245 3066 3314 deliqui,
3095 3257 3143 3299 et
3170 3246 3529 3316 nequissimum
3563 3234 3616 3299 in
3650 3258 3937 3316 conspectis

2314 3346 2398 3389 tuo
2443 3337 2540 3404 feci
2579 3336 2752 3409 (Psal.
2787 3355 2816 3392 L
2841 3380 2854 3401 ,
2888 3336 2980 3408 6);
3019 3338 3154 3404 Quia
3184 3354 3321 3392 mors
3365 3348 3698 3408 peccatorum
3741 3341 3892 3393 mala
3919 3356 3942 3400 :

2321 3427 2492 3500 (Psal.
2541 3445 2745 3493 χχχιιι,
2777 3430 2872 3501 “2.2)
2922 3439 2977 3485 et
3024 3431 3165 3500 apud
3210 3432 3405 3501 inferos
3452 3431 3749 3500 ptenitentia
3783 3433 3937 3485 nulla

2319 3520 2507 3594 (Eccli.
2539 3539 2592 3576 ιιι
2612 3564 2624 3584 .
2662 3522 2753 3595 17)
2780 3541 2793 3576 :
2827 3521 3089 3578 habentes
3119 3523 3171 3578 in
3201 3523 3663 3593 contemplatione
3691 3525 3940 3579 maxime

2318 3618 2457 3672 diem
2479 3617 2665 3688 judicii
2694 3627 2749 3673 et
2771 3619 3172 3673 retributionis:
3205 3626 3260 3674 et
3286 3617 3429 3689 quod
3455 3618 3522 3672 ab
3542 3616 3807 3672 omnibus
3834 3633 3938 3673 no-

2321 3711 2402 3766 bis
2443 3710 2769 3766 credendum
2797 3752 2814 3778 ,
2842 3720 2898 3765 et
2927 3710 3154 3765 ﬁrmiter
3201 3720 3286 3766 est
3312 3709 3641 3776 tenendum,
3674 3711 3812 3780 quia
3858 3728 3948 3764 ac-

2323 3807 2485 3874 ceptio
2516 3823 2846 3876 personarunt
2874 3823 2977 3860 non
3019 3815 3091 3860 est
3117 3805 3256 3874 apud
3285 3804 3450 3859 Deum
3485 3803 3664 3876 (Rom.
3700 3821 3736 3859 tt
3759 3846 3779 3866 .
3815 3805 3946 3877 il):

2324 3915 2444 3954 Ctltll
2485 3901 2801 3970 prmceperit
2845 3903 2896 3954 in
2940 3900 3357 3956 Deuteronomio
3408 3915 3514 3953 non
3562 3898 3952 3968 accipiendam

2326 4011 2608 4066 personam
2642 3997 2694 4050 in
2729 3996 2963 4066 judicio:
3003 3995 3125 4050 Non
3169 3997 3387 4066 accipies
3413 4037 3426 4057 ,
3458 3995 3531 4048 ait
3559 4036 3574 4060 ,
3614 4011 3904 4065 personam
3933 4038 3949 4056 ,

2327 4106 2417 4143 nec
2441 4089 2715 4144 secundum
2742 4091 3028 4156 minintum,
3059 4106 3151 4143 nec
3172 4089 3450 4143 secundum
3475 4089 3764 4140 maximum
3797 4087 3955 4160 judi-

2328 4183 2466 4238 cabis
2495 4183 2670 4254 (Deut.
2715 4201 2768 4250 ι,
2799 4186 2886 4249 17;
2917 4201 3004 4238 xvr
3026 4227 3040 4249 ,
3081 4182 3193 4257 19).
3225 4183 3318 4238 His
3356 4181 3550 4237 similia
3577 4192 3630 4236 et
3654 4196 3753 4250 per
3802 4182 3952 4236 Eze-

2328 4257 2556 4333 chielem
2608 4277 2742 4332 dixit
2781 4277 3050 4341 :.0mnes,
3105 4277 3317 4346 inquit,
3358 4276 3544 4329 animte
3592 4289 3719 4328 mea
3779 4285 3956 4334 sunt;

2249 4380 2303 4439 Ι)
2329 4371 2460 4425 sicut
2511 4370 2682 4426 animo
2733 4371 2932 4440 patris,
2983 4379 3028 4424 et
3067 4370 3242 4423 anima
3269 4368 3404 4436 filii:
3433 4369 3605 4422 anima
3649 4383 3771 4438 quae
3827 4385 3956 4440 pec-

2325 4466 2509 4521 caverit
2535 4507 2549 4530 ,
2604 4467 2717 4534 ipsa
2744 4466 2987 4520 morietur
3019 4464 3232 4536 (Ezech.
3263 4479 3395 4518 xvm
3424 4505 3439 4529 ,
3471 4461 3549 4534 ὁ).
3581 4455 3678 4516 Hic
3705 4463 3821 4516 erit
3843 4462 3954 4533 igi-

2330 4567 2415 4612 tur
2441 4574 2473 4612 a
2504 4558 2658 4613 nobis
2700 4557 3070 4624 venerandus,
3104 4557 3192 4612 hic
3220 4556 3484 4612 tenendus
3511 4598 3524 4620 ,
3562 4555 3647 4610 hic
3695 4570 3801 4624 per
3833 4557 3954 4627 ple—

2329 4668 2450 4708 nam
2478 4662 2532 4706 et
2565 4653 2779 4724 dignam
2812 4663 3049 4707 nostram
3080 4651 3475 4708 confessionem
3508 4650 3899 4720 propitiandos
3930 4692 3950 4715 ,

2330 4747 2417 4818 qui
2437 4745 2583 4800 habet
2630 4755 2920 4810 potestatem
2947 4747 3169 4800 animant
3208 4757 3254 4799 et
3294 4761 3481 4814 corpus
3510 4743 3741 4796 ntittendi
3778 4744 3835 4796 in
3861 4761 3958 4811 ge-

2335 4841 2552 4892 hennam
2595 4841 2726 4910 ignis
2770 4839 3001 4910 (Matth.
3055 4856 3088 4895 x
3113 4883 3127 4905 ,
3160 4838 3275 4910 9.8),
3331 4839 3470 4892 sicut
3517 4838 3781 4907 scriptum
3814 4847 3906 4891 est
3941 4859 3956 4893 :

2338 4931 2468 4986 Ecce
2485 4932 2612 4986 venit
2642 4950 2756 4986 cum
2779 4932 2949 4986 multis
2967 4931 3191 4985 millibus
3213 4932 3503 4984 nuntiorum
3531 4945 3744 4983 suorum
3767 4932 3957 4998 facere

2329 5026 2582 5098 judicium
2608 5027 2671 5079 de
2706 5027 2936 5079 omnibus
2965 5068 2978 5088 ,
3010 5034 3055 5079 et
3086 5025 3296 5097 perdere
3322 5041 3492 5077 omnes
3522 5024 3707 5094 impios
3728 5065 3745 5088 ,
3780 5032 3832 5076 et
3864 5039 3963 5075 aro

2339 5139 2490 5194 gnere
2539 5139 2739 5176 ontnem
2791 5137 2994 5175 carnem
3051 5121 3114 5175 tle
3179 5120 3411 5177 omnibus
3463 5118 3612 5189 [actis
3665 5116 3960 5188 impiorum

1990 5285 2358 5345 VARIORUM
2398 5284 2624 5344 NUTIE.

715 5427 854 5484 XIV.
886 5455 958 5466 —-
996 5423 1460 5498 Violentiaraqute,
1497 5435 1600 5483 etc.
1627 5427 1881 5498 lntelligit
1910 5426 2243 5496 persecutio—
2347 5440 2458 5498 ms.
2473 5427 2662 5484 codex.
2699 5391 2901 5483 Pauca.

646 5516 768 5557 ncm
799 5514 958 5569 quam
983 5499 1227 5552 diabolus
1257 5497 1481 5553 immisit
1504 5502 1555 5554 in
1582 5500 1901 5555 Ecclesium.
1931 5501 2132 5553 PAMEL.

717 5567 869 5640 Apud
907 5567 1235 5623 Zachariam.
1280 5570 1390 5625 Hoc
1430 5587 1494 5625 ex
1535 5571 2123 5638 coniecturaCoswrii,
2149 5584 2245 5640 pro

645 5644 713 5693 ad
742 5643 1053 5694 :consentit
1081 5643 1241 5694 etiam
1273 5656 1375 5694 ms.
1407 5641 1603 5695 codex.
1633 5643 1837 5697 PAMEL.

722 5712 824 5778 De‘
850 5711 1084 5778 manibus
1111 5712 1579 5778 illoruntsAdjccit
1609 5713 1753 5765 istud
1797 5723 1944 5766 recte
1969 5712 2201 5767 Gravius
2233 5728 2248 5765 τ

655 5790 778 5829 nam
811 5775 1013 5827 habent
1039 5777 1182 5829 LXX
1206 5816 1222 5838 ,
1251 5786 1306 5830 et
1330 5775 1632 5846 Cyprianus
1654 5782 1814 5848 epist.
1850 5797 1956 5845 uv,
1989 5784 2066 5836 sic
2095 5785 2256 5839 etiam

2420 5497 2534 5554 XV.
2562 5530 2632 5540 —-
2659 5498 2737 5552 De
2765 5499 2993 5553 omnibus
3022 5499 3234 5570 factis...
3274 5495 3448 5566 impie.
3490 5495 3569 5570 ita
3596 5509 3664 5550 ex
3701 5499 3964 5570 margine

2349 5569 2532 5624 Gravii
2582 5573 2632 5624 in
2687 5581 2887 5625 tantum
2935 5569 3287 5635 inseruimus,
3324 5584 3390 5622 eo
3428 5569 3569 5638 quod
3607 5569 3966 5636 reperiantur

2353 5643 2492 5709 apud
2522 5641 2710 5696 Judam
2742 5644 3079 5712 Apostolum,
3111 5643 3411 5713 pt‘tcset‘tim
3440 5641 3827 5698 consentiente
3853 5660 3964 5698 ms.

2356 5714 2566 5768 codice.
2598 5714 2802 5768 ΡΑιιιειη
