4262 6236
319 309 462 370 1217

991 317 1407 378 THOMASSINI
1451 316 1903 380 DISSERTATIO
1941 321 2008 379 IN
2048 318 2226 389 SYN.,
2270 321 2358 378 DE
2399 315 2599 377 BAPT.
2642 316 2924 379 IIASRET.

3481 317 3624 380 1218

314 446 435 496 qua:
466 432 690 501 fecerunt
716 431 867 503 impie
896 473 910 498 ,
937 443 982 487 et
1006 436 1068 489 de
1093 438 1323 493 omnibus
1340 439 1498 493 verbis
1524 440 1692 510 impiis
1718 457 1830 510 qua:
1855 441 1918 495 de
1943 451 1995 508 Α
2022 440 2309 509 Apostolus
2331 441 2532 496 bonum
2558 443 2864 508 consulens,
2884 442 2961 497 sic
2992 439 3239 498 hortatur
3256 456 3376 511 nos,
3402 442 3628 502 dicens:

322 522 438 579 Deo
467 524 622 579 locuti
649 535 764 580 sunt
787 540 1070 597 peccatores
1121 532 1298 599 (βιαίας
1330 535 1393 588 14
1412 576 1426 599 ,
1455 536 1568 601 15).

399 616 561 672 XVII.
597 619 688 673 llis
721 620 914 675 similia
943 632 996 677 et
1026 624 1247 680 Daniel:
1287 626 1629 697 Vidifinquit
1650 669 1664 692 ,
1694 628 1930 683 thronum

325 711 545 779 positum
566 752 581 776 ,
613 722 659 765 et
698 710 932 768 Vetustas
952 714 1150 769 dierum
1170 718 1371 772 sedebat
1396 736 1547 789 super
1574 738 1686 775 eum
1712 763 1725 785 ,
1759 732 1804 774 et
1832 739 1932 776 ves-

325 799 448 856 titus
472 802 582 869 eius
608 812 714 857 erat
739 815 999 874 tamquam
1021 807 1111 861 nia:
1132 849 1147 875 ,
1176 819 1225 864 et
1252 812 1428 878 capilli
1454 813 1639 882 capitis
1666 816 1776 884 ejus
1799 829 1931 868 tam-

328 910 482 964 quam
505 894 627 950 lana
657 897 795 965 alba,
820 900 1030 955 thronus
1052 904 1191 957 illius
1210 905 1421 973 ﬂamma
1445 906 1597 977 ignis,
1636 919 1761 961 rotce
1790 909 1930 962 illius

326 986 460 1056 ignis
486 989 694 1044 ardens.
753 988 972 1045 Flumen
1014 994 1145 1064 ignis
1186 996 1421 1061 prodibat
1466 1009 1580 1051 ante
1629 1000 1928 1053 eum:mil-

328 1079 402 1132 lia
446 1080 666 1134 millium
693 1084 975 1137 serviebant
1005 1087 1051 1139 ei
1070 1129 1083 1152 ,
1119 1096 1164 1140 et
1196 1088 1359 1142 millia
1387 1089 1608 1144 millium
1633 1091 1933 1145 assistebant

328 1173 395 1227 ei.
428 1174 509 1228 Ad
530 1176 793 1245 judicium
816 1179 965 1246 sedit,
999 1192 1045 1234 et
1072 1181 1189 1235 libri
1216 1185 1379 1253 aperti
1407 1194 1522 1239 sunt
1555 1184 1717 1256 (Dan.
1746 1202 1835 1252 vn,
1869 1187 1924 1253 9,

330 1265 443 1339 10).
497 1268 734 1326 JOannes
778 1281 956 1327 autem
999 1274 1335 1332 manifestius
1385 1286 1441 1333 et
1486 1279 1553 1333 de
1610 1280 1698 1335 die
1738 1280 1929 1351 judicii

330 1372 388 1419 et
430 1367 895 1423 consummatione
946 1370 1131 1425 saeculi
1169 1370 1409 1427 declarat
1444 1372 1666 1429 dicens:
1696 1374 1760 1427 Et
1813 1392 1929 1429 cum

330 1459 634 1528 aperuisset,
668 1461 859 1533 inquit,
901 1464 1129 1534 sigillum
1159 1476 1353 1519 sextum
1380 1506 1394 1531 ,
1428 1483 1540 1521 ecce
1566 1478 1713 1522 terra:
1764 1478 1930 1523 motus

332 1556 498 1623 factus
524 1564 597 1608 est
626 1571 839 1627 magnus
867 1571 887 1610 :
908 1566 955 1611 et
985 1561 1151 1627 factus
1177 1569 1248 1613 est
1274 1560 1351 1613 sol
1380 1560 1524 1631 niger
1564 1571 1619 1613 ut
1648 1577 1825 1615 saccus
1852 1562 1926 1615 ci-

332 1647 535 1712 licinus,
568 1658 614 1701 et
641 1647 765 1703 luna
791 1660 897 1703 tota
926 1652 1207 1721 sanguinea
1234 1656 1369 1722 facta
1398 1663 1472 1706 est
1496 1668 1515 1706 .'
1538 1663 1585 1707 et
1613 1654 1772 1708 stella:
1799 1656 1929 1708 ceci-

333 1741 516 1794 derunt
539 1740 593 1795 in
620 1752 829 1808 terram,
858 1744 1109 1813 quomodo
1136 1745 1264 1811 ﬁcus
1291 1762 1323 1798 a
1348 1757 1491 1800 vento
1522 1763 1705 1816 magno
1736 1748 1932 1818 agitata

2036 532 2203 587 Nemo
2232 549 2317 588 vos
2340 535 2560 603 decipiat
2580 536 2809 590 inanibus
2833 536 2991 590 verbis
3016 552 3035 590 :
3054 547 3320 606 propterea
3346 538 3478 592 enim
3499 539 3634 593 venit

2035 627 2112 681 ira
2146 628 2235 682 Dei
2265 645 2419 697 super
2452 630 2589 698 ﬁlios
2628 631 2982 685 contumacite.
3018 628 3196 685 Nolite
3230 647 3335 686 esse
3363 633 3634 704 participes

2035 736 2210 774 eorum
2250 720 2472 792 (Ephes.
2505 738 2556 788 ν,
2592 723 2644 787 6,
2680 723 2758 794 7).

2109 812 2296 867 XVIII.
2343 815 2539 869 Demus
2567 815 2727 885 igitur
2757 816 2881 872 totis
2908 818 3116 874 viribus
3139 818 3263 876 tidei
3290 830 3491 877 nostra:
3523 822 3634 878 Deo

2036 908 2273 975 Iaudem,
2300 910 2492 965 demus
2516 914 2726 981 plenam
2750 914 3139 969 confessionem
3164 932 3180 969 :
3203 916 3637 988 quandoquidem

2036 1018 2201 1073 super
2234 1004 2545 1073 poenitentia
2590 1015 2772 1062 nostra
2800 1008 3066 1078 gaudeant
3097 1012 3323 1066 virtutes
3351 1013 3633 1081 ctelorum,

2036 1097 2304 1166 gaudeant
2335 1100 2524 1170 Angeli
2547 1115 2756 1168 onmes,
2780 1103 3011 1172 gaudeat
3031 1103 3383 1173 etChristus;
3413 1108 3502 1179 qui
3536 1124 3636 1164 nos

2038 1189 2215 1245 denuo
2247 1194 2481 1261 peccatis
2528 1204 2781 1249 oneratos
2801 1237 2816 1261 ,
2865 1196 3075 1251 delictis
3109 1198 3331 1254 obrutos
3354 1241 3368 1265 ,
3398 1200 3555 1270 plena
3585 1210 3641 1257 et

2040 1284 2291 1340 clementi
2344 1287 2718 1343 moderatione
2751 1304 2968 1345 cessare
3016 1306 3045 1345 a
3088 1291 3327 1349 facinore
3368 1296 3634 1363 hortatur,

2038 1376 2256 1433 dicens:
2280 1376 2563 1435 Convertite
2591 1397 2695 1447 vos,
2721 1392 2765 1435 et
2787 1383 2946 1436 redite
2964 1383 3026 1437 ab
3050 1384 3388 1453 impietatibus
3416 1389 3592 1443 vestris
3613 1406 3631 1443 :

2037 1482 2083 1525 et
2115 1490 2216 1528 non
2242 1485 2386 1529 erunt
2413 1476 2552 1529 vobis
2578 1475 2867 1544 iniquitates
2908 1488 3087 1531 vestra:
3115 1480 3182 1531 ad
3213 1496 3432 1547 plenam.
3462 1479 3639 1549 Profi-

2039 1569 2133 1621 cite
2163 1586 2195 1621 a
2222 1569 2359 1622 vobis
2400 1586 2570 1623 omnes
2608 1569 2891 1639 impietates
2918 1581 3105 1625 vestras
3135 1589 3263 1641 quas
3308 1574 3499 1643 fecistis
3540 1574 3640 1628 ad-

2037 1678 2235 1715 versum
2254 1679 2330 1715 me
2353 1678 2371 1715 :
2391 1672 2437 1715 et
2459 1664 2613 1732 facite
2638 1664 2773 1717 vobis
2799 1680 2885 1717 cor
2908 1680 3091 1718 novum
3112 1674 3157 1719 et
3175 1667 3410 1735 spiritum
3428 1683 3637 1722 novum.

2039 1752 2107 1807 Et
2134 1764 2189 1807 ut
2215 1755 2338 1825 quid
2362 1770 2447 1807 vos
2474 1755 2624 1808 morti
2652 1755 2872 1822 traditis,
2903 1756 3085 1810 domus
3113 1756 3317 1811 Israel?
3348 1758 3471 1812 Non
3506 1760 3642 1813 enim

333 1836 487 1889 mittit
513 1853 713 1907 grossos
753 1854 872 1891 suos
896 1854 914 1891 :
942 1848 987 1892 et
1019 1839 1199 1893 calum
1226 1842 1426 1894 recessit
1458 1851 1510 1893 ut
1554 1840 1678 1894 liber
1702 1858 1815 1894 cum
1847 1842 1929 1894 in-
1962 1859 2009 1918 Β
2039 1846 2269 1901 desidero
2300 1856 2511 1901 mortem
2539 1848 2837 1917 peccatoris.
2872 1846 3088 1919 (Ezech.
3114 1865 3268 1913 xvm,
3299 1848 3496 1920 30-39.)
3529 1849 3642 1921 Ego

337 1930 548 1983 volvitur
570 1947 589 1983 :
611 1940 657 1985 et
686 1933 851 1986 omnis
877 1949 1021 1987 mons
1058 1943 1105 1987 et
1136 1935 1319 1989 insula:
1360 1936 1421 1989 de
1468 1936 1591 1990 locis
1630 1938 1735 1989 suis
1781 1947 1932 1991 mota:

335 2033 495 2077 sunt:
518 2033 564 2077 et
589 2042 729 2096 reges
756 2034 921 2095 terrte,
954 2037 998 2080 et
1027 2029 1235 2081 maximi
1264 2030 1448 2100 quique
1476 2040 1523 2084 et
1554 2030 1744 2085 tribuni
1772 2041 1816 2085 et
1845 2032 1929 2085 di-

334 2116 461 2171 vites
484 2128 529 2170 et
557 2117 735 2188 fortes,
766 2129 812 2173 et
852 2120 1016 2175 omnis
1042 2137 1215 2175 servus
1240 2132 1285 2177 et
1332 2124 1455 2177 liber
1482 2125 1855 2180 absconderant
1884 2143 1936 2180 se

336 2208 390 2262 in
437 2212 695 2279 speluncis
722 2222 769 2266 et
812 2214 866 2267 in
905 2218 1133 2269 cavernis
1175 2218 1456 2282 montium,
1485 2220 1703 2273 dicentes
1749 2221 1935 2275 monti-

339 2303 428 2357 bus
465 2314 514 2359 et
553 2306 707 2376 petris
746 2321 764 2359 :
798 2306 977 2361 Cadite
1017 2325 1170 2377 super
1217 2327 1338 2376 nos,
1405 2321 1451 2364 et
1499 2312 1788 2366 abscondite
1847 2329 1939 2367 nos

342 2415 374 2451 a
403 2410 667 2468 conspectu
693 2398 870 2456 Patris
909 2401 1125 2457 sedentis
1168 2420 1320 2475 super
1361 2404 1627 2473 thronum,
1660 2416 1707 2459 et
1750 2407 1813 2459 ab
1862 2407 1941 2460 ira

343 2492 776 2563 Agni:quonium
818 2497 949 2549 venit
993 2496 1100 2550 dies
1140 2498 1479 2553 interitionis:
1517 2510 1562 2553 et
1606 2501 1717 2571 quis
1760 2501 1942 2571 poterit

343 2602 480 2644 stare
511 2588 703 2662 (Apoc.
735 2606 785 2645 γι
807 2632 821 2658 ,
853 2589 1103 2663 12-17)?
1134 2592 1263 2648 Item
1295 2592 1347 2647 in
1385 2594 1571 2648 eadem
1617 2595 1942 2665 ApoCalypsi

344 2687 447 2742 hoc
484 2704 698 2758 quoque
736 2687 973 2743 Joannes
1010 2688 1139 2742 dicit
1175 2688 1276 2743 sibi
1310 2690 1602 2744 revelatum
1634 2706 1647 2744 :
1686 2689 1832 2755 Vidi,
1866 2691 1945 2744 in-

345 2783 481 2852 quit,
514 2781 753 2836 thronum
792 2798 1066 2852 magnum;
1092 2792 1140 2836 et
1183 2782 1460 2837 candidum
1502 2784 1759 2838 sedentem
1795 2799 1946 2853 super

347 2894 480 2943 eum,
511 2894 542 2931 a
567 2878 709 2947 cujus
736 2877 867 2948 facie
894 2878 1027 2949 fugit
1056 2877 1237 2930 caelum
1267 2888 1313 2931 et
1332 2888 1504 2943 terra;
1534 2887 1580 2930 et
1609 2878 1748 2931 locus
1775 2894 1948 2931 eorum

347 2974 574 3028 inventus
604 2988 704 3025 non
733 2982 844 3037 est,
888 2980 933 3025 et
978 2971 1078 3024 vidi
1128 2981 1351 3025 mortuos
1394 2988 1604 3042 magnos
1648 2981 1695 3025 et
1738 2970 1948 3039 pusillos

347 3076 536 3121 stantes
561 3076 677 3119 ante
718 3074 1039 3135 conspectum
1070 3064 1239 3118 throni
1277 3062 1526 3118 Domini:
1549 3073 1595 3118 et
1633 3063 1748 3118 libri
1785 3066 1949 3135 aperti

350 3172 487 3216 sunt.
519 3160 586 3215 Et
613 3161 745 3215 alius
769 3160 894 3214 liber
920 3169 1126 3228 apertus
1156 3168 1228 3215 est
1255 3160 1341 3230 qui
1367 3169 1440 3213 est
1470 3159 1586 3214 vita:
1609 3175 1627 3213 :
1648 3170 1693 3213 et
1722 3159 1949 3230 judicati

351 3267 471 3311 sunt
500 3257 688 3327 singuli
716 3256 991 3311 secundum
1018 3273 1075 3310 ea
1100 3271 1214 3327 qua:
1239 3256 1431 3326 scripta
1459 3266 1602 3310 erant
1634 3257 1687 3310 in
1713 3257 1843 3310 libro
1873 3272 1952 3311 se—

351 3353 627 3409 secundum
660 3369 816 3424 opera
851 3352 1077 3423 ipsorum
1115 3351 1312 3425 (Apoc.
1357 3368 1449 3419 xx,
1494 3352 1722 3423 11-15).
1757 3351 1864 3408 Sed
1907 3339 2032 3407 etC

2037 1955 2170 2006 sum,
2199 1956 2290 2009 ego
2314 1956 2447 2005 sum,
2478 1941 2565 2007 qui
2607 1939 2746 1993 deleo
2775 1941 3009 2008 facinora
3046 1951 3167 2001 tua;
3195 1950 3243 1995 et
3274 1957 3375 1995 non
3416 1957 3641 1996 comme-

2040 2032 2274 2085 morabor
2299 2042 2346 2085 te
2367 2048 2387 2085 :
2410 2041 2464 2084 tu
2490 2043 2658 2085 autem
2696 2032 2750 2084 in
2780 2041 2945 2085 mente
2970 2031 3116 2096 habe,
3145 2042 3194 2086 et
3216 2033 3517 2100 iudicemus.
3548 2030 3644 2087 Dic

2042 2140 2095 2184 tu
2124 2130 2355 2202 facinora
2378 2140 2465 2182 tua
2486 2130 2648 2199 prius,
2676 2128 3046 2200 utjusti/iceris
3073 2127 3207 2199 (Isa.
3235 2144 3389 2196 XLIII,
3407 2127 3502 2195 25,
3521 2126 3644 2198 26).

2041 2225 2175 2280 Dum
2209 2232 2372 2293 patet,
2407 2223 2619 2287 fratres,
2653 2222 3003 2293 indulgentia:
3029 2222 3228 2289 aditus,
3266 2223 3431 2278 Deum
3464 2221 3640 2291 plenis

2043 2316 2499 2373 satisfactionibus
2528 2316 2903 2385 deprecemur.
2935 2314 3293 2371 Humiliemus
3322 2331 3440 2382 nos,
3472 2324 3527 2369 ut
3550 2330 3640 2370 ex-

2044 2413 2196 2468 altari
2226 2411 2515 2483 possimus.
2548 2411 2967 2481 Acquiescamus
2998 2409 3194 2464 divinae
3236 2409 3598 2464 exhortationi
3620 2449 3635 2474 ,

2047 2523 2149 2580 qua
2180 2508 2410 2562 evadere
2437 2505 2597 2561 liceat
2620 2504 2762 2560 diem
2795 2502 3006 2559 Domini
3043 2512 3097 2559 et
3137 2503 3292 2557 iram.
3328 2502 3468 2557 Dicit
3496 2502 3642 2558 enim

2045 2602 2125 2657 sic
2150 2620 2163 2654 :
2189 2600 2440 2671 Respice,
2474 2598 2584 2667 fili,
2629 2599 2855 2653 nationes
2902 2597 3201 2663 hominum,
3246 2607 3294 2651 et
3334 2596 3480 2651 scito.
3517 2596 3645 2662 Quis

2047 2697 2265 2767 speravit
2292 2696 2345 2748 in
2371 2693 2612 2758 Domino,
2642 2702 2688 2746 et
2712 2694 2951 2762 confusus
2978 2701 3089 2754 est;
3119 2691 3396 2760 permansit
3418 2692 3472 2745 in
3497 2708 3644 2746 man-

2050 2788 2185 2843 datis
2216 2788 2378 2853 illius,
2412 2797 2458 2841 et
2489 2786 2758 2841 derelictus
2789 2795 2899 2849 est;
2930 2796 3016 2837 aut
3042 2785 3289 2838 invocavit
3316 2802 3462 2853 eum,
3492 2795 3537 2839 et
3563 2785 3653 2840 de-

2049 2885 2214 2955 spexit
2240 2882 2424 2936 illum?
2461 2880 2702 2952 quoniam
2734 2880 2848 2947 pius
2875 2888 2921 2933 et
2963 2878 3249 2933 misericors
3276 2877 3529 2932 Dominus
3553 2921 3567 2945 ,
3602 2888 3651 2933 et

2051 2978 2304 3032 remittens
2332 2976 2384 3030 in
2415 2985 2639 3044 tempore
2668 2972 3010 3027 tribulationis
3046 2982 3273 3041 peccata,
3302 2974 3535 3027 omnibus
3563 2973 3649 3027 in-

2052 3070 2360 3142 quirentibus
2384 3086 2439 3123 se
2474 3069 2528 3122 in
2564 3069 2770 3123 veritate
2798 3065 2986 3140 (Eccli.
3016 3082 3087 3133 ll,
3120 3066 3332 3134 1l-15).
3364 3066 3453 3121 Ait
3481 3081 3610 3137 ergo
3637 3085 3650 3121 :

2053 3168 2152 3222 Dic
2181 3177 2233 3221 tu
2262 3167 2491 3239 facinora
2522 3174 2611 3219 tua
2635 3165 2801 3234 prius,
2830 3173 2883 3217 ut
2905 3161 3224 3232 justiﬁceris.
3259 3161 3381 3219 Prae
3401 3176 3560 3217 manu
3586 3160 3659 3216 sit

2060 3262 2213 3319 vobis
2238 3261 2408 3318 oratio
2440 3261 2530 3316 illa
2556 3257 3003 3329 exomologeseos
3036 3256 3215 3327 plena.

1680 3468 2066 3545 ,VARIORUM
2105 3467 2332 3525 NOTAE.

427 3591 663 3648 X\'Il.—
681 3589 900 3646 Flumen
918 3591 1069 3662 ignis.
1088 3588 1318 3647 Gravius
1339 3599 1393 3646 et
1407 3588 1671 3645 Manutius
1688 3588 1899 3657 ﬂamma
1927 3604 1944 3642 :

356 3665 451 3721 sed
479 3675 675 3731 pingnat
705 3679 803 3736 vox
833 3664 1037 3728 Graeca,
1069 3664 1322 3736 ποταμός.
1362 3734 1370 3736 4
1400 3662 1605 3736 Patren.

428 3735 816 3791 XVlll.——Prae
838 3753 991 3789 manu
1006 3736 1067 3788 sit
1084 3732 1218 3788 vobis
1241 3734 1403 3787 oratio
1420 3733 1530 3786 illa.
1552 3733 1746 3787 Exms.
1761 3732 1946 3787 codice

357 3809 871 3885 rcposuim_ns_vobis
901 3807 1179 3885 pro‘nobis.
1209 3805 1343 3860 Hinc
1372 3814 1548 3885 autem
1572 3814 1817 3885 apparet,
1846 3804 1948 3885 nisi

356 3876 497 3957 fore}
521 3880 666 3946 illud,
690 3878 788 3957 Dic
815 3881 1313 3957 tu_facinoru_._etc.,
1347 3876 1593 3931 mutilum
1626 3884 1823 3957 esseet
1846 3876 1948 3957 Lm-

361 3944 661 4026 perl'ectnm'
704 3952 846 4005 hunc
876 3944 1091 4026 librum.
1124 3949 1305 4019 Neque
1335 3960 1512 4003 tamen
1531 3948 1704 4026 oratio
1735 3944 1950 4026 illaQy-

362 4018 537 4092 priani
566 4040 661 4093 pro
690 4024 1033 4100 martyribus,
1064 4038 1125 4077 ea
1149 4018 1269 4077 esse
1292 4030 1469 4100 potest
1488 4018 1641 4100 cujus
1672 4018 1949 4100 meminit;

362 4095 508 4164 quod
553 4092 693 4150 nulla
735 4092 1062 4165 pmnitcntize
1106 4103 1197 4147 aut
1226 4092 1569 4148 relaxationis
1607 4097 1953 4159 peccatorum

1780 4206 2013 4218 ————-—

2051 3584 2150 3656 (uti
2180 3598 2307 3641 ante
2340 3600 2425 3640 me
2454 3598 2666 3655 quoque
2684 3581 2952 3656 Erasmus
2978 3577 3277 3656 annotavit)
3308 3578 3397 3656 ﬂat
3426 3580 3655 3656 mentio.

2051 3652 2298 3721 Accedit,
2342 3652 2483 3728 quod
2514 3658 2564 3728 in
2597 3654 2717 3709 cod.
2754 3664 2859 3709 vet.
2895 3670 2962 3708 ex
3004 3667 3111 3723 quo
3144 3653 3302 3728 hung
3330 3652 3520 3728 librum
3562 3654 3660 3728 de:

2053 3732 2269 3797 scripsit
2293 3723 2400 3792 ille,
2433 3727 2640 3781 medius
2670 3727 3249 3797 interponatursermo
3272 3724 3336 3797 ρ.
3372 3723 3663 3797 Augustini

2053 3803 2121 3855 de
2150 3793 2453 3872 Cyprinno;
2483 3799 2618 3872 etin
2652 3813 2781 3851 mss.
2816 3796 2974 3872 codd.
3003 3795 3237 3872 Allligi‘n.
3271 3793 3658 3872 Marchinensi,

2058 3867 2292 3926 Dunénsi
2337 3880 2391 3924 et
2420 3869 2647 3938 Anglico
2690 3869 2993 3936 reperiatur
3040 3867 3127 3920 illa
3173 3868 3359 3938 Oratio
3399 3882 3521 3938 cum
3572 3882 3664 3938 se-

2056 3943 2241 4013 quenti
2263 3983 2278 4009 ,
2305 3942 2507 4013 absque
2532 3949 2709 4013 tamen
2735 3938 3033 4013 hoelibro;
3062 3952 3125 4013 ac
3153 3937 3392 3991 vicis‘sim
3418 3937 3506 3992 hic
3529 3937 3664 3993 liber

2059 4007 2112 4068 in
2140 4029 2242 4069 ms.
2266 4007 2398 4068 cod.
2420 4007 2549 4066 _sine
2582 4008 2687 4064 ulla
2715 4008 2979 4064 oratione.
3059 4007 3268 4062 ΡΑιιΕι.

377 4193 3655 4272 w

1687 4248 1885 4258 ____.

1770 4361 1911 4466 rs
2015 4326 2520 4466 altera.

1686 4361 1911 4471 ἐῖϊῦ

583 4560 1430 4689 ΡΒΛΕΟΙΡΠΙ
1524 4332 1931 4663 ἒβΕΟΕ

2044 4326 2520 4468 altera.

2044 4541 2504 4655 TIU‘M
2610 4530 3441 4649 EXCU‘RSUS

748 4771 823 4832 IN
867 4759 1214 4829 EAMDEM
1256 4755 1362 4817 DE
1404 4737 2015 4812 HJERETICOBUM
2057 4730 2569 4797 BAPTISMATE
2602 4724 3283 4790 DISPUTATIONEM.

726 5056 833 5208 Ii.
917 5028 1616 5201 'l‘llllIIASSINI
1709 5001 2457 5175 DISSER’I‘A’I‘III
2572 5000 2731 5153 ΑΒ
2844 4992 3332 5153 SYNODOS

858 5280 1001 5343 SUB
1036 5263 1456 5337 STEPHANO
1501 5255 1707 5320 PAPA
1754 5251 1832 5313 IN
1879 5241 2135 5309 CAUSA
2176 5230 2553 5297 BAPTISMI
2594 5220 3212 5287 HIERETICORUM

733 5400 1133 5467 (IOLLECTAS
1168 5384 1637 5454 CAR'I‘IIAGINE,
1680 5372 1894 5433 ΒΟΜᾹΞ
1935 5368 2025 5425 ΕΤ
2066 5361 2249 5421 ALlBI
2288 5355 2519 5421 ANNIS,
2558 5348 2833 5409 CHRISTI
2869 5349 2997 5415 256,
3037 5347 3164 5413 257,
3201 5361 3319 5401 me.

1892 5487 2157 5549 $10093“

1687 4248 1885 4258 —_———-

1502 4868 2147 4910 ρ--ὤῷ

348 5756 654 5829 Ιίείεῑιὶιιιι·
708 5743 1027 5820 putidissima
1101 5735 1425 5829 Novatorum
1482 5714 1783 5829 calumnia,

685 5801 1006 5913 Stephanum
1028 5833 1083 5887 in
1099 5825 1325 5887 omnium
1352 5810 1688 5881 admittendo,
1708 5820 1862 5879 quam
1880 5801 1951 5872 Cy
1969 5831 1986 5843 ο

1878 5717 1981 5762 tam

2155 4871 2739 4906 7-—

2154 5602 2392 5675 prianum
2438 5605 2484 5653 et
2516 5593 2882 5650 Firmilianum
2937 5587 2990 5641 in
3047 5585 3276 5640 ontnium
3328 5581 3687 5639 htereticorum

2157 5697 2408 5768 baptismo
2427 5688 2771 5761 repudianda.
2800 5681 3070 5739 Evineitur
3117 5696 3180 5733 ea:
3205 5678 3438 5733 omnium
3472 5675 3692 5730 Patrum

2160 5806 2409 5847 consensu
2438 5784 2671 5844 eamdem
2705 5794 2819 5839 tunc
2868 5778 3024 5849 fuisse
3053 5772 3307 5830 Ecclesia:
3364 5771 3615 5845 Romanis
3642 5768 3707 5825 dc
