4262 6236
315 211 450 270 1221

306 330 396 398 pia
452 339 507 387 et
546 333 796 393 haeretica
849 341 1027 414 aliqua
1060 348 1348 408 verborum
1391 354 1618 413 formula
1648 362 1901 429 profana-

308 433 414 489 tns,
445 425 582 483 hanc
630 433 860 490 maxime
906 435 1174 498 haereseos
1223 444 1506 504 formulam
1555 453 1902 526 prodidisset,

305 514 447 573 hanc
473 524 790 591 exagitasset
812 527 1154 590 Firmilianus
1177 537 1228 592 in
1263 549 1366 596 tam
1395 545 1600 618 prolixa
1643 548 1902 620 Epistola,

306 619 360 664 et
381 613 451 666 ita
480 631 700 683 prorsus
756 620 1030 680 victoriam
1066 639 1158 684 aut
1214 632 1280 686 ad
1319 649 1378 689 se
1427 637 1756 705 inclinasset,
1813 653 1904 698 aut

302 901 560 957 nusquam
596 894 754 947 verba
788 896 900 966 ipsa
943 903 1154 974 attingit
1199 907 1264 961 ad
1309 909 1642 980 Baptismum
1683 929 1902 970 constu-

301 980 559 1048 prandutn
597 985 666 1039 ab
713 987 790 1043 eis
840 990 1029 1047 effusa.
1063 997 1327 1062 Quorsum
1379 1013 1555 1059 autem
1591 1011 1901 1082 suggillaret

299 1070 599 1129 invocatam
632 1078 699 1131 ab
718 1079 969 1139 hmretico
995 1102 1088 1142 ore
1107 1089 1422 1148 Trinitatem
1451 1109 1539 1150 aut
1564 1101 1896 1170 majestatem

300 1161 536 1232 Christi:
587 1171 773 1228 sileret
814 1187 992 1232 autem
1041 1182 1107 1236 ab
1162 1185 1351 1241 eodem
1403 1189 1457 1242 in
1496 1190 1787 1260 Trinitatis,
1844 1199 1898 1254 in

299 1258 496 1317 Christi
523 1265 756 1322 nominis
783 1275 1166 1330 contumeliam
1199 1289 1471 1337 eruetatas
1499 1284 1774 1342 insanias?

818 1383 880 1438 V.
915 1401 981 1442 ET
1011 1403 1207 1446 nuasus
1238 1409 1382 1450 sua.

369 1488 522 1545 Adde
554 1493 696 1563 quod
737 1504 883 1554 totus
921 1513 1005 1556 est
1050 1503 1398 1565 Firmilianus
1454 1512 1508 1566 in
1561 1515 1894 1584 ba'ptizatore

299 1579 552 1640 haeretica
594 1589 962 1663 exhibilaudo,
1012 1605 1067 1652 et
1109 1616 1174 1654 ex
1220 1601 1336 1671 ejus
1386 1605 1514 1659 vitio
1566 1607 1891 1678 Baptismum

297 1675 547 1734 inﬁrmat.
597 1682 636 1736 E
687 1695 870 1740 contra
921 1696 1064 1746 totus
1109 1705 1226 1749 erat
1275 1696 1603 1766 Stephanus,
1636 1675 1694 1756 ut
1714 1704 1798 1757 vel
1822 1720 1890 1759 ex

1200 231 1266 288 IN
1305 233 1634 309 SYNODOS,
1679 240 1769 300 DE
1808 233 2155 320 BAPTISMIO
2196 251 2732 322 HERETICORUM.
2785 259 2812 319 .t

3456 279 3592 338 1922

1930 368 1984 428 Α
2011 375 2251 423 sanctum
2279 379 2371 425 aut
2398 374 2592 431 Christi
2621 394 2815 436 nomen
2848 381 3288 456 imprecarentur,
3313 405 3417 446 non
3442 410 3593 450 enm-

2008 457 2129 514 dcm
2160 462 2264 517 illis
2296 465 2508 524 Patrem
2553 472 2928 547 Christumque
2969 495 3029 534 ac
3057 481 3310 552 Spiritum
3347 501 3591 546 sanctum

2007 563 2166 624 atque
2196 558 2489 617 Catholicis
2518 579 2637 621 esse
2656 568 3106 640 interpretabatur
3124 575 3439 648 Cyprianus,
3472 585 3592 650 quia

2005 660 2110 700 non
2138 650 2326 704 eadem
2362 652 2493 710 ﬁdes
2523 668 2623 724 est,
2653 659 2776 716 ideo
2818 679 2920 718 non
2954 668 3199 726 eumdem
3248 686 3367 727 esse
3387 672 3595 746 Baptis-

2005 753 2170 793 mnm.
2203 741 2376 808 Epist.
2413 747 2478 800 ad
2529 749 2877 808 Jubaiannm:
2919 775 2937 806 ‹
2967 757 3098 812 Nam
3125 761 3168 814 si
3201 761 3332 818 fides
3358 781 3459 819 una
3511 778 3595 822 est

2005 831 2158 885 nobis
2208 843 2261 888 et
2315 835 2602 904 haereticis,
2655 854 3013 916 esse'potest
3053 860 3107 906 et
3151 854 3319 922 gratia
3375 872 3500 912 una.
3533 859 3592 914 Si

2003 927 2247 982 eumdem
2282 930 2516 1001 Patrem,
2570 939 2819 994 eumdem
2854 941 3072 1011 Filium,
3127 948 3373 1008 eumdem
3420 951 3592 1020 Spiri-

1999 1027 2112 1072 tum
2144 1033 2409 1089 sanetum,
2442 1029 2688 1085 eamdem
2717 1032 3013 1090 Ecclesium
3041 1039 3392 1107 confitentur;
3417 1054 3594 1113 potest

1999 1110 2107 1167 illic
2134 1125 2187 1168 et
2211 1115 2486 1183 Baptisma
2521 1138 2683 1177 unum
2713 1139 2856 1193 esse,
2889 1129 2931 1182 si
2961 1141 3042 1183 est
3087 1142 3139 1186 et
3163 1133 3296 1189 ﬁdes
3324 1151 3449 1202 una,
3482 1147 3588 1194 etc.

2000 1201 2266 1276 Numquid
2317 1209 2454 1267 hanc
2484 1213 2799 1274 Trinitatem
2831 1219 3064 1278 Marcion
3107 1227 3288 1281 tenet?
3324 1227 3592 1299 Numquid

1997 1299 2247 1356 eumdem
2275 1307 2491 1373 asserit,
2521 1324 2680 1378 quem
2710 1321 2764 1365 et
2802 1329 2900 1368 nos
2932 1315 3098 1382 Deum
3142 1319 3354 1375 Patrem
3381 1334 3592 1380 creato-

1997 1395 2439 1464 rem?Numquid
2479 1403 2726 1458 eumdem
2773 1421 2932 1462 unum
2967 1408 3162 1466 Filium
3191 1411 3466 1476 Christum
3521 1415 3590 1472 de

1993 1487 2161 1545 Maria
2221 1493 2441 1565 Virgine
2497 1501 2721 1554 natum?
2781 1513 2886 1558 etc.
2937 1505 3117 1574 Longe
3158 1509 3264 1564 alia
3320 1522 3401 1567 est
3447 1512 3589 1582 apud

1991 1580 2340 1654 Marcionem,
2364 1589 2460 1646 sed
2485 1601 2540 1646 et
2558 1594 2696 1662 apud
2724 1605 2954 1652 caeteros
2976 1598 3141 1667 ﬁdes;
3167 1602 3330 1660 immo
3349 1604 3482 1658 nihil
3506 1617 3590 1661 est

1995 1675 2136 1742 apud
2170 1677 2314 1744 illos,
2351 1679 2452 1734 nisi
2479 1685 2724 1752 perfidia.
2751 1706 2771 1738 ι
2802 1689 3007 1744 Anxius
3039 1691 3265 1752 rimatur
3287 1695 3588 1766 Cyprianus

295 1769 412 1839 ejus
447 1773 768 1833 refutatione
803 1780 987 1850 liquet,
1022 1786 1074 1838 in
1099 1786 1264 1856 ipsius
1288 1805 1383 1858 per
1407 1806 1528 1848 sese
1564 1801 1890 1853 sacramenti
1920 1767 1966 1826 Β
1991 1783 2100 1832 n0”
2128 1771 2251 1838 qum
2283 1771 2582 1841 i'wocewr’
2609 1779 2704 1832 sed
2737 1777 2863 1848 qum
2892 1781 3142 1838 creamur
3168 1801 3198 1840 ³
3245 1786 3545 1856 δθριίωηίθ
3571 1809 3584 1846 ⁵

295 1871 352 1917 et
378 1866 525 1921 verbi
553 1867 750 1926 Christi
793 1884 846 1954 et
875 1875 1229 1934 invocatiouis
1266 1881 1541 1939 Trinitatis
1590 1889 1639 1940 vi
1666 1890 1896 1959 ampliﬁ-

292 1958 488 2026 canda,
535 1978 693 2032 quam
747 1942 1032 2027 exhaurire
1062 1990 1397 2046 nequaquam
1446 1994 1629 2050 posset
1677 1985 1758 2040 vel
1803 2002 1895 2042 ne-

293 2066 478 2120 quam,
509 2058 587 2109 vel
642 2056 932 2118 haereticus
962 2066 1242 2137 quisquam
1273 2071 1430 2139 cujus
1459 2073 1527 2128 ab
1557 2089 1654 2131 ore
1692 2093 1754 2132 ea
1806 2095 1893 2134 re-

293 2154 566 2202 sonarent.
597 2148 771 2206 Cardo
795 2153 976 2224 itaque
1001 2163 1382 2218 controversiae
1413 2173 1538 2221 tunc
1583 2168 1634 2222 in
1675 2185 1740 2224 eo
1773 2188 1893 2227 ver-

292 2236 510 2294 tebatur
557 2257 627 2298 an
683 2246 795 2300 sola
849 2250 1134 2306 verborum
1188 2255 1492 2314 divinorum
1543 2263 1794 2332 majestas
1834 2277 1891 2322 et

289 2327 531 2386 efﬁcacia
563 2337 1039 2398 sanctificationem
1061 2345 1323 2415 Baptismi
1357 2351 1615 2418 perﬁcere
1656 2357 1879 2426 valeret,

287 2438 320 2478 a
351 2439 683 2497 quocumque
713 2430 926 2490 demum
961 2437 1210 2496 ministro
1244 2441 1330 2494 illa
1382 2444 1783 2514 proferrentur;
1817 2465 1886 2506 an

287 2515 528 2572 ministri
553 2523 777 2588 perﬁdia
809 2529 1094 2588 verborum
1155 2534 1405 2590 virtutem
1439 2552 1786 2611 corrumpere
1833 2553 1886 2599 et

284 2622 551 2668 evacuare
599 2629 799 2683 posset.
851 2619 962 2676 Nee
1012 2624 1076 2679 ad
1138 2635 1333 2684 statum
1385 2645 1514 2699 ergo
1575 2636 1886 2703 qumstionis

282 2705 523 2762 animum
571 2710 837 2780 adjecisse
887 2716 1141 2777 videntur
1187 2721 1281 2791 qui
1329 2723 1663 2794 Stephanum
1715 2729 1886 2786 ntale-

284 2795 446 2852 dictis
489 2800 782 2860 incessunt.

589 2895 676 2954 Vl.
718 2915 845 2959 toan
878 2919 1163 2962 “manus
1191 2924 1258 2963 ex
1291 2925 1571 2970 cvrmmo.

359 3005 560 3062 Eadem
618 3016 1002 3082 propemodum
1052 3032 1364 3090 argumenta
1406 3026 1613 3097 exculpi
1659 3038 1884 3098 possunt

276 3119 348 3160 ex
377 3106 655 3174 apuscnlis
684 3107 934 3179 Cypriani
961 3112 1058 3168 hac
1102 3113 1157 3168 in
1183 3132 1343 3172 causa
1371 3119 1551 3176 editis.
1601 3123 1692 3178 Sic
1737 3130 1878 3178 enim

277 3197 379 3252 ille
407 3199 457 3252 in
483 3201 654 3270 Epist.
679 3204 745 3257 ad
779 3205 999 3276 Pompei
1025 3227 1038 3263 :
1066 3229 1083 3261 ι
1117 3209 1311 3282 Utique
1343 3213 1616 3285 Baptisma
1653 3219 1798 3288 quod
1827 3221 1880 3275 in
1906 3216 1908 3218 ’

274 3292 474 3347 eadem
512 3297 720 3352 unitate
766 3301 1033 3369 consistit,
1086 3319 1207 3361 esse
1255 3310 1395 3378 apttd
1445 3311 1728 3368 haereticos
1771 3333 1876 3370 non

274 3396 482 3456 potest,
520 3391 643 3460 quia
693 3397 931 3464 separari
985 3416 1158 3468 neque
1207 3405 1276 3460 ab
1333 3406 1578 3463 Ecclesia
1625 3425 1800 3482 neque
1845 3429 1876 3467 a

273 3479 484 3550 Spiritu
516 3498 702 3540 sancto
725 3501 918 3557 potest.
953 3493 1060 3550 Aut
1091 3499 1134 3550 si
1166 3498 1416 3555 enectum
1448 3503 1710 3574 Baptismi
1757 3524 1875 3561 ma-

271 3571 460 3642 jestati
490 3579 723 3633 nominis
770 3584 1028 3650 tribuunt,
1074 3597 1128 3642 ut
1157 3592 1248 3659 qui
1287 3594 1346 3646 -in
1405 3598 1626 3652 nomine
1678 3599 1874 3656 Christi

275 3663 410 3720 Jesu
463 3669 783 3741 ubicumque
845 3686 896 3731 et
947 3683 1453 3756 quomodocumque
1513 3689 1868 3762 baptizautur,

275 3756 522 3814 innovati
552 3771 602 3816 et
652 3768 965 3823 sanctiﬁcati
992 3772 1325 3843 judicentnr,
1374 3789 1477 3834 etc.
1512 3800 1530 3832 ι
1585 3782 1876 3840 Tribuebat

276 3869 411 3923 ergo
445 3854 754 3926 Stephanus
783 3862 1032 3920 effectum
1087 3869 1345 3940 Baptismi
1394 3876 1661 3945 majestati
1703 3884 1874 3936 nomi-

275 3962 408 4000 num
437 3959 488 4001 et
517 3948 843 4010 invocationi
874 3959 1108 4016 nominis
1137 3961 1360 4018 Christi.
1394 3967 1459 4020 Et
1508 3969 1560 4022 in
1614 3973 1773 4041 epist.
1807 3973 1875 4028 ad

275 4037 600 4097 Jubaianum
629 4062 642 4097 :
671 4065 690 4096 r
725 4046 838 4102 Non
867 4061 950 4104 est
969 4063 1148 4108 autem
1173 4058 1316 4126 quod
1335 4061 1528 4130 aliquis
1552 4063 1618 4117 ad
1645 4071 1876 4120 circum-

277 4131 600 4188 veniendum
647 4140 923 4196 veritatem
993 4146 1356 4204 Christianam
1429 4154 1627 4210 Christi
1679 4174 1874 4215 nomen

275 4239 520 4296 opponat
548 4246 561 4282 :
595 4241 653 4286 ut
681 4234 823 4289 dicat
849 4239 899 4290 in
933 4243 1147 4297 nomine
1167 4243 1296 4299 Iesu
1313 4245 1518 4303 Christi
1543 4252 1870 4324 ubicumque

275 4330 332 4372 et
359 4324 864 4397 quomodocumque
898 4331 1168 4402 baptizati,
1199 4339 1426 4406 gratiam
1458 4341 1716 4411 Baptismi
1747 4358 1874 4402 sunt

271 4418 575 4470 consecuti.
607 4419 738 4473 Cum
775 4423 888 4492 ipse
909 4424 1156 4482 Christus
1185 4429 1438 4501 loquatur
1458 4445 1513 4488 et
1539 4435 1717 4491 dicat:
1749 4438 1872 4494 Non

271 4509 444 4562 omnis
498 4512 586 4577 qui
633 4513 755 4567 dicit
804 4516 928 4570 mihi
969 4533 989 4570 .'
1021 4518 1237 4575 Domine
1272 4524 1528 4593 Domine,
1582 4528 1789 4583 intrabit
1817 4532 1870 4584 in

270 4617 492 4670 regnum
533 4605 803 4661 malarum.
863 4609 1018 4676 Quod
1067 4623 1247 4669 autem
1303 4627 1492 4672 contra
1529 4620 1734 4676 nitatur
1760 4622 1871 4694 .Cy-

271 4698 502 4764 prianus
531 4712 821 4772 urgeatque
855 4720 959 4760 non
987 4707 1160 4762 solum
1191 4708 1388 4765 Christi
1417 4730 1638 4780 nomen,
1672 4717 1768 4771 sed
1785 4727 1870 4772 to-

270 4789 386 4843 tius
413 4790 689 4848 Trinitatis
718 4796 1122 4865 imprecandum
1149 4817 1276 4858 esse
1305 4813 1363 4858 ut
1385 4816 1542 4861 ratus
1567 4807 1870 4878 sitBaptis-

261 4897 424 4950 mus,
452 4885 583 4939 nihil
611 4886 661 4940 id
687 4889 907 4958 quidem
949 4906 1123 4948 causae
1174 4894 1434 4964 Stephani
1481 4899 1680 4962 ofﬁcit.
1737 4901 1868 4959 Nam

265 4977 567 5034 multorum
601 4980 840 5048 l‘atrum,
889 4986 1294 5054 recentiumque
1325 4989 1523 5046 scholae
1557 4993 1870 5063 theologica:

258 5071 653 5139 magistrorum
695 5077 957 5131 sententia
984 5087 1088 5143 est,
1139 5081 1303 5136 etiam
1359 5083 1409 5136 in
1455 5084 1624 5139 solius
1671 5085 1869 5142 Christi

260 5165 512 5217 nominis
536 5165 874 5223 invocatione
916 5170 1102 5239 perﬁci
1129 5171 1400 5241 Baptisma
1440 5191 1620 5245 posse,
1647 5187 1739 5234 aut
1763 5179 1872 5232 sal-

257 5267 387 5310 tem
416 5257 700 5328 aliquando
751 5263 1006 5332 potuisse.
1039 5264 1109 5318 Et
1152 5275 1267 5320 utut
1307 5267 1357 5321 id
1406 5269 1618 5336 habeat,
1672 5267 1870 5325 Christi

253 5350 615 5407 invocatione
664 5353 989 5425 Stephanus,
1035 5368 1093 5412 ut
1138 5370 1192 5413 et
1241 5362 1582 5430 complurimi
1627 5375 1869 5418 veterum

256 5441 672 5514 theologorum,
705 5449 866 5503 totius
892 5449 1170 5505 Trinitatis
1201 5467 1397 5506 numen
1444 5456 1872 5524 comprehende-

245 5539 390 5604 bat,
441 5540 600 5612 idque
628 5550 777 5612 patet
807 5560 872 5598 ex
907 5546 1082 5601 verbis
1128 5545 1428 5608 Firtniliani
1473 5563 1633 5618 supra
1661 5551 1864 5610 relatis.
1944 5586 1960 5598 α

847 5658 958 5714 VII.
988 5676 1058 5716 nx
1098 5675 1294 5716 sonum.

355 5768 459 5826 Etsi
496 5780 672 5828 autem
698 5771 932 5828 haeretici
953 5772 1184 5839 Patrem,
1209 5782 1262 5829 et
1284 5772 1496 5846 Filium,
1529 5787 1583 5834 et
1612 5777 1866 5849 Spiritum

1997 1874 2118 1914 cum
2152 1862 2455 1932 Stephanus
2485 1882 2592 1922 non
2624 1868 2784 1924 ﬁdem
2809 1871 3151 1941 baptizantis,
3206 1878 3302 1932 sed
3349 1889 3586 1949 potesta-

1999 1960 2101 2006 tein
2128 1955 2411 2012 verborum
2451 1971 2805 2018 scrutaretur.
2854 1965 2922 2019 Et
2970 1967 3148 2022 infra:
3187 1988 3205 2020 ί
3232 1971 3409 2038 Quare
3442 1973 3584 2044 Bap-

1997 2046 2149 2098 tisma
2181 2048 2334 2102 nobis
2365 2059 2418 2104 et
2449 2050 2719 2108 haereticis
2750 2071 2856 2112 non
2885 2067 3064 2127 potest
3098 2076 3239 2129 esse,
3291 2080 3413 2120 cum
3470 2069 3587 2138 qui-

1993 2135 2094 2192 bus
2119 2155 2221 2195 nec
2245 2142 2401 2198 Pater
2431 2144 2592 2213 Deus,
2623 2164 2721 2203 nec
2747 2149 2992 2208 Christus
3016 2153 3202 2224 Filius,
3227 2172 3328 2214 nec
3353 2159 3585 2231 Spiritus

1993 2244 2229 2300 sanctus,
2262 2252 2360 2290 nec
2392 2238 2523 2293 fides
2553 2243 2665 2310 ipsa
2719 2244 2770 2297 in
2797 2245 3038 2302 Ecclesia
3094 2256 3392 2309 communis
3420 2272 3522 2314 est.
3558 2279 3578 2312 ι

1989 2323 2110 2392 .Quo
2138 2327 2357 2382 decreto
2401 2346 2502 2386 suo
2529 2332 2831 2404 Cyprianus
2861 2353 2982 2393 cum
3011 2340 3340 2400 Novatianos
3367 2363 3585 2421 quoque

1991 2419 2380 2494 complectatur
2403 2440 2536 2494 quos
2567 2439 2778 2483 constat
2802 2430 3082 2490 Trinitatis
3102 2447 3157 2491 et
3182 2441 3358 2494 carnis
3380 2419 3582 2499 Christi

1991 2513 2146 2566 fidem
2177 2516 2546 2574 inluminatam
2577 2523 2904 2592 custodisse,
2938 2527 3113 2596 palam
3145 2539 3229 2584 est
3257 2533 3325 2588 ab
3353 2549 3420 2590 eo
3475 2552 3581 2592 non

1987 2607 2235 2660 eumdem
2266 2610 2453 2674 Deum,
2503 2629 2611 2667 non
2643 2616 2892 2672 eumdem
2915 2617 3190 2677 Christum
3221 2624 3379 2682 nobis
3401 2638 3452 2684 et
3474 2631 3581 2684 ha:-

1985 2696 2168 2750 reticis
2197 2713 2540 2766 communem
2569 2704 2696 2774 dici,
2725 2710 2825 2763 etsi
2864 2707 3052 2766 eadem
3110 2718 3385 2774 nominum
3421 2721 3580 2778 invo-

1984 2786 2124 2842 catio
2149 2787 2238 2844 sit.

2293 2905 2421 2961 Vlll.
2453 2924 2522 2963 ex
2564 2925 2805 2969 CONCILIO
2844 2931 3284 2978 CARTHAGINENSI.

2058 3013 2139 3070 Ex
2168 3018 2398 3074 concilio
2446 3022 2572 3077 item
2624 3024 3030 3099 Carthaginiensi
3084 3037 3322 3105 aperitur
3365 3039 3418 3094 in
3474 3057 3580 3112 quo

1987 3121 2199 3162 summa
2249 3109 2412 3180 hujus
2445 3114 2823 3185 disputationis
2859 3124 3194 3182 consisteret.
3251 3149 3271 3182 ‹
3300 3109 3582 3192 Htereticis

1983 3213 2076 3256 aut
2103 3203 2232 3256 nihil
2255 3204 2397 3271 licet,
2437 3220 2530 3263 aut
2569 3221 2736 3267 totum
2762 3215 2908 3271 licet.
2941 3219 2997 3273 Si
3031 3221 3300 3291 baptizare
3331 3241 3574 3296 possunt,

1982 3309 2036 3352 et
2056 3299 2308 3368 Spiritum
2341 3318 2584 3361 sanctum
2607 3309 2739 3368 dare
2786 3325 3032 3381 possunt.
3093 3317 3150 3372 Si
3190 3330 3368 3376 autem
3409 3323 3578 3394 Spiri-

1984 3402 2093 3446 tmn
2149 3409 2391 3451 sanctum
2439 3400 2570 3456 dare
2618 3419 2725 3458 non
2777 3419 3021 3475 possunt,
3076 3415 3200 3480 quia
3228 3430 3333 3469 non
3381 3416 3583 3474 habent

1971 3485 2239 3555 Spiritum
2259 3501 2524 3562 sanctum,
2551 3511 2652 3550 nec
2676 3497 2948 3568 baptizare
2970 3503 3280 3573 spiritaliter
3297 3521 3540 3579 possunt.
3555 3533 3574 3564 ι

1979 3579 2177 3636 Ibidem
2197 3595 2246 3638 et
2279 3585 2414 3641 alius
2437 3589 2690 3658 Cypriani
2719 3597 2928 3650 assecta
2961 3599 3244 3669 episcopus
3273 3604 3377 3659 ait:
3409 3624 3429 3657 ‹
3458 3607 3580 3662 lla:-

1981 3674 2133 3728 retici
2182 3674 2475 3734 Christiani
2520 3695 2665 3748 sunt,
2693 3700 2762 3739 an
2805 3689 2952 3742 non?
2995 3689 3049 3746 Si
3095 3690 3387 3752 Christiani
3433 3713 3576 3769 sunt,

1979 3782 2075 3822 cur
2104 3769 2154 3821 in
2189 3769 2430 3828 Ecclesia
2477 3775 2570 3830 Dei
2606 3794 2713 3832 non
2745 3792 2906 3849 sunt;
2937 3785 3209 3851 quomodo
3233 3789 3575 3852 Christianos

1977 3858 2256 3915 faciunt?)
2307 3866 2488 3920 Solam
2539 3884 2670 3940 ergo
2722 3874 3090 3932 ministrorum
3133 3895 3416 3948 personam
3468 3888 3580 3959 Cy-

1981 3953 2219 4020 prianus,
2260 3957 2428 4012 solam
2479 3961 2785 4032 Stephanus
2838 3969 3123 4026 verborum
3169 3972 3368 4031 Christi
3395 3953 3579 4036 efﬁca-

1979 4045 2114 4100 ciatn
2131 4053 2620 4120 contemplabatur.
2666 4056 2800 4112 Nam
2850 4061 2895 4116 si
2937 4073 2994 4117 et
3023 4066 3266 4123 minister
3295 4071 3579 4130 haereticus

1978 4147 2034 4194 et
2051 4139 2224 4195 forma
2251 4145 2440 4200 fuisset
2465 4147 2629 4218 impia
2653 4193 2668 4217 ,
2692 4168 2854 4209 eccur
2878 4157 3186 4228 Stephanus
3207 4164 3317 4221 hoc
3355 4167 3443 4223 vel
3484 4180 3593 4224 no-'

1971 4233 2123 4290 mine
2147 4246 2302 4291 tenus
2323 4240 2590 4310 baptisma
2620 4245 2726 4302 dici
2765 4263 2958 4318 passus
2991 4259 3176 4310 esset?
3203 4259 3314 4313 Cur
3357 4263 3580 4330 probas-

1977 4335 2059 4380 set
2089 4326 2140 4380 in
2172 4328 2425 4388 lueretico
2451 4336 2591 4404 quod
2622 4339 2704 4393 vei
2738 4340 2788 4394 in
2820 4342 3090 4406 catholico
3121 4326 3576 4411 homine—abomi-

1977 4429 2132 4478 natus
2157 4426 2343 4479 esset?
2367 4427 2612 4500 Denique
2638 4431 2771 4502 ipsze
2798 4450 2960 4492 voces
2986 4455 3099 4495 rem
3129 4443 3385 4500 indicant.
3412 4449 3579 4514 Quie-

1976 4513 2110 4568 ritur
2160 4517 2301 4572 enim
2355 4520 2423 4575 de
2467 4522 2737 4592 baptismo
2787 4527 3186 4602 haereticorum,
3245 4537 3296 4591 id
3343 4549 3445 4606 est,
3509 4543 3577 4598 de

1973 4603 2240 4674 baptismo
2269 4611 2337 4665 ah
2359 4613 2632 4672 haereticis
2661 4620 2792 4675 dato
2824 4640 2837 4676 :
2871 4625 2956 4680 ubi
2985 4642 3049 4682 ea
3080 4644 3275 4700 nempe
3312 4634 3425 4687 sola
3457 4650 3576 4690 am-

1975 4698 2188 4770 bigendi
2232 4707 2370 4763 ratio
2420 4712 2654 4766 occurrit
2703 4731 2823 4784 qute
2871 4733 2935 4772 ex
2967 4698 3224 4782 haeretici
3258 4722 3576 4794 baptizanlis

1973 4807 2202 4862 persona
2230 4799 2476 4856 trahitur.
2506 4802 2638 4858 Nam
2665 4805 2710 4860 si
2741 4817 2796 4861 et
2825 4808 3112 4868 hasreticus
3145 4816 3320 4886 tingat
3345 4861 3360 4885 ,
3389 4830 3445 4874 et
3473 4823 3577 4878 titt-

1971 4885 2150 4954 gendo
2205 4889 2458 4956 profanas
2510 4894 2721 4952 invocet
2768 4901 2986 4958 Deitatis
3036 4885 3251 4974 larvas,
3285 4913 3406 4982 quis
3458 4915 3575 4972 hmc

1971 4978 2278 5045 premiscue
2318 4982 2551 5039 haheat?
2592 4991 2708 5058 quis
2739 4989 2840 5046 hoc
2869 4994 3134 5066 baptisma
3163 5002 3250 5056 vel
3292 5006 3573 5063 nominet?

1970 5069 2088 5137 quis
2119 5071 2219 5128 hoc
2243 5089 2365 5136 cum
2389 5075 2809 5141 Novatianorum
2841 5086 3116 5156 baptismo
3139 5097 3473 5164 permisceat
3519 5114 3574 5160 et

1969 5177 2121 5232 teque
2148 5169 2444 5235 approbet?
2988 5193 3000 5206 κ

2443 5284 2537 5341 IX.
2570 5305 2637 5344 ex
2689 5307 3084 5356 renruumuo.

2045 5415 2190 5471 Idem
2213 5418 2442 5478 efﬁcitur
2459 5441 2522 5480 ex
2554 5428 2907 5490 Tertulliano.
2941 5436 3074 5493 Nam
3097 5440 3190 5497 lib.
3215 5444 3279 5512 de
3299 5444 3568 5510 Pudicitia

1971 5506 2045 5560 ait
2075 5507 2128 5561 in
2159 5509 2316 5580 hujus
2346 5515 2509 5583 ipsius
2539 5521 2794 5592 Cypriani
2825 5533 3107 5590 sententiae
3154 5507 3509 5605 patrocinium
3549 5564 3562 5599 :

1980 5617 1997 5648 ι
2025 5599 2094 5656 Ut
2119 5601 2334 5659 ethnico
2364 5622 2482 5677 par,
2515 5609 2682 5676 immo
2717 5626 2771 5676 et
2799 5634 2960 5694 super
2975 5599 3246 5696 ethnicum
3268 5632 3567 5694 ,haareticus

1974 5691 2134 5746 etiam
2179 5710 2271 5764 per
2315 5697 2577 5774 baptisma
2629 5691 2870 5766 veritatis
2911 5693 3226 5782 admittitur.
3244 5691 3272 5774 ι⁷
3319 5691 3467 5783 Ειί.
3502 5729 3572 5785 de

1975 5782 2247 5856 Baptismo
2282 5810 2292 5846 :
2334 5811 2349 5842 ι
2387 5791 2501 5849 Non
2549 5797 2690 5857 idem
2722 5801 2861 5860 Deus
2901 5817 2982 5862 est
3011 5810 3164 5867 nobis
3193 5822 3248 5870 et
3277 5817 3386 5873 illis
3417 5839 3431 5873 ;
3467 5836 3567 5878 nec
