4262 6236
759 208 895 275 122:.
1933 204 2345 270 THOMASSINI
2386 205 2834 270 DlSSERTATlO
3140 176 3150 188 ’
3906 201 4036 261 ιξ-λι

757 348 893 389 unus
920 331 1193 396 Christus,
1222 320 1280 387 Aid
1301 325 1414 395 est",
1446 329 1608 385 idem.
1642 327 1873 400 Ideoque
1920 344 2019 384 nec
2046 330 2341 397 baptismus
2368 333 2419 392 Α
2446 329 2691 398 quopiam
2726 328 2968 383 Romano
2996 335 3248 382 t'i0vatuin
3287 332 3477 396 postea
3518 328 3725 392 luerat,
3774 337 3886 379 non
3932 332 4035 378 tant

758 443 916 493 unus,
946 426 1067 498 quia
1104 440 1204 480 nec
1227 424 1424 479 idem.)
1453 424 1583 492 Quae
1615 439 1681 477 ne
1701 423 1765 477 ad
1793 422 1942 477 solos
1974 422 2345 476 Marcionistas

758 530 1006 590 spectare
1052 518 1376 587 suspiceris,
1407 518 1631 573 consule
1664 531 1847 571 rursus
1876 515 2204 587 Cyprianum
2242 516 2277 568 Ι.
2303 531 2339 582 ι,

757 615 921 686 epist.
954 612 1009 681 6,
1042 612 1230 669 eadem
1258 600 1606 683 prolixius'de
1627 609 1936 666 Novatiauis
1962 609 2342 679 disputantem.

1066 746 1132 800 Χ.
1162 762 1289 801 tri-zu
1324 762 1393 801 ex
1430 759 1673 800 CONCILIO
1700 756 2047 799 ARSLATENSI.

829 883 1000 941 Venio
1020 880 1087 938 ad
1114 896 1378 937 canonem
1400 883 1433 936 8
1453 879 1665 935 concilii
1698 876 2046 943 Arelatensis,
2074 892 2162 930 an.
2199 873 2303 930 5M
2330 889 2342 926 :

765 997 781 1030 ι
824 979 899 1034 De
920 975 1066 1032 Afris
1105 974 1249 1047 quod
1288 974 1501 1046 propria
1541 975 1656 1044 lege
1702 987 1796 1027 sua
1848 979 2067 1025 utuntur
2098 978 2154 1023 ut
2197 969 2349 1023 reba-

756 1073 979 1143 ptizent,
1011 1068 1210 1140 placuit
1232 1076 1289 1121 ut
1313 1067 1358 1121 si
1382 1066 1450 1121 ad
1492 1065 1788 1120 Ecclesiam
1816 1062 2010 1133 aliquis
2046 1062 2116 1116 de
2157 1061 2350 1115 han'esi

758 1168 984 1233 venerit,
1012 1168 1344 1235 interrogent
1364 1177 1485 1217 eum
1516 1160 1853 1229 Symbolum.
1877 1158 1989 1213 Etsi
2020 1156 2352 1226 pervideriut

759 1280 879 1318 eum
900 1262 953 1316 in
985 1259 1165 1324 Patre,
1194 1267 1247 1313 et
1277 1256 1415 1312 Filio
1435 1299 1449 1323 ,
1483 1267 1539 1311 et
1579 1255 1781 1325 Spiritu
1809 1262 1997 1308 sancto
2024 1267 2147 1307 esse
2176 1252 2352 1322 bapti-

757 1367 959 1419 zatum,
1009 1368 1200 1407 manus
1249 1352 1328 1405 eis
1383 1358 1589 1404 tantum
1633 1349 1961 1417 imponatur,
2013 1356 2070 1402 ut
2123 1346 2354 1414 accipiat

762 1450 1021 1519 Spiritum
1047 1454 1315 1501 sanctum.
1351 1444 1504 1511 Quod
1534 1444 1579 1498 si
1623 1443 1982 1513 interrogatus
2003 1456 2110 1495 non
2132 1454 2353 1509 reSpon-

756 1540 897 1595 derit
944 1542 1083 1593 hanc
1108 1537 1449 1600 Trinitatem,
1498 1536 1819 1606 baptizetur.
1857 1556 1875 1587 ι
1920 1534 2099 1603 Quare
2131 1533 2231 1588 hoc
2264 1548 2354 1588 ca-

757 1652 899 1692 none
924 1634 1023 1690 soli
1056 1633 1373 1690 vellicantur
1398 1632 1534 1696 Afri,
1567 1647 1674 1687 non
1706 1633 1866 1686 etiam
1895 1630 2146 1695 Romani,
2177 1629 2222 1682 si
2250 1627 2352 1683 etsi

2450 421 2679 476 ﬁdenter
2705 420 3010 490 Stephanus
3038 421 3309 476 traditioni
3338 430 3394 475 et
3417 418 3723 490 antiquitati
3762 418 4039 475 incumbe-

2450 524 2552 570 ret.
2579 515 2835 570 Romana:
2864 514 3169 569 traditionis
3193 530 3288 569 seu
3328 513 3649 583 corruptela:
3690 512 3897 567 initium
3940 511 4039 566 ali-

2448 608 2611 677 quod,
2639 609 2788 663 velut
2825 607 3092 662 cunabula
3123 607 3268 677 ejus,
3294 605 3596 679 Cyprianus
3638 614 3731 660 aut
3774 604 4041 659 Firmilia-

2450 714 2551 754 nus
2598 699 2887 771 aliquando
2931 701 3307 770 indigitassent
3337 714 3569 769 quorum
3614 708 3671 754 et
3709 698 3939 754 eruditio
3987 708 4043 753 et

2452 792 2695 846 :estuatio
2725 791 2775 846 in
2811 794 2912 846 hoc
2942 791 3161 862 negotio
3190 791 3620 861 exploratissima
3647 796 3749 846 est.
3774 790 4047 846 Eusebius

2450 885 2714 941 Africanae
2737 886 3035 956 disciplina:
3061 887 3283 941 exordia
3314 902 3514 956 nupera
3546 895 3726 953 notat,
3763 884 4043 956 haudqua-

2451 995 2609 1050 quam
2632 979 2909 1034 Romanaz.
2944 979 3184 1050 Denique
3214 979 3514 1051 Cyprianus
3543 980 3655 1050 ipse
3680 988 3952 1033 auctorem
3982 994 4048 1035 se

2452 1075 2603 1145 sequi
2630 1074 2979 1144 Agrippinum
3025 1073 3332 1143 proﬁtetur,
3364 1087 3523 1143 quem
3555 1086 3684 1126 vero
3712 1069 3902 1126 ducem
3935 1070 4047 1139 pri-

2453 1182 2600 1222 mum
2630 1176 2885 1238 sequatur
2914 1166 3220 1237 Stephanus
3250 1182 3356 1221 non
3386 1178 3613 1235 usquam
3638 1162 3882 1220 declarat
3903 1204 3919 1227 ,
3946 1162 4047 1219 sed

2454 1260 2828 1317 consuetudini
2858 1270 2912 1316 et
2954 1260 3229 1316 traditioni
3272 1259 3357 1314 cui
3387 1258 3653 1329 derogare
3680 1273 3789 1312 non
3834 1264 4050 1327 poterat

2453 1356 2735 1411 veritatem
2769 1353 3058 1409 identidem
3095 1352 3338 1407 clamitat
3364 1349 3825 1421 anteponendam.
3860 1348 4050 1418 Itaque

2455 1448 2613 1518 epist.
2634 1448 2723 1512 71,
2742 1448 2812 1501 ita
2828 1446 3019 1502 habet:
3044 1445 3224 1513 «Quod
3245 1444 3461 1516 quidem
3491 1452 3547 1499 et
3571 1444 3897 1514 Agrippinus
3924 1458 4049 1497 cum

2456 1539 2667 1595 caeteris
2689 1540 3025 1610 coepiscopis
3050 1541 3160 1593 suis
3185 1539 3273 1610 qui
3297 1537 3389 1593 illo
3412 1549 3655 1608 tempore
3686 1537 3741 1593 in
3772 1536 4050 1608 provincia

2454 1631 2635 1688 Africa
2662 1643 2715 1687 et
2760 1632 3008 1687 Numidia
3053 1631 3349 1687 Ecclesiam
3400 1630 3611 1686 Domini
3649 1630 4046 1701 gubernabant,

758 1728 1030 1793 dissimili,
1054 1728 1205 1797 juxta
1256 1737 1433 1781 tamen
1462 1726 1697 1781 absurdo
1718 1742 1722 1747 ·
1742 1726 1955 1795 utrique
2001 1724 2352 1779 versabantur
2380 1739 2428 1799 B
2457 1730 2659 1793 statuit,
2694 1737 2748 1783 et
2773 1728 2970 1783 librato
2995 1726 3221 1782 concilii
3259 1726 3562 1781 communis
3585 1726 3839 1780 examine
3868 1726 4051 1778 ﬁrma.

761 1826 814 1877 in
847 1823 1067 1878 errore?
1098 1834 1190 1876 aut
1218 1822 1262 1875 si
1295 1821 1550 1875 Romanis
1581 1835 1801 1890 parcere
1833 1821 2041 1874 animus
2071 1831 2204 1881 erat,
2225 1817 2353 1888 quin

761 1917 1078 1987 parcebatur
1104 1923 1159 1971 et
1203 1913 1455 1969 Afrorum
1482 1914 1709 1979 nomini,
1744 1930 1807 1967 ac
1836 1913 1949 1967 sola
1983 1912 2241 1980 Baptismi
2272 1924 2355 1964 re—

759 2012 880 2082 gula
913 2010 1320 2081 pratligebatur?
1341 2010 1477 2078 Quin
1506 2010 1672 2063 immo
1692 2007 1993 2079 conligendi
2019 2009 2196 2076 potius
2219 2006 2354 2060 fuis-

759 2116 880 2161 sent
900 2104 1146 2171 Romani,
1174 2113 1230 2157 ut
1250 2104 1405 2174 longe
1435 2105 1643 2173 turpius
1666 2112 1931 2167 errantes,
1959 2102 2001 2155 si
2028 2101 2352 2171 baptismum

761 2200 931 2254 aliena
960 2198 1191 2268 ﬁdeique
1221 2198 1433 2252 inimica
1460 2198 1632 2251 forma
1680 2196 1935 2251 collatum
1970 2211 2063 2266 pro
2106 2208 2222 2249 rato
2256 2194 2354 2247 ha-

764 2293 1024 2348 buissent.
1064 2290 1121 2346 id
1170 2291 1313 2346 enim
1365 2290 1601 2347 atrocius
1654 2300 1739 2345 est
1786 2304 1943 2359 quam
1993 2286 2357 2358 quorumlibet

765 2386 1141 2442 haereticorum
1172 2385 1437 2455 baptisma
1482 2382 1810 2438 rescindere.
1867 2382 1963 2436 llic
2022 2381 2166 2436 enim
2207 2378 2358 2434 dete-

764 2481 975 2535 stabilis
1002 2494 1216 2549 semper
1242 2489 1324 2534 est
1359 2479 1711 2549 baptizatoris
1742 2478 2009 2549 impietas,
2041 2476 2163 2531 ideo
2190 2491 2353 2530 excu-

767 2583 915 2626 satur
944 2586 1233 2643 utrumque
1255 2572 1402 2625 zelus
1431 2570 1769 2626 detestantis.
1796 2572 1864 2624 At
1892 2569 1999 2624 illic
2028 2580 2080 2624 et
2108 2566 2355 2638 baptismi

765 2676 819 2722 ct
872 2666 1216 2737 baptizatoris
1275 2666 1569 2735 prolanitas
1625 2665 1677 2718 in
1731 2671 1982 2734 promptu
2030 2671 2155 2729 est,
2214 2659 2357 2715 unde

767 2760 1145 2818 inexcusabilis
1192 2775 1415 2831 prorsus
1441 2761 1581 2815 l‘oret
1607 2758 2017 2830 approbantium
2052 2754 2281 2812 inscitia.

1336 2899 1424 2954 XI.
1454 2916 1523 2955 ex
1548 2915 1789 2956 sesamo.

839 3043 1209 3101 Palrocinatur
1235 3053 1289 3099 et
1328 3042 1592 3098 Eusebius
1621 3040 1917 3113 Stephano,
1947 3053 2268 3110 omnemque
2290 3037 2357 3092 ab

2458 1824 2553 1879 vit.
2588 1824 2825 1892 Quorum
2861 1823 3183 1879 sententiam
3223 1837 3324 1878 nos
3366 1819 3527 1877 etiam
3568 1820 3741 1876 secuti
3782 1834 3989 1874 sumus.
4022 1836 4043 1871 ι

2458 1920 2525 1974 Ει
2552 1921 2603 1973 in
2626 1919 2786 1988 epist.
2814 1917 2882 1972 ad
2903 1917 3223 1973 Jubaianum
3260 1934 3273 1969 :
3305 1935 3323 1968 ι
3346 1915 3498 1986 Apud
3521 1930 3620 1970 nos
3641 1930 3749 1969 non
3780 1929 3917 1968 nova
3958 1921 4052 1968 aut

2458 2013 2739 2083 repentina
2767 2027 2855 2068 res
2897 2022 2981 2067 est
3007 2020 3065 2066 ut
3092 2010 3443 2081 baptizandos
3473 2024 3791 2065 censeamus
3818 2024 3915 2062 eos
3953 2007 4052 2078 qui

2456 2107 2524 2161 ab
2567 2106 2831 2161 luereticis
2873 2105 2940 2159 ad
2986 2103 3282 2159 Ecclesiam
3326 2104 3689 2175 perveniunt:
3734 2116 3854 2156 cum
3886 2100 4053 2155 multi

2455 2201 2562 2272 jam
2586 2201 2709 2255 anni
2742 2202 2850 2254 sint
2883 2208 2937 2255 et
2971 2200 3130 2270 longa
3162 2207 3329 2265 astas,
3362 2213 3430 2253 ex
3472 2214 3581 2267 quo
3620 2196 3716 2252 sub
3745 2194 4053 2266 Agrippino

2457 2295 2613 2350 bonae
2647 2294 2921 2349 memoria:
2966 2293 3083 2348 viro
3112 2292 3499 2347 convenientes
3528 2292 3579 2345 in
3609 2305 3771 2345 unum
3802 2288 4050 2361 episcopi

2458 2388 2675 2459 plurimi
2716 2388 2815 2442 hoc
2841 2394 3166 2451 statuerunt,
3198 2395 3359 2457 atque
3386 2383 3581 2439 exinde
3620 2384 3674 2438 in
3724 2382 4043 2437 hodiernum

2460 2490 2537 2536 tot
2558 2481 2722 2535 millia
2745 2481 3122 2536 luereticorum
3142 2481 3194 2534 in
3228 2479 3519 2549 provinciis
3550 2478 3751 2533 nostris
3775 2476 3845 2533 ad
3876 2476 4044 2533 Eccle

2458 2574 2593 2629 siam
2624 2574 2897 2641 conversi,
2925 2573 3179 2628 salutaris
3207 2572 3466 2643 Baptismi
3511 2572 3740 2642 gratiam
3771 2570 4047 2627 consecuti

2458 2669 2630 2724 sint.»
2672 2670 2794 2725 Suae
2846 2668 3253 2725 consuetudinis
3310 2668 3603 2723 novitatem
3650 2665 3867 2737 prodit,
3920 2665 4049 2719 dum

2460 2766 2696 2822 venditat
2726 2774 3069 2821 vetustatem.
3105 2768 3174 2819 At
3204 2764 3460 2819 Romana:
3489 2762 3790 2833 disciplina:
3815 2758 4052 2831 antiqui—

2458 2870 2622 2918 tatem
2651 2861 2954 2917 detrectare
2979 2875 3086 2915 non
3118 2860 3325 2926 valens,
3352 2860 3441 2914 uni
3470 2859 3682 2914 veritati
3704 2856 4049 2914 serviendum

2459 2958 2699 3012 clamitat
2737 2957 2895 3027 paulo
2936 2964 3102 3026 post:
3140 2974 3158 3006 ι
3190 2955 3425 3010 Proinde
3462 2954 3661 3009 fruStra
3710 2954 3927 3025 quidam
3960 2954 4053 3025 qui

2460 3052 2669 3106 ratione
2716 3050 3003 3105 vincuntur
3036 3048 3486 3105 consuetudinem
3537 3048 3691 3103 nobis
3732 3056 4053 3118 opponunt,

768 3154 834 3194 eo
858 3139 1108 3194 amolitur
1155 3138 1357 3195 erroris
1393 3136 1773 3206 suspicionem,
1816 3136 1855 3190 l.
1898 3151 1992 3201 vti,
2024 3151 2076 3190 c.
2099 3134 2177 3188 2:
2215 3154 2233 3185 ‹
2272 3133 2353 3189 Ad

2469 3146 2610 3215 quasi
2633 3143 2965 3200 consuetudo
3012 3142 3185 3213 major
3214 3143 3285 3198 sit
3309 3142 3573 3207 veritate;
3618 3151 3709 3196 aut
3744 3156 3851 3195 non
3890 3140 4059 3195 fuerit

768 3233 911 3288 hunc
938 3231 1269 3302 Stephanum
1313 3230 1604 3304 Dionysius
1642 3231 1868 3301 primam
1900 3244 2087 3285 earum
2128 3235 2248 3299 quae
2290 3228 2358 3284 de

767 3326 1044 3395 Baptismo
1088 3326 1413 3396 conscriptze
1452 3333 1579 3379 sunt
1619 3324 1906 3396 epistolam
1933 3323 2197 3379 exaravit.
2224 3323 2357 3378 Cum

769 3436 866 3490 per
915 3420 966 3476 id
1004 3430 1215 3491 tempus
1266 3436 1372 3476 non
1413 3418 1700 3475 mediocris
1746 3417 2116 3474 controversia
2166 3424 2359 3472 exorta

771 3524 934 3581 esset,
967 3525 1146 3570 utrum
1188 3528 1283 3569 eos
1308 3513 1396 3584 qui
1426 3528 1492 3567 ex
1535 3512 1774 3583 qualibet
1809 3511 2003 3567 haeresi
2034 3520 2359 3566 convertun-

771 3618 857 3663 tur
884 3606 1158 3677 Baptismo
1179 3606 1395 3677 purgari
1426 3614 1725 3677 oporteret,
1756 3606 1955 3676 quippe
1985 3607 2202 3675 antiqua
2232 3618 2361 3659 con-

769 3702 1001 3760 suctudo
1029 3703 1330 3759 invaluerat
1374 3712 1433 3757 ut
1476 3702 1531 3756 in
1575 3703 1841 3772 ejusmodi
1889 3701 2196 3757 hominibus
2242 3703 2361 3759 sola

773 3812 1027 3853 manuum
1068 3797 1340 3866 impositio
1369 3810 1492 3851 eum
1535 3794 1935 3865 precationibus
1988 3796 2359 3853 adhiberetur.

772 3891 985 3946 Primus
1031 3890 1274 3945 omnium
1321 3889 1620 3961 Cyprianus
1648 3890 1737 3960 qui
1782 3900 1910 3944 tunc
1940 3891 2197 3961 temporis
2234 3891 2362 3946 Car-

774 3985 1145 4055 thaginensem
1173 3983 1395 4053 regebat
1434 3983 1720 4039 ecclesiam
1742 4025 1757 4049 ,
1796 3984 2010 4038 nonnisi
2055 4000 2151 4054 per
2178 3985 2362 4056 Bapti-

774 4092 947 4133 smum
977 4079 1044 4132 ab
1070 4092 1259 4132 errore
1286 4078 1434 4148 prius
1460 4076 1818 4139 emundatos‘,
1847 4076 2211 4133 admittendos
2241 4094 2364 4135 esse

774 4171 1003 4226 censuit.
1022 4170 1224 4226 Verum
1256 4170 1561 4241 Stephanus
1585 4169 1714 4225 nihil
1737 4169 1997 4225 adversus
2022 4171 2364 4228 traditionem

774 4281 894 4335 quae
915 4265 1024 4336 jam
1052 4265 1179 4320 inde
1203 4264 1269 4320 ab
1298 4266 1533 4335 antiquis
1563 4265 1898 4335 temporibus
1923 4266 2232 4323 obtinuerat
2280 4270 2363 4323 in-

775 4349 1084 4413 novandum
1112 4364 1258 4413 ratus
1282 4399 1296 4424 ,
1341 4358 1661 4429 gravissime
1690 4358 1742 4413 id
1775 4359 1951 4414 tulit.»
1998 4360 2365 4418 lnnovationis

776 4453 987 4524 culpam
1010 4467 1227 4508 omnem
1256 4459 1533 4523 retorquet
1559 4454 1611 4507 in
1638 4452 1984 4523 Cyprianum,
2020 4456 2132 4510 sive
2178 4456 2231 4510 in
2260 4455 2367 4528 Cy-

2462 3242 2517 3297 in
2538 3239 2906 3312 spiritualibus
2927 3238 3288 3309 sequendum,
3318 3238 3361 3293 si
3396 3236 3583 3292 melius
3606 3236 3764 3291 fuerit
3792 3252 3821 3289 a
3851 3245 4060 3292 sancto

2464 3336 2667 3405 Spiritu
2694 3334 3011 3391 revelatum.
3040 3352 3058 3385 ›
3099 3331 3199 3399 Qui
3242 3346 3372 3403 ergo
3399 3331 3669 3401 Stephano
3693 3344 3868 3395 error,
3898 3328 4062 3385 idem

2466 3431 2739 3487 traditioni
2769 3429 3133 3485 Ecclesiarum
3165 3426 3573 3498 antiquissimae,
3602 3424 3741 3479 idem
3768 3422 4069 3494 Apostolis

2465 3527 2598 3598 ipsis
2625 3526 2741 3594 ejus
2768 3523 3039 3595 magistris
3063 3522 3397 3593 impingitur.
3982 3516 3989 3521 ’

2502 3664 2641 3722 ΧΙΙΙ.
2687 3678 3021 3721 uerenmrun
3056 3676 3419 3718 ABGUHBN‘I‘UI
3448 3675 3709 3717 STEPHA‘Nl
3749 3673 4031 3716 aoveusus

3091 3772 3413 3812 CYPRIANUI.

2539 3900 2605 3956 Et
2653 3898 2981 3970 Stephanum
3025 3896 3240 3968 quidem
3289 3895 3357 3951 ab
3385 3895 3633 3968 exemplo
3675 3896 4078 3951 bmreticorum

2468 4002 2934 4066 argumentantem
2956 3992 3143 4048 sannis
3169 4000 3225 4048 et
3248 3990 3488 4047 dicteriis
3526 3992 3822 4047 insectatus
3848 3999 3929 4046 est
3962 3989 4086 4062 Cy-

2468 4089 2708 4158 prianus.
2756 4089 2827 4141 At
2868 4102 3002 4157 pace
3041 4085 3368 4141 sanctissimi
3406 4086 3661 4156 martyris
3697 4084 3926 4139 dixerim
3961 4083 4086 4140 hac

2467 4182 2722 4253 Stephani
2749 4181 3215 4253 argumentatione
3239 4178 3765 4252 nihilopportunius,
3799 4181 3934 4236 nihil
3964 4182 4089 4239 hac

2470 4276 2844 4348 suggillatione
2872 4275 3324 4331 inconsideratius
3354 4275 3470 4331 ﬁeri
3494 4275 3684 4345 potuit.
3703 4274 3837 4330 Nam
3868 4277 4093 4346 explo-

2470 4372 2797 4428 ratissimum
2827 4371 2953 4427 hinc
2973 4371 3137 4427 [iebat
3162 4370 3446 4425 hzereticos
3468 4386 3520 4425 tn
3542 4369 3769 4425 solemni
3798 4370 4093 4439 Baptismi

2470 4464 2642 4519 forma
2672 4462 2806 4518 nihil
2828 4477 3079 4530 novasse,
3101 4477 3199 4517 nec
3219 4462 3553 4533 propriarum
3578 4460 4095 4519 liallucinationum

779 4547 950 4617 priani
978 4544 1429 4616 przedecessorem
1453 4544 1827 4616 Agrippinum,
1863 4544 2143 4618 Stephano
2183 4558 2363 4605 autem

2469 4560 2631 4614 ullam
2649 4558 2701 4614 ei
2725 4558 3105 4629 permiscuisse
3126 4556 3327 4619 labem.
3351 4553 3781 4627 quandoquidem
3807 4554 3899 4609 alii
3931 4557 4098 4612 alio-

778 4655 886 4694 non
911 4638 1055 4694 aliud
1083 4639 1159 4694 ait
1177 4654 1338 4711 quam
1370 4639 1643 4709 antiquam
1673 4640 2117 4697 consuetudinem
2143 4642 2367 4698 retineri

779 4734 1065 4807 placuisse,
1101 4750 1203 4804 qua
1232 4735 1289 4789 in
1315 4750 1375 4790 re
1401 4749 1588 4790 errare
1617 4733 1758 4790 haud
1779 4750 1911 4791 sane
1933 4737 2126 4806 potuit.

1111 4874 1226 4931 ΧΠ.
1262 4892 1329 4931 ex
1357 4892 1619 4931 STEPHANI
1648 4890 1815 4932 trsws
1843 4893 2038 4933 vannis.

852 5014 1007 5083 Quod
1032 5014 1264 5085 idipsum
1286 5012 1685 5082 apertissimum
1713 5014 1852 5070 titex
1874 5014 2118 5087 ipsismet
2135 5016 2366 5088 Stepha-

780 5108 835 5164 ni
856 5107 1036 5164 verbis
1066 5124 1096 5162 a
1121 5105 1389 5179 Cypriano
1414 5118 1467 5163 et
1495 5108 1809 5163 Firmiliano
1839 5109 2022 5165 relatis
2049 5110 2182 5165 nihil
2216 5111 2370 5166 inno-

781 5202 930 5265 vari;
957 5200 1099 5271 quod
1140 5202 1391 5256 traditum
1423 5212 1525 5267 est,
1567 5202 1790 5259 retineri
1820 5202 2038 5261 debere.
2083 5203 2217 5274 Quis
2263 5220 2371 5263 non

781 5294 1033 5366 intelligit
1057 5295 1196 5351 hanc
1236 5294 1494 5353 adversus
1543 5312 1737 5354 omnes
1783 5314 2000 5357 errores
2046 5301 2369 5358 medicinam

781 5402 905 5443 esse
931 5388 1289 5444 certissimam
1312 5432 1326 5455 ,
1372 5390 1569 5447 nedum
1606 5400 1666 5447 ut
1689 5407 1843 5448 error
1877 5395 2069 5465 aliquis
2100 5397 2371 5468 propitiari

783 5479 867 5533 his
916 5482 1141 5538 vocibus
1187 5485 1390 5556 queat?
1434 5486 1516 5541 Ab
1558 5488 1711 5543 initio
1768 5489 1914 5544 enim
1976 5491 2375 5559 prazdicationis

781 5570 1119 5647 Evangelicte
1160 5574 1457 5634 invaluerat
1482 5577 1581 5639 ista
1619 5582 1881 5642 Romana:
1928 5580 2189 5641 Ecclesia:
2215 5584 2377 5640 disci-

777 5664 939 5756 plina,
976 5680 1032 5727 ut
1078 5668 1347 5733 Eusebius
1390 5671 1583 5743 innuit,
1634 5678 1744 5737 Aut
1780 5677 1825 5732 si
1868 5678 1995 5751 quid
2036 5696 2195 5739 secus
2219 5695 2381 5756 quam

2468 4669 2587 4709 rum
2626 4668 2734 4708 non
2776 4651 3103 4722 respuebant
3142 4651 3428 4721 baptisma.
3472 4649 3721 4705 Errorem
3770 4649 3917 4703 enim
3980 4650 4101 4706 alii

2470 4748 2697 4803 aliorum
2717 4746 3158 4813 detestabantur,
3189 4754 3247 4801 et
3271 4745 3522 4800 detestati
3557 4742 3782 4814 proinde
3831 4742 4109 4799 fuissent

2471 4841 2773 4911 baptisma,
2814 4841 2859 4895 si
2901 4839 3263 4911 peculiaribus
3303 4838 3634 4909 singulorum
3685 4836 3888 4891 deliriis
3936 4836 4105 4892 illud

2474 4934 2663 4989 fuisset
2687 4933 2954 4989 vitiatum.
2984 4933 3117 5000 Quae
3137 4947 3267 5002 ergo
3295 4930 3586 4993 hatreticis,
3619 4929 3805 4984 eadem
3827 4928 4107 4998 Stepha-

2474 5040 2547 5081 no
2569 5025 2754 5082 aderat
2788 5026 2924 5081 ratio
2965 5040 3033 5081 ne
3068 5024 3332 5095 baptisma
3373 5032 3523 5079 extra
3563 5022 3855 5078 Ecclesiam
3895 5023 4111 5079 tribu-

2473 5133 2585 5180 tum
2617 5123 2855 5179 iteraret.

2547 5262 2682 5319 XIV.
2711 5279 2835 5320 ιτειί
2862 5279 2929 5319 ιχ
2953 5280 3259 5320 arenosum
3280 5280 3610 5321 OSTENDITUR
3635 5280 3731 5321 NON
3755 5280 4017 5323 namss}:

2756 5371 3070 5411 STEPHANUM
3100 5373 3151 5413 ΠΝ
3181 5372 3487 5421 ουλεδτιοκε
3516 5374 3776 5414 BAPTISMI.

2548 5496 2716 5553 Porro
2740 5495 3100 5568 Hieronymus
3131 5496 3275 5552 Dial.
3316 5496 3559 5552 adversus
3600 5496 3972 5567 Luciferianos
4033 5519 4113 5561 ea

2480 5592 2668 5649 scribit
2691 5606 2809 5663 quae
2838 5607 2938 5647 nec
2964 5591 3155 5648 frontis
3181 5592 3600 5664 perlrictissimce
3626 5593 3881 5650 homines
3911 5612 4115 5669 nga-

2481 5702 2544 5742 re
2567 5686 2745 5741 ausint
2766 5687 2817 5742 in
2840 5686 3098 5758 Stephani
3127 5689 3484 5758 patrocinium
3511 5690 3710 5760 scripta
3741 5704 3893 5746 esse.
3928 5710 3948 5744 ‹
3978 5692 4124 5750 Co-

774 5750 1010 5820 “POSIOH
1056 5768 1449 5831 apostoliciquc
1496 5774 1599 5853 Vir;
1666 5770 2020 5841 factitasscnl,
2065 5790 2095 5828 ἃ
2156 5750 2386 5851 praesule
2487 5790 2641 5837 natus
2676 5789 2760 5838 est
2802 5778 2862 5837 Β.
2912 5750 3213 5855 Cyprianus
3256 5783 3513 5839 contritos
3558 5750 3703 5841 lacus
3744 5781 3937 5856 fugere
3980 5802 4127 5847 nec
