4262 6236
330 333 349 385 l
363 332 469 386 εὶὲὸ

1219 322 1285 381 1N
1326 316 1637 379 SYNODOS
1661 360 1676 386 ,
1718 313 1808 374 DE
1842 312 2185 373 BAPTISMO
2224 312 2767 373 HIERETICORUM.

3481 327 3620 384 1226

326 443 512 510 bibere
543 439 612 495 de
655 451 791 508 aqua
838 437 1033 503 aliena,
1067 444 1122 491 et
1148 435 1351 492 idcirco
1383 435 1758 490 haereticorum
1811 431 1916 485 Ba-
1945 433 1997 493 Α
2024 443 2128 486 etc.
2177 430 2444 503 Numquid
2495 432 2665 497 dixit;
2713 430 3139 502 Rebaptizentur
3182 435 3271 505 qui
3304 435 3354 490 in
3387 437 3622 497 Nieolai-

331 535 526 606 ptisma
564 533 878 602 reprobatis,
912 530 978 585 ad
1017 530 1347 601 Stephanum
1383 539 1507 585 tunc
1548 529 1805 583 Romana:
1833 542 1922 580 ur-

329 630 411 685 bis
438 629 764 700 Episcopum
794 627 884 697 qui
913 641 942 680 a
970 625 1032 680 B.
1055 624 1216 680 Petro
1256 624 1756 696 vigesimus-sextus
1791 619 1920 683 fuit,

326 737 488 794 super
518 721 617 775 hac
645 735 706 774 re
733 717 1040 775 Africanam
1063 720 1329 790 synodum
1356 716 1569 771 direxit.
1614 715 1721 771 Sed
1750 727 1918 767 cona-

266 880 269 886 μ
329 827 409 870 tns
439 813 557 885 ejus
595 813 790 868 frustra
824 813 939 866 fuit.
991 812 1231 880 Denique
1276 809 1350 863 illi
1397 809 1497 879 ipsi
1533 807 1776 878 episcOpi
1825 804 1919 875 qui

329 908 742 980 rebaptizaudos
785 906 1070 962 hatreticos
1096 920 1217 959 cmn
1245 919 1310 959 eo
1339 911 1673 964 statuerant,
1719 898 1784 954 ad
1827 915 1924 953 an-

329 1004 529 1076 tiquam
557 1001 1002 1059 censuetudinem
1033 999 1300 1064 revoluti,
1334 1013 1531 1052 novum
1574 996 1807 1050 emisere
1827 992 1924 1047 de-

331 1107 558 1154 cretum.
596 1095 734 1164 Quid
763 1095 1024 1151 facimus?
1057 1095 1126 1149 ita
1149 1103 1204 1149 et
1227 1092 1384 1147 nobis
1414 1089 1646 1160 majores
1673 1087 1840 1142 nostri
1869 1096 1924 1140 et

302 1194 435 1249 -illis
458 1193 541 1248 sui
574 1190 845 1247 tradidere
870 1189 1160 1259 majores.»
1189 1187 1356 1243 Vides
1387 1194 1444 1241 ut
1484 1184 1777 1239 novitatem
1814 1181 1919 1251 Cy-

327 1287 534 1359 priano,
579 1295 902 1340 vetustatem
954 1283 1258 1339 traditionis
1319 1279 1594 1352 Stephano
1641 1277 1919 1347 assignet,

323 1380 572 1453 Cypriani
601 1379 836 1449 denique
866 1377 1102 1449 collegas
1123 1375 1417 1443 aliquando
1451 1372 1664 1428 tandem
1695 1371 1776 1425 sui
1807 1384 1922 1439 poe-

331 1475 554 1530 nitnisse
582 1483 826 1538 conatus,
859 1481 914 1527 et
933 1471 1001 1526 ad
1031 1472 1302 1541 antiquam
1334 1464 1596 1538 Stephani
1625 1463 1920 1534 majorum-

327 1584 428 1638 que
456 1568 695 1638 ipsorum
723 1580 942 1619 suorum
971 1561 1418 1618 consuetudinem
1448 1559 1723 1614 revolutos
1755 1554 1922 1610 fuisse

326 1661 485 1717 dicat.
517 1660 583 1715 Et
612 1660 750 1714 idem
781 1675 908 1714 mox
948 1656 1205 1728 Stephani
1237 1655 1560 1711 sententiam
1593 1659 1648 1706 et
1676 1649 1919 1705 traditio-

324 1773 446 1812 nem
477 1771 603 1810 vere
632 1753 997 1826 Apostolicam
1017 1795 1032 1817 ,
1065 1767 1193 1806 vere
1230 1749 1298 1805 ab
1329 1746 1604 1818 Apostolis
1633 1744 1808 1799 adhuc
1837 1757 1920 1797 su-

329 1849 643 1922 perstitibus
706 1857 1088 1918 pronagatam,
1134 1843 1502 1913 exemplisque
1546 1839 1916 1895 confirmatam

330 1944 494 1999 fuisse
509 1941 758 2003 adstruit,
776 1939 1169 2012 pernumeratis
1189 1945 1550 2008 apuStatarum
1571 1932 1918 1987 etha~retico-

334 2053 451 2093 rum
478 2037 707 2093 catervis
727 2052 846 2108 qua:
870 2036 982 2106 ipsa
1011 2034 1267 2089 Ecclesia:
1283 2031 1548 2087 cunabula
1569 2027 1914 2091 infestarunt,

320 2146 544 2202 quorum
586 2139 766 2185 tamen
812 2127 1009 2182 nullius
1066 2127 1315 2182 iteratum
1367 2123 1564 2192 legitur
1616 2121 1911 2190 Baptisma.

323 2244 340 2274 ι
365 2223 469 2280 Sed
493 2222 620 2292 quid
651 2222 719 2278 de
745 2220 1132 2291 posterioribus
1177 2219 1398 2288 loquar?
1440 2216 1711 2286 Apostolis
1739 2215 1916 2269 adhuc

319 2318 372 2374 in
402 2318 599 2373 sarculo
638 2316 1020 2386 superstitibus
1040 2358 1054 2379 ,
1079 2313 1254 2368 adhuc
1281 2311 1418 2382 apud
1446 2310 1686 2366 .ludaeam
1713 2309 1914 2364 Christi

331 2412 589 2480 sanguine
616 2409 841 2476 recenti,
877 2408 1191 2477 phantasma
1234 2405 1441 2460 Domini
1471 2418 1668 2474 corpus
1704 2417 1914 2456 assere-

330 2503 484 2558 batur
527 2521 539 2556 :
589 2503 803 2559 Galatas
850 2501 918 2556 ad
963 2501 1394 2557 observationem
1453 2497 1587 2569 legis
1639 2495 1915 2550 traductos

318 2594 609 2666 Apostolus
659 2596 854 2651 iterum
897 2595 1124 2662 parturit
1157 2610 1170 2646 :
1203 2590 1511 2647 Corinthios
1554 2588 1911 2644 resurrectio-

317 2703 441 2744 nem
465 2692 708 2758 corporis
737 2704 841 2742 non
871 2691 1152 2742 credentes
1185 2686 1428 2756 pluribus
1464 2682 1796 2753 argumentis
1838 2680 1904 2734 ad

315 2800 498 2838 verum
544 2783 646 2838 iter
677 2783 890 2838 trahere
917 2794 1164 2836 conatur.
1209 2781 1360 2836 'I‘nnc
1403 2781 1588 2836 Simon
1633 2794 1820 2850 magns
1859 2787 1914 2832 et

315 2876 927 2948 Illenanderdiscipnlus
963 2877 1080 2946 ejus
1109 2876 1203 2931 Dei
1241 2894 1302 2931 se
1345 2890 1630 2931 asseruere
1659 2875 1908 2928 virtutes.

315 2968 467 3026 Tunc
493 2971 775 3035 Basilides,
805 2981 909 3025 etc.
953 2969 1201 3025 Nieolaus
1244 2985 1490 3040 quoque,
1520 2978 1625 3024 etc.
1672 2968 1915 3024 Saturni-

313 3079 463 3128 num,
505 3075 607 3120 etc.
660 3063 1068 3133 Carpocratem,
1113 3071 1169 3116 et
1223 3061 1600 3128 Cherinthnm,
1649 3071 1698 3115 et
1756 3058 1916 3129 hujus

307 3171 687 3212 successorem
720 3155 1048 3213 llebionem.
1079 3166 1132 3210 et
1159 3168 1386 3210 caeteras
1433 3162 1650 3224 pestes,
1683 3166 1913 3224 quorum

307 3251 526 3325 plurimi
555 3252 766 3306 vivente
789 3251 964 3305 adhuc
984 3250 1192 3305 Joanne
1212 3249 1472 3318 Apostolo
1493 3255 1809 3318 eruperunt.
1840 3245 1904 3299 Et
1937 3235 1984 3300 C

310 3356 495 3400 tamen
530 3343 732 3398 nullum
763 3358 950 3398 eorum
993 3342 1220 3420 legimus
1257 3341 1670 3411 rebaptizatnm.
1701 3358 1718 3390 ι
1755 3336 1915 3393 Vides

308 3439 458 3494 nulla
488 3437 773 3508 partitione
803 3437 877 3490 uti
929 3436 1312 3507 Hieronymum
1357 3444 1416 3488 ut
1456 3435 1593 3488 alios
1625 3432 1910 3487 haeretico-

307 3549 434 3589 rum
462 3531 742 3604 tingendos
781 3529 835 3586 in
874 3531 1114 3586 Ecclesia
1140 3571 1153 3592 ,
1184 3531 1452 3585 aliusnon
1489 3528 1773 3595 tingendos
1813 3527 1913 3582 do-

309 3636 461 3682 ceat.
501 3623 607 3680 Sed
639 3623 932 3678 nniversim
968 3621 1191 3677 inﬁciari
1221 3621 1506 3692 tingendos
1547 3620 1741 3675 iterum
1777 3619 1917 3673 ullos

306 3733 472 3784 esse,
507 3717 648 3772 ullos
697 3716 766 3771 ab
813 3715 1088 3785 Apostolis
1134 3715 1218 3769 vel
1272 3730 1458 3770 eorum
1511 3711 1916 3768 successoribus

306 3811 513 3866 tinctos
556 3810 750 3865 iterum
797 3809 982 3874 fuisse,
1026 3808 1127 3862 etsi
1172 3823 1358 3864 eorum
1396 3807 1507 3874 jam
1532 3815 1640 3860 tum
1673 3804 1916 3875 plerique

309 3911 628 3974 portentosa
681 3902 928 3970 quaedam
987 3901 1239 3972 figmenta
1283 3901 1352 3955 de
1392 3901 1505 3956 Deo
1551 3909 1912 3955 cructassent.

304 3998 428 4054 Nec
449 3997 664 4052 fallebat
705 3997 1092 4069 Hieronymum
1117 3996 1168 4050 in
1196 4005 1340 4050 tanta
1362 3995 1478 4066 ejus
1501 3994 1598 4048 :vvi
1621 3995 1768 4059 luce,
1797 4008 1916 4047 ma-

308 4092 465 4146 xime
496 4089 698 4145 tamdiu
725 4099 846 4161 post
880 4091 1252 4146 Arelatensem
1280 4088 1543 4161 synodum
1567 4132 1580 4154 ,
1607 4097 1781 4142 ratum
1809 4103 1914 4141 non

303 4202 442 4242 esse
476 4186 573 4240 nisi
609 4185 751 4255 quod
803 4187 854 4240 in
897 4184 1177 4240 Trinitatis
1223 4185 1443 4238 nomine
1491 4182 1918 4238 sanctificaretur

310 4278 616 4348 Baptisma.
648 4278 789 4349 Ergo
819 4278 864 4334 si
895 4277 1104 4346 Simon,
1136 4277 1446 4342 Menander,
1479 4276 1759 4344 Basilides,
1785 4275 1918 4331 Car-

301 4387 550 4444 pocras,
587 4370 874 4427 Cerinthus
898 4414 913 4436 ,
949 4372 1117 4426 Ebion
1150 4372 1404 4441 Baptisnti
1437 4370 1764 4426 Ecclesistici
1814 4371 1920 4424 for-

303 4481 463 4519 mam
497 4481 599 4518 non
631 4463 1063 4519 adulteraverant
1083 4477 1141 4519 ut
1172 4479 1271 4520 nec
1305 4481 1489 4519 eorum
1534 4465 1837 4535 Baptismus
1865 4462 1917 4516 in

298 4560 530 4616 irritum
582 4559 870 4615 mittendus
922 4568 1110 4614 esset:
1144 4559 1284 4614 idem
1323 4559 1688 4629 aequissimum
1733 4566 1818 4612 est
1853 4555 1920 4612 de

299 4654 531 4709 cmteris
559 4669 728 4725 usque
755 4652 821 4708 ad
872 4651 1132 4723 Stephani
1162 4661 1401 4722 tempora
1428 4652 1701 4722 augurari.

763 4789 880 4845 XV.
921 4805 1120 4847 nunsus
1160 4808 1228 4846 ex
1270 4807 1469 4847 nonan.

390 4903 537 4961 Idem
566 4921 632 4962 ex
663 4906 978 4978 Apocalypsi
1020 4907 1383 4974 argumentari
1428 4907 1605 4979 pergit
1655 4907 1918 4982 Ilierony-

291 5013 448 5057 mus
477 4999 696 5060 ibidem,
749 4999 838 5054 ubi
881 5000 1186 5069 complures
1242 5008 1614 5055 memorantur
1665 5000 1919 5057 hzrretica

291 5092 511 5149 imbuti
540 5093 782 5154 insania;
817 5107 916 5146 nec
939 5091 1068 5162 ipsis
1089 5101 1268 5148 tamen
1299 5092 1386 5147 vel
1416 5109 1603 5148 eorum
1641 5093 1922 5164 discipulis

287 5187 656 5255 Baptismus,
708 5185 800 5242 sed
833 5185 1145 5249 poenitentia
1171 5185 1236 5238 ad
1264 5185 1559 5241 abluendas
1602 5187 1793 5241 sordes
1839 5188 1923 5241 in-

288 5280 543 5336 dicitur.
581 5299 599 5331 t
650 5281 722 5335 De
765 5280 1086 5350 Apocalypsi
1117 5295 1329 5350 quoque
1356 5280 1721 5350 approbemus
1750 5281 1923 5336 hazre—

285 5370 454 5428 ticis
478 5373 593 5428 sine
622 5372 947 5443 Baptismate
997 5371 1194 5428 debere
1250 5374 1620 5443 paenitentiam
1672 5375 1920 5431 concedi.

279 5464 362 5520 In
409 5466 623 5537 Angelo
668 5466 1009 5537 Pergamena.
1045 5465 1301 5521 Ecclesiae
1341 5466 1762 5535 idolothytorum
1805 5467 1925 5535 ejus

276 5570 353 5617 et
391 5555 789 5615 Nicolaitarnm
839 5560 1084 5615 doctrina
1130 5559 1564 5629 reprehenditur.
1602 5558 1732 5614 Item
1781 5559 1922 5629 apud

273 5652 593 5722 Angelum
617 5653 997 5725 Thyatirorum
1040 5653 1289 5708 Hiesahel
1335 5650 1673 5721 prophetissa
1696 5695 1711 5717 ,
1764 5663 1818 5707 et
1848 5653 1924 5706 si-

266 5744 728 5804 mulachrorum
773 5762 912 5802 escae
955 5755 1011 5802 et
1040 5743 1426 5801 fornicationes
1462 5744 1828 5816 inerepantur.
1862 5745 1930 5801 Et

265 5850 519 5896 tanien
549 5855 736 5896 omnes
757 5840 857 5895 hos
884 5839 952 5893 ad
979 5838 1352 5910 paenitentiam
1375 5837 1634 5895 Dominus
1657 5837 1926 5911 hortatur,

822 5934 1098 5994 PATBOL.
1147 5933 1258 5996 III.

1941 4637 1998 4700 Ι)

2027 533 2200 579 tarum
2224 525 2326 579 fide
2355 526 2606 596 baptizati
2637 523 2793 580 sunt?
2822 525 2964 592 Quin
2997 529 3204 596 potius,
3255 530 3392 602 Age,
3425 532 3617 604 inquit,

2025 618 2420 688 pmnitentiam,
2453 629 2560 674 etc.
2604 637 2622 669 ι
2658 618 2748 674 Sic
2785 618 2874 674 ille
2904 620 3256 677 inveteratam
3285 640 3446 694 quam
3498 626 3622 684 Ste-

2026 709 2236 780 phanus
2263 711 2536 766 mordicus
2574 711 2885 767 defensabat
2910 717 3354 773 consuetudinem
3387 721 3454 775 ab
3485 719 3620 790 ipsls

2026 821 2196 876 usque
2226 806 2500 876 Apostnlis
2521 806 2839 874 derivatam,
2872 818 2924 863 et
2952 808 3082 878 ipsis
3108 812 3399 882 Seripturte
3424 814 3622 870 divina:

2025 898 2233 969 paginis
2283 899 2654 970 consignatam
2714 900 2877 955 fuisse
2933 900 3286 958 demonstrat.
3345 905 3514 961 Porro
3565 919 3623 962 ut

2024 991 2326 1061 Stephanus
2348 1037 2362 1056 ,
2411 992 2484 1046 ita
2515 991 2874 1065 Hieronymus
2926 995 3072 1050 nullo
3100 997 3414 1054 discrimine
3439 999 3621 1058 haere-

2027 1085 2162 1139 ticos
2213 1085 2506 1155 dispescit,
2564 1102 2754 1141 omnes
2799 1103 2901 1141 una
2935 1089 2985 1142 in
3045 1090 3166 1144 navi
3223 1090 3382 1160 locat,
3431 1106 3621 1149 omnes

2024 1177 2340 1246 ptenitentia
2364 1193 2470 1233 non
2497 1177 2773 1248 Baptismo
2801 1179 2948 1250 jubet
2974 1181 3138 1236 ablui.

2476 1293 2613 1350 XVI.
2643 1311 2711 1350 ex
2751 1311 2926 1351 EODEM
2966 1313 3186 1355 trenuu.

2097 1409 2297 1466 Verum
2345 1411 2613 1467 luculenta
2657 1428 2765 1482 pra:
2810 1416 3022 1469 casteris
3050 1429 3175 1471 sunt
3203 1434 3323 1488 quae
3348 1420 3482 1476 infra
3511 1421 3624 1478 dis-

2025 1514 2175 1575 putat
2201 1505 2342 1560 idem
2377 1505 2735 1577 Hieronymus
2758 1509 3018 1563 adversus
3046 1508 3305 1565 llilariuin
3333 1514 3620 1570 diaconum

2024 1597 2350 1654 Luciferiani
2397 1599 2705 1654 schismatis
2748 1610 3050 1670 praeconem
3073 1644 3087 1666 ,
3119 1603 3242 1658 inde
3271 1623 3457 1660 novum
3485 1609 3620 1663 orbis

2010 1690 2390 1770 Deucalionem
2449 1691 2693 1760 factum,
2760 1695 2902 1764 quod
2953 1697 3228 1753 venientes
3287 1699 3355 1754 ab
3408 1702 3622 1756 Arianis

2023 1786 2202 1842 denuo
2245 1789 2531 1858 tingendos
2583 1790 2865 1844 insaniret.
2916 1810 2932 1840 ε
2969 1791 3024 1846 Si
3077 1794 3314 1847 hmretiei
3349 1793 3622 1865 Baptisma

2025 1899 2132 1936 non
2184 1881 2384 1938 habent
2429 1895 2484 1938 et
2527 1883 2648 1939 ideo
2695 1884 3063 1954 rebaptizandi
3092 1887 3159 1940 ab
3186 1887 3425 1943 Ecclesia
3457 1899 3615 1956 sunt,

2021 1973 2146 2046 quia
2179 1975 2231 2029 in
2276 1975 2520 2032 Ecclesia
2555 1991 2660 2030 non
2689 1976 2908 2032 fuerunt
2937 1996 2951 2032 :
2982 1979 3097 2044 ipse
3125 1995 3340 2050 quoque
3385 1980 3620 2036 Hilarius

2019 2083 2126 2123 non
2155 2078 2237 2124 est
2264 2066 2622 2123 Christianus.
2650 2068 2706 2122 In
2735 2085 2795 2124 ea
2823 2071 3022 2140 quippe
3053 2071 3291 2127 Ecclesia
3322 2074 3622 2143 baptizatus

2019 2170 2104 2218 est
2149 2178 2270 2234 qua:
2325 2177 2542 2232 semper
2583 2163 2651 2217 ab
2690 2162 2966 2218 haereticis
3011 2163 3343 2234 Baptismutn
3394 2167 3620 2236 recepit.

2019 2259 2323 2325 Antequam
2349 2255 2694 2311 ariuiinensis
2716 2257 2956 2328 synodus
2980 2258 3133 2313 fieret
3151 2299 3167 2324 ,
3196 2269 3482 2329 antequam
3507 2260 3620 2315 Lu-

2019 2347 2150 2402 cifer
2179 2348 2445 2414 exularet,
2477 2347 2717 2403 Hilarius
2747 2349 3006 2404 Ron'iantc
3054 2349 3317 2406 Ecclesia:
3360 2351 3619 2409 diaconus

2018 2443 2086 2498 ab
2114 2443 2382 2498 lucreticis
2407 2444 2706 2510 venientes,
2740 2443 2881 2498 ineo
2912 2443 3055 2512 quod
3096 2444 3244 2514 prius
3271 2457 3615 2516 acceperant,

2018 2534 2348 2604 Baptismate
2383 2537 2693 2605 recipiebat.
2727 2535 2840 2590 Nisi
2870 2539 3004 2591 torte
3033 2546 3238 2593 tantum
3273 2541 3455 2595 Ariani
3503 2542 3617 2596 ha:-

2018 2629 2172 2684 retici
2201 2638 2326 2683 sunt
2355 2640 2407 2683 et
2437 2630 2505 2684 ab
2528 2628 2662 2699 ipsis
2691 2629 2822 2684 solis
2853 2630 3178 2699 baptizatum
3217 2633 3462 2701 recipere
3509 2651 3615 2690 non

2018 2723 2164 2787 licet,
2205 2724 2272 2778 ab
2299 2724 2416 2778 aliis
2448 2722 2593 2777 licet.
2648 2723 2915 2777 Diacouus
2962 2738 3105 2790 eras,
3155 2739 3187 2778 ο
3220 2724 3420 2787 llilati,
3479 2737 3535 2782 et
3586 2743 3616 2780 a

2018 2816 2328 2872 Manichaais
2359 2817 2660 2886 baptizatos
2699 2816 3022 2884 recipiebas.
3061 2817 3325 2873 Diaconus
3369 2835 3514 2885 cras,
3565 2830 3622 2876 et

2023 2911 2284 2967 Ilehionis
2310 2911 2584 2981 Baptisma
2609 2910 3023 2980 comprobabas.
3056 2911 3301 2980 Repente
3331 2923 3616 2982 postquam

2018 3016 2238 3061 exortus
2265 3013 2349 3060 est
2395 3004 2585 3069 Arius,
2639 3014 2780 3058 totus
2833 3006 2926 3058 tibi
2978 3005 3265 3077 displicere
3319 3009 3557 3078 cmpisti.
3595 3028 3614 3064 ι

2019 3099 2088 3154 Ει
2132 3100 2290 3169 paulo
2335 3107 2453 3166 post
2495 3099 2787 3154 Ecclesiam
2832 3098 3128 3152 Romanam
3159 3099 3391 3166 inducit,
3423 3101 3489 3156 ad
3528 3101 3620 3158 Hi-

2020 3193 2212 3248 larium
2253 3193 2418 3248 verha
2464 3192 2751 3249 facientem
2787 3211 2800 3246 :
2837 3212 2856 3244 ι
2897 3195 2953 3248 Si
3007 3195 3059 3248 in
3101 3195 3220 3249 sinu
3271 3211 3392 3250 meo
3439 3206 3618 3263 natus,

2019 3290 2066 3342 si
2101 3288 2328 3342 uberum
2376 3302 2617 3342 meorum
2678 3289 2815 3341 lacte
2874 3288 3142 3351 nutritus,
3195 3289 3478 3344 adversum
3533 3306 3620 3346 me

2016 3381 2254 3453 gladium
2289 3381 2465 3448 levas,
2498 3380 2664 3436 redde
2693 3380 2834 3450 quod
2884 3381 3028 3445 dedi,
3069 3393 3124 3436 ct
3169 3393 3287 3436 esto
3328 3382 3371 3436 si
3426 3391 3615 3453 potes,

2017 3476 2176 3531 aliter
2201 3474 2563 3530 Christianus.
2597 3473 2851 3529 Meretrix
2881 3489 3034 3541 sum,
3069 3475 3165 3529 sed
3216 3485 3396 3530 tamen
3443 3486 3620 3533 mater

2019 3580 2106 3625 tua
2147 3584 2288 3624 sum.
2331 3568 2450 3624 Non
2498 3584 2658 3624 servo
2697 3569 2854 3623 unius
2898 3568 3038 3622 thori
3075 3569 3423 3624 castitatem?
3475 3570 3619 3625 Talis

2019 3679 2166 3719 eram
2223 3665 2440 3732 quando
2497 3673 2794 3732 conreptus
2845 3679 2924 3717 es.
2977 3662 3112 3715 Cum
3178 3664 3307 3716 Ario
3354 3662 3618 3718 adulteria

2017 3757 2340 3812 committo?
2367 3755 2496 3810 Feci
2519 3768 2571 3811 et
2601 3766 2755 3811 antea
2785 3773 2906 3811 cum
2940 3756 3165 3822 Praxea,
3195 3773 3316 3810 eum
3347 3756 3614 3822 Hebione,

2019 3866 2140 3905 cum
2195 3848 2486 3916 Cerintho,
2536 3849 2767 3903 Novato.
2801 3847 3012 3902 »νίάρε
3073 3859 3129 3902 ut
3184 3858 3236 3902 et
3283 3848 3370 3904 hic
3427 3865 3617 3906 omnes

2020 3958 2244 4013 prorsus
2290 3943 2576 3998 litereticos
2620 3943 2740 3997 sine
2788 3957 2929 3996 novo
2983 3941 3260 4011 Baptismo
3311 3959 3407 4012 per
3445 3944 3616 3998 solam

2023 4037 2390 4108 paenitentiam
2415 4038 2482 4091 ah
2506 4037 2748 4092 Ecclesia
2787 4036 3026 4090 ilotnana
3053 4046 3301 4104 receptos
3339 4037 3614 4102 defendat,

2021 4130 2321 4201 idquejure
2349 4141 2402 4186 et
2427 4130 2744 4202 Apostolico
2786 4129 3066 4194 instituto,
3106 4139 3267 4200 atque
3298 4131 3619 4186 ineoncusso

2022 4225 2421 4294 Scripturarum
2469 4225 2772 4280 divinarum
2829 4233 3098 4293 praecepto
3140 4224 3337 4278 factum
3386 4234 3616 4280 tueatur.

2024 4319 2283 4390 Adeoque
2332 4328 2387 4374 et
2433 4317 2664 4373 Arianos
2711 4317 2826 4372 sine
2879 4316 3208 4385 Baptismate
3260 4315 3619 4371 admittendos

2022 4411 2327 4467 concludat.
2353 4410 2522 4466 Porro
2551 4409 2666 4464 haec
2692 4409 3051 4481 Hieronymus
3084 4418 3204 4479 post
3248 4409 3619 4472 Arelatensem

2024 4504 2322 4578 synodum,
2382 4513 2504 4574 post
2553 4502 2828 4558 Nicaannm
2890 4502 2959 4557 de
3011 4503 3288 4573 Baptismo
3341 4503 3616 4558 decretum

2023 4600 2314 4658 scribebat.

2594 4717 2756 4774 XVII.
2790 4733 2859 4773 nx
2888 4731 3084 4772 sont-zu.

2093 4813 2332 4884 Denique
2380 4811 2520 4868 idem
2571 4820 2965 4882 consequenter
3014 4808 3244 4863 validius
3299 4807 3351 4863 id
3408 4822 3624 4879 quoque

2023 4910 2215 4966 munit.
2251 4927 2270 4961 ι
2304 4903 2458 4976 Quod
2500 4907 2544 4960 si
2577 4903 2881 4974 negandum
2909 4902 3170 4972 quispiam
3206 4902 3473 4970 putaverit
3514 4901 3626 4954 lia--

2025 5009 2220 5065 reticos
2245 5023 2273 5059 a
2305 5002 2604 5071 majoribus
2632 5002 2831 5056 nostris
2861 5015 3076 5067 semper
3117 4996 3283 5051 fuisse
3313 5006 3621 5065 susceptos,

2024 5103 2163 5172 legat
2211 5102 2269 5156 Β.
2321 5097 2575 5170 Cypriani
2618 5095 2880 5164 epistolas
2930 5094 2982 5147 in
3039 5092 3233 5161 quibus
3284 5090 3620 5160 Stephanum

2026 5194 2284 5249 Romanae
2317 5189 2466 5245 urbis
2496 5189 2842 5258 Episc0pum,
2877 5194 2930 5239 et
2971 5184 3282 5238 illVCleI‘ﬂlll‘.
3327 5191 3623 5238 consuetu-

2027 5288 2170 5342 dinis
2195 5286 2397 5340 lacerat
2419 5298 2682 5338 errorem.
2717 5281 2885 5350 Legat
2914 5288 2968 5333 et
2996 5278 3165 5347 ipsius
3195 5275 3378 5332 Hilarii
3410 5276 3622 5331 libellos

2028 5396 2164 5451 quos
2195 5379 2484 5434 adversum
2528 5391 2627 5431 nos
2667 5374 2733 5429 de
2760 5371 3154 5440 rebaptizandis
3201 5370 3470 5426 hmreticis
3509 5369 3627 5424 edi-

2028 5473 2124 5529 dit.
2151 5481 2204 5525 et
2238 5470 2307 5524 ibi
2338 5469 2576 5536 reperiet
2600 5469 2774 5537 ipsum
2809 5465 3068 5520 Hilarium
3101 5464 3345 5520 confiteri
3378 5479 3406 5518 a
3457 5462 3624 5527 Julio,

2030 5568 2234 5633 Marco,
2257 5566 2538 5638 Sylvestro
2559 5572 2614 5618 et
2639 5562 2852 5617 caeteris
2873 5561 3146 5614 veteribus
3169 5559 3449 5628 Episcopis
3480 5558 3629 5612 simi-

2030 5663 2149 5718 liter
2200 5662 2252 5714 in
2308 5657 2681 5731 paenitentiam
2737 5671 2926 5709 omnes
2983 5653 3267 5708 haereticos
3307 5659 3630 5720 susceptos,

2032 5769 2133 5813 nec
2159 5765 2338 5809 tamen
2385 5751 2602 5807 sibimet
2644 5748 2890 5804 veritatis
2938 5743 3390 5802 consuetudinem
3431 5739 3634 5809 praeiu-

2033 5851 2212 5905 dicare
2243 5847 2460 5904 dcbere.
2513 5843 2763 5915 Synodus
2805 5857 3015 5914 qquue
3057 5837 3272 5894 Nictena
3295 5851 3491 5894 omnes
3522 5833 3638 5888 ha:-

3031 5932 3109 5999 39
