  <div class='ocr_page' id='page_1' title='image "/cluster/home/n/w/nwhite01/storage/ocr_20150623/3/hvd.32044054086798/663.png"; bbox 0 0 4262 6236; ppageno 0'>
   <div class='ocr_carea' id='block_1_1' title="bbox 642 228 782 286">
    <p class='ocr_par' dir='ltr' id='par_1_1' title="bbox 642 228 782 286">
     <span class='ocr_line' id='line_1_1' title="bbox 642 228 782 286; baseline -0.007 0"><span class='ocrx_word' id='word_1_1' title='bbox 642 228 782 286; x_wconf 72' lang='grc'><strong>1227</strong></span> 
     </span>
    </p>
   </div>
   <div class='ocr_carea' id='block_1_2' title="bbox 644 444 2249 527">
    <p class='ocr_par' dir='ltr' id='par_1_2' title="bbox 644 444 2249 527">
     <span class='ocr_line' id='line_1_2' title="bbox 644 444 2249 527; baseline 0.005 -29"><span class='ocrx_word' id='word_1_2' title='bbox 644 447 805 516; x_wconf 91' lang='lat' dir='ltr'><strong>pnlis.</strong></span> <span class='ocrx_word' id='word_1_3' title='bbox 846 464 865 498; x_wconf 73' lang='grc' dir='ltr'><strong><em>ι</em></strong></span> <span class='ocrx_word' id='word_1_4' title='bbox 891 444 1055 503; x_wconf 81' lang='lat' dir='ltr'><strong>Vides</strong></span> <span class='ocrx_word' id='word_1_5' title='bbox 1084 454 1138 501; x_wconf 92' lang='lat' dir='ltr'><strong>ct</strong></span> <span class='ocrx_word' id='word_1_6' title='bbox 1164 444 1251 501; x_wconf 89' lang='lat' dir='ltr'><strong>hic</strong></span> <span class='ocrx_word' id='word_1_7' title='bbox 1277 448 1575 516; x_wconf 77' lang='lat' dir='ltr'><strong>Ineretices,</strong></span> <span class='ocrx_word' id='word_1_8' title='bbox 1599 463 1774 507; x_wconf 79' lang='lat' dir='ltr'><strong>omnes</strong></span> <span class='ocrx_word' id='word_1_9' title='bbox 1814 448 2084 527; x_wconf 71' lang='lat' dir='ltr'><strong>lucreticoa</strong></span> <span class='ocrx_word' id='word_1_10' title='bbox 2130 451 2249 509; x_wconf 84' lang='lat' dir='ltr'><strong>sine</strong></span> 
     </span>
    </p>
   </div>
   <div class='ocr_carea' id='block_1_3' title="bbox 647 538 2246 613">
    <p class='ocr_par' dir='ltr' id='par_1_3' title="bbox 647 538 2246 613">
     <span class='ocr_line' id='line_1_3' title="bbox 647 538 2246 613; baseline 0.004 -17"><span class='ocrx_word' id='word_1_11' title='bbox 647 540 911 613; x_wconf 85' lang='lat' dir='ltr'><strong>Baptismi</strong></span> <span class='ocrx_word' id='word_1_12' title='bbox 943 538 1225 601; x_wconf 86' lang='lat' dir='ltr'><strong>iteratione</strong></span> <span class='ocrx_word' id='word_1_13' title='bbox 1262 548 1544 610; x_wconf 85' lang='lat' dir='ltr'><strong>susceptos</strong></span> <span class='ocrx_word' id='word_1_14' title='bbox 1581 539 1650 605; x_wconf 77' lang='lat' dir='ltr'><strong>ab</strong></span> <span class='ocrx_word' id='word_1_15' title='bbox 1694 539 1934 599; x_wconf 73' lang='lat' dir='ltr'><strong>Ecclesia</strong></span> <span class='ocrx_word' id='word_1_16' title='bbox 1972 541 2246 610; x_wconf 77' lang='lat' dir='ltr'><strong>Romana,</strong></span> 
     </span>
    </p>
   </div>
   <div class='ocr_carea' id='block_1_4' title="bbox 656 630 2249 705">
    <p class='ocr_par' dir='ltr' id='par_1_4' title="bbox 656 630 2249 705">
     <span class='ocr_line' id='line_1_4' title="bbox 656 630 2249 705; baseline 0.006 -20"><span class='ocrx_word' id='word_1_17' title='bbox 656 648 904 705; x_wconf 66' lang='lat' dir='ltr'><strong>peraeque</strong></span> <span class='ocrx_word' id='word_1_18' title='bbox 945 640 1065 703; x_wconf 90' lang='lat' dir='ltr'><strong>post</strong></span> <span class='ocrx_word' id='word_1_19' title='bbox 1114 630 1486 703; x_wconf 68' lang='lat' dir='ltr'><strong>Arelatensem</strong></span> <span class='ocrx_word' id='word_1_20' title='bbox 1517 630 1898 703; x_wconf 67' lang='lat' dir='ltr'><strong>Nirzenamque</strong></span> <span class='ocrx_word' id='word_1_21' title='bbox 1958 632 2249 705; x_wconf 79' lang='lat' dir='ltr'><strong>synodum,</strong></span> 
     </span>
    </p>
   </div>
   <div class='ocr_carea' id='block_1_5' title="bbox 653 724 2246 799">
    <p class='ocr_par' dir='ltr' id='par_1_5' title="bbox 653 724 2246 799">
     <span class='ocr_line' id='line_1_5' title="bbox 653 724 2246 799; baseline 0.003 -17"><span class='ocrx_word' id='word_1_22' title='bbox 653 738 815 799; x_wconf 86' lang='lat' dir='ltr'><strong>atque</strong></span> <span class='ocrx_word' id='word_1_23' title='bbox 840 726 1006 797; x_wconf 89' lang='lat' dir='ltr'><strong>prius.</strong></span> <span class='ocrx_word' id='word_1_24' title='bbox 1037 724 1181 798; x_wconf 78' lang='lat' dir='ltr'><strong>Ergo</strong></span> <span class='ocrx_word' id='word_1_25' title='bbox 1207 728 1251 783; x_wconf 88' lang='lat' dir='ltr'><strong>si</strong></span> <span class='ocrx_word' id='word_1_26' title='bbox 1278 742 1380 798; x_wconf 81' lang='lat' dir='ltr'><strong>qua</strong></span> <span class='ocrx_word' id='word_1_27' title='bbox 1404 727 1561 797; x_wconf 88' lang='lat' dir='ltr'><strong>culpa</strong></span> <span class='ocrx_word' id='word_1_28' title='bbox 1613 726 1896 799; x_wconf 70' lang='lat' dir='ltr'><strong>amttgatur</strong></span> <span class='ocrx_word' id='word_1_29' title='bbox 1940 727 2246 798; x_wconf 78' lang='lat' dir='ltr'><strong>Stephano.</strong></span> 
     </span>
    </p>
   </div>
   <div class='ocr_carea' id='block_1_6' title="bbox 649 817 2249 891">
    <p class='ocr_par' dir='ltr' id='par_1_6' title="bbox 649 817 2249 891">
     <span class='ocr_line' id='line_1_6' title="bbox 649 817 2249 891; baseline -0.003 -14"><span class='ocrx_word' id='word_1_30' title='bbox 649 820 840 877; x_wconf 85' lang='lat' dir='ltr'><strong>eadem</strong></span> <span class='ocrx_word' id='word_1_31' title='bbox 915 828 1038 891; x_wconf 87' lang='lat' dir='ltr'><strong>post</strong></span> <span class='ocrx_word' id='word_1_32' title='bbox 1096 819 1469 879; x_wconf 76' lang='lat' dir='ltr'><strong>Arelatensem</strong></span> <span class='ocrx_word' id='word_1_33' title='bbox 1531 818 1795 890; x_wconf 75' lang='lat' dir='ltr'><strong>synodum</strong></span> <span class='ocrx_word' id='word_1_34' title='bbox 1859 827 1916 876; x_wconf 87' lang='lat' dir='ltr'><strong>et</strong></span> <span class='ocrx_word' id='word_1_35' title='bbox 1980 817 2249 881; x_wconf 71' lang='lat' dir='ltr'><strong>Nicaennm</strong></span> 
     </span>
    </p>
   </div>
   <div class='ocr_carea' id='block_1_7' title="bbox 650 912 2249 986">
    <p class='ocr_par' dir='ltr' id='par_1_7' title="bbox 650 912 2249 986">
     <span class='ocr_line' id='line_1_7' title="bbox 650 912 2249 986; baseline -0.002 -15"><span class='ocrx_word' id='word_1_36' title='bbox 650 915 845 986; x_wconf 86' lang='lat' dir='ltr'><strong>quibus</strong></span> <span class='ocrx_word' id='word_1_37' title='bbox 875 913 1110 971; x_wconf 82' lang='lat' dir='ltr'><strong>atl&#39;uerat</strong></span> <span class='ocrx_word' id='word_1_38' title='bbox 1138 928 1232 986; x_wconf 87' lang='lat' dir='ltr'><strong>per</strong></span> <span class='ocrx_word' id='word_1_39' title='bbox 1264 914 1471 985; x_wconf 75' lang='lat' dir='ltr'><strong>legatos</strong></span> <span class='ocrx_word' id='word_1_40' title='bbox 1501 912 1743 979; x_wconf 77' lang='lat' dir='ltr'><strong>Romana</strong></span> <span class='ocrx_word' id='word_1_41' title='bbox 1773 913 1962 983; x_wconf 82' lang='lat' dir='ltr'><strong>Sedes,</strong></span> <span class='ocrx_word' id='word_1_42' title='bbox 1990 930 2249 985; x_wconf 83' lang='lat' dir='ltr'><strong>quarum-</strong></span> 
     </span>
    </p>
   </div>
   <div class='ocr_carea' id='block_1_8' title="bbox 647 1006 2249 1081">
    <p class='ocr_par' dir='ltr' id='par_1_8' title="bbox 647 1006 2249 1081">
     <span class='ocr_line' id='line_1_8' title="bbox 647 1006 2249 1081; baseline -0.004 -15"><span class='ocrx_word' id='word_1_43' title='bbox 647 1025 752 1081; x_wconf 86' lang='lat' dir='ltr'><strong>que</strong></span> <span class='ocrx_word' id='word_1_44' title='bbox 773 1007 967 1067; x_wconf 79' lang='lat' dir='ltr'><strong>vindex</strong></span> <span class='ocrx_word' id='word_1_45' title='bbox 998 1008 1252 1077; x_wconf 89' lang='lat' dir='ltr'><strong>primaria</strong></span> <span class='ocrx_word' id='word_1_46' title='bbox 1281 1022 1497 1078; x_wconf 85' lang='lat' dir='ltr'><strong>semper</strong></span> <span class='ocrx_word' id='word_1_47' title='bbox 1547 1007 1662 1078; x_wconf 86' lang='lat' dir='ltr'><strong>ipsa</strong></span> <span class='ocrx_word' id='word_1_48' title='bbox 1692 1007 1931 1074; x_wconf 83' lang='lat' dir='ltr'><strong>exstitit,</strong></span> <span class='ocrx_word' id='word_1_49' title='bbox 1988 1006 2249 1069; x_wconf 73' lang='lat' dir='ltr'><strong>Romanis</strong></span> 
     </span>
    </p>
   </div>
   <div class='ocr_carea' id='block_1_9' title="bbox 650 1098 2251 1174">
    <p class='ocr_par' dir='ltr' id='par_1_9' title="bbox 650 1098 2251 1174">
     <span class='ocr_line' id='line_1_9' title="bbox 650 1098 2251 1174; baseline -0.004 -17"><span class='ocrx_word' id='word_1_50' title='bbox 650 1102 903 1157; x_wconf 89' lang='lat' dir='ltr'><strong>omnibus</strong></span> <span class='ocrx_word' id='word_1_51' title='bbox 932 1100 1214 1174; x_wconf 87' lang='lat' dir='ltr'><strong>Episcopis</strong></span> <span class='ocrx_word' id='word_1_52' title='bbox 1239 1109 1293 1155; x_wconf 90' lang='lat' dir='ltr'><strong>et</strong></span> <span class='ocrx_word' id='word_1_53' title='bbox 1316 1100 1417 1173; x_wconf 86' lang='lat' dir='ltr'><strong>ipsi</strong></span> <span class='ocrx_word' id='word_1_54' title='bbox 1448 1099 1778 1173; x_wconf 84' lang='lat' dir='ltr'><strong>Hieronymo</strong></span> <span class='ocrx_word' id='word_1_55' title='bbox 1803 1098 1993 1159; x_wconf 87' lang='lat' dir='ltr'><strong>horum</strong></span> <span class='ocrx_word' id='word_1_56' title='bbox 2016 1099 2251 1169; x_wconf 68' lang='lat' dir='ltr'><strong>prtcconi</strong></span> 
     </span>
    </p>
   </div>
   <div class='ocr_carea' id='block_1_10' title="bbox 650 1193 2251 1265">
    <p class='ocr_par' dir='ltr' id='par_1_10' title="bbox 650 1193 2251 1265">
     <span class='ocr_line' id='line_1_10' title="bbox 650 1193 2251 1265; baseline -0.001 -15"><span class='ocrx_word' id='word_1_57' title='bbox 650 1194 906 1251; x_wconf 85' lang='lat' dir='ltr'><strong>illinenda</strong></span> <span class='ocrx_word' id='word_1_58' title='bbox 934 1205 1037 1250; x_wconf 90' lang='lat' dir='ltr'><strong>est.</strong></span> <span class='ocrx_word' id='word_1_59' title='bbox 1066 1194 1232 1250; x_wconf 83' lang='lat' dir='ltr'><strong>Vides</strong></span> <span class='ocrx_word' id='word_1_60' title='bbox 1263 1210 1481 1249; x_wconf 86' lang='lat' dir='ltr'><strong>rursum</strong></span> <span class='ocrx_word' id='word_1_61' title='bbox 1519 1211 1678 1265; x_wconf 87' lang='lat' dir='ltr'><strong>quam</strong></span> <span class='ocrx_word' id='word_1_62' title='bbox 1711 1193 1989 1265; x_wconf 85' lang='lat' dir='ltr'><strong>Stephano</strong></span> <span class='ocrx_word' id='word_1_63' title='bbox 2020 1194 2251 1264; x_wconf 85' lang='lat' dir='ltr'><strong>prepitia</strong></span> 
     </span>
    </p>
   </div>
   <div class='ocr_carea' id='block_1_11' title="bbox 652 1288 2252 1362">
    <p class='ocr_par' dir='ltr' id='par_1_11' title="bbox 652 1288 2252 1362">
     <span class='ocr_line' id='line_1_11' title="bbox 652 1288 2252 1362; baseline -0.002 -16"><span class='ocrx_word' id='word_1_64' title='bbox 652 1299 708 1346; x_wconf 91' lang='lat' dir='ltr'><strong>et</strong></span> <span class='ocrx_word' id='word_1_65' title='bbox 744 1298 1110 1345; x_wconf 82' lang='lat' dir='ltr'><strong>consentanea</strong></span> <span class='ocrx_word' id='word_1_66' title='bbox 1135 1289 1296 1343; x_wconf 81' lang='lat' dir='ltr'><strong>fuerit</strong></span> <span class='ocrx_word' id='word_1_67' title='bbox 1327 1288 1541 1343; x_wconf 66' lang='lat' dir='ltr'><strong>Nicmna</strong></span> <span class='ocrx_word' id='word_1_68' title='bbox 1571 1289 1810 1362; x_wconf 88' lang='lat' dir='ltr'><strong>synodus</strong></span> <span class='ocrx_word' id='word_1_69' title='bbox 1851 1305 1972 1360; x_wconf 78' lang='lat' dir='ltr'><strong>qua:</strong></span> <span class='ocrx_word' id='word_1_70' title='bbox 2007 1308 2024 1339; x_wconf 72' lang='grc' dir='ltr'><strong><em>ι</em></strong></span> <span class='ocrx_word' id='word_1_71' title='bbox 2063 1304 2252 1343; x_wconf 88' lang='lat' dir='ltr'><strong>omnes</strong></span> 
     </span>
    </p>
   </div>
   <div class='ocr_carea' id='block_1_12' title="bbox 650 1383 2249 1456">
    <p class='ocr_par' dir='ltr' id='par_1_12' title="bbox 650 1383 2249 1456">
     <span class='ocr_line' id='line_1_12' title="bbox 650 1383 2249 1456; baseline 0.001 -18"><span class='ocrx_word' id='word_1_72' title='bbox 650 1383 939 1440; x_wconf 79' lang='lat' dir='ltr'><strong>haereticos</strong></span> <span class='ocrx_word' id='word_1_73' title='bbox 968 1384 1209 1454; x_wconf 87' lang='lat' dir='ltr'><strong>suscepit</strong></span> <span class='ocrx_word' id='word_1_74' title='bbox 1254 1385 1496 1456; x_wconf 74' lang='lat' dir='ltr'><strong>exceptis</strong></span> <span class='ocrx_word' id='word_1_75' title='bbox 1541 1384 1688 1439; x_wconf 82' lang='lat' dir='ltr'><strong>Pauli</strong></span> <span class='ocrx_word' id='word_1_76' title='bbox 1728 1383 2064 1439; x_wconf 80' lang='lat' dir='ltr'><strong>Samosateni</strong></span> <span class='ocrx_word' id='word_1_77' title='bbox 2090 1383 2249 1439; x_wconf 44' lang='lat' dir='ltr'><strong>disci‘</strong></span> 
     </span>
    </p>
   </div>
   <div class='ocr_carea' id='block_1_13' title="bbox 652 1477 2253 1548">
    <p class='ocr_par' dir='ltr' id='par_1_13' title="bbox 652 1477 2253 1548">
     <span class='ocr_line' id='line_1_13' title="bbox 652 1477 2253 1548; baseline 0.001 -17"><span class='ocrx_word' id='word_1_78' title='bbox 652 1477 794 1547; x_wconf 84' lang='lat' dir='ltr'><strong>polis</strong></span> <span class='ocrx_word' id='word_1_79' title='bbox 826 1496 842 1533; x_wconf 89' lang='lat'><strong>:</strong></span> <span class='ocrx_word' id='word_1_80' title='bbox 878 1497 897 1530; x_wconf 73' lang='grc' dir='ltr'><strong><em>ι</em></strong></span> <span class='ocrx_word' id='word_1_81' title='bbox 929 1479 1019 1547; x_wconf 88' lang='lat' dir='ltr'><strong>qui</strong></span> <span class='ocrx_word' id='word_1_82' title='bbox 1061 1477 1319 1548; x_wconf 79' lang='lat' dir='ltr'><strong>Stephani</strong></span> <span class='ocrx_word' id='word_1_83' title='bbox 1352 1494 1466 1533; x_wconf 69' lang='grc' dir='ltr'><strong>ειυνο</strong></span> <span class='ocrx_word' id='word_1_84' title='bbox 1498 1479 1723 1533; x_wconf 80' lang='lat' dir='ltr'><strong>necdum</strong></span> <span class='ocrx_word' id='word_1_85' title='bbox 1765 1479 2051 1533; x_wconf 79' lang='lat' dir='ltr'><strong>infaustum</strong></span> <span class='ocrx_word' id='word_1_86' title='bbox 2093 1486 2253 1548; x_wconf 89' lang='lat' dir='ltr'><strong>caput</strong></span> 
     </span>
    </p>
   </div>
   <div class='ocr_carea' id='block_1_14' title="bbox 649 1569 2252 1642">
    <p class='ocr_par' dir='ltr' id='par_1_14' title="bbox 649 1569 2252 1642">
     <span class='ocr_line' id='line_1_14' title="bbox 649 1569 2252 1642; baseline 0 -18"><span class='ocrx_word' id='word_1_87' title='bbox 649 1584 779 1625; x_wconf 89' lang='lat' dir='ltr'><strong>orco</strong></span> <span class='ocrx_word' id='word_1_88' title='bbox 807 1570 1137 1626; x_wconf 81' lang='lat' dir='ltr'><strong>extulerant.</strong></span> <span class='ocrx_word' id='word_1_89' title='bbox 1170 1569 1239 1626; x_wconf 90' lang='lat' dir='ltr'><strong>Ut</strong></span> <span class='ocrx_word' id='word_1_90' title='bbox 1262 1570 1395 1624; x_wconf 89' lang='lat' dir='ltr'><strong>nihil</strong></span> <span class='ocrx_word' id='word_1_91' title='bbox 1442 1571 1611 1640; x_wconf 82' lang='lat' dir='ltr'><strong>possit</strong></span> <span class='ocrx_word' id='word_1_92' title='bbox 1656 1570 1741 1626; x_wconf 90' lang='lat' dir='ltr'><strong>vel</strong></span> <span class='ocrx_word' id='word_1_93' title='bbox 1784 1571 2110 1642; x_wconf 87' lang='lat' dir='ltr'><strong>petulantius</strong></span> <span class='ocrx_word' id='word_1_94' title='bbox 2168 1571 2252 1626; x_wconf 90' lang='lat' dir='ltr'><strong>vel</strong></span> 
     </span>
    </p>
   </div>
   <div class='ocr_carea' id='block_1_15' title="bbox 652 1661 2249 1733">
    <p class='ocr_par' dir='ltr' id='par_1_15' title="bbox 652 1661 2249 1733">
     <span class='ocr_line' id='line_1_15' title="bbox 652 1661 2249 1733; baseline 0.001 -19"><span class='ocrx_word' id='word_1_95' title='bbox 652 1662 953 1732; x_wconf 87' lang='lat' dir='ltr'><strong>imperitius</strong></span> <span class='ocrx_word' id='word_1_96' title='bbox 983 1661 1111 1731; x_wconf 80' lang='lat' dir='ltr'><strong>litigi</strong></span> <span class='ocrx_word' id='word_1_97' title='bbox 1140 1661 1489 1716; x_wconf 86' lang='lat' dir='ltr'><strong>novatorihus</strong></span> <span class='ocrx_word' id='word_1_98' title='bbox 1531 1662 1691 1731; x_wconf 87' lang='lat' dir='ltr'><strong>hujus</strong></span> <span class='ocrx_word' id='word_1_99' title='bbox 1716 1664 1837 1728; x_wconf 66' lang='lat' dir='ltr'><strong>aavi,</strong></span> <span class='ocrx_word' id='word_1_100' title='bbox 1864 1662 1953 1733; x_wconf 88' lang='lat' dir='ltr'><strong>qtti</strong></span> <span class='ocrx_word' id='word_1_101' title='bbox 1980 1661 2249 1716; x_wconf 63' lang='lat' dir='ltr'><strong>Nicwnam</strong></span> 
     </span>
    </p>
   </div>
   <div class='ocr_carea' id='block_1_16' title="bbox 651 1753 2330 1829">
    <p class='ocr_par' dir='ltr' id='par_1_16' title="bbox 651 1753 2330 1829">
     <span class='ocr_line' id='line_1_16' title="bbox 651 1753 2330 1829; baseline -0.001 -22"><span class='ocrx_word' id='word_1_102' title='bbox 651 1753 915 1826; x_wconf 86' lang='lat' dir='ltr'><strong>synodum</strong></span> <span class='ocrx_word' id='word_1_103' title='bbox 943 1755 1186 1825; x_wconf 80' lang='lat' dir='ltr'><strong>garriunt</strong></span> <span class='ocrx_word' id='word_1_104' title='bbox 1236 1769 1336 1809; x_wconf 88' lang='lat' dir='ltr'><strong>nec</strong></span> <span class='ocrx_word' id='word_1_105' title='bbox 1387 1754 1662 1824; x_wconf 76' lang='lat' dir='ltr'><strong>Stephano</strong></span> <span class='ocrx_word' id='word_1_106' title='bbox 1716 1769 1941 1820; x_wconf 87' lang='lat' dir='ltr'><strong>omnes,</strong></span> <span class='ocrx_word' id='word_1_107' title='bbox 1992 1770 2091 1810; x_wconf 89' lang='lat' dir='ltr'><strong>nec</strong></span> <span class='ocrx_word' id='word_1_108' title='bbox 2142 1754 2243 1826; x_wconf 80' lang='lat' dir='ltr'><strong>Cy~</strong></span> <span class='ocrx_word' id='word_1_109' title='bbox 2281 1760 2330 1829; x_wconf 78' lang='grc' dir='ltr'>Β</span> 
     </span>
    </p>
   </div>
   <div class='ocr_carea' id='block_1_17' title="bbox 652 1844 2250 1919">
    <p class='ocr_par' dir='ltr' id='par_1_17' title="bbox 652 1844 2250 1919">
     <span class='ocr_line' id='line_1_17' title="bbox 652 1844 2250 1919; baseline 0 -18"><span class='ocrx_word' id='word_1_110' title='bbox 652 1849 843 1919; x_wconf 89' lang='lat' dir='ltr'><strong>priano</strong></span> <span class='ocrx_word' id='word_1_111' title='bbox 877 1846 1059 1902; x_wconf 89' lang='lat' dir='ltr'><strong>nullos</strong></span> <span class='ocrx_word' id='word_1_112' title='bbox 1090 1846 1206 1901; x_wconf 87' lang='lat' dir='ltr'><strong>sine</strong></span> <span class='ocrx_word' id='word_1_113' title='bbox 1234 1846 1508 1914; x_wconf 73' lang='lat' dir='ltr'><strong>Baptismo</strong></span> <span class='ocrx_word' id='word_1_114' title='bbox 1538 1846 1816 1916; x_wconf 88' lang='lat' dir='ltr'><strong>recipienti</strong></span> <span class='ocrx_word' id='word_1_115' title='bbox 1859 1844 2205 1916; x_wconf 82' lang='lat' dir='ltr'><strong>suﬂ&#39;ragntam</strong></span> <span class='ocrx_word' id='word_1_116' title='bbox 2236 1864 2250 1901; x_wconf 93' lang='lat'>:</span> 
     </span>
    </p>
   </div>
   <div class='ocr_carea' id='block_1_18' title="bbox 654 1937 2252 2010">
    <p class='ocr_par' dir='ltr' id='par_1_18' title="bbox 654 1937 2252 2010">
     <span class='ocr_line' id='line_1_18' title="bbox 654 1937 2252 2010; baseline -0.001 -16"><span class='ocrx_word' id='word_1_117' title='bbox 654 1939 750 1994; x_wconf 85' lang='lat' dir='ltr'><strong>sed</strong></span> <span class='ocrx_word' id='word_1_118' title='bbox 792 1938 1137 1994; x_wconf 83' lang='lat' dir='ltr'><strong>distinctione</strong></span> <span class='ocrx_word' id='word_1_119' title='bbox 1174 1953 1237 1993; x_wconf 91' lang='lat' dir='ltr'><strong>ea</strong></span> <span class='ocrx_word' id='word_1_120' title='bbox 1270 1954 1420 1992; x_wconf 83' lang='lat' dir='ltr'><strong>usam</strong></span> <span class='ocrx_word' id='word_1_121' title='bbox 1452 1954 1555 2009; x_wconf 89' lang='lat' dir='ltr'><strong>qua</strong></span> <span class='ocrx_word' id='word_1_122' title='bbox 1613 1948 1838 2010; x_wconf 90' lang='lat' dir='ltr'><strong>uterque</strong></span> <span class='ocrx_word' id='word_1_123' title='bbox 1893 1954 2046 1994; x_wconf 89' lang='lat' dir='ltr'><strong>error</strong></span> <span class='ocrx_word' id='word_1_124' title='bbox 2088 1937 2252 1994; x_wconf 87' lang='lat' dir='ltr'><strong>casti-</strong></span> 
     </span>
    </p>
   </div>
   <div class='ocr_carea' id='block_1_19' title="bbox 647 2030 2251 2103">
    <p class='ocr_par' dir='ltr' id='par_1_19' title="bbox 647 2030 2251 2103">
     <span class='ocr_line' id='line_1_19' title="bbox 647 2030 2251 2103; baseline -0.001 -16"><span class='ocrx_word' id='word_1_125' title='bbox 647 2041 885 2103; x_wconf 75' lang='lat' dir='ltr'><strong>garetur.</strong></span> <span class='ocrx_word' id='word_1_126' title='bbox 944 2030 1218 2102; x_wconf 83' lang='lat' dir='ltr'><strong>Stephano</strong></span> <span class='ocrx_word' id='word_1_127' title='bbox 1289 2030 1433 2086; x_wconf 92' lang='lat' dir='ltr'><strong>enim</strong></span> <span class='ocrx_word' id='word_1_128' title='bbox 1494 2045 1716 2101; x_wconf 85' lang='lat' dir='ltr'><strong>prorsus</strong></span> <span class='ocrx_word' id='word_1_129' title='bbox 1784 2032 2056 2102; x_wconf 84' lang='lat' dir='ltr'><strong>astipulati</strong></span> <span class='ocrx_word' id='word_1_130' title='bbox 2126 2040 2251 2085; x_wconf 90' lang='lat' dir='ltr'><strong>sunt</strong></span> 
     </span>
    </p>
   </div>
   <div class='ocr_carea' id='block_1_20' title="bbox 650 2124 2250 2196">
    <p class='ocr_par' dir='ltr' id='par_1_20' title="bbox 650 2124 2250 2196">
     <span class='ocr_line' id='line_1_20' title="bbox 650 2124 2250 2196; baseline 0 -14"><span class='ocrx_word' id='word_1_131' title='bbox 650 2126 840 2182; x_wconf 84' lang='lat' dir='ltr'><strong>Patres</strong></span> <span class='ocrx_word' id='word_1_132' title='bbox 879 2124 1080 2181; x_wconf 67' lang='lat' dir='ltr'><strong>Nicteni</strong></span> <span class='ocrx_word' id='word_1_133' title='bbox 1131 2126 1221 2195; x_wconf 89' lang='lat' dir='ltr'><strong>qui</strong></span> <span class='ocrx_word' id='word_1_134' title='bbox 1267 2140 1456 2180; x_wconf 88' lang='lat' dir='ltr'><strong>omnes</strong></span> <span class='ocrx_word' id='word_1_135' title='bbox 1499 2141 1634 2196; x_wconf 84' lang='lat' dir='ltr'><strong>quos</strong></span> <span class='ocrx_word' id='word_1_136' title='bbox 1679 2125 1768 2181; x_wconf 89' lang='lat' dir='ltr'><strong>ille</strong></span> <span class='ocrx_word' id='word_1_137' title='bbox 1811 2127 1929 2181; x_wconf 89' lang='lat' dir='ltr'><strong>sine</strong></span> <span class='ocrx_word' id='word_1_138' title='bbox 1976 2125 2250 2196; x_wconf 87' lang='lat' dir='ltr'><strong>Baptismo</strong></span> 
     </span>
    </p>
   </div>
   <div class='ocr_carea' id='block_1_21' title="bbox 650 2219 2251 2292">
    <p class='ocr_par' dir='ltr' id='par_1_21' title="bbox 650 2219 2251 2292">
     <span class='ocr_line' id='line_1_21' title="bbox 650 2219 2251 2292; baseline 0.001 -18"><span class='ocrx_word' id='word_1_139' title='bbox 650 2222 937 2277; x_wconf 69' lang='lat' dir='ltr'><strong>haereticos</strong></span> <span class='ocrx_word' id='word_1_140' title='bbox 985 2219 1186 2291; x_wconf 81' lang='lat' dir='ltr'><strong>suscipi</strong></span> <span class='ocrx_word' id='word_1_141' title='bbox 1225 2221 1466 2288; x_wconf 89' lang='lat' dir='ltr'><strong>jusscre;</strong></span> <span class='ocrx_word' id='word_1_142' title='bbox 1517 2236 1612 2275; x_wconf 89' lang='lat' dir='ltr'><strong>eos</strong></span> <span class='ocrx_word' id='word_1_143' title='bbox 1674 2220 1801 2292; x_wconf 82' lang='lat' dir='ltr'><strong>tingi</strong></span> <span class='ocrx_word' id='word_1_144' title='bbox 1846 2236 2076 2275; x_wconf 78' lang='lat' dir='ltr'><strong>sanxere</strong></span> <span class='ocrx_word' id='word_1_145' title='bbox 2114 2235 2251 2290; x_wconf 89' lang='lat' dir='ltr'><strong>quos</strong></span> 
     </span>
    </p>
   </div>
   <div class='ocr_carea' id='block_1_22' title="bbox 647 2315 2249 2388">
    <p class='ocr_par' dir='ltr' id='par_1_22' title="bbox 647 2315 2249 2388">
     <span class='ocr_line' id='line_1_22' title="bbox 647 2315 2249 2388; baseline -0.002 -17"><span class='ocrx_word' id='word_1_146' title='bbox 647 2317 742 2373; x_wconf 83' lang='lat' dir='ltr'><strong>ille</strong></span> <span class='ocrx_word' id='word_1_147' title='bbox 785 2326 1070 2388; x_wconf 90' lang='lat' dir='ltr'><strong>erupturos</strong></span> <span class='ocrx_word' id='word_1_148' title='bbox 1115 2316 1316 2371; x_wconf 89' lang='lat' dir='ltr'><strong>rescire</strong></span> <span class='ocrx_word' id='word_1_149' title='bbox 1345 2331 1450 2369; x_wconf 90' lang='lat' dir='ltr'><strong>non</strong></span> <span class='ocrx_word' id='word_1_150' title='bbox 1482 2315 1673 2385; x_wconf 91' lang='lat' dir='ltr'><strong>potuit.</strong></span> <span class='ocrx_word' id='word_1_151' title='bbox 1716 2315 1958 2385; x_wconf 89' lang='lat' dir='ltr'><strong>Denique</strong></span> <span class='ocrx_word' id='word_1_152' title='bbox 1985 2329 2249 2385; x_wconf 87' lang='lat' dir='ltr'><strong>nusquam</strong></span> 
     </span>
    </p>
   </div>
   <div class='ocr_carea' id='block_1_23' title="bbox 650 2407 2251 2481">
    <p class='ocr_par' dir='ltr' id='par_1_23' title="bbox 650 2407 2251 2481">
     <span class='ocr_line' id='line_1_23' title="bbox 650 2407 2251 2481; baseline -0.002 -15"><span class='ocrx_word' id='word_1_153' title='bbox 650 2410 1014 2481; x_wconf 84' lang='lat' dir='ltr'><strong>Hieronymus</strong></span> <span class='ocrx_word' id='word_1_154' title='bbox 1038 2407 1122 2464; x_wconf 84' lang='lat' dir='ltr'><strong>vel</strong></span> <span class='ocrx_word' id='word_1_155' title='bbox 1156 2408 1431 2464; x_wconf 84' lang='lat' dir='ltr'><strong>levissime</strong></span> <span class='ocrx_word' id='word_1_156' title='bbox 1461 2418 1791 2478; x_wconf 89' lang='lat' dir='ltr'><strong>conquestus</strong></span> <span class='ocrx_word' id='word_1_157' title='bbox 1833 2416 1916 2462; x_wconf 87' lang='lat' dir='ltr'><strong>est</strong></span> <span class='ocrx_word' id='word_1_158' title='bbox 1956 2407 2023 2462; x_wconf 91' lang='lat' dir='ltr'><strong>de</strong></span> <span class='ocrx_word' id='word_1_159' title='bbox 2064 2422 2251 2462; x_wconf 91' lang='lat' dir='ltr'><strong>errore</strong></span> 
     </span>
    </p>
   </div>
   <div class='ocr_carea' id='block_1_24' title="bbox 649 2500 2251 2576">
    <p class='ocr_par' dir='ltr' id='par_1_24' title="bbox 649 2500 2251 2576">
     <span class='ocr_line' id='line_1_24' title="bbox 649 2500 2251 2576; baseline -0.001 -18"><span class='ocrx_word' id='word_1_160' title='bbox 649 2506 733 2561; x_wconf 91' lang='lat' dir='ltr'><strong>vel</strong></span> <span class='ocrx_word' id='word_1_161' title='bbox 760 2504 1055 2576; x_wconf 87' lang='lat' dir='ltr'><strong>Stephani,</strong></span> <span class='ocrx_word' id='word_1_162' title='bbox 1090 2505 1175 2559; x_wconf 85' lang='lat' dir='ltr'><strong>vel</strong></span> <span class='ocrx_word' id='word_1_163' title='bbox 1208 2519 1396 2559; x_wconf 90' lang='lat' dir='ltr'><strong>eorum</strong></span> <span class='ocrx_word' id='word_1_164' title='bbox 1443 2503 1532 2574; x_wconf 90' lang='lat' dir='ltr'><strong>qui</strong></span> <span class='ocrx_word' id='word_1_165' title='bbox 1580 2502 1849 2573; x_wconf 87' lang='lat' dir='ltr'><strong>Baptisma</strong></span> <span class='ocrx_word' id='word_1_166' title='bbox 1902 2500 2251 2558; x_wconf 78' lang='lat' dir='ltr'><strong>heterodoxis</strong></span> 
     </span>
    </p>
   </div>
   <div class='ocr_carea' id='block_1_25' title="bbox 574 2598 1550 2658">
    <p class='ocr_par' dir='ltr' id='par_1_25' title="bbox 574 2598 1550 2658">
     <span class='ocr_line' id='line_1_25' title="bbox 574 2598 1550 2658; baseline -0.004 -1"><span class='ocrx_word' id='word_1_167' title='bbox 574 2604 589 2626; x_wconf 89' lang='lat'><strong>‘</strong></span> <span class='ocrx_word' id='word_1_168' title='bbox 648 2601 833 2658; x_wconf 79' lang='lat' dir='ltr'><strong>verbis</strong></span> <span class='ocrx_word' id='word_1_169' title='bbox 861 2598 1116 2655; x_wconf 87' lang='lat' dir='ltr'><strong>collatum</strong></span> <span class='ocrx_word' id='word_1_170' title='bbox 1138 2614 1245 2654; x_wconf 89' lang='lat' dir='ltr'><strong>non</strong></span> <span class='ocrx_word' id='word_1_171' title='bbox 1270 2598 1550 2654; x_wconf 89' lang='lat' dir='ltr'><strong>iterarent.</strong></span> 
     </span>
    </p>
   </div>
   <div class='ocr_carea' id='block_1_26' title="bbox 933 2732 1961 2793">
    <p class='ocr_par' dir='ltr' id='par_1_26' title="bbox 933 2732 1961 2793">
     <span class='ocr_line' id='line_1_26' title="bbox 933 2732 1961 2793; baseline -0.004 0"><span class='ocrx_word' id='word_1_172' title='bbox 933 2732 1122 2793; x_wconf 75' lang='lat' dir='ltr'><strong>XVIII.</strong></span> <span class='ocrx_word' id='word_1_173' title='bbox 1163 2749 1292 2793; x_wconf 73' lang='lat' dir='ltr'><strong>insit</strong></span> <span class='ocrx_word' id='word_1_174' title='bbox 1322 2748 1608 2791; x_wconf 73' lang='lat' dir='ltr'><strong>srrtcnua</strong></span> <span class='ocrx_word' id='word_1_175' title='bbox 1637 2749 1706 2793; x_wconf 72' lang='lat' dir='ltr'><strong>sx</strong></span> <span class='ocrx_word' id='word_1_176' title='bbox 1734 2749 1961 2793; x_wconf 70' lang='grc' dir='ltr'><strong>ωειιιο.</strong></span> 
     </span>
    </p>
   </div>
   <div class='ocr_carea' id='block_1_27' title="bbox 724 2868 2248 2944">
    <p class='ocr_par' dir='ltr' id='par_1_27' title="bbox 724 2868 2248 2944">
     <span class='ocr_line' id='line_1_27' title="bbox 724 2868 2248 2944; baseline -0.005 -13"><span class='ocrx_word' id='word_1_177' title='bbox 724 2871 961 2931; x_wconf 80' lang='lat' dir='ltr'><strong>Accedat</strong></span> <span class='ocrx_word' id='word_1_178' title='bbox 993 2870 1226 2926; x_wconf 86' lang='lat' dir='ltr'><strong>Basilius</strong></span> <span class='ocrx_word' id='word_1_179' title='bbox 1250 2871 1392 2943; x_wconf 89' lang='lat' dir='ltr'><strong>epist</strong></span> <span class='ocrx_word' id='word_1_180' title='bbox 1431 2870 1500 2924; x_wconf 85' lang='lat' dir='ltr'><strong>ad</strong></span> <span class='ocrx_word' id='word_1_181' title='bbox 1540 2869 1769 2944; x_wconf 79' lang='lat' dir='ltr'><strong>Amphil.</strong></span> <span class='ocrx_word' id='word_1_182' title='bbox 1797 2886 1847 2926; x_wconf 93' lang='lat' dir='ltr'><strong>c.</strong></span> <span class='ocrx_word' id='word_1_183' title='bbox 1881 2871 1936 2925; x_wconf 74' lang='grc'><strong>1.</strong></span> <span class='ocrx_word' id='word_1_184' title='bbox 1972 2868 2066 2926; x_wconf 91' lang='lat' dir='ltr'><strong>Ille</strong></span> <span class='ocrx_word' id='word_1_185' title='bbox 2106 2871 2248 2925; x_wconf 88' lang='lat' dir='ltr'><strong>enim</strong></span> 
     </span>
    </p>
   </div>
   <div class='ocr_carea' id='block_1_28' title="bbox 650 2961 2252 3033">
    <p class='ocr_par' dir='ltr' id='par_1_28' title="bbox 650 2961 2252 3033">
     <span class='ocr_line' id='line_1_28' title="bbox 650 2961 2252 3033; baseline -0.004 -11"><span class='ocrx_word' id='word_1_186' title='bbox 650 2967 753 3022; x_wconf 86' lang='lat' dir='ltr'><strong>etsi</strong></span> <span class='ocrx_word' id='word_1_187' title='bbox 780 2962 1229 3033; x_wconf 76' lang='lat' dir='ltr'><strong>consuetudinem</strong></span> <span class='ocrx_word' id='word_1_188' title='bbox 1254 2961 1617 3016; x_wconf 85' lang='lat' dir='ltr'><strong>Romanorum</strong></span> <span class='ocrx_word' id='word_1_189' title='bbox 1657 2962 1973 3017; x_wconf 83' lang='lat' dir='ltr'><strong>Antistitum</strong></span> <span class='ocrx_word' id='word_1_190' title='bbox 2016 2961 2067 3015; x_wconf 92' lang='lat' dir='ltr'><strong>in</strong></span> <span class='ocrx_word' id='word_1_191' title='bbox 2115 2961 2252 3031; x_wconf 90' lang='lat' dir='ltr'><strong>Bap-</strong></span> 
     </span>
    </p>
   </div>
   <div class='ocr_carea' id='block_1_29' title="bbox 650 3055 2249 3128">
    <p class='ocr_par' dir='ltr' id='par_1_29' title="bbox 650 3055 2249 3128">
     <span class='ocr_line' id='line_1_29' title="bbox 650 3055 2249 3128; baseline -0.004 -12"><span class='ocrx_word' id='word_1_192' title='bbox 650 3064 811 3116; x_wconf 89' lang='lat' dir='ltr'><strong>tismo</strong></span> <span class='ocrx_word' id='word_1_193' title='bbox 828 3060 1002 3115; x_wconf 83' lang='lat' dir='ltr'><strong>minus</strong></span> <span class='ocrx_word' id='word_1_194' title='bbox 1026 3057 1234 3128; x_wconf 87' lang='lat' dir='ltr'><strong>probet,</strong></span> <span class='ocrx_word' id='word_1_195' title='bbox 1268 3070 1372 3112; x_wconf 89' lang='lat' dir='ltr'><strong>non</strong></span> <span class='ocrx_word' id='word_1_196' title='bbox 1403 3056 1571 3112; x_wconf 88' lang='lat' dir='ltr'><strong>errori</strong></span> <span class='ocrx_word' id='word_1_197' title='bbox 1596 3066 1795 3122; x_wconf 89' lang='lat' dir='ltr'><strong>tamen,</strong></span> <span class='ocrx_word' id='word_1_198' title='bbox 1814 3055 1908 3111; x_wconf 89' lang='lat' dir='ltr'><strong>sed</strong></span> <span class='ocrx_word' id='word_1_199' title='bbox 1934 3056 2249 3111; x_wconf 70' lang='lat' dir='ltr'><strong>(Beonomim</strong></span> 
     </span>
    </p>
   </div>
   <div class='ocr_carea' id='block_1_30' title="bbox 647 3149 2321 3231">
    <p class='ocr_par' dir='ltr' id='par_1_30' title="bbox 647 3149 2321 3231">
     <span class='ocr_line' id='line_1_30' title="bbox 647 3149 2321 3231; baseline -0.004 -21"><span class='ocrx_word' id='word_1_200' title='bbox 647 3169 766 3210; x_wconf 88' lang='lat' dir='ltr'><strong>eam</strong></span> <span class='ocrx_word' id='word_1_201' title='bbox 785 3153 1043 3223; x_wconf 78' lang='lat' dir='ltr'><strong>assignat.</strong></span> <span class='ocrx_word' id='word_1_202' title='bbox 1061 3152 1230 3221; x_wconf 84' lang='lat' dir='ltr'><strong>Eique</strong></span> <span class='ocrx_word' id='word_1_203' title='bbox 1246 3167 1567 3220; x_wconf 83' lang='lat' dir='ltr'><strong>quamquam</strong></span> <span class='ocrx_word' id='word_1_204' title='bbox 1597 3152 1776 3205; x_wconf 89' lang='lat' dir='ltr'><strong>minus</strong></span> <span class='ocrx_word' id='word_1_205' title='bbox 1796 3152 1907 3219; x_wconf 87' lang='lat' dir='ltr'><strong>ipse</strong></span> <span class='ocrx_word' id='word_1_206' title='bbox 1923 3149 2245 3211; x_wconf 84' lang='lat' dir='ltr'><strong>subscrihat,</strong></span> <span class='ocrx_word' id='word_1_207' title='bbox 2276 3161 2321 3231; x_wconf 69' lang='grc' dir='ltr'><strong>ί]</strong></span> 
     </span>
    </p>
   </div>
   <div class='ocr_carea' id='block_1_31' title="bbox 649 3241 2247 3312">
    <p class='ocr_par' dir='ltr' id='par_1_31' title="bbox 649 3241 2247 3312">
     <span class='ocr_line' id='line_1_31' title="bbox 649 3241 2247 3312; baseline -0.004 -10"><span class='ocrx_word' id='word_1_208' title='bbox 649 3244 968 3302; x_wconf 65' lang='lat' dir='ltr'><strong>oeconomiae</strong></span> <span class='ocrx_word' id='word_1_209' title='bbox 983 3255 1160 3298; x_wconf 88' lang='lat' dir='ltr'><strong>tamen</strong></span> <span class='ocrx_word' id='word_1_210' title='bbox 1181 3256 1309 3311; x_wconf 80' lang='lat' dir='ltr'><strong>ergo</strong></span> <span class='ocrx_word' id='word_1_211' title='bbox 1328 3242 1639 3305; x_wconf 73' lang='lat' dir='ltr'><strong>assentitur,</strong></span> <span class='ocrx_word' id='word_1_212' title='bbox 1665 3251 1720 3295; x_wconf 90' lang='lat' dir='ltr'><strong>ttt</strong></span> <span class='ocrx_word' id='word_1_213' title='bbox 1748 3243 1836 3312; x_wconf 90' lang='lat' dir='ltr'><strong>qui</strong></span> <span class='ocrx_word' id='word_1_214' title='bbox 1862 3241 2043 3295; x_wconf 85' lang='lat' dir='ltr'><strong>volent</strong></span> <span class='ocrx_word' id='word_1_215' title='bbox 2064 3243 2247 3295; x_wconf 66' lang='lat' dir='ltr'><strong>adhae-</strong></span> 
     </span>
    </p>
   </div>
   <div class='ocr_carea' id='block_1_32' title="bbox 648 3332 2246 3406">
    <p class='ocr_par' dir='ltr' id='par_1_32' title="bbox 648 3332 2246 3406">
     <span class='ocr_line' id='line_1_32' title="bbox 648 3332 2246 3406; baseline -0.004 -11"><span class='ocrx_word' id='word_1_216' title='bbox 648 3346 885 3395; x_wconf 89' lang='lat' dir='ltr'><strong>rescant.</strong></span> <span class='ocrx_word' id='word_1_217' title='bbox 956 3338 1020 3391; x_wconf 79' lang='lat' dir='ltr'><strong>Et</strong></span> <span class='ocrx_word' id='word_1_218' title='bbox 1083 3333 1335 3406; x_wconf 91' lang='lat' dir='ltr'><strong>Dionysio</strong></span> <span class='ocrx_word' id='word_1_219' title='bbox 1398 3334 1612 3404; x_wconf 85' lang='lat' dir='ltr'><strong>quidem</strong></span> <span class='ocrx_word' id='word_1_220' title='bbox 1662 3332 2059 3397; x_wconf 82' lang='lat' dir='ltr'><strong>Alexandrino,</strong></span> <span class='ocrx_word' id='word_1_221' title='bbox 2101 3333 2246 3403; x_wconf 91' lang='lat' dir='ltr'><strong>quod</strong></span> 
     </span>
    </p>
   </div>
   <div class='ocr_carea' id='block_1_33' title="bbox 646 3424 2247 3503">
    <p class='ocr_par' dir='ltr' id='par_1_33' title="bbox 646 3424 2247 3503">
     <span class='ocr_line' id='line_1_33' title="bbox 646 3424 2247 3503; baseline -0.004 -15"><span class='ocrx_word' id='word_1_222' title='bbox 646 3433 1057 3503; x_wconf 81' lang='lat' dir='ltr'><strong>Pepuzenorum</strong></span> <span class='ocrx_word' id='word_1_223' title='bbox 1074 3427 1403 3497; x_wconf 82' lang='lat' dir='ltr'><strong>Baptismum</strong></span> <span class='ocrx_word' id='word_1_224' title='bbox 1428 3426 1741 3496; x_wconf 86' lang='lat' dir='ltr'><strong>approbarit</strong></span> <span class='ocrx_word' id='word_1_225' title='bbox 1760 3441 1790 3480; x_wconf 86' lang='lat' dir='ltr'><strong>a</strong></span> <span class='ocrx_word' id='word_1_226' title='bbox 1819 3424 1924 3480; x_wconf 83' lang='lat' dir='ltr'><strong>ﬁde</strong></span> <span class='ocrx_word' id='word_1_227' title='bbox 1940 3424 2247 3481; x_wconf 81' lang='lat' dir='ltr'><strong>immaniter</strong></span> 
     </span>
    </p>
   </div>
   <div class='ocr_carea' id='block_1_34' title="bbox 647 3518 2223 3592">
    <p class='ocr_par' dir='ltr' id='par_1_34' title="bbox 647 3518 2223 3592">
     <span class='ocr_line' id='line_1_34' title="bbox 647 3518 2223 3592; baseline -0.004 -12"><span class='ocrx_word' id='word_1_228' title='bbox 647 3525 1031 3580; x_wconf 82' lang='lat' dir='ltr'><strong>abhorrentem</strong></span> <span class='ocrx_word' id='word_1_229' title='bbox 1055 3565 1068 3588; x_wconf 94' lang='lat'><strong>,</strong></span> <span class='ocrx_word' id='word_1_230' title='bbox 1117 3523 1363 3579; x_wconf 87' lang='lat' dir='ltr'><strong>nonnihil</strong></span> <span class='ocrx_word' id='word_1_231' title='bbox 1394 3530 1704 3586; x_wconf 87' lang='lat' dir='ltr'><strong>succenset,</strong></span> <span class='ocrx_word' id='word_1_232' title='bbox 1746 3519 2000 3592; x_wconf 83' lang='lat' dir='ltr'><strong>Cypriani</strong></span> <span class='ocrx_word' id='word_1_233' title='bbox 2029 3527 2083 3574; x_wconf 91' lang='lat' dir='ltr'><strong>et</strong></span> <span class='ocrx_word' id='word_1_234' title='bbox 2130 3518 2223 3573; x_wconf 84' lang='lat' dir='ltr'><strong>Fir</strong></span> 
     </span>
    </p>
   </div>
   <div class='ocr_carea' id='block_1_35' title="bbox 544 3600 2246 3688">
    <p class='ocr_par' dir='ltr' id='par_1_35' title="bbox 544 3600 2246 3688">
     <span class='ocr_line' id='line_1_35' title="bbox 544 3600 2246 3688; baseline -0.005 -14"><span class='ocrx_word' id='word_1_235' title='bbox 544 3600 549 3605; x_wconf 53' lang='grc'><strong>’</strong></span> <span class='ocrx_word' id='word_1_236' title='bbox 645 3618 851 3673; x_wconf 85' lang='lat' dir='ltr'><strong>miliaui</strong></span> <span class='ocrx_word' id='word_1_237' title='bbox 883 3633 992 3673; x_wconf 90' lang='lat' dir='ltr'><strong>non</strong></span> <span class='ocrx_word' id='word_1_238' title='bbox 1020 3616 1137 3673; x_wconf 88' lang='lat' dir='ltr'><strong>sine</strong></span> <span class='ocrx_word' id='word_1_239' title='bbox 1180 3616 1359 3688; x_wconf 81' lang='lat' dir='ltr'><strong>elogio</strong></span> <span class='ocrx_word' id='word_1_240' title='bbox 1405 3614 1673 3680; x_wconf 87' lang='lat' dir='ltr'><strong>meminit,</strong></span> <span class='ocrx_word' id='word_1_241' title='bbox 1720 3629 1749 3667; x_wconf 87' lang='lat' dir='ltr'><strong>a</strong></span> <span class='ocrx_word' id='word_1_242' title='bbox 1796 3612 2073 3683; x_wconf 81' lang='lat' dir='ltr'><strong>Stephano</strong></span> <span class='ocrx_word' id='word_1_243' title='bbox 2118 3626 2246 3682; x_wconf 85' lang='lat' dir='ltr'><strong>per-</strong></span> 
     </span>
    </p>
   </div>
   <div class='ocr_carea' id='block_1_36' title="bbox 646 3705 2247 3782">
    <p class='ocr_par' dir='ltr' id='par_1_36' title="bbox 646 3705 2247 3782">
     <span class='ocr_line' id='line_1_36' title="bbox 646 3705 2247 3782; baseline -0.004 -16"><span class='ocrx_word' id='word_1_244' title='bbox 646 3712 960 3781; x_wconf 81' lang='lat' dir='ltr'><strong>stringendo</strong></span> <span class='ocrx_word' id='word_1_245' title='bbox 987 3725 1210 3782; x_wconf 83' lang='lat' dir='ltr'><strong>prorsus</strong></span> <span class='ocrx_word' id='word_1_246' title='bbox 1247 3709 1513 3772; x_wconf 79' lang='lat' dir='ltr'><strong>abstinet,</strong></span> <span class='ocrx_word' id='word_1_247' title='bbox 1544 3709 1633 3778; x_wconf 89' lang='lat' dir='ltr'><strong>qui</strong></span> <span class='ocrx_word' id='word_1_248' title='bbox 1663 3716 1841 3762; x_wconf 89' lang='lat' dir='ltr'><strong>tamen</strong></span> <span class='ocrx_word' id='word_1_249' title='bbox 1887 3708 1933 3761; x_wconf 92' lang='lat' dir='ltr'><strong>si</strong></span> <span class='ocrx_word' id='word_1_250' title='bbox 1963 3721 2065 3777; x_wconf 90' lang='lat' dir='ltr'><strong>qua</strong></span> <span class='ocrx_word' id='word_1_251' title='bbox 2115 3705 2247 3761; x_wconf 83' lang='lat' dir='ltr'><strong>tides</strong></span> 
     </span>
    </p>
   </div>
   <div class='ocr_carea' id='block_1_37' title="bbox 645 3801 2248 3878">
    <p class='ocr_par' dir='ltr' id='par_1_37' title="bbox 645 3801 2248 3878">
     <span class='ocr_line' id='line_1_37' title="bbox 645 3801 2248 3878; baseline -0.004 -18"><span class='ocrx_word' id='word_1_252' title='bbox 645 3816 791 3862; x_wconf 86' lang='lat' dir='ltr'><strong>esset</strong></span> <span class='ocrx_word' id='word_1_253' title='bbox 829 3805 1189 3878; x_wconf 87' lang='lat' dir='ltr'><strong>Sycophantis</strong></span> <span class='ocrx_word' id='word_1_254' title='bbox 1239 3805 1492 3876; x_wconf 87' lang='lat' dir='ltr'><strong>nuperis,</strong></span> <span class='ocrx_word' id='word_1_255' title='bbox 1542 3804 1701 3874; x_wconf 79' lang='lat' dir='ltr'><strong>longe</strong></span> <span class='ocrx_word' id='word_1_256' title='bbox 1750 3801 1944 3857; x_wconf 80' lang='lat' dir='ltr'><strong>fcedius</strong></span> <span class='ocrx_word' id='word_1_257' title='bbox 1990 3801 2248 3872; x_wconf 84' lang='lat' dir='ltr'><strong>Dionysio</strong></span> 
     </span>
    </p>
   </div>
   <div class='ocr_carea' id='block_1_38' title="bbox 645 3893 2246 3970">
    <p class='ocr_par' dir='ltr' id='par_1_38' title="bbox 645 3893 2246 3970">
     <span class='ocr_line' id='line_1_38' title="bbox 645 3893 2246 3970; baseline -0.003 -15"><span class='ocrx_word' id='word_1_258' title='bbox 645 3900 982 3970; x_wconf 84' lang='lat' dir='ltr'><strong>cespltasset.</strong></span> <span class='ocrx_word' id='word_1_259' title='bbox 1020 3917 1038 3950; x_wconf 76' lang='grc' dir='ltr'>ι</span> <span class='ocrx_word' id='word_1_260' title='bbox 1073 3899 1484 3969; x_wconf 80' lang='lat' dir='ltr'><strong>Pepuzenorum</strong></span> <span class='ocrx_word' id='word_1_261' title='bbox 1529 3897 1834 3965; x_wconf 70' lang='lat' dir='ltr'><strong>Baptismus</strong></span> <span class='ocrx_word' id='word_1_262' title='bbox 1863 3893 2065 3948; x_wconf 86' lang='lat' dir='ltr'><strong>nullam</strong></span> <span class='ocrx_word' id='word_1_263' title='bbox 2116 3894 2246 3950; x_wconf 86' lang='lat' dir='ltr'><strong>mihi</strong></span> 
     </span>
    </p>
   </div>
   <div class='ocr_carea' id='block_1_39' title="bbox 647 3986 2247 4057">
    <p class='ocr_par' dir='ltr' id='par_1_39' title="bbox 647 3986 2247 4057">
     <span class='ocr_line' id='line_1_39' title="bbox 647 3986 2247 4057; baseline -0.004 -10"><span class='ocrx_word' id='word_1_264' title='bbox 647 3993 849 4049; x_wconf 89' lang='lat' dir='ltr'><strong>habere</strong></span> <span class='ocrx_word' id='word_1_265' title='bbox 887 3992 1152 4047; x_wconf 85' lang='lat' dir='ltr'><strong>rationem</strong></span> <span class='ocrx_word' id='word_1_266' title='bbox 1183 3991 1416 4057; x_wconf 87' lang='lat' dir='ltr'><strong>videtur,</strong></span> <span class='ocrx_word' id='word_1_267' title='bbox 1452 4001 1505 4043; x_wconf 90' lang='lat' dir='ltr'><strong>et</strong></span> <span class='ocrx_word' id='word_1_268' title='bbox 1535 3990 1762 4044; x_wconf 85' lang='lat' dir='ltr'><strong>miratus</strong></span> <span class='ocrx_word' id='word_1_269' title='bbox 1806 4002 1925 4043; x_wconf 89' lang='lat' dir='ltr'><strong>sum</strong></span> <span class='ocrx_word' id='word_1_270' title='bbox 1973 3986 2247 4057; x_wconf 89' lang='lat' dir='ltr'><strong>quomodo</strong></span> 
     </span>
    </p>
   </div>
   <div class='ocr_carea' id='block_1_40' title="bbox 644 4081 2246 4156">
    <p class='ocr_par' dir='ltr' id='par_1_40' title="bbox 644 4081 2246 4156">
     <span class='ocr_line' id='line_1_40' title="bbox 644 4081 2246 4156; baseline -0.002 -18"><span class='ocrx_word' id='word_1_271' title='bbox 644 4084 750 4141; x_wconf 86' lang='lat' dir='ltr'><strong>hoc</strong></span> <span class='ocrx_word' id='word_1_272' title='bbox 796 4100 1049 4156; x_wconf 71' lang='lat' dir='ltr'><strong>magnum</strong></span> <span class='ocrx_word' id='word_1_273' title='bbox 1106 4083 1419 4156; x_wconf 86' lang='lat' dir='ltr'><strong>Dionysium</strong></span> <span class='ocrx_word' id='word_1_274' title='bbox 1465 4083 1558 4153; x_wconf 87' lang='lat' dir='ltr'><strong>qni</strong></span> <span class='ocrx_word' id='word_1_275' title='bbox 1615 4081 1718 4137; x_wconf 81' lang='lat' dir='ltr'><strong>fuit</strong></span> <span class='ocrx_word' id='word_1_276' title='bbox 1766 4081 2061 4138; x_wconf 80' lang='lat' dir='ltr'><strong>canonicos</strong></span> <span class='ocrx_word' id='word_1_277' title='bbox 2109 4096 2246 4148; x_wconf 68' lang='lat' dir='ltr'><strong>prie-</strong></span> 
     </span>
    </p>
   </div>
   <div class='ocr_carea' id='block_1_41' title="bbox 642 4175 2243 4247">
    <p class='ocr_par' dir='ltr' id='par_1_41' title="bbox 642 4175 2243 4247">
     <span class='ocr_line' id='line_1_41' title="bbox 642 4175 2243 4247; baseline -0.004 -12"><span class='ocrx_word' id='word_1_278' title='bbox 642 4180 811 4235; x_wconf 89' lang='lat' dir='ltr'><strong>teriit.</strong></span> <span class='ocrx_word' id='word_1_279' title='bbox 849 4199 867 4232; x_wconf 75' lang='grc' dir='ltr'><strong><em>ι</em></strong></span> <span class='ocrx_word' id='word_1_280' title='bbox 906 4179 976 4233; x_wconf 85' lang='grc' dir='ltr'><strong>Ει</strong></span> <span class='ocrx_word' id='word_1_281' title='bbox 1004 4178 1179 4233; x_wconf 79' lang='lat' dir='ltr'><strong>infra:</strong></span> <span class='ocrx_word' id='word_1_282' title='bbox 1221 4196 1240 4231; x_wconf 70' lang='grc' dir='ltr'><strong><em>ι</em></strong></span> <span class='ocrx_word' id='word_1_283' title='bbox 1267 4177 1537 4247; x_wconf 86' lang='lat' dir='ltr'><strong>Pepuzeni</strong></span> <span class='ocrx_word' id='word_1_284' title='bbox 1595 4177 1650 4231; x_wconf 89' lang='lat' dir='ltr'><strong>in</strong></span> <span class='ocrx_word' id='word_1_285' title='bbox 1696 4186 1939 4231; x_wconf 84' lang='lat' dir='ltr'><strong>sanctum</strong></span> <span class='ocrx_word' id='word_1_286' title='bbox 1985 4175 2243 4244; x_wconf 86' lang='lat' dir='ltr'><strong>Spiritum</strong></span> 
     </span>
    </p>
   </div>
   <div class='ocr_carea' id='block_1_42' title="bbox 645 4268 2244 4343">
    <p class='ocr_par' dir='ltr' id='par_1_42' title="bbox 645 4268 2244 4343">
     <span class='ocr_line' id='line_1_42' title="bbox 645 4268 2244 4343; baseline -0.004 -16"><span class='ocrx_word' id='word_1_287' title='bbox 645 4271 1117 4343; x_wconf 87' lang='lat' dir='ltr'><strong>blasphemarunt,</strong></span> <span class='ocrx_word' id='word_1_288' title='bbox 1169 4271 1421 4326; x_wconf 83' lang='lat' dir='ltr'><strong>Montano</strong></span> <span class='ocrx_word' id='word_1_289' title='bbox 1446 4281 1501 4326; x_wconf 88' lang='lat' dir='ltr'><strong>et</strong></span> <span class='ocrx_word' id='word_1_290' title='bbox 1529 4269 1794 4325; x_wconf 77' lang='lat' dir='ltr'><strong>Priscilla)</strong></span> <span class='ocrx_word' id='word_1_291' title='bbox 1842 4268 2097 4323; x_wconf 86' lang='lat' dir='ltr'><strong>Pnracliti</strong></span> <span class='ocrx_word' id='word_1_292' title='bbox 2144 4283 2244 4338; x_wconf 84' lang='lat' dir='ltr'><strong>ap-</strong></span> 
     </span>
    </p>
   </div>
   <div class='ocr_carea' id='block_1_43' title="bbox 644 4363 2329 4435">
    <p class='ocr_par' dir='ltr' id='par_1_43' title="bbox 644 4363 2329 4435">
     <span class='ocr_line' id='line_1_43' title="bbox 644 4363 2329 4435; baseline -0.003 -15"><span class='ocrx_word' id='word_1_293' title='bbox 644 4365 989 4435; x_wconf 90' lang='lat' dir='ltr'><strong>pellationem</strong></span> <span class='ocrx_word' id='word_1_294' title='bbox 1018 4364 1225 4421; x_wconf 80' lang='lat' dir='ltr'><strong>nefarie</strong></span> <span class='ocrx_word' id='word_1_295' title='bbox 1253 4363 1572 4418; x_wconf 83' lang='lat' dir='ltr'><strong>tribuentes.</strong></span> <span class='ocrx_word' id='word_1_296' title='bbox 1607 4363 1779 4431; x_wconf 82' lang='lat' dir='ltr'><strong>Quam</strong></span> <span class='ocrx_word' id='word_1_297' title='bbox 1808 4376 1937 4432; x_wconf 75' lang='lat' dir='ltr'><strong>ergo</strong></span> <span class='ocrx_word' id='word_1_298' title='bbox 1979 4363 2241 4415; x_wconf 87' lang='lat' dir='ltr'><strong>rationem</strong></span> <span class='ocrx_word' id='word_1_299' title='bbox 2326 4418 2329 4421; x_wconf 23' lang='grc' dir='ltr'>μ</span> 
     </span>
    </p>
   </div>
   <div class='ocr_carea' id='block_1_44' title="bbox 643 4455 2242 4527">
    <p class='ocr_par' dir='ltr' id='par_1_44' title="bbox 643 4455 2242 4527">
     <span class='ocr_line' id='line_1_44' title="bbox 643 4455 2242 4527; baseline -0.002 -14"><span class='ocrx_word' id='word_1_300' title='bbox 643 4458 808 4515; x_wconf 85' lang='lat' dir='ltr'><strong>habet</strong></span> <span class='ocrx_word' id='word_1_301' title='bbox 859 4474 1042 4515; x_wconf 83' lang='lat' dir='ltr'><strong>verum</strong></span> <span class='ocrx_word' id='word_1_302' title='bbox 1109 4474 1296 4514; x_wconf 88' lang='lat' dir='ltr'><strong>eorum</strong></span> <span class='ocrx_word' id='word_1_303' title='bbox 1352 4457 1627 4527; x_wconf 81' lang='lat' dir='ltr'><strong>Baptisma</strong></span> <span class='ocrx_word' id='word_1_304' title='bbox 1695 4456 1960 4525; x_wconf 75' lang='lat' dir='ltr'><strong>iudicari,</strong></span> <span class='ocrx_word' id='word_1_305' title='bbox 2024 4456 2114 4526; x_wconf 90' lang='lat' dir='ltr'><strong>qui</strong></span> <span class='ocrx_word' id='word_1_306' title='bbox 2188 4455 2242 4511; x_wconf 89' lang='lat' dir='ltr'><strong>in</strong></span> 
     </span>
    </p>
   </div>
   <div class='ocr_carea' id='block_1_45' title="bbox 641 4550 2322 4631">
    <p class='ocr_par' dir='ltr' id='par_1_45' title="bbox 641 4550 2322 4631">
     <span class='ocr_line' id='line_1_45' title="bbox 641 4550 2322 4631; baseline -0.002 -23"><span class='ocrx_word' id='word_1_307' title='bbox 641 4552 879 4622; x_wconf 86' lang='lat' dir='ltr'><strong>Patrem,</strong></span> <span class='ocrx_word' id='word_1_308' title='bbox 930 4564 986 4608; x_wconf 93' lang='lat' dir='ltr'><strong>et</strong></span> <span class='ocrx_word' id='word_1_309' title='bbox 1034 4550 1265 4619; x_wconf 86' lang='lat' dir='ltr'><strong>Filium,</strong></span> <span class='ocrx_word' id='word_1_310' title='bbox 1317 4563 1372 4607; x_wconf 90' lang='lat' dir='ltr'><strong>et</strong></span> <span class='ocrx_word' id='word_1_311' title='bbox 1419 4551 1771 4615; x_wconf 82' lang='lat' dir='ltr'><strong>Montanum,</strong></span> <span class='ocrx_word' id='word_1_312' title='bbox 1835 4551 2322 4631; x_wconf 63' lang='lat' dir='ltr'><strong>Priscillamquen</strong></span> 
     </span>
    </p>
   </div>
   <div class='ocr_carea' id='block_1_46' title="bbox 642 4644 2241 4717">
    <p class='ocr_par' dir='ltr' id='par_1_46' title="bbox 642 4644 2241 4717">
     <span class='ocr_line' id='line_1_46' title="bbox 642 4644 2241 4717; baseline -0.002 -15"><span class='ocrx_word' id='word_1_313' title='bbox 642 4648 953 4716; x_wconf 83' lang='lat' dir='ltr'><strong>bnptizant?</strong></span> <span class='ocrx_word' id='word_1_314' title='bbox 980 4646 1096 4701; x_wconf 87' lang='lat' dir='ltr'><strong>Non</strong></span> <span class='ocrx_word' id='word_1_315' title='bbox 1124 4648 1270 4707; x_wconf 86' lang='lat' dir='ltr'><strong>enim</strong></span> <span class='ocrx_word' id='word_1_316' title='bbox 1294 4646 1546 4717; x_wconf 65' lang='lat' dir='ltr'><strong>baptizatl</strong></span> <span class='ocrx_word' id='word_1_317' title='bbox 1574 4654 1721 4711; x_wconf 88' lang='lat' dir='ltr'><strong>sunt,</strong></span> <span class='ocrx_word' id='word_1_318' title='bbox 1752 4646 1842 4715; x_wconf 88' lang='lat' dir='ltr'><strong>qtti</strong></span> <span class='ocrx_word' id='word_1_319' title='bbox 1870 4660 1978 4699; x_wconf 92' lang='lat' dir='ltr'><strong>non</strong></span> <span class='ocrx_word' id='word_1_320' title='bbox 2009 4645 2061 4699; x_wconf 85' lang='lat' dir='ltr'><strong>in</strong></span> <span class='ocrx_word' id='word_1_321' title='bbox 2086 4644 2241 4699; x_wconf 89' lang='lat' dir='ltr'><strong>nobis</strong></span> 
     </span>
    </p>
   </div>
   <div class='ocr_carea' id='block_1_47' title="bbox 642 4738 2237 4815">
    <p class='ocr_par' dir='ltr' id='par_1_47' title="bbox 642 4738 2237 4815">
     <span class='ocr_line' id='line_1_47' title="bbox 642 4738 2237 4815; baseline -0.009 -12"><span class='ocrx_word' id='word_1_322' title='bbox 642 4740 834 4815; x_wconf 77' lang='lat' dir='ltr'><strong>tradita</strong></span> <span class='ocrx_word' id='word_1_323' title='bbox 900 4740 1155 4810; x_wconf 70' lang='lat' dir='ltr'><strong>baptiaati</strong></span> <span class='ocrx_word' id='word_1_324' title='bbox 1219 4750 1364 4796; x_wconf 88' lang='lat' dir='ltr'><strong>sunt.</strong></span> <span class='ocrx_word' id='word_1_325' title='bbox 1432 4740 1610 4807; x_wconf 80' lang='lat' dir='ltr'><strong>Quare</strong></span> <span class='ocrx_word' id='word_1_326' title='bbox 1670 4741 1773 4797; x_wconf 85' lang='lat' dir='ltr'><strong>etsi</strong></span> <span class='ocrx_word' id='word_1_327' title='bbox 1828 4738 1932 4795; x_wconf 86' lang='lat' dir='ltr'><strong>hoc</strong></span> <span class='ocrx_word' id='word_1_328' title='bbox 1988 4753 2237 4808; x_wconf 69' lang='lat' dir='ltr'><strong>magnum</strong></span> 
     </span>
    </p>
   </div>
   <div class='ocr_carea' id='block_1_48' title="bbox 641 4830 2240 4903">
    <p class='ocr_par' dir='ltr' id='par_1_48' title="bbox 641 4830 2240 4903">
     <span class='ocr_line' id='line_1_48' title="bbox 641 4830 2240 4903; baseline 0.002 -15"><span class='ocrx_word' id='word_1_329' title='bbox 641 4833 953 4903; x_wconf 83' lang='lat' dir='ltr'><strong>Dionysium</strong></span> <span class='ocrx_word' id='word_1_330' title='bbox 1004 4833 1187 4899; x_wconf 86' lang='lat' dir='ltr'><strong>latuit,</strong></span> <span class='ocrx_word' id='word_1_331' title='bbox 1253 4833 1409 4889; x_wconf 86' lang='lat' dir='ltr'><strong>nobis</strong></span> <span class='ocrx_word' id='word_1_332' title='bbox 1460 4843 1638 4887; x_wconf 87' lang='lat' dir='ltr'><strong>tamen</strong></span> <span class='ocrx_word' id='word_1_333' title='bbox 1686 4846 1792 4887; x_wconf 91' lang='lat' dir='ltr'><strong>non</strong></span> <span class='ocrx_word' id='word_1_334' title='bbox 1845 4838 1930 4889; x_wconf 87' lang='lat' dir='ltr'><strong>est</strong></span> <span class='ocrx_word' id='word_1_335' title='bbox 1978 4830 2240 4893; x_wconf 80' lang='lat' dir='ltr'><strong>servanda</strong></span> 
     </span>
    </p>
   </div>
   <div class='ocr_carea' id='block_1_49' title="bbox 637 4923 2238 4994">
    <p class='ocr_par' dir='ltr' id='par_1_49' title="bbox 637 4923 2238 4994">
     <span class='ocr_line' id='line_1_49' title="bbox 637 4923 2238 4994; baseline -0.004 -11"><span class='ocrx_word' id='word_1_336' title='bbox 637 4927 840 4987; x_wconf 87' lang='lat' dir='ltr'><strong>erroris</strong></span> <span class='ocrx_word' id='word_1_337' title='bbox 869 4926 1114 4987; x_wconf 86' lang='lat' dir='ltr'><strong>imitatio.</strong></span> <span class='ocrx_word' id='word_1_338' title='bbox 1156 4944 1175 4977; x_wconf 74' lang='grc' dir='ltr'><strong><em>ι</em></strong></span> <span class='ocrx_word' id='word_1_339' title='bbox 1207 4924 1310 4982; x_wconf 90' lang='lat' dir='ltr'><strong>Ubi</strong></span> <span class='ocrx_word' id='word_1_340' title='bbox 1357 4925 1513 4981; x_wconf 77' lang='lat' dir='ltr'><strong>facile</strong></span> <span class='ocrx_word' id='word_1_341' title='bbox 1546 4923 1762 4983; x_wconf 82' lang='lat' dir='ltr'><strong>subolet</strong></span> <span class='ocrx_word' id='word_1_342' title='bbox 1811 4937 1918 4994; x_wconf 88' lang='lat' dir='ltr'><strong>quo</strong></span> <span class='ocrx_word' id='word_1_343' title='bbox 1975 4939 2081 4981; x_wconf 89' lang='lat' dir='ltr'><strong>non</strong></span> <span class='ocrx_word' id='word_1_344' title='bbox 2129 4933 2238 4979; x_wconf 88' lang='lat' dir='ltr'><strong>tam</strong></span> 
     </span>
    </p>
   </div>
   <div class='ocr_carea' id='block_1_50' title="bbox 638 5014 2243 5092">
    <p class='ocr_par' dir='ltr' id='par_1_50' title="bbox 638 5014 2243 5092">
     <span class='ocr_line' id='line_1_50' title="bbox 638 5014 2243 5092; baseline -0.002 -13"><span class='ocrx_word' id='word_1_345' title='bbox 638 5020 923 5092; x_wconf 84' lang='lat' dir='ltr'><strong>Dionysius</strong></span> <span class='ocrx_word' id='word_1_346' title='bbox 949 5035 1110 5091; x_wconf 88' lang='lat' dir='ltr'><strong>quam</strong></span> <span class='ocrx_word' id='word_1_347' title='bbox 1140 5017 1367 5077; x_wconf 86' lang='lat' dir='ltr'><strong>Basilius</strong></span> <span class='ocrx_word' id='word_1_348' title='bbox 1402 5018 1614 5075; x_wconf 86' lang='lat' dir='ltr'><strong>laboret</strong></span> <span class='ocrx_word' id='word_1_349' title='bbox 1644 5032 1852 5073; x_wconf 90' lang='lat' dir='ltr'><strong>errore.</strong></span> <span class='ocrx_word' id='word_1_350' title='bbox 1884 5014 2015 5079; x_wconf 82' lang='lat' dir='ltr'><strong>Nam</strong></span> <span class='ocrx_word' id='word_1_351' title='bbox 2048 5017 2243 5091; x_wconf 75' lang='lat' dir='ltr'><strong>tidem,</strong></span> 
     </span>
    </p>
   </div>
   <div class='ocr_carea' id='block_1_51' title="bbox 637 5111 2243 5184">
    <p class='ocr_par' dir='ltr' id='par_1_51' title="bbox 637 5111 2243 5184">
     <span class='ocr_line' id='line_1_51' title="bbox 637 5111 2243 5184; baseline 0 -15"><span class='ocrx_word' id='word_1_352' title='bbox 637 5130 745 5171; x_wconf 88' lang='lat' dir='ltr'><strong>non</strong></span> <span class='ocrx_word' id='word_1_353' title='bbox 775 5115 939 5171; x_wconf 87' lang='lat' dir='ltr'><strong>verba</strong></span> <span class='ocrx_word' id='word_1_354' title='bbox 981 5111 1238 5182; x_wconf 79' lang='lat' dir='ltr'><strong>Baptismi</strong></span> <span class='ocrx_word' id='word_1_355' title='bbox 1286 5112 1749 5184; x_wconf 78' lang='lat' dir='ltr'><strong>iuterpolaverant</strong></span> <span class='ocrx_word' id='word_1_356' title='bbox 1789 5111 2094 5182; x_wconf 85' lang='lat' dir='ltr'><strong>Pepuzeni,</strong></span> <span class='ocrx_word' id='word_1_357' title='bbox 2143 5127 2243 5169; x_wconf 82' lang='lat' dir='ltr'><strong>nee</strong></span> 
     </span>
    </p>
   </div>
   <div class='ocr_carea' id='block_1_52' title="bbox 637 5205 2239 5276">
    <p class='ocr_par' dir='ltr' id='par_1_52' title="bbox 637 5205 2239 5276">
     <span class='ocr_line' id='line_1_52' title="bbox 637 5205 2239 5276; baseline -0.003 -11"><span class='ocrx_word' id='word_1_358' title='bbox 637 5212 691 5269; x_wconf 90' lang='lat' dir='ltr'><strong>in</strong></span> <span class='ocrx_word' id='word_1_359' title='bbox 721 5208 958 5267; x_wconf 83' lang='lat' dir='ltr'><strong>Montani</strong></span> <span class='ocrx_word' id='word_1_360' title='bbox 1006 5216 1062 5263; x_wconf 90' lang='lat' dir='ltr'><strong>et</strong></span> <span class='ocrx_word' id='word_1_361' title='bbox 1101 5205 1359 5262; x_wconf 61' lang='lat' dir='ltr'><strong>Priscillae</strong></span> <span class='ocrx_word' id='word_1_362' title='bbox 1412 5206 1649 5273; x_wconf 84' lang='lat' dir='ltr'><strong>nomina,</strong></span> <span class='ocrx_word' id='word_1_363' title='bbox 1680 5205 1775 5261; x_wconf 86' lang='lat' dir='ltr'><strong>sed</strong></span> <span class='ocrx_word' id='word_1_364' title='bbox 1803 5205 1855 5260; x_wconf 88' lang='lat' dir='ltr'><strong>in</strong></span> <span class='ocrx_word' id='word_1_365' title='bbox 1889 5220 2084 5265; x_wconf 83' lang='lat' dir='ltr'><strong>nomen</strong></span> <span class='ocrx_word' id='word_1_366' title='bbox 2114 5206 2239 5276; x_wconf 84' lang='lat' dir='ltr'><strong>Spi-</strong></span> 
     </span>
    </p>
   </div>
   <div class='ocr_carea' id='block_1_53' title="bbox 634 5299 2242 5372">
    <p class='ocr_par' dir='ltr' id='par_1_53' title="bbox 634 5299 2242 5372">
     <span class='ocr_line' id='line_1_53' title="bbox 634 5299 2242 5372; baseline -0.001 -13"><span class='ocrx_word' id='word_1_367' title='bbox 634 5303 773 5363; x_wconf 85' lang='lat' dir='ltr'><strong>ritus</strong></span> <span class='ocrx_word' id='word_1_368' title='bbox 831 5301 1002 5361; x_wconf 84' lang='lat' dir='ltr'><strong>sancti</strong></span> <span class='ocrx_word' id='word_1_369' title='bbox 1053 5301 1419 5372; x_wconf 79' lang='lat' dir='ltr'><strong>baptizabant,</strong></span> <span class='ocrx_word' id='word_1_370' title='bbox 1483 5316 1591 5371; x_wconf 90' lang='lat' dir='ltr'><strong>quo</strong></span> <span class='ocrx_word' id='word_1_371' title='bbox 1653 5315 1775 5359; x_wconf 89' lang='lat' dir='ltr'><strong>cum</strong></span> <span class='ocrx_word' id='word_1_372' title='bbox 1817 5299 2126 5363; x_wconf 74' lang='lat' dir='ltr'><strong>Montanum</strong></span> <span class='ocrx_word' id='word_1_373' title='bbox 2186 5312 2242 5365; x_wconf 87' lang='lat' dir='ltr'><strong>et</strong></span> 
     </span>
    </p>
   </div>
   <div class='ocr_carea' id='block_1_54' title="bbox 634 5393 2242 5467">
    <p class='ocr_par' dir='ltr' id='par_1_54' title="bbox 634 5393 2242 5467">
     <span class='ocr_line' id='line_1_54' title="bbox 634 5393 2242 5467; baseline -0.005 -10"><span class='ocrx_word' id='word_1_374' title='bbox 634 5397 938 5461; x_wconf 88' lang='lat' dir='ltr'><strong>Priscillam</strong></span> <span class='ocrx_word' id='word_1_375' title='bbox 966 5396 1348 5467; x_wconf 77' lang='lat' dir='ltr'><strong>intelligerent,</strong></span> <span class='ocrx_word' id='word_1_376' title='bbox 1394 5396 1447 5453; x_wconf 90' lang='lat' dir='ltr'><strong>in</strong></span> <span class='ocrx_word' id='word_1_377' title='bbox 1477 5394 1717 5453; x_wconf 80' lang='lat' dir='ltr'><strong>Montani</strong></span> <span class='ocrx_word' id='word_1_378' title='bbox 1750 5401 1805 5453; x_wconf 76' lang='lat' dir='ltr'><strong>et</strong></span> <span class='ocrx_word' id='word_1_379' title='bbox 1837 5393 2096 5457; x_wconf 72' lang='lat' dir='ltr'><strong>Priscilla:</strong></span> <span class='ocrx_word' id='word_1_380' title='bbox 2146 5411 2242 5455; x_wconf 66' lang='grc' dir='ltr'><strong>[ιοη</strong></span> 
     </span>
    </p>
   </div>
   <div class='ocr_carea' id='block_1_55' title="bbox 632 5490 2242 5562">
    <p class='ocr_par' dir='ltr' id='par_1_55' title="bbox 632 5490 2242 5562">
     <span class='ocr_line' id='line_1_55' title="bbox 632 5490 2242 5562; baseline 0 -15"><span class='ocrx_word' id='word_1_381' title='bbox 632 5508 761 5549; x_wconf 87' lang='lat' dir='ltr'><strong>men</strong></span> <span class='ocrx_word' id='word_1_382' title='bbox 781 5506 876 5546; x_wconf 87' lang='lat' dir='ltr'><strong>eos</strong></span> <span class='ocrx_word' id='word_1_383' title='bbox 900 5491 1122 5549; x_wconf 78' lang='lat' dir='ltr'><strong>tinxisse</strong></span> <span class='ocrx_word' id='word_1_384' title='bbox 1152 5504 1339 5562; x_wconf 85' lang='lat' dir='ltr'><strong>parum</strong></span> <span class='ocrx_word' id='word_1_385' title='bbox 1363 5492 1685 5551; x_wconf 85' lang='lat' dir='ltr'><strong>commodus</strong></span> <span class='ocrx_word' id='word_1_386' title='bbox 1714 5490 1984 5560; x_wconf 80' lang='lat' dir='ltr'><strong>interpres</strong></span> <span class='ocrx_word' id='word_1_387' title='bbox 2012 5490 2242 5553; x_wconf 80' lang='lat' dir='ltr'><strong>Basilius</strong></span> 
     </span>
    </p>
   </div>
   <div class='ocr_carea' id='block_1_56' title="bbox 631 5583 2239 5661">
    <p class='ocr_par' dir='ltr' id='par_1_56' title="bbox 631 5583 2239 5661">
     <span class='ocr_line' id='line_1_56' title="bbox 631 5583 2239 5661; baseline 0 -20"><span class='ocrx_word' id='word_1_388' title='bbox 631 5596 1067 5645; x_wconf 83' lang='lat' dir='ltr'><strong>commentatur:</strong></span> <span class='ocrx_word' id='word_1_389' title='bbox 1103 5597 1336 5644; x_wconf 85' lang='lat' dir='ltr'><strong>mentem</strong></span> <span class='ocrx_word' id='word_1_390' title='bbox 1388 5598 1578 5644; x_wconf 88' lang='lat' dir='ltr'><strong>eorum</strong></span> <span class='ocrx_word' id='word_1_391' title='bbox 1628 5583 1813 5661; x_wconf 85' lang='lat' dir='ltr'><strong>potius</strong></span> <span class='ocrx_word' id='word_1_392' title='bbox 1861 5600 2025 5656; x_wconf 86' lang='lat' dir='ltr'><strong>quam</strong></span> <span class='ocrx_word' id='word_1_393' title='bbox 2075 5585 2239 5643; x_wconf 82' lang='lat' dir='ltr'><strong>verba</strong></span> 
     </span>
    </p>
   </div>
   <div class='ocr_carea' id='block_1_57' title="bbox 629 5677 2240 5757">
    <p class='ocr_par' dir='ltr' id='par_1_57' title="bbox 629 5677 2240 5757">
     <span class='ocr_line' id='line_1_57' title="bbox 629 5677 2240 5757; baseline 0.008 -27"><span class='ocrx_word' id='word_1_394' title='bbox 629 5677 927 5746; x_wconf 78' lang='lat' dir='ltr'><strong>pensitans.</strong></span> <span class='ocrx_word' id='word_1_395' title='bbox 984 5681 1107 5738; x_wconf 87' lang='lat' dir='ltr'><strong>Ideo</strong></span> <span class='ocrx_word' id='word_1_396' title='bbox 1163 5698 1290 5754; x_wconf 77' lang='lat' dir='ltr'><strong>ergo</strong></span> <span class='ocrx_word' id='word_1_397' title='bbox 1348 5693 1444 5733; x_wconf 83' lang='lat' dir='ltr'><strong>nec</strong></span> <span class='ocrx_word' id='word_1_398' title='bbox 1501 5694 1530 5738; x_wconf 84' lang='lat' dir='ltr'><strong>a</strong></span> <span class='ocrx_word' id='word_1_399' title='bbox 1582 5680 1854 5757; x_wconf 60' lang='lat' dir='ltr'><strong>Romanis</strong></span> <span class='ocrx_word' id='word_1_400' title='bbox 1898 5679 2240 5743; x_wconf 75' lang='lat' dir='ltr'><strong>Montanistte</strong></span> 
     </span>
    </p>
   </div>
   <div class='ocr_carea' id='block_1_58' title="bbox 626 5766 1114 5834">
    <p class='ocr_par' dir='ltr' id='par_1_58' title="bbox 626 5766 1114 5834">
     <span class='ocr_line' id='line_1_58' title="bbox 626 5766 1114 5834; baseline 0 -13"><span class='ocrx_word' id='word_1_401' title='bbox 626 5766 1114 5834; x_wconf 82' lang='lat' dir='ltr'><strong>rebaptizabantur.</strong></span> 
     </span>
    </p>
   </div>
   <div class='ocr_carea' id='block_1_59' title="bbox 1825 226 2732 305">
    <p class='ocr_par' dir='ltr' id='par_1_59' title="bbox 1825 226 2732 305">
     <span class='ocr_line' id='line_1_59' title="bbox 1825 226 2732 305; baseline 0.008 -14"><span class='ocrx_word' id='word_1_402' title='bbox 1825 226 2237 303; x_wconf 70' lang='lat' dir='ltr'><strong>THOMASSINI</strong></span> <span class='ocrx_word' id='word_1_403' title='bbox 2275 226 2732 305; x_wconf 70' lang='lat' dir='ltr'><strong>DISSERTATIO</strong></span> 
     </span>
    </p>
   </div>
   <div class='ocr_carea' id='block_1_60' title="bbox 641 346 2324 423">
    <p class='ocr_par' dir='ltr' id='par_1_60' title="bbox 641 346 2324 423">
     <span class='ocr_line' id='line_1_60' title="bbox 641 346 2324 423; baseline 0.001 -15"><span class='ocrx_word' id='word_1_404' title='bbox 641 352 845 409; x_wconf 84' lang='lat' dir='ltr'><strong>retices</strong></span> <span class='ocrx_word' id='word_1_405' title='bbox 874 346 1172 423; x_wconf 57' lang='lat' dir='ltr'><strong>suscepit,”</strong></span> <span class='ocrx_word' id='word_1_406' title='bbox 1194 351 1438 422; x_wconf 78' lang='lat' dir='ltr'><strong>exceptis</strong></span> <span class='ocrx_word' id='word_1_407' title='bbox 1489 350 1640 417; x_wconf 75' lang='lat' dir='ltr'><strong>Pauli</strong></span> <span class='ocrx_word' id='word_1_408' title='bbox 1680 351 2025 411; x_wconf 87' lang='lat' dir='ltr'><strong>Samosateni</strong></span> <span class='ocrx_word' id='word_1_409' title='bbox 2072 354 2235 412; x_wconf 89' lang='lat' dir='ltr'><strong>disci-</strong></span> <span class='ocrx_word' id='word_1_410' title='bbox 2266 354 2324 418; x_wconf 74' lang='grc' dir='ltr'><strong>Α</strong></span> 
     </span>
    </p>
   </div>
   <div class='ocr_carea' id='block_1_61' title="bbox 3808 240 3946 303">
    <p class='ocr_par' dir='ltr' id='par_1_61' title="bbox 3808 240 3946 303">
     <span class='ocr_line' id='line_1_61' title="bbox 3808 240 3946 303; baseline 0 0"><span class='ocrx_word' id='word_1_411' title='bbox 3808 240 3946 303; x_wconf 63' lang='grc'><strong>1228</strong></span> 
     </span>
    </p>
   </div>
   <div class='ocr_carea' id='block_1_62' title="bbox 2510 356 3786 424">
    <p class='ocr_par' dir='ltr' id='par_1_62' title="bbox 2510 356 3786 424">
     <span class='ocr_line' id='line_1_62' title="bbox 2510 356 3786 424; baseline 0.003 -11"><span class='ocrx_word' id='word_1_412' title='bbox 2510 356 2656 417; x_wconf 78' lang='lat' dir='ltr'><strong>XIX.</strong></span> <span class='ocrx_word' id='word_1_413' title='bbox 2698 371 2770 415; x_wconf 75' lang='lat' dir='ltr'><strong>sx</strong></span> <span class='ocrx_word' id='word_1_414' title='bbox 2801 369 2993 415; x_wconf 81' lang='lat' dir='ltr'><strong>suucto</strong></span> <span class='ocrx_word' id='word_1_415' title='bbox 3032 370 3381 424; x_wconf 70' lang='lat' dir='ltr'><strong>mnocan&#39;rto.</strong></span> <span class='ocrx_word' id='word_1_416' title='bbox 3416 371 3588 416; x_wconf 68' lang='lat' dir='ltr'><strong>Lion:</strong></span> <span class='ocrx_word' id='word_1_417' title='bbox 3614 374 3672 416; x_wconf 74' lang='grc' dir='ltr'><strong>ιι.</strong></span> <span class='ocrx_word' id='word_1_418' title='bbox 3701 375 3786 418; x_wconf 73' lang='lat' dir='ltr'><strong>rp.</strong></span> 
     </span>
    </p>
   </div>
   <div class='ocr_carea' id='block_1_63' title="bbox 2425 494 3950 569">
    <p class='ocr_par' dir='ltr' id='par_1_63' title="bbox 2425 494 3950 569">
     <span class='ocr_line' id='line_1_63' title="bbox 2425 494 3950 569; baseline 0.006 -20"><span class='ocrx_word' id='word_1_419' title='bbox 2425 494 2769 552; x_wconf 85' lang='lat' dir='ltr'><strong>Innocentius</strong></span> <span class='ocrx_word' id='word_1_420' title='bbox 2793 504 2973 551; x_wconf 89' lang='lat' dir='ltr'><strong>autem</strong></span> <span class='ocrx_word' id='word_1_421' title='bbox 2996 495 3197 567; x_wconf 89' lang='lat' dir='ltr'><strong>primus</strong></span> <span class='ocrx_word' id='word_1_422' title='bbox 3234 497 3395 569; x_wconf 90' lang='lat' dir='ltr'><strong>epist.</strong></span> <span class='ocrx_word' id='word_1_423' title='bbox 3426 496 3517 563; x_wconf 73' lang='lat'><strong>22,</strong></span> <span class='ocrx_word' id='word_1_424' title='bbox 3541 513 3592 554; x_wconf 93' lang='lat' dir='ltr'><strong>c.</strong></span> <span class='ocrx_word' id='word_1_425' title='bbox 3641 500 3696 569; x_wconf 74' lang='grc'><strong>4,</strong></span> <span class='ocrx_word' id='word_1_426' title='bbox 3722 500 3950 558; x_wconf 87' lang='lat' dir='ltr'><strong>distinc-</strong></span> 
     </span>
    </p>
   </div>
   <div class='ocr_carea' id='block_1_64' title="bbox 2355 590 3950 662">
    <p class='ocr_par' dir='ltr' id='par_1_64' title="bbox 2355 590 3950 662">
     <span class='ocr_line' id='line_1_64' title="bbox 2355 590 3950 662; baseline 0.006 -19"><span class='ocrx_word' id='word_1_427' title='bbox 2355 590 2560 644; x_wconf 90' lang='lat' dir='ltr'><strong>tionum</strong></span> <span class='ocrx_word' id='word_1_428' title='bbox 2603 590 2853 647; x_wconf 89' lang='lat' dir='ltr'><strong>similiter</strong></span> <span class='ocrx_word' id='word_1_429' title='bbox 2879 592 3197 662; x_wconf 90' lang='lat' dir='ltr'><strong>incuriosus,</strong></span> <span class='ocrx_word' id='word_1_430' title='bbox 3227 593 3346 649; x_wconf 89' lang='lat' dir='ltr'><strong>ait:</strong></span> <span class='ocrx_word' id='word_1_431' title='bbox 3384 613 3404 646; x_wconf 75' lang='grc' dir='ltr'>ι</span> <span class='ocrx_word' id='word_1_432' title='bbox 3442 593 3652 659; x_wconf 69' lang='lat' dir='ltr'><strong>Nostrae</strong></span> <span class='ocrx_word' id='word_1_433' title='bbox 3683 612 3811 653; x_wconf 85' lang='lat' dir='ltr'><strong>vero</strong></span> <span class='ocrx_word' id='word_1_434' title='bbox 3857 598 3950 653; x_wconf 78' lang='lat' dir='ltr'><strong>lex</strong></span> 
     </span>
    </p>
   </div>
   <div class='ocr_carea' id='block_1_65' title="bbox 2354 679 3954 760">
    <p class='ocr_par' dir='ltr' id='par_1_65' title="bbox 2354 679 3954 760">
     <span class='ocr_line' id='line_1_65' title="bbox 2354 679 3954 760; baseline 0.007 -25"><span class='ocrx_word' id='word_1_435' title='bbox 2354 691 2436 735; x_wconf 66' lang='lat' dir='ltr'><strong>est</strong></span> <span class='ocrx_word' id='word_1_436' title='bbox 2488 679 2744 738; x_wconf 73' lang='lat' dir='ltr'><strong>Ecclesia:</strong></span> <span class='ocrx_word' id='word_1_437' title='bbox 2787 685 3129 740; x_wconf 90' lang='lat' dir='ltr'><strong>venientibus</strong></span> <span class='ocrx_word' id='word_1_438' title='bbox 3167 685 3234 741; x_wconf 87' lang='lat' dir='ltr'><strong>ab</strong></span> <span class='ocrx_word' id='word_1_439' title='bbox 3284 686 3588 753; x_wconf 70' lang='lat' dir='ltr'><strong>haereticis,</strong></span> <span class='ocrx_word' id='word_1_440' title='bbox 3635 690 3724 760; x_wconf 91' lang='lat' dir='ltr'><strong>qui</strong></span> <span class='ocrx_word' id='word_1_441' title='bbox 3770 698 3954 746; x_wconf 84' lang='lat' dir='ltr'><strong>tamen</strong></span> 
     </span>
    </p>
   </div>
   <div class='ocr_carea' id='block_1_66' title="bbox 2355 774 3957 855">
    <p class='ocr_par' dir='ltr' id='par_1_66' title="bbox 2355 774 3957 855">
     <span class='ocr_line' id='line_1_66' title="bbox 2355 774 3957 855; baseline 0.01 -27"><span class='ocrx_word' id='word_1_442' title='bbox 2355 774 2465 830; x_wconf 90' lang='lat' dir='ltr'><strong>illic</strong></span> <span class='ocrx_word' id='word_1_443' title='bbox 2487 777 2739 846; x_wconf 87' lang='lat' dir='ltr'><strong>baptizati</strong></span> <span class='ocrx_word' id='word_1_444' title='bbox 2768 778 2896 845; x_wconf 90' lang='lat' dir='ltr'><strong>sint,</strong></span> <span class='ocrx_word' id='word_1_445' title='bbox 2926 794 3024 849; x_wconf 89' lang='lat' dir='ltr'><strong>per</strong></span> <span class='ocrx_word' id='word_1_446' title='bbox 3056 796 3248 836; x_wconf 86' lang='lat' dir='ltr'><strong>manus</strong></span> <span class='ocrx_word' id='word_1_447' title='bbox 3276 783 3706 855; x_wconf 88' lang='lat' dir='ltr'><strong>impositionem,</strong></span> <span class='ocrx_word' id='word_1_448' title='bbox 3754 785 3957 844; x_wconf 85' lang='lat' dir='ltr'><strong>laicatn</strong></span> 
     </span>
    </p>
   </div>
   <div class='ocr_carea' id='block_1_67' title="bbox 2356 870 3957 948">
    <p class='ocr_par' dir='ltr' id='par_1_67' title="bbox 2356 870 3957 948">
     <span class='ocr_line' id='line_1_67' title="bbox 2356 870 3957 948; baseline 0.008 -27"><span class='ocrx_word' id='word_1_449' title='bbox 2356 876 2561 924; x_wconf 91' lang='lat' dir='ltr'><strong>tantum</strong></span> <span class='ocrx_word' id='word_1_450' title='bbox 2624 870 2862 927; x_wconf 86' lang='lat' dir='ltr'><strong>tribuere</strong></span> <span class='ocrx_word' id='word_1_451' title='bbox 2912 874 3380 943; x_wconf 87' lang='lat' dir='ltr'><strong>communionem,</strong></span> <span class='ocrx_word' id='word_1_452' title='bbox 3445 887 3551 932; x_wconf 92' lang='lat' dir='ltr'><strong>etc.</strong></span> <span class='ocrx_word' id='word_1_453' title='bbox 3590 897 3609 930; x_wconf 73' lang='grc' dir='ltr'><strong><em>ι</em></strong></span> <span class='ocrx_word' id='word_1_454' title='bbox 3648 878 3777 934; x_wconf 83' lang='lat' dir='ltr'><strong>Dum</strong></span> <span class='ocrx_word' id='word_1_455' title='bbox 3835 881 3957 948; x_wconf 86' lang='lat' dir='ltr'><strong>ait,</strong></span> 
     </span>
    </p>
   </div>
   <div class='ocr_carea' id='block_1_68' title="bbox 2360 962 3959 1041">
    <p class='ocr_par' dir='ltr' id='par_1_68' title="bbox 2360 962 3959 1041">
     <span class='ocr_line' id='line_1_68' title="bbox 2360 962 3959 1041; baseline 0.009 -28"><span class='ocrx_word' id='word_1_456' title='bbox 2360 981 2378 1013; x_wconf 71' lang='grc' dir='ltr'>ι</span> <span class='ocrx_word' id='word_1_457' title='bbox 2414 962 2503 1033; x_wconf 87' lang='lat' dir='ltr'><strong>qtti</strong></span> <span class='ocrx_word' id='word_1_458' title='bbox 2527 972 2703 1019; x_wconf 90' lang='lat' dir='ltr'><strong>tamen</strong></span> <span class='ocrx_word' id='word_1_459' title='bbox 2737 964 2842 1020; x_wconf 91' lang='lat' dir='ltr'><strong>illic</strong></span> <span class='ocrx_word' id='word_1_460' title='bbox 2872 964 3125 1034; x_wconf 86' lang='lat' dir='ltr'><strong>baptizati</strong></span> <span class='ocrx_word' id='word_1_461' title='bbox 3156 977 3311 1035; x_wconf 90' lang='lat' dir='ltr'><strong>sunt,</strong></span> <span class='ocrx_word' id='word_1_462' title='bbox 3347 988 3365 1020; x_wconf 75' lang='grc' dir='ltr'><strong><em>ι</em></strong></span> <span class='ocrx_word' id='word_1_463' title='bbox 3397 984 3583 1025; x_wconf 83' lang='lat' dir='ltr'><strong>verum</strong></span> <span class='ocrx_word' id='word_1_464' title='bbox 3618 969 3959 1041; x_wconf 87' lang='lat' dir='ltr'><strong>Baptismum</strong></span> 
     </span>
    </p>
   </div>
   <div class='ocr_carea' id='block_1_69' title="bbox 2355 1054 3955 1135">
    <p class='ocr_par' dir='ltr' id='par_1_69' title="bbox 2355 1054 3955 1135">
     <span class='ocr_line' id='line_1_69' title="bbox 2355 1054 3955 1135; baseline 0.004 -23"><span class='ocrx_word' id='word_1_465' title='bbox 2355 1054 2406 1112; x_wconf 85' lang='lat' dir='ltr'><strong>et</strong></span> <span class='ocrx_word' id='word_1_466' title='bbox 2439 1072 2467 1110; x_wconf 93' lang='lat' dir='ltr'><strong>a</strong></span> <span class='ocrx_word' id='word_1_467' title='bbox 2508 1072 2568 1112; x_wconf 90' lang='lat' dir='ltr'><strong>se</strong></span> <span class='ocrx_word' id='word_1_468' title='bbox 2605 1068 2659 1113; x_wconf 87' lang='lat' dir='ltr'><strong>et</strong></span> <span class='ocrx_word' id='word_1_469' title='bbox 2701 1074 2730 1112; x_wconf 92' lang='lat' dir='ltr'><strong>a</strong></span> <span class='ocrx_word' id='word_1_470' title='bbox 2772 1059 3063 1130; x_wconf 76' lang='lat' dir='ltr'><strong>majoribus</strong></span> <span class='ocrx_word' id='word_1_471' title='bbox 3093 1060 3206 1117; x_wconf 89' lang='lat' dir='ltr'><strong>suis</strong></span> <span class='ocrx_word' id='word_1_472' title='bbox 3238 1061 3605 1119; x_wconf 90' lang='lat' dir='ltr'><strong>desideratum</strong></span> <span class='ocrx_word' id='word_1_473' title='bbox 3646 1063 3955 1135; x_wconf 72' lang='lat' dir='ltr'><strong>signiﬁcatf,</strong></span> 
     </span>
    </p>
   </div>
   <div class='ocr_carea' id='block_1_70' title="bbox 2356 1148 3961 1227">
    <p class='ocr_par' dir='ltr' id='par_1_70' title="bbox 2356 1148 3961 1227">
     <span class='ocr_line' id='line_1_70' title="bbox 2356 1148 3961 1227; baseline 0.006 -25"><span class='ocrx_word' id='word_1_474' title='bbox 2356 1148 2695 1220; x_wconf 83' lang='lat' dir='ltr'><strong>Evangelicis</strong></span> <span class='ocrx_word' id='word_1_475' title='bbox 2723 1151 2905 1207; x_wconf 85' lang='lat' dir='ltr'><strong>verbis</strong></span> <span class='ocrx_word' id='word_1_476' title='bbox 2930 1152 3237 1208; x_wconf 90' lang='lat' dir='ltr'><strong>dedicatum</strong></span> <span class='ocrx_word' id='word_1_477' title='bbox 3270 1172 3286 1207; x_wconf 88' lang='lat'><strong>:</strong></span> <span class='ocrx_word' id='word_1_478' title='bbox 3318 1154 3427 1209; x_wconf 87' lang='lat' dir='ltr'><strong>alio</strong></span> <span class='ocrx_word' id='word_1_479' title='bbox 3456 1157 3547 1227; x_wconf 87' lang='lat' dir='ltr'><strong>qui</strong></span> <span class='ocrx_word' id='word_1_480' title='bbox 3595 1171 3696 1212; x_wconf 92' lang='lat' dir='ltr'><strong>nec</strong></span> <span class='ocrx_word' id='word_1_481' title='bbox 3738 1156 3961 1226; x_wconf 87' lang='lat' dir='ltr'><strong>Baptis-</strong></span> 
     </span>
    </p>
   </div>
   <div class='ocr_carea' id='block_1_71' title="bbox 2356 1241 3962 1313">
    <p class='ocr_par' dir='ltr' id='par_1_71' title="bbox 2356 1241 3962 1313">
     <span class='ocr_line' id='line_1_71' title="bbox 2356 1241 3962 1313; baseline 0.005 -17"><span class='ocrx_word' id='word_1_482' title='bbox 2356 1257 2501 1296; x_wconf 88' lang='lat' dir='ltr'><strong>ntutn</strong></span> <span class='ocrx_word' id='word_1_483' title='bbox 2529 1241 2839 1299; x_wconf 85' lang='lat' dir='ltr'><strong>dicendum.</strong></span> <span class='ocrx_word' id='word_1_484' title='bbox 2894 1242 3048 1300; x_wconf 87' lang='lat' dir='ltr'><strong>Unde</strong></span> <span class='ocrx_word' id='word_1_485' title='bbox 3069 1259 3120 1300; x_wconf 92' lang='lat' dir='ltr'><strong>c.</strong></span> <span class='ocrx_word' id='word_1_486' title='bbox 3151 1246 3207 1313; x_wconf 76' lang='lat'><strong>5,</strong></span> <span class='ocrx_word' id='word_1_487' title='bbox 3237 1244 3468 1313; x_wconf 86' lang='lat' dir='ltr'><strong>ibidem,</strong></span> <span class='ocrx_word' id='word_1_488' title='bbox 3503 1250 3770 1305; x_wconf 89' lang='lat' dir='ltr'><strong>rationem</strong></span> <span class='ocrx_word' id='word_1_489' title='bbox 3798 1248 3962 1304; x_wconf 90' lang='lat' dir='ltr'><strong>inda-</strong></span> 
     </span>
    </p>
   </div>
   <div class='ocr_carea' id='block_1_72' title="bbox 2356 1335 3960 1411">
    <p class='ocr_par' dir='ltr' id='par_1_72' title="bbox 2356 1335 3960 1411">
     <span class='ocr_line' id='line_1_72' title="bbox 2356 1335 3960 1411; baseline 0.004 -22"><span class='ocrx_word' id='word_1_490' title='bbox 2356 1351 2488 1405; x_wconf 83' lang='lat' dir='ltr'><strong>gans</strong></span> <span class='ocrx_word' id='word_1_491' title='bbox 2516 1350 2612 1390; x_wconf 88' lang='lat' dir='ltr'><strong>cur</strong></span> <span class='ocrx_word' id='word_1_492' title='bbox 2655 1335 2871 1393; x_wconf 70' lang='lat' dir='ltr'><strong>Nicaana</strong></span> <span class='ocrx_word' id='word_1_493' title='bbox 2923 1337 3165 1410; x_wconf 89' lang='lat' dir='ltr'><strong>synodus</strong></span> <span class='ocrx_word' id='word_1_494' title='bbox 3190 1338 3506 1397; x_wconf 79' lang='lat' dir='ltr'><strong>Novatianis</strong></span> <span class='ocrx_word' id='word_1_495' title='bbox 3549 1349 3656 1397; x_wconf 84' lang='lat' dir='ltr'><strong>tam</strong></span> <span class='ocrx_word' id='word_1_496' title='bbox 3684 1341 3960 1411; x_wconf 83' lang='lat' dir='ltr'><strong>secunda,</strong></span> 
     </span>
    </p>
   </div>
   <div class='ocr_carea' id='block_1_73' title="bbox 2356 1430 3964 1503">
    <p class='ocr_par' dir='ltr' id='par_1_73' title="bbox 2356 1430 3964 1503">
     <span class='ocr_line' id='line_1_73' title="bbox 2356 1430 3964 1503; baseline 0.008 -19"><span class='ocrx_word' id='word_1_497' title='bbox 2356 1439 2464 1484; x_wconf 83' lang='lat' dir='ltr'><strong>tam</strong></span> <span class='ocrx_word' id='word_1_498' title='bbox 2508 1430 2732 1486; x_wconf 84' lang='lat' dir='ltr'><strong>adversa</strong></span> <span class='ocrx_word' id='word_1_499' title='bbox 2781 1442 2961 1488; x_wconf 89' lang='lat' dir='ltr'><strong>autem</strong></span> <span class='ocrx_word' id='word_1_500' title='bbox 3004 1433 3350 1490; x_wconf 85' lang='lat' dir='ltr'><strong>Paulianistis</strong></span> <span class='ocrx_word' id='word_1_501' title='bbox 3378 1435 3559 1503; x_wconf 83' lang='lat' dir='ltr'><strong>fuerit,</strong></span> <span class='ocrx_word' id='word_1_502' title='bbox 3606 1446 3667 1492; x_wconf 90' lang='lat' dir='ltr'><strong>ut</strong></span> <span class='ocrx_word' id='word_1_503' title='bbox 3694 1438 3816 1495; x_wconf 89' lang='lat' dir='ltr'><strong>illos</strong></span> <span class='ocrx_word' id='word_1_504' title='bbox 3858 1454 3964 1497; x_wconf 88' lang='lat' dir='ltr'><strong>nec</strong></span> 
     </span>
    </p>
   </div>
   <div class='ocr_carea' id='block_1_74' title="bbox 2355 1525 3963 1600">
    <p class='ocr_par' dir='ltr' id='par_1_74' title="bbox 2355 1525 3963 1600">
     <span class='ocr_line' id='line_1_74' title="bbox 2355 1525 3963 1600; baseline 0.004 -20"><span class='ocrx_word' id='word_1_505' title='bbox 2355 1540 2386 1580; x_wconf 90' lang='lat' dir='ltr'><strong>a</strong></span> <span class='ocrx_word' id='word_1_506' title='bbox 2435 1527 2583 1581; x_wconf 88' lang='lat' dir='ltr'><strong>clero</strong></span> <span class='ocrx_word' id='word_1_507' title='bbox 2622 1525 2943 1593; x_wconf 82' lang='lat' dir='ltr'><strong>ditnoverit,</strong></span> <span class='ocrx_word' id='word_1_508' title='bbox 3000 1525 3191 1583; x_wconf 89' lang='lat' dir='ltr'><strong>borum</strong></span> <span class='ocrx_word' id='word_1_509' title='bbox 3244 1529 3329 1584; x_wconf 88' lang='lat' dir='ltr'><strong>vel</strong></span> <span class='ocrx_word' id='word_1_510' title='bbox 3368 1529 3638 1599; x_wconf 86' lang='lat' dir='ltr'><strong>Baptisma</strong></span> <span class='ocrx_word' id='word_1_511' title='bbox 3696 1532 3963 1600; x_wconf 88' lang='lat' dir='ltr'><strong>irritarit;</strong></span> 
     </span>
    </p>
   </div>
   <div class='ocr_carea' id='block_1_75' title="bbox 2363 1617 3965 1685">
    <p class='ocr_par' dir='ltr' id='par_1_75' title="bbox 2363 1617 3965 1685">
     <span class='ocr_line' id='line_1_75' title="bbox 2363 1617 3965 1685; baseline 0.009 -16"><span class='ocrx_word' id='word_1_512' title='bbox 2363 1637 2381 1669; x_wconf 84' lang='lat' dir='ltr'><strong>t</strong></span> <span class='ocrx_word' id='word_1_513' title='bbox 2421 1617 2574 1685; x_wconf 83' lang='lat' dir='ltr'><strong>Quod</strong></span> <span class='ocrx_word' id='word_1_514' title='bbox 2598 1618 2799 1675; x_wconf 91' lang='lat' dir='ltr'><strong>idcirco</strong></span> <span class='ocrx_word' id='word_1_515' title='bbox 2819 1620 3129 1676; x_wconf 90' lang='lat' dir='ltr'><strong>distinctum</strong></span> <span class='ocrx_word' id='word_1_516' title='bbox 3149 1636 3272 1678; x_wconf 88' lang='lat' dir='ltr'><strong>esse</strong></span> <span class='ocrx_word' id='word_1_517' title='bbox 3294 1624 3409 1679; x_wconf 90' lang='lat' dir='ltr'><strong>istis</strong></span> <span class='ocrx_word' id='word_1_518' title='bbox 3429 1624 3634 1679; x_wconf 87' lang='lat' dir='ltr'><strong>duabus</strong></span> <span class='ocrx_word' id='word_1_519' title='bbox 3658 1625 3965 1683; x_wconf 68' lang='lat' dir='ltr'><strong>baeresibus</strong></span> 
     </span>
    </p>
   </div>
   <div class='ocr_carea' id='block_1_76' title="bbox 2358 1711 3966 1786">
    <p class='ocr_par' dir='ltr' id='par_1_76' title="bbox 2358 1711 3966 1786">
     <span class='ocr_line' id='line_1_76' title="bbox 2358 1711 3966 1786; baseline 0.009 -23"><span class='ocrx_word' id='word_1_520' title='bbox 2358 1711 2497 1767; x_wconf 88' lang='lat' dir='ltr'><strong>ratio</strong></span> <span class='ocrx_word' id='word_1_521' title='bbox 2526 1711 2809 1769; x_wconf 81' lang='lat' dir='ltr'><strong>manifesta</strong></span> <span class='ocrx_word' id='word_1_522' title='bbox 2835 1713 3110 1781; x_wconf 85' lang='lat' dir='ltr'><strong>declarat,</strong></span> <span class='ocrx_word' id='word_1_523' title='bbox 3135 1718 3259 1786; x_wconf 86' lang='lat' dir='ltr'><strong>quia</strong></span> <span class='ocrx_word' id='word_1_524' title='bbox 3285 1717 3628 1774; x_wconf 80' lang='lat' dir='ltr'><strong>Paulianistze</strong></span> <span class='ocrx_word' id='word_1_525' title='bbox 3656 1724 3708 1775; x_wconf 89' lang='lat' dir='ltr'><strong>in</strong></span> <span class='ocrx_word' id='word_1_526' title='bbox 3740 1723 3966 1778; x_wconf 83' lang='lat' dir='ltr'><strong>nomine</strong></span> 
     </span>
    </p>
   </div>
   <div class='ocr_carea' id='block_1_77' title="bbox 2360 1802 3964 1884">
    <p class='ocr_par' dir='ltr' id='par_1_77' title="bbox 2360 1802 3964 1884">
     <span class='ocr_line' id='line_1_77' title="bbox 2360 1802 3964 1884; baseline 0.007 -26"><span class='ocrx_word' id='word_1_527' title='bbox 2360 1803 2558 1870; x_wconf 88' lang='lat' dir='ltr'><strong>Patris,</strong></span> <span class='ocrx_word' id='word_1_528' title='bbox 2582 1813 2637 1859; x_wconf 89' lang='lat' dir='ltr'><strong>et</strong></span> <span class='ocrx_word' id='word_1_529' title='bbox 2664 1802 2820 1872; x_wconf 78' lang='lat' dir='ltr'><strong>Filii,</strong></span> <span class='ocrx_word' id='word_1_530' title='bbox 2861 1818 2915 1861; x_wconf 90' lang='lat' dir='ltr'><strong>et</strong></span> <span class='ocrx_word' id='word_1_531' title='bbox 2957 1807 3192 1875; x_wconf 86' lang='lat' dir='ltr'><strong>Spiritus</strong></span> <span class='ocrx_word' id='word_1_532' title='bbox 3228 1812 3399 1865; x_wconf 89' lang='lat' dir='ltr'><strong>sancti</strong></span> <span class='ocrx_word' id='word_1_533' title='bbox 3446 1811 3665 1868; x_wconf 85' lang='lat' dir='ltr'><strong>minime</strong></span> <span class='ocrx_word' id='word_1_534' title='bbox 3717 1816 3964 1884; x_wconf 80' lang='lat' dir='ltr'><strong>baptiza-</strong></span> 
     </span>
    </p>
   </div>
   <div class='ocr_carea' id='block_1_78' title="bbox 2357 1898 3965 1982">
    <p class='ocr_par' dir='ltr' id='par_1_78' title="bbox 2357 1898 3965 1982">
     <span class='ocr_line' id='line_1_78' title="bbox 2357 1898 3965 1982; baseline 0.01 -32"><span class='ocrx_word' id='word_1_535' title='bbox 2357 1899 2514 1963; x_wconf 81' lang='lat' dir='ltr'><strong>bant,</strong></span> <span class='ocrx_word' id='word_1_536' title='bbox 2572 1907 2629 1953; x_wconf 90' lang='lat' dir='ltr'><strong>et</strong></span> <span class='ocrx_word' id='word_1_537' title='bbox 2676 1898 2960 1957; x_wconf 88' lang='lat' dir='ltr'><strong>Novatiani</strong></span> <span class='ocrx_word' id='word_1_538' title='bbox 3008 1901 3199 1958; x_wconf 87' lang='lat' dir='ltr'><strong>iisdem</strong></span> <span class='ocrx_word' id='word_1_539' title='bbox 3256 1906 3548 1962; x_wconf 89' lang='lat' dir='ltr'><strong>tremendis</strong></span> <span class='ocrx_word' id='word_1_540' title='bbox 3598 1908 3965 1982; x_wconf 82' lang='lat' dir='ltr'><strong>verendisque</strong></span> 
     </span>
    </p>
   </div>
   <div class='ocr_carea' id='block_1_79' title="bbox 2357 1991 3966 2067">
    <p class='ocr_par' dir='ltr' id='par_1_79' title="bbox 2357 1991 3966 2067">
     <span class='ocr_line' id='line_1_79' title="bbox 2357 1991 3966 2067; baseline 0.01 -24"><span class='ocrx_word' id='word_1_541' title='bbox 2357 1991 2663 2047; x_wconf 88' lang='lat' dir='ltr'><strong>nominibus</strong></span> <span class='ocrx_word' id='word_1_542' title='bbox 2701 1992 2998 2064; x_wconf 86' lang='lat' dir='ltr'><strong>baptizant.</strong></span> <span class='ocrx_word' id='word_1_543' title='bbox 3031 2015 3050 2048; x_wconf 73' lang='grc' dir='ltr'><strong><em>ι</em></strong></span> <span class='ocrx_word' id='word_1_544' title='bbox 3083 1995 3250 2067; x_wconf 81' lang='lat' dir='ltr'><strong>Igitur</strong></span> <span class='ocrx_word' id='word_1_545' title='bbox 3289 1998 3392 2054; x_wconf 86' lang='lat' dir='ltr'><strong>etsi</strong></span> <span class='ocrx_word' id='word_1_546' title='bbox 3422 2002 3594 2055; x_wconf 85' lang='lat' dir='ltr'><strong>sancti</strong></span> <span class='ocrx_word' id='word_1_547' title='bbox 3640 2001 3826 2058; x_wconf 77' lang='lat' dir='ltr'><strong>Patres</strong></span> <span class='ocrx_word' id='word_1_548' title='bbox 3872 2002 3966 2059; x_wconf 82' lang='lat' dir='ltr'><strong>iu-</strong></span> 
     </span>
    </p>
   </div>
   <div class='ocr_carea' id='block_1_80' title="bbox 2356 2084 3964 2159">
    <p class='ocr_par' dir='ltr' id='par_1_80' title="bbox 2356 2084 3964 2159">
     <span class='ocr_line' id='line_1_80' title="bbox 2356 2084 3964 2159; baseline 0.014 -22"><span class='ocrx_word' id='word_1_549' title='bbox 2356 2084 2590 2141; x_wconf 85' lang='lat' dir='ltr'><strong>discrete</strong></span> <span class='ocrx_word' id='word_1_550' title='bbox 2653 2091 3013 2157; x_wconf 86' lang='lat' dir='ltr'><strong>pronuncient</strong></span> <span class='ocrx_word' id='word_1_551' title='bbox 3061 2108 3252 2148; x_wconf 90' lang='lat' dir='ltr'><strong>omnes</strong></span> <span class='ocrx_word' id='word_1_552' title='bbox 3318 2093 3386 2150; x_wconf 91' lang='lat' dir='ltr'><strong>ab</strong></span> <span class='ocrx_word' id='word_1_553' title='bbox 3442 2096 3700 2157; x_wconf 71' lang='lat' dir='ltr'><strong>hmreticis</strong></span> <span class='ocrx_word' id='word_1_554' title='bbox 3750 2099 3964 2159; x_wconf 89' lang='lat' dir='ltr'><strong>tinctos</strong></span> 
     </span>
    </p>
   </div>
   <div class='ocr_carea' id='block_1_81' title="bbox 2356 2181 3959 2257">
    <p class='ocr_par' dir='ltr' id='par_1_81' title="bbox 2356 2181 3959 2257">
     <span class='ocr_line' id='line_1_81' title="bbox 2356 2181 3959 2257; baseline 0.01 -23"><span class='ocrx_word' id='word_1_555' title='bbox 2356 2181 2468 2235; x_wconf 83' lang='lat' dir='ltr'><strong>sola</strong></span> <span class='ocrx_word' id='word_1_556' title='bbox 2499 2181 2813 2257; x_wconf 71' lang='lat' dir='ltr'><strong>ptenitentia</strong></span> <span class='ocrx_word' id='word_1_557' title='bbox 2842 2185 3137 2255; x_wconf 75' lang='lat' dir='ltr'><strong>expiandos</strong></span> <span class='ocrx_word' id='word_1_558' title='bbox 3166 2203 3318 2252; x_wconf 90' lang='lat' dir='ltr'><strong>esse,</strong></span> <span class='ocrx_word' id='word_1_559' title='bbox 3349 2192 3552 2246; x_wconf 86' lang='lat' dir='ltr'><strong>conscii</strong></span> <span class='ocrx_word' id='word_1_560' title='bbox 3582 2202 3752 2248; x_wconf 86' lang='lat' dir='ltr'><strong>tamen</strong></span> <span class='ocrx_word' id='word_1_561' title='bbox 3784 2193 3959 2251; x_wconf 85' lang='lat' dir='ltr'><strong>iidem</strong></span> 
     </span>
    </p>
   </div>
   <div class='ocr_carea' id='block_1_82' title="bbox 2356 2277 3959 2348">
    <p class='ocr_par' dir='ltr' id='par_1_82' title="bbox 2356 2277 3959 2348">
     <span class='ocr_line' id='line_1_82' title="bbox 2356 2277 3959 2348; baseline 0.01 -21"><span class='ocrx_word' id='word_1_562' title='bbox 2356 2283 2483 2328; x_wconf 90' lang='lat' dir='ltr'><strong>sunt</strong></span> <span class='ocrx_word' id='word_1_563' title='bbox 2533 2291 2631 2330; x_wconf 89' lang='lat' dir='ltr'><strong>nec</strong></span> <span class='ocrx_word' id='word_1_564' title='bbox 2687 2277 3016 2347; x_wconf 87' lang='lat' dir='ltr'><strong>Baptismutn</strong></span> <span class='ocrx_word' id='word_1_565' title='bbox 3065 2279 3204 2348; x_wconf 89' lang='lat' dir='ltr'><strong>dici,</strong></span> <span class='ocrx_word' id='word_1_566' title='bbox 3263 2281 3365 2337; x_wconf 91' lang='lat' dir='ltr'><strong>nisi</strong></span> <span class='ocrx_word' id='word_1_567' title='bbox 3417 2284 3635 2340; x_wconf 91' lang='lat' dir='ltr'><strong>nomine</strong></span> <span class='ocrx_word' id='word_1_568' title='bbox 3676 2284 3959 2343; x_wconf 80' lang='lat' dir='ltr'><strong>Trinitatis</strong></span> 
     </span>
    </p>
   </div>
   <div class='ocr_carea' id='block_1_83' title="bbox 2355 2370 3955 2448">
    <p class='ocr_par' dir='ltr' id='par_1_83' title="bbox 2355 2370 3955 2448">
     <span class='ocr_line' id='line_1_83' title="bbox 2355 2370 3955 2448; baseline 0.009 -27"><span class='ocrx_word' id='word_1_569' title='bbox 2355 2370 2750 2439; x_wconf 82' lang='lat' dir='ltr'><strong>consignatum.</strong></span> <span class='ocrx_word' id='word_1_570' title='bbox 2801 2370 2868 2425; x_wconf 86' lang='lat' dir='ltr'><strong>Et</strong></span> <span class='ocrx_word' id='word_1_571' title='bbox 2912 2388 3122 2427; x_wconf 89' lang='lat' dir='ltr'><strong>rursum</strong></span> <span class='ocrx_word' id='word_1_572' title='bbox 3168 2389 3290 2428; x_wconf 92' lang='lat' dir='ltr'><strong>cum</strong></span> <span class='ocrx_word' id='word_1_573' title='bbox 3338 2375 3680 2432; x_wconf 69' lang='lat' dir='ltr'><strong>Paulianistae</strong></span> <span class='ocrx_word' id='word_1_574' title='bbox 3720 2379 3865 2448; x_wconf 90' lang='lat' dir='ltr'><strong>quod</strong></span> <span class='ocrx_word' id='word_1_575' title='bbox 3903 2381 3955 2436; x_wconf 90' lang='lat' dir='ltr'><strong>in</strong></span> 
     </span>
    </p>
   </div>
   <div class='ocr_carea' id='block_1_84' title="bbox 2357 2463 3956 2539">
    <p class='ocr_par' dir='ltr' id='par_1_84' title="bbox 2357 2463 3956 2539">
     <span class='ocr_line' id='line_1_84' title="bbox 2357 2463 3956 2539; baseline 0.009 -24"><span class='ocrx_word' id='word_1_576' title='bbox 2357 2464 2574 2518; x_wconf 87' lang='lat' dir='ltr'><strong>nomine</strong></span> <span class='ocrx_word' id='word_1_577' title='bbox 2621 2463 2897 2518; x_wconf 85' lang='lat' dir='ltr'><strong>Trinitatis</strong></span> <span class='ocrx_word' id='word_1_578' title='bbox 2926 2480 3029 2520; x_wconf 92' lang='lat' dir='ltr'><strong>non</strong></span> <span class='ocrx_word' id='word_1_579' title='bbox 3073 2469 3370 2539; x_wconf 79' lang='lat' dir='ltr'><strong>tingereut,</strong></span> <span class='ocrx_word' id='word_1_580' title='bbox 3422 2470 3489 2523; x_wconf 91' lang='lat' dir='ltr'><strong>ad</strong></span> <span class='ocrx_word' id='word_1_581' title='bbox 3521 2471 3819 2529; x_wconf 82' lang='lat' dir='ltr'><strong>Ecclesiam</strong></span> <span class='ocrx_word' id='word_1_582' title='bbox 3863 2488 3956 2529; x_wconf 53' lang='lat' dir='ltr'><strong>ve.</strong></span> 
     </span>
    </p>
   </div>
   <div class='ocr_carea' id='block_1_85' title="bbox 2357 2555 3957 2634">
    <p class='ocr_par' dir='ltr' id='par_1_85' title="bbox 2357 2555 3957 2634">
     <span class='ocr_line' id='line_1_85' title="bbox 2357 2555 3957 2634; baseline 0.009 -27"><span class='ocrx_word' id='word_1_583' title='bbox 2357 2555 2570 2609; x_wconf 88' lang='lat' dir='ltr'><strong>nientes</strong></span> <span class='ocrx_word' id='word_1_584' title='bbox 2600 2571 2788 2611; x_wconf 87' lang='lat' dir='ltr'><strong>rursus</strong></span> <span class='ocrx_word' id='word_1_585' title='bbox 2817 2557 2961 2612; x_wconf 87' lang='lat' dir='ltr'><strong>ablui</strong></span> <span class='ocrx_word' id='word_1_586' title='bbox 2988 2558 3310 2625; x_wconf 85' lang='lat' dir='ltr'><strong>iubeantur;</strong></span> <span class='ocrx_word' id='word_1_587' title='bbox 3342 2560 3471 2616; x_wconf 90' lang='lat' dir='ltr'><strong>nulli</strong></span> <span class='ocrx_word' id='word_1_588' title='bbox 3495 2578 3625 2634; x_wconf 80' lang='lat' dir='ltr'><strong>ergo</strong></span> <span class='ocrx_word' id='word_1_589' title='bbox 3664 2565 3752 2619; x_wconf 87' lang='lat' dir='ltr'><strong>alii</strong></span> <span class='ocrx_word' id='word_1_590' title='bbox 3782 2564 3957 2623; x_wconf 69' lang='lat' dir='ltr'><strong>bat-re-</strong></span> 
     </span>
    </p>
   </div>
   <div class='ocr_carea' id='block_1_86' title="bbox 2357 2648 3957 2724">
    <p class='ocr_par' dir='ltr' id='par_1_86' title="bbox 2357 2648 3957 2724">
     <span class='ocr_line' id='line_1_86' title="bbox 2357 2648 3957 2724; baseline 0.009 -23"><span class='ocrx_word' id='word_1_591' title='bbox 2357 2648 2445 2702; x_wconf 91' lang='lat' dir='ltr'><strong>tici</strong></span> <span class='ocrx_word' id='word_1_592' title='bbox 2476 2657 2721 2718; x_wconf 87' lang='lat' dir='ltr'><strong>teutpore</strong></span> <span class='ocrx_word' id='word_1_593' title='bbox 2749 2649 2980 2705; x_wconf 65' lang='lat' dir='ltr'><strong>Nicaeum</strong></span> <span class='ocrx_word' id='word_1_594' title='bbox 3025 2652 3217 2724; x_wconf 89' lang='lat' dir='ltr'><strong>synodi</strong></span> <span class='ocrx_word' id='word_1_595' title='bbox 3264 2652 3513 2710; x_wconf 55' lang='lat' dir='ltr'><strong>haeretica</strong></span> <span class='ocrx_word' id='word_1_596' title='bbox 3546 2655 3719 2714; x_wconf 81' lang='lat' dir='ltr'><strong>forma</strong></span> <span class='ocrx_word' id='word_1_597' title='bbox 3760 2662 3957 2716; x_wconf 81' lang='lat' dir='ltr'><strong>verbo-</strong></span> 
     </span>
    </p>
   </div>
   <div class='ocr_carea' id='block_1_87' title="bbox 2356 2743 3955 2821">
    <p class='ocr_par' dir='ltr' id='par_1_87' title="bbox 2356 2743 3955 2821">
     <span class='ocr_line' id='line_1_87' title="bbox 2356 2743 3955 2821; baseline 0.01 -27"><span class='ocrx_word' id='word_1_598' title='bbox 2356 2757 2474 2796; x_wconf 87' lang='lat' dir='ltr'><strong>rum</strong></span> <span class='ocrx_word' id='word_1_599' title='bbox 2569 2743 3066 2800; x_wconf 81' lang='lat' dir='ltr'><strong>coutaminaverant</strong></span> <span class='ocrx_word' id='word_1_600' title='bbox 3142 2744 3399 2815; x_wconf 88' lang='lat' dir='ltr'><strong>Baptismi</strong></span> <span class='ocrx_word' id='word_1_601' title='bbox 3471 2752 3809 2821; x_wconf 88' lang='lat' dir='ltr'><strong>mysterium.</strong></span> <span class='ocrx_word' id='word_1_602' title='bbox 3851 2753 3955 2810; x_wconf 88' lang='lat' dir='ltr'><strong>Cui</strong></span> 
     </span>
    </p>
   </div>
   <div class='ocr_carea' id='block_1_88' title="bbox 2354 2837 3958 2918">
    <p class='ocr_par' dir='ltr' id='par_1_88' title="bbox 2354 2837 3958 2918">
     <span class='ocr_line' id='line_1_88' title="bbox 2354 2837 3958 2918; baseline 0.01 -31"><span class='ocrx_word' id='word_1_603' title='bbox 2354 2844 2676 2904; x_wconf 83' lang='lat' dir='ltr'><strong>argumento</strong></span> <span class='ocrx_word' id='word_1_604' title='bbox 2715 2837 2879 2892; x_wconf 89' lang='lat' dir='ltr'><strong>robur</strong></span> <span class='ocrx_word' id='word_1_605' title='bbox 2899 2838 3123 2894; x_wconf 88' lang='lat' dir='ltr'><strong>accedet</strong></span> <span class='ocrx_word' id='word_1_606' title='bbox 3150 2854 3179 2892; x_wconf 92' lang='lat' dir='ltr'><strong>a</strong></span> <span class='ocrx_word' id='word_1_607' title='bbox 3202 2839 3379 2895; x_wconf 90' lang='lat' dir='ltr'><strong>Siricii</strong></span> <span class='ocrx_word' id='word_1_608' title='bbox 3403 2842 3563 2911; x_wconf 89' lang='lat' dir='ltr'><strong>epist.</strong></span> <span class='ocrx_word' id='word_1_609' title='bbox 3593 2859 3632 2908; x_wconf 88' lang='lat' dir='ltr'><strong>t,</strong></span> <span class='ocrx_word' id='word_1_610' title='bbox 3673 2860 3722 2905; x_wconf 87' lang='lat' dir='ltr'><strong>c.</strong></span> <span class='ocrx_word' id='word_1_611' title='bbox 3770 2846 3825 2913; x_wconf 72' lang='lat' dir='ltr'><strong>l,</strong></span> <span class='ocrx_word' id='word_1_612' title='bbox 3864 2847 3958 2918; x_wconf 87' lang='lat' dir='ltr'><strong>qui</strong></span> 
     </span>
    </p>
   </div>
   <div class='ocr_carea' id='block_1_89' title="bbox 2358 2927 3959 3000">
    <p class='ocr_par' dir='ltr' id='par_1_89' title="bbox 2358 2927 3959 3000">
     <span class='ocr_line' id='line_1_89' title="bbox 2358 2927 3959 3000; baseline 0.011 -23"><span class='ocrx_word' id='word_1_613' title='bbox 2358 2927 2630 2995; x_wconf 75' lang='lat' dir='ltr'><strong>prmterito</strong></span> <span class='ocrx_word' id='word_1_614' title='bbox 2683 2930 2844 2984; x_wconf 89' lang='lat' dir='ltr'><strong>etiam</strong></span> <span class='ocrx_word' id='word_1_615' title='bbox 2907 2930 3325 3000; x_wconf 66' lang='lat' dir='ltr'><strong>praedecessoris</strong></span> <span class='ocrx_word' id='word_1_616' title='bbox 3355 2934 3438 2987; x_wconf 92' lang='lat' dir='ltr'><strong>sui</strong></span> <span class='ocrx_word' id='word_1_617' title='bbox 3484 2933 3683 2991; x_wconf 87' lang='lat' dir='ltr'><strong>Liberii</strong></span> <span class='ocrx_word' id='word_1_618' title='bbox 3729 2937 3959 2995; x_wconf 87' lang='lat' dir='ltr'><strong>decreto</strong></span> 
     </span>
    </p>
   </div>
   <div class='ocr_carea' id='block_1_90' title="bbox 2354 3022 3952 3104">
    <p class='ocr_par' dir='ltr' id='par_1_90' title="bbox 2354 3022 3952 3104">
     <span class='ocr_line' id='line_1_90' title="bbox 2354 3022 3952 3104; baseline 0.009 -32"><span class='ocrx_word' id='word_1_619' title='bbox 2354 3032 2555 3091; x_wconf 76' lang='lat' dir='ltr'><strong>pugnat</strong></span> <span class='ocrx_word' id='word_1_620' title='bbox 2588 3037 2603 3073; x_wconf 89' lang='lat'><strong><em>:</em></strong></span> <span class='ocrx_word' id='word_1_621' title='bbox 2640 3042 2659 3075; x_wconf 73' lang='grc' dir='ltr'>ι</span> <span class='ocrx_word' id='word_1_622' title='bbox 2697 3022 2804 3076; x_wconf 84' lang='lat' dir='ltr'><strong>Nos</strong></span> <span class='ocrx_word' id='word_1_623' title='bbox 2834 3039 2955 3079; x_wconf 92' lang='lat' dir='ltr'><strong>cum</strong></span> <span class='ocrx_word' id='word_1_624' title='bbox 3000 3024 3343 3088; x_wconf 84' lang='lat' dir='ltr'><strong>Novatianis,</strong></span> <span class='ocrx_word' id='word_1_625' title='bbox 3375 3028 3600 3099; x_wconf 78' lang='lat' dir='ltr'><strong>aliiSque</strong></span> <span class='ocrx_word' id='word_1_626' title='bbox 3644 3030 3952 3104; x_wconf 76' lang='lat' dir='ltr'><strong>btereticis,</strong></span> 
     </span>
    </p>
   </div>
   <div class='ocr_carea' id='block_1_91' title="bbox 2356 3112 3953 3191">
    <p class='ocr_par' dir='ltr' id='par_1_91' title="bbox 2356 3112 3953 3191">
     <span class='ocr_line' id='line_1_91' title="bbox 2356 3112 3953 3191; baseline 0.008 -23"><span class='ocrx_word' id='word_1_627' title='bbox 2356 3112 2497 3168; x_wconf 87' lang='lat' dir='ltr'><strong>sicut</strong></span> <span class='ocrx_word' id='word_1_628' title='bbox 2542 3125 2622 3169; x_wconf 90' lang='lat' dir='ltr'><strong>est</strong></span> <span class='ocrx_word' id='word_1_629' title='bbox 2659 3115 2710 3170; x_wconf 92' lang='lat' dir='ltr'><strong>iu</strong></span> <span class='ocrx_word' id='word_1_630' title='bbox 2752 3116 2959 3187; x_wconf 88' lang='lat' dir='ltr'><strong>synodo</strong></span> <span class='ocrx_word' id='word_1_631' title='bbox 3000 3119 3383 3180; x_wconf 85' lang='lat' dir='ltr'><strong>cnttstittttuttt.</strong></span> <span class='ocrx_word' id='word_1_632' title='bbox 3417 3137 3513 3191; x_wconf 90' lang='lat' dir='ltr'><strong>per</strong></span> <span class='ocrx_word' id='word_1_633' title='bbox 3552 3123 3953 3181; x_wconf 82' lang='lat' dir='ltr'><strong>invocationem</strong></span> 
     </span>
    </p>
   </div>
   <div class='ocr_carea' id='block_1_92' title="bbox 2353 3209 3956 3291">
    <p class='ocr_par' dir='ltr' id='par_1_92' title="bbox 2353 3209 3956 3291">
     <span class='ocr_line' id='line_1_92' title="bbox 2353 3209 3956 3291; baseline 0.004 -29"><span class='ocrx_word' id='word_1_634' title='bbox 2353 3210 2523 3262; x_wconf 85' lang='lat' dir='ltr'><strong>solam</strong></span> <span class='ocrx_word' id='word_1_635' title='bbox 2556 3209 2887 3279; x_wconf 77' lang='lat' dir='ltr'><strong>septifortnis</strong></span> <span class='ocrx_word' id='word_1_636' title='bbox 2912 3210 3177 3281; x_wconf 88' lang='lat' dir='ltr'><strong>Spiritus,</strong></span> <span class='ocrx_word' id='word_1_637' title='bbox 3214 3214 3505 3291; x_wconf 86' lang='lat' dir='ltr'><strong>episcopali</strong></span> <span class='ocrx_word' id='word_1_638' title='bbox 3542 3232 3731 3270; x_wconf 86' lang='lat' dir='ltr'><strong>manus</strong></span> <span class='ocrx_word' id='word_1_639' title='bbox 3776 3216 3956 3287; x_wconf 76' lang='grc' dir='ltr'><strong>ἰιιιροο</strong></span> 
     </span>
    </p>
   </div>
   <div class='ocr_carea' id='block_1_93' title="bbox 2352 3301 3951 3367">
    <p class='ocr_par' dir='ltr' id='par_1_93' title="bbox 2352 3301 3951 3367">
     <span class='ocr_line' id='line_1_93' title="bbox 2352 3301 3951 3367; baseline 0.008 -12"><span class='ocrx_word' id='word_1_640' title='bbox 2352 3301 2548 3357; x_wconf 85' lang='lat' dir='ltr'><strong>sitioue</strong></span> <span class='ocrx_word' id='word_1_641' title='bbox 2568 3344 2582 3366; x_wconf 90' lang='lat'><strong>,</strong></span> <span class='ocrx_word' id='word_1_642' title='bbox 2626 3301 3033 3358; x_wconf 90' lang='lat' dir='ltr'><strong>Catholicorum</strong></span> <span class='ocrx_word' id='word_1_643' title='bbox 3063 3309 3351 3361; x_wconf 87' lang='lat' dir='ltr'><strong>conventui</strong></span> <span class='ocrx_word' id='word_1_644' title='bbox 3383 3307 3646 3363; x_wconf 88' lang='lat' dir='ltr'><strong>sociamus</strong></span> <span class='ocrx_word' id='word_1_645' title='bbox 3686 3310 3951 3367; x_wconf 82' lang='lat' dir='ltr'><strong>Arianos.</strong></span> 
     </span>
    </p>
   </div>
   <div class='ocr_carea' id='block_1_94' title="bbox 2351 3393 3949 3472">
    <p class='ocr_par' dir='ltr' id='par_1_94' title="bbox 2351 3393 3949 3472">
     <span class='ocr_line' id='line_1_94' title="bbox 2351 3393 3949 3472; baseline 0.006 -25"><span class='ocrx_word' id='word_1_646' title='bbox 2351 3393 2502 3460; x_wconf 75' lang='lat' dir='ltr'><strong>Quod</strong></span> <span class='ocrx_word' id='word_1_647' title='bbox 2551 3395 2710 3449; x_wconf 89' lang='lat' dir='ltr'><strong>etiam</strong></span> <span class='ocrx_word' id='word_1_648' title='bbox 2758 3405 2900 3452; x_wconf 89' lang='lat' dir='ltr'><strong>totus</strong></span> <span class='ocrx_word' id='word_1_649' title='bbox 2941 3396 3167 3463; x_wconf 88' lang='lat' dir='ltr'><strong>Oriens,</strong></span> <span class='ocrx_word' id='word_1_650' title='bbox 3213 3399 3581 3472; x_wconf 84' lang='lat' dir='ltr'><strong>Occidensque</strong></span> <span class='ocrx_word' id='word_1_651' title='bbox 3627 3404 3885 3459; x_wconf 85' lang='lat' dir='ltr'><strong>custodit.</strong></span> <span class='ocrx_word' id='word_1_652' title='bbox 3925 3424 3949 3456; x_wconf 75' lang='grc' dir='ltr'><strong><em>ι</em></strong></span> 
     </span>
    </p>
   </div>
   <div class='ocr_carea' id='block_1_95' title="bbox 2354 3485 3949 3565">
    <p class='ocr_par' dir='ltr' id='par_1_95' title="bbox 2354 3485 3949 3565">
     <span class='ocr_line' id='line_1_95' title="bbox 2354 3485 3949 3565; baseline 0.007 -26"><span class='ocrx_word' id='word_1_653' title='bbox 2354 3485 2516 3542; x_wconf 88' lang='lat' dir='ltr'><strong>Vides</strong></span> <span class='ocrx_word' id='word_1_654' title='bbox 2557 3503 2847 3558; x_wconf 88' lang='lat' dir='ltr'><strong>quamnon</strong></span> <span class='ocrx_word' id='word_1_655' title='bbox 2876 3499 3084 3563; x_wconf 75' lang='lat' dir='ltr'><strong>satagat</strong></span> <span class='ocrx_word' id='word_1_656' title='bbox 3125 3489 3194 3545; x_wconf 91' lang='lat' dir='ltr'><strong>de</strong></span> <span class='ocrx_word' id='word_1_657' title='bbox 3218 3491 3535 3549; x_wconf 79' lang='lat' dir='ltr'><strong>discrimine</strong></span> <span class='ocrx_word' id='word_1_658' title='bbox 3570 3493 3949 3565; x_wconf 79' lang='lat' dir='ltr'><strong>signiﬁcando.</strong></span> 
     </span>
    </p>
   </div>
   <div class='ocr_carea' id='block_1_96' title="bbox 2353 3579 3959 3654">
    <p class='ocr_par' dir='ltr' id='par_1_96' title="bbox 2353 3579 3959 3654">
     <span class='ocr_line' id='line_1_96' title="bbox 2353 3579 3959 3654; baseline 0.009 -22"><span class='ocrx_word' id='word_1_659' title='bbox 2353 3579 2483 3633; x_wconf 89' lang='lat' dir='ltr'><strong>ltetn</strong></span> <span class='ocrx_word' id='word_1_660' title='bbox 2525 3579 2633 3634; x_wconf 89' lang='lat' dir='ltr'><strong>Leo</strong></span> <span class='ocrx_word' id='word_1_661' title='bbox 2665 3579 2717 3648; x_wconf 84' lang='grc' dir='ltr'><strong>Ι,</strong></span> <span class='ocrx_word' id='word_1_662' title='bbox 2757 3582 2899 3652; x_wconf 91' lang='lat' dir='ltr'><strong>epist</strong></span> <span class='ocrx_word' id='word_1_663' title='bbox 2932 3584 3023 3649; x_wconf 80' lang='grc'><strong>57,</strong></span> <span class='ocrx_word' id='word_1_664' title='bbox 3059 3597 3108 3638; x_wconf 94' lang='lat' dir='ltr'><strong>c.</strong></span> <span class='ocrx_word' id='word_1_665' title='bbox 3137 3584 3172 3638; x_wconf 75' lang='grc'>2</span> <span class='ocrx_word' id='word_1_666' title='bbox 3201 3601 3213 3637; x_wconf 92' lang='lat'><strong>:</strong></span> <span class='ocrx_word' id='word_1_667' title='bbox 3252 3602 3271 3638; x_wconf 84' lang='lat' dir='ltr'><strong>t</strong></span> <span class='ocrx_word' id='word_1_668' title='bbox 3307 3585 3461 3654; x_wconf 84' lang='lat' dir='ltr'><strong>Quod</strong></span> <span class='ocrx_word' id='word_1_669' title='bbox 3497 3588 3540 3641; x_wconf 91' lang='lat' dir='ltr'><strong>si</strong></span> <span class='ocrx_word' id='word_1_670' title='bbox 3574 3586 3639 3641; x_wconf 89' lang='lat' dir='ltr'><strong>ab</strong></span> <span class='ocrx_word' id='word_1_671' title='bbox 3678 3586 3959 3646; x_wconf 67' lang='lat' dir='ltr'><strong>haereticis</strong></span> 
     </span>
    </p>
   </div>
   <div class='ocr_carea' id='block_1_97' title="bbox 2354 3673 3962 3753">
    <p class='ocr_par' dir='ltr' id='par_1_97' title="bbox 2354 3673 3962 3753">
     <span class='ocr_line' id='line_1_97' title="bbox 2354 3673 3962 3753; baseline 0.01 -28"><span class='ocrx_word' id='word_1_672' title='bbox 2354 3673 2682 3743; x_wconf 84' lang='lat' dir='ltr'><strong>baptizatum</strong></span> <span class='ocrx_word' id='word_1_673' title='bbox 2710 3676 3016 3744; x_wconf 80' lang='lat' dir='ltr'><strong>quempiam</strong></span> <span class='ocrx_word' id='word_1_674' title='bbox 3056 3675 3221 3733; x_wconf 80' lang='lat' dir='ltr'><strong>fuisse</strong></span> <span class='ocrx_word' id='word_1_675' title='bbox 3255 3681 3593 3746; x_wconf 80' lang='lat' dir='ltr'><strong>constiterit,</strong></span> <span class='ocrx_word' id='word_1_676' title='bbox 3632 3696 3755 3753; x_wconf 77' lang='lat' dir='ltr'><strong>erga</strong></span> <span class='ocrx_word' id='word_1_677' title='bbox 3803 3682 3962 3741; x_wconf 87' lang='lat' dir='ltr'><strong>hunc</strong></span> 
     </span>
    </p>
   </div>
   <div class='ocr_carea' id='block_1_98' title="bbox 2352 3767 3956 3843">
    <p class='ocr_par' dir='ltr' id='par_1_98' title="bbox 2352 3767 3956 3843">
     <span class='ocr_line' id='line_1_98' title="bbox 2352 3767 3956 3843; baseline 0.005 -22"><span class='ocrx_word' id='word_1_678' title='bbox 2352 3767 2657 3822; x_wconf 89' lang='lat' dir='ltr'><strong>nullatenus</strong></span> <span class='ocrx_word' id='word_1_679' title='bbox 2710 3767 3119 3824; x_wconf 81' lang='lat' dir='ltr'><strong>Sacramentum</strong></span> <span class='ocrx_word' id='word_1_680' title='bbox 3170 3774 3598 3843; x_wconf 81' lang='lat' dir='ltr'><strong>regenerationis</strong></span> <span class='ocrx_word' id='word_1_681' title='bbox 3640 3775 3883 3830; x_wconf 87' lang='lat' dir='ltr'><strong>iteretur.</strong></span> <span class='ocrx_word' id='word_1_682' title='bbox 3926 3795 3956 3829; x_wconf 72' lang='grc' dir='ltr'><strong><em>ι</em></strong></span> 
     </span>
    </p>
   </div>
   <div class='ocr_carea' id='block_1_99' title="bbox 2351 3859 3960 3937">
    <p class='ocr_par' dir='ltr' id='par_1_99' title="bbox 2351 3859 3960 3937">
     <span class='ocr_line' id='line_1_99' title="bbox 2351 3859 3960 3937; baseline 0.006 -23"><span class='ocrx_word' id='word_1_683' title='bbox 2351 3859 2556 3930; x_wconf 84' lang='lat' dir='ltr'><strong>Nempe</strong></span> <span class='ocrx_word' id='word_1_684' title='bbox 2580 3860 2908 3937; x_wconf 80' lang='lat' dir='ltr'><strong>Baptisntum</strong></span> <span class='ocrx_word' id='word_1_685' title='bbox 2943 3879 3049 3917; x_wconf 93' lang='lat' dir='ltr'><strong>non</strong></span> <span class='ocrx_word' id='word_1_686' title='bbox 3089 3864 3218 3919; x_wconf 89' lang='lat' dir='ltr'><strong>sinit</strong></span> <span class='ocrx_word' id='word_1_687' title='bbox 3243 3867 3456 3930; x_wconf 87' lang='lat' dir='ltr'><strong>vocari,</strong></span> <span class='ocrx_word' id='word_1_688' title='bbox 3490 3866 3593 3922; x_wconf 89' lang='lat' dir='ltr'><strong>nisi</strong></span> <span class='ocrx_word' id='word_1_689' title='bbox 3629 3867 3811 3923; x_wconf 86' lang='lat' dir='ltr'><strong>debita</strong></span> <span class='ocrx_word' id='word_1_690' title='bbox 3847 3870 3960 3926; x_wconf 61' lang='lat' dir='ltr'><strong>ob-</strong></span> 
     </span>
    </p>
   </div>
   <div class='ocr_carea' id='block_1_100' title="bbox 2351 3954 3962 4027">
    <p class='ocr_par' dir='ltr' id='par_1_100' title="bbox 2351 3954 3962 4027">
     <span class='ocr_line' id='line_1_100' title="bbox 2351 3954 3962 4027; baseline 0.008 -20"><span class='ocrx_word' id='word_1_691' title='bbox 2351 3954 2655 4009; x_wconf 86' lang='lat' dir='ltr'><strong>servationc</strong></span> <span class='ocrx_word' id='word_1_692' title='bbox 2697 3955 2975 4010; x_wconf 88' lang='lat' dir='ltr'><strong>tributum.</strong></span> <span class='ocrx_word' id='word_1_693' title='bbox 3019 3956 3088 4011; x_wconf 87' lang='lat' dir='ltr'><strong>Et</strong></span> <span class='ocrx_word' id='word_1_694' title='bbox 3125 3959 3283 4027; x_wconf 84' lang='lat' dir='ltr'><strong>epist.</strong></span> <span class='ocrx_word' id='word_1_695' title='bbox 3332 3958 3420 4021; x_wconf 84' lang='lat'><strong>79,</strong></span> <span class='ocrx_word' id='word_1_696' title='bbox 3467 3975 3515 4015; x_wconf 91' lang='lat' dir='ltr'><strong>c.</strong></span> <span class='ocrx_word' id='word_1_697' title='bbox 3545 3960 3574 4015; x_wconf 88' lang='lat'>7</span> <span class='ocrx_word' id='word_1_698' title='bbox 3608 3978 3623 4015; x_wconf 93' lang='lat'><strong>:</strong></span> <span class='ocrx_word' id='word_1_699' title='bbox 3663 3981 3682 4014; x_wconf 83' lang='lat'><strong>(</strong></span> <span class='ocrx_word' id='word_1_700' title='bbox 3716 3961 3847 4018; x_wconf 85' lang='lat' dir='ltr'><strong>Nam</strong></span> <span class='ocrx_word' id='word_1_701' title='bbox 3893 3962 3962 4021; x_wconf 84' lang='lat' dir='ltr'><strong>hi</strong></span> 
     </span>
    </p>
   </div>
   <div class='ocr_carea' id='block_1_101' title="bbox 2351 4045 3960 4126">
    <p class='ocr_par' dir='ltr' id='par_1_101' title="bbox 2351 4045 3960 4126">
     <span class='ocr_line' id='line_1_101' title="bbox 2351 4045 3960 4126; baseline 0.007 -30"><span class='ocrx_word' id='word_1_702' title='bbox 2351 4046 2440 4113; x_wconf 87' lang='lat' dir='ltr'><strong>qui</strong></span> <span class='ocrx_word' id='word_1_703' title='bbox 2485 4045 2819 4118; x_wconf 73' lang='lat' dir='ltr'><strong>Baptismum</strong></span> <span class='ocrx_word' id='word_1_704' title='bbox 2860 4048 2927 4101; x_wconf 89' lang='lat' dir='ltr'><strong>ab</strong></span> <span class='ocrx_word' id='word_1_705' title='bbox 2971 4047 3238 4105; x_wconf 72' lang='lat' dir='ltr'><strong>ha-reticis</strong></span> <span class='ocrx_word' id='word_1_706' title='bbox 3277 4061 3618 4121; x_wconf 88' lang='lat' dir='ltr'><strong>acceperunt,</strong></span> <span class='ocrx_word' id='word_1_707' title='bbox 3651 4068 3773 4109; x_wconf 87' lang='lat' dir='ltr'><strong>cum</strong></span> <span class='ocrx_word' id='word_1_708' title='bbox 3816 4055 3960 4126; x_wconf 70' lang='lat' dir='ltr'><strong>bap-</strong></span> 
     </span>
    </p>
   </div>
   <div class='ocr_carea' id='block_1_102' title="bbox 2353 4140 3960 4221">
    <p class='ocr_par' dir='ltr' id='par_1_102' title="bbox 2353 4140 3960 4221">
     <span class='ocr_line' id='line_1_102' title="bbox 2353 4140 3960 4221; baseline 0.009 -28"><span class='ocrx_word' id='word_1_709' title='bbox 2353 4140 2497 4193; x_wconf 82' lang='lat' dir='ltr'><strong>tizati</strong></span> <span class='ocrx_word' id='word_1_710' title='bbox 2543 4150 2697 4195; x_wconf 89' lang='lat' dir='ltr'><strong>antea</strong></span> <span class='ocrx_word' id='word_1_711' title='bbox 2727 4157 2833 4196; x_wconf 89' lang='lat' dir='ltr'><strong>non</strong></span> <span class='ocrx_word' id='word_1_712' title='bbox 2879 4143 3136 4213; x_wconf 74' lang='lat' dir='ltr'><strong>fuissent,</strong></span> <span class='ocrx_word' id='word_1_713' title='bbox 3183 4145 3294 4199; x_wconf 83' lang='lat' dir='ltr'><strong>sola</strong></span> <span class='ocrx_word' id='word_1_714' title='bbox 3343 4146 3683 4203; x_wconf 85' lang='lat' dir='ltr'><strong>invocatione</strong></span> <span class='ocrx_word' id='word_1_715' title='bbox 3718 4142 3960 4221; x_wconf 84' lang='lat' dir='ltr'><strong>Spiritus</strong></span> 
     </span>
    </p>
   </div>
   <div class='ocr_carea' id='block_1_103' title="bbox 2351 4235 3956 4306">
    <p class='ocr_par' dir='ltr' id='par_1_103' title="bbox 2351 4235 3956 4306">
     <span class='ocr_line' id='line_1_103' title="bbox 2351 4235 3956 4306; baseline 0.009 -18"><span class='ocrx_word' id='word_1_716' title='bbox 2351 4236 2520 4289; x_wconf 89' lang='lat' dir='ltr'><strong>sancti</strong></span> <span class='ocrx_word' id='word_1_717' title='bbox 2555 4253 2650 4304; x_wconf 89' lang='lat' dir='ltr'><strong>per</strong></span> <span class='ocrx_word' id='word_1_718' title='bbox 2672 4235 3071 4306; x_wconf 78' lang='lat' dir='ltr'><strong>impositionctn</strong></span> <span class='ocrx_word' id='word_1_719' title='bbox 3097 4256 3350 4296; x_wconf 88' lang='lat' dir='ltr'><strong>manuum</strong></span> <span class='ocrx_word' id='word_1_720' title='bbox 3380 4242 3733 4299; x_wconf 78' lang='lat' dir='ltr'><strong>conﬁrmandi</strong></span> <span class='ocrx_word' id='word_1_721' title='bbox 3773 4255 3901 4300; x_wconf 91' lang='lat' dir='ltr'><strong>sunt</strong></span> <span class='ocrx_word' id='word_1_722' title='bbox 3937 4266 3956 4303; x_wconf 88' lang='lat'>:</span> 
     </span>
    </p>
   </div>
   <div class='ocr_carea' id='block_1_104' title="bbox 2349 4328 3960 4405">
    <p class='ocr_par' dir='ltr' id='par_1_104' title="bbox 2349 4328 3960 4405">
     <span class='ocr_line' id='line_1_104' title="bbox 2349 4328 3960 4405; baseline 0.011 -25"><span class='ocrx_word' id='word_1_723' title='bbox 2349 4332 2471 4399; x_wconf 86' lang='lat' dir='ltr'><strong>quia</strong></span> <span class='ocrx_word' id='word_1_724' title='bbox 2518 4328 2742 4385; x_wconf 47' lang='lat' dir='ltr'><strong>furuta’n</strong></span> <span class='ocrx_word' id='word_1_725' title='bbox 2787 4341 2988 4387; x_wconf 77' lang='lat' dir='ltr'><strong>tantum</strong></span> <span class='ocrx_word' id='word_1_726' title='bbox 3038 4333 3289 4405; x_wconf 88' lang='lat' dir='ltr'><strong>Baptismi</strong></span> <span class='ocrx_word' id='word_1_727' title='bbox 3340 4336 3457 4393; x_wconf 89' lang='lat' dir='ltr'><strong>sine</strong></span> <span class='ocrx_word' id='word_1_728' title='bbox 3506 4339 3960 4398; x_wconf 81' lang='lat' dir='ltr'><strong>sanctiﬁcationis</strong></span> 
     </span>
    </p>
   </div>
   <div class='ocr_carea' id='block_1_105' title="bbox 2348 4423 3959 4498">
    <p class='ocr_par' dir='ltr' id='par_1_105' title="bbox 2348 4423 3959 4498">
     <span class='ocr_line' id='line_1_105' title="bbox 2348 4423 3959 4498; baseline 0.012 -24"><span class='ocrx_word' id='word_1_729' title='bbox 2348 4423 2547 4477; x_wconf 81' lang='lat' dir='ltr'><strong>virtute</strong></span> <span class='ocrx_word' id='word_1_730' title='bbox 2574 4438 2872 4493; x_wconf 87' lang='lat' dir='ltr'><strong>sumpsere.</strong></span> <span class='ocrx_word' id='word_1_731' title='bbox 2909 4444 2927 4478; x_wconf 73' lang='grc' dir='ltr'><strong><em>ι</em></strong></span> <span class='ocrx_word' id='word_1_732' title='bbox 2958 4427 3024 4481; x_wconf 81' lang='lat' dir='ltr'><strong>Et</strong></span> <span class='ocrx_word' id='word_1_733' title='bbox 3063 4429 3218 4498; x_wconf 86' lang='lat' dir='ltr'><strong>epist.</strong></span> <span class='ocrx_word' id='word_1_734' title='bbox 3247 4430 3348 4495; x_wconf 75' lang='lat'><strong>92,</strong></span> <span class='ocrx_word' id='word_1_735' title='bbox 3384 4429 3565 4486; x_wconf 71' lang='lat' dir='ltr'><strong>c.16:</strong></span> <span class='ocrx_word' id='word_1_736' title='bbox 3602 4450 3621 4483; x_wconf 75' lang='grc' dir='ltr'>ι</span> <span class='ocrx_word' id='word_1_737' title='bbox 3661 4430 3727 4486; x_wconf 82' lang='lat' dir='ltr'><strong>Hi</strong></span> <span class='ocrx_word' id='word_1_738' title='bbox 3764 4445 3959 4493; x_wconf 86' lang='lat' dir='ltr'><strong>autem</strong></span> 
     </span>
    </p>
   </div>
   <div class='ocr_carea' id='block_1_106' title="bbox 2349 4516 3959 4599">
    <p class='ocr_par' dir='ltr' id='par_1_106' title="bbox 2349 4516 3959 4599">
     <span class='ocr_line' id='line_1_106' title="bbox 2349 4516 3959 4599; baseline 0.011 -31"><span class='ocrx_word' id='word_1_739' title='bbox 2349 4516 2438 4585; x_wconf 91' lang='lat' dir='ltr'><strong>qui</strong></span> <span class='ocrx_word' id='word_1_740' title='bbox 2473 4533 2532 4571; x_wconf 89' lang='lat' dir='ltr'><strong>se</strong></span> <span class='ocrx_word' id='word_1_741' title='bbox 2573 4518 2872 4588; x_wconf 83' lang='lat' dir='ltr'><strong>baptizatos</strong></span> <span class='ocrx_word' id='word_1_742' title='bbox 2898 4524 3104 4587; x_wconf 89' lang='lat' dir='ltr'><strong>sciunt,</strong></span> <span class='ocrx_word' id='word_1_743' title='bbox 3149 4523 3244 4578; x_wconf 88' lang='lat' dir='ltr'><strong>sed</strong></span> <span class='ocrx_word' id='word_1_744' title='bbox 3285 4524 3437 4595; x_wconf 90' lang='lat' dir='ltr'><strong>cujus</strong></span> <span class='ocrx_word' id='word_1_745' title='bbox 3469 4525 3592 4581; x_wconf 77' lang='lat' dir='ltr'><strong>fidei</strong></span> <span class='ocrx_word' id='word_1_746' title='bbox 3630 4526 3826 4582; x_wconf 78' lang='lat' dir='ltr'><strong>fuerint</strong></span> <span class='ocrx_word' id='word_1_747' title='bbox 3854 4532 3959 4599; x_wconf 86' lang='lat' dir='ltr'><strong>qui</strong></span> 
     </span>
    </p>
   </div>
   <div class='ocr_carea' id='block_1_107' title="bbox 2349 4611 3960 4691">
    <p class='ocr_par' dir='ltr' id='par_1_107' title="bbox 2349 4611 3960 4691">
     <span class='ocr_line' id='line_1_107' title="bbox 2349 4611 3960 4691; baseline 0.012 -29"><span class='ocrx_word' id='word_1_748' title='bbox 2349 4623 2444 4663; x_wconf 90' lang='lat' dir='ltr'><strong>eos</strong></span> <span class='ocrx_word' id='word_1_749' title='bbox 2494 4611 2869 4680; x_wconf 84' lang='lat' dir='ltr'><strong>haptizavere,</strong></span> <span class='ocrx_word' id='word_1_750' title='bbox 2924 4615 3133 4671; x_wconf 89' lang='lat' dir='ltr'><strong>nescire</strong></span> <span class='ocrx_word' id='word_1_751' title='bbox 3181 4633 3238 4671; x_wconf 90' lang='lat' dir='ltr'><strong>se</strong></span> <span class='ocrx_word' id='word_1_752' title='bbox 3285 4620 3653 4685; x_wconf 78' lang='lat' dir='ltr'><strong>proﬁtentur:</strong></span> <span class='ocrx_word' id='word_1_753' title='bbox 3704 4623 3960 4691; x_wconf 80' lang='lat' dir='ltr'><strong>quolibet</strong></span> 
     </span>
    </p>
   </div>
   <div class='ocr_carea' id='block_1_108' title="bbox 2349 4701 3958 4783">
    <p class='ocr_par' dir='ltr' id='par_1_108' title="bbox 2349 4701 3958 4783">
     <span class='ocr_line' id='line_1_108' title="bbox 2349 4701 3958 4783; baseline 0.014 -31"><span class='ocrx_word' id='word_1_754' title='bbox 2349 4701 2508 4754; x_wconf 82' lang='lat' dir='ltr'><strong>modo</strong></span> <span class='ocrx_word' id='word_1_755' title='bbox 2545 4701 2769 4757; x_wconf 85' lang='lat' dir='ltr'><strong>formant</strong></span> <span class='ocrx_word' id='word_1_756' title='bbox 2806 4702 3151 4775; x_wconf 61' lang='lat' dir='ltr'><strong>nuptismatis</strong></span> <span class='ocrx_word' id='word_1_757' title='bbox 3188 4712 3524 4779; x_wconf 75' lang='lat' dir='ltr'><strong>acceperint,</strong></span> <span class='ocrx_word' id='word_1_758' title='bbox 3576 4712 3958 4783; x_wconf 82' lang='lat' dir='ltr'><strong>rebaptizandi</strong></span> 
     </span>
    </p>
   </div>
   <div class='ocr_carea' id='block_1_109' title="bbox 2346 4795 3957 4875">
    <p class='ocr_par' dir='ltr' id='par_1_109' title="bbox 2346 4795 3957 4875">
     <span class='ocr_line' id='line_1_109' title="bbox 2346 4795 3957 4875; baseline 0.011 -29"><span class='ocrx_word' id='word_1_759' title='bbox 2346 4807 2451 4846; x_wconf 89' lang='lat' dir='ltr'><strong>non</strong></span> <span class='ocrx_word' id='word_1_760' title='bbox 2480 4804 2624 4849; x_wconf 91' lang='lat' dir='ltr'><strong>sunt.</strong></span> <span class='ocrx_word' id='word_1_761' title='bbox 2667 4814 2684 4844; x_wconf 76' lang='grc' dir='ltr'><strong><em>ι</em></strong></span> <span class='ocrx_word' id='word_1_762' title='bbox 2724 4795 2883 4849; x_wconf 74' lang='lat' dir='ltr'><strong>Vides</strong></span> <span class='ocrx_word' id='word_1_763' title='bbox 2912 4814 3071 4873; x_wconf 87' lang='lat' dir='ltr'><strong>quam</strong></span> <span class='ocrx_word' id='word_1_764' title='bbox 3112 4816 3216 4852; x_wconf 90' lang='lat' dir='ltr'><strong>non</strong></span> <span class='ocrx_word' id='word_1_765' title='bbox 3252 4802 3303 4855; x_wconf 93' lang='lat' dir='ltr'><strong>in</strong></span> <span class='ocrx_word' id='word_1_766' title='bbox 3343 4804 3700 4875; x_wconf 68' lang='lat' dir='ltr'><strong>sententiain,</strong></span> <span class='ocrx_word' id='word_1_767' title='bbox 3749 4806 3846 4867; x_wconf 82' lang='lat' dir='ltr'><strong>sed</strong></span> <span class='ocrx_word' id='word_1_768' title='bbox 3893 4809 3957 4867; x_wconf 84' lang='lat' dir='ltr'><strong>in</strong></span> 
     </span>
    </p>
   </div>
   <div class='ocr_carea' id='block_1_110' title="bbox 2345 4888 3955 4973">
    <p class='ocr_par' dir='ltr' id='par_1_110' title="bbox 2345 4888 3955 4973">
     <span class='ocr_line' id='line_1_110' title="bbox 2345 4888 3955 4973; baseline 0.011 -31"><span class='ocrx_word' id='word_1_769' title='bbox 2345 4888 2507 4943; x_wconf 84' lang='lat' dir='ltr'><strong>verba</strong></span> <span class='ocrx_word' id='word_1_770' title='bbox 2553 4889 2665 4961; x_wconf 85' lang='lat' dir='ltr'><strong>ipsa</strong></span> <span class='ocrx_word' id='word_1_771' title='bbox 2706 4888 2966 4959; x_wconf 88' lang='lat' dir='ltr'><strong>Stephani</strong></span> <span class='ocrx_word' id='word_1_772' title='bbox 3009 4894 3349 4962; x_wconf 80' lang='lat' dir='ltr'><strong>conSpirent,</strong></span> <span class='ocrx_word' id='word_1_773' title='bbox 3404 4907 3460 4953; x_wconf 89' lang='lat' dir='ltr'><strong>et</strong></span> <span class='ocrx_word' id='word_1_774' title='bbox 3500 4913 3691 4959; x_wconf 87' lang='lat' dir='ltr'><strong>omnes</strong></span> <span class='ocrx_word' id='word_1_775' title='bbox 3724 4901 3955 4973; x_wconf 81' lang='lat' dir='ltr'><strong>quidem</strong></span> 
     </span>
    </p>
   </div>
   <div class='ocr_carea' id='block_1_111' title="bbox 2349 4980 3958 5066">
    <p class='ocr_par' dir='ltr' id='par_1_111' title="bbox 2349 4980 3958 5066">
     <span class='ocr_line' id='line_1_111' title="bbox 2349 4980 3958 5066; baseline 0.012 -32"><span class='ocrx_word' id='word_1_776' title='bbox 2349 4980 2630 5037; x_wconf 70' lang='lat' dir='ltr'><strong>lucreticos</strong></span> <span class='ocrx_word' id='word_1_777' title='bbox 2664 4984 2969 5057; x_wconf 82' lang='lat' dir='ltr'><strong>promiscue</strong></span> <span class='ocrx_word' id='word_1_778' title='bbox 2999 4987 3249 5053; x_wconf 88' lang='lat' dir='ltr'><strong>habeant,</strong></span> <span class='ocrx_word' id='word_1_779' title='bbox 3288 4998 3344 5045; x_wconf 89' lang='lat' dir='ltr'><strong>et</strong></span> <span class='ocrx_word' id='word_1_780' title='bbox 3372 4993 3439 5046; x_wconf 83' lang='lat' dir='ltr'><strong>ab</strong></span> <span class='ocrx_word' id='word_1_781' title='bbox 3480 4992 3611 5061; x_wconf 77' lang='lat' dir='ltr'><strong>ipsis</strong></span> <span class='ocrx_word' id='word_1_782' title='bbox 3644 4993 3958 5066; x_wconf 71' lang='lat' dir='ltr'><strong>baptizatos</strong></span> 
     </span>
    </p>
   </div>
   <div class='ocr_carea' id='block_1_112' title="bbox 2348 5075 3958 5161">
    <p class='ocr_par' dir='ltr' id='par_1_112' title="bbox 2348 5075 3958 5161">
     <span class='ocr_line' id='line_1_112' title="bbox 2348 5075 3958 5161; baseline 0.009 -33"><span class='ocrx_word' id='word_1_783' title='bbox 2348 5090 2452 5128; x_wconf 86' lang='lat' dir='ltr'><strong>non</strong></span> <span class='ocrx_word' id='word_1_784' title='bbox 2485 5075 2845 5147; x_wconf 81' lang='lat' dir='ltr'><strong>rebaptizcnt;</strong></span> <span class='ocrx_word' id='word_1_785' title='bbox 2879 5080 2972 5135; x_wconf 76' lang='lat' dir='ltr'><strong>sed</strong></span> <span class='ocrx_word' id='word_1_786' title='bbox 3004 5080 3053 5135; x_wconf 89' lang='lat' dir='ltr'><strong>id</strong></span> <span class='ocrx_word' id='word_1_787' title='bbox 3095 5082 3347 5143; x_wconf 82' lang='lat' dir='ltr'><strong>nimiruut</strong></span> <span class='ocrx_word' id='word_1_788' title='bbox 3382 5085 3607 5145; x_wconf 87' lang='lat' dir='ltr'><strong>innuant</strong></span> <span class='ocrx_word' id='word_1_789' title='bbox 3647 5090 3958 5161; x_wconf 63' lang='lat' dir='ltr'><strong>baptizatos</strong></span> 
     </span>
    </p>
   </div>
   <div class='ocr_carea' id='block_1_113' title="bbox 2348 5169 3956 5257">
    <p class='ocr_par' dir='ltr' id='par_1_113' title="bbox 2348 5169 3956 5257">
     <span class='ocr_line' id='line_1_113' title="bbox 2348 5169 3956 5257; baseline 0.014 -36"><span class='ocrx_word' id='word_1_790' title='bbox 2348 5183 2456 5222; x_wconf 88' lang='lat' dir='ltr'><strong>non</strong></span> <span class='ocrx_word' id='word_1_791' title='bbox 2480 5169 2581 5223; x_wconf 87' lang='lat' dir='ltr'><strong>dici</strong></span> <span class='ocrx_word' id='word_1_792' title='bbox 2602 5213 2618 5234; x_wconf 87' lang='lat'><strong>,</strong></span> <span class='ocrx_word' id='word_1_793' title='bbox 2665 5170 2764 5225; x_wconf 88' lang='lat' dir='ltr'><strong>nisi</strong></span> <span class='ocrx_word' id='word_1_794' title='bbox 2797 5171 2887 5245; x_wconf 90' lang='lat' dir='ltr'><strong>qui</strong></span> <span class='ocrx_word' id='word_1_795' title='bbox 2918 5172 3143 5228; x_wconf 79' lang='lat' dir='ltr'><strong>fortnam</strong></span> <span class='ocrx_word' id='word_1_796' title='bbox 3170 5175 3541 5246; x_wconf 83' lang='lat' dir='ltr'><strong>Baptismatis,</strong></span> <span class='ocrx_word' id='word_1_797' title='bbox 3575 5180 3677 5239; x_wconf 85' lang='lat' dir='ltr'><strong>hoc</strong></span> <span class='ocrx_word' id='word_1_798' title='bbox 3714 5192 3828 5257; x_wconf 82' lang='lat' dir='ltr'><strong>est,</strong></span> <span class='ocrx_word' id='word_1_799' title='bbox 3852 5184 3956 5242; x_wconf 78' lang='lat' dir='ltr'><strong>in-</strong></span> 
     </span>
    </p>
   </div>
   <div class='ocr_carea' id='block_1_114' title="bbox 2347 5264 3326 5344">
    <p class='ocr_par' dir='ltr' id='par_1_114' title="bbox 2347 5264 3326 5344">
     <span class='ocr_line' id='line_1_114' title="bbox 2347 5264 3326 5344; baseline 0.012 -27"><span class='ocrx_word' id='word_1_800' title='bbox 2347 5264 2681 5322; x_wconf 83' lang='lat' dir='ltr'><strong>vocationem</strong></span> <span class='ocrx_word' id='word_1_801' title='bbox 2713 5265 2992 5323; x_wconf 83' lang='lat' dir='ltr'><strong>Trinitatis</strong></span> <span class='ocrx_word' id='word_1_802' title='bbox 3016 5285 3326 5344; x_wconf 84' lang='lat' dir='ltr'><strong>suscepere.</strong></span> 
     </span>
    </p>
   </div>
   <div class='ocr_carea' id='block_1_115' title="bbox 2775 5380 3521 5449">
    <p class='ocr_par' dir='ltr' id='par_1_115' title="bbox 2775 5380 3521 5449">
     <span class='ocr_line' id='line_1_115' title="bbox 2775 5380 3521 5449; baseline 0.015 -11"><span class='ocrx_word' id='word_1_803' title='bbox 2775 5380 2896 5439; x_wconf 80' lang='grc' dir='ltr'><strong>ΧΧ.</strong></span> <span class='ocrx_word' id='word_1_804' title='bbox 2939 5400 3071 5443; x_wconf 74' lang='grc' dir='ltr'><strong>ιτει</strong></span> <span class='ocrx_word' id='word_1_805' title='bbox 3101 5402 3173 5443; x_wconf 78' lang='grc' dir='ltr'><strong>ει</strong></span> <span class='ocrx_word' id='word_1_806' title='bbox 3201 5403 3521 5449; x_wconf 70' lang='grc' dir='ltr'><strong>Αυῦυετιιιο.</strong></span> 
     </span>
    </p>
   </div>
   <div class='ocr_carea' id='block_1_116' title="bbox 2424 5494 3955 5573">
    <p class='ocr_par' dir='ltr' id='par_1_116' title="bbox 2424 5494 3955 5573">
     <span class='ocr_line' id='line_1_116' title="bbox 2424 5494 3955 5573; baseline 0.014 -24"><span class='ocrx_word' id='word_1_807' title='bbox 2424 5494 2514 5550; x_wconf 78' lang='lat' dir='ltr'><strong>llis</strong></span> <span class='ocrx_word' id='word_1_808' title='bbox 2540 5496 2809 5558; x_wconf 81' lang='lat' dir='ltr'><strong>succedat.</strong></span> <span class='ocrx_word' id='word_1_809' title='bbox 2845 5501 2936 5569; x_wconf 88' lang='lat' dir='ltr'><strong>qui</strong></span> <span class='ocrx_word' id='word_1_810' title='bbox 2981 5505 3294 5573; x_wconf 52' lang='lat' dir='ltr'><strong>pter-cedere</strong></span> <span class='ocrx_word' id='word_1_811' title='bbox 3345 5516 3401 5563; x_wconf 86' lang='lat' dir='ltr'><strong>et</strong></span> <span class='ocrx_word' id='word_1_812' title='bbox 3436 5522 3575 5564; x_wconf 86' lang='lat' dir='ltr'><strong>unus</strong></span> <span class='ocrx_word' id='word_1_813' title='bbox 3605 5509 3776 5567; x_wconf 83' lang='lat' dir='ltr'><strong>instar</strong></span> <span class='ocrx_word' id='word_1_814' title='bbox 3821 5527 3955 5571; x_wconf 86' lang='lat' dir='ltr'><strong>orn-</strong></span> 
     </span>
    </p>
   </div>
   <div class='ocr_carea' id='block_1_117' title="bbox 2348 5588 3950 5681">
    <p class='ocr_par' dir='ltr' id='par_1_117' title="bbox 2348 5588 3950 5681">
     <span class='ocr_line' id='line_1_117' title="bbox 2348 5588 3950 5681; baseline 0.013 -40"><span class='ocrx_word' id='word_1_815' title='bbox 2348 5588 2495 5643; x_wconf 86' lang='lat' dir='ltr'><strong>nium</strong></span> <span class='ocrx_word' id='word_1_816' title='bbox 2545 5604 2668 5645; x_wconf 83' lang='lat' dir='ltr'><strong>esse</strong></span> <span class='ocrx_word' id='word_1_817' title='bbox 2695 5599 2947 5659; x_wconf 84' lang='lat' dir='ltr'><strong>potuerat</strong></span> <span class='ocrx_word' id='word_1_818' title='bbox 2981 5594 3335 5667; x_wconf 67' lang='lat' dir='ltr'><strong>Augustinus.</strong></span> <span class='ocrx_word' id='word_1_819' title='bbox 3380 5600 3459 5655; x_wconf 79' lang='lat' dir='ltr'><strong>Ex</strong></span> <span class='ocrx_word' id='word_1_820' title='bbox 3496 5616 3566 5657; x_wconf 89' lang='lat' dir='ltr'><strong>eo</strong></span> <span class='ocrx_word' id='word_1_821' title='bbox 3599 5612 3781 5660; x_wconf 87' lang='lat' dir='ltr'><strong>autem</strong></span> <span class='ocrx_word' id='word_1_822' title='bbox 3808 5608 3950 5681; x_wconf 81' lang='lat' dir='ltr'><strong>quid</strong></span> 
     </span>
    </p>
   </div>
   <div class='ocr_carea' id='block_1_118' title="bbox 2348 5682 3950 5773">
    <p class='ocr_par' dir='ltr' id='par_1_118' title="bbox 2348 5682 3950 5773">
     <span class='ocr_line' id='line_1_118' title="bbox 2348 5682 3950 5773; baseline 0.015 -38"><span class='ocrx_word' id='word_1_823' title='bbox 2348 5682 2598 5750; x_wconf 77' lang='lat' dir='ltr'><strong>primum,</strong></span> <span class='ocrx_word' id='word_1_824' title='bbox 2627 5684 2752 5756; x_wconf 81' lang='lat' dir='ltr'><strong>quid</strong></span> <span class='ocrx_word' id='word_1_825' title='bbox 2781 5684 2978 5745; x_wconf 82' lang='lat' dir='ltr'><strong>deinde</strong></span> <span class='ocrx_word' id='word_1_826' title='bbox 3006 5705 3295 5763; x_wconf 85' lang='lat' dir='ltr'><strong>carpemus</strong></span> <span class='ocrx_word' id='word_1_827' title='bbox 3325 5696 3391 5751; x_wconf 88' lang='lat' dir='ltr'><strong>ad</strong></span> <span class='ocrx_word' id='word_1_828' title='bbox 3419 5697 3680 5770; x_wconf 81' lang='lat' dir='ltr'><strong>Stephani</strong></span> <span class='ocrx_word' id='word_1_829' title='bbox 3705 5705 3950 5773; x_wconf 84' lang='lat' dir='ltr'><strong>patroci-</strong></span> 
     </span>
    </p>
   </div>
   <div class='ocr_carea' id='block_1_119' title="bbox 2351 5774 3949 5861">
    <p class='ocr_par' dir='ltr' id='par_1_119' title="bbox 2351 5774 3949 5861">
     <span class='ocr_line' id='line_1_119' title="bbox 2351 5774 3949 5861; baseline 0.014 -31"><span class='ocrx_word' id='word_1_830' title='bbox 2351 5774 2539 5831; x_wconf 83' lang='lat' dir='ltr'><strong>nium?</strong></span> <span class='ocrx_word' id='word_1_831' title='bbox 2564 5776 2755 5835; x_wconf 84' lang='lat' dir='ltr'><strong>Omnia</strong></span> <span class='ocrx_word' id='word_1_832' title='bbox 2781 5780 2927 5838; x_wconf 84' lang='lat' dir='ltr'><strong>enim</strong></span> <span class='ocrx_word' id='word_1_833' title='bbox 2952 5782 3070 5854; x_wconf 82' lang='lat' dir='ltr'><strong>ejus</strong></span> <span class='ocrx_word' id='word_1_834' title='bbox 3092 5784 3160 5842; x_wconf 84' lang='lat' dir='ltr'><strong>de</strong></span> <span class='ocrx_word' id='word_1_835' title='bbox 3204 5787 3477 5861; x_wconf 76' lang='lat' dir='ltr'><strong>Baptismo</strong></span> <span class='ocrx_word' id='word_1_836' title='bbox 3503 5801 3695 5849; x_wconf 85' lang='lat' dir='ltr'><strong>contra</strong></span> <span class='ocrx_word' id='word_1_837' title='bbox 3720 5795 3949 5853; x_wconf 78' lang='lat' dir='ltr'><strong>Donati-</strong></span> 
     </span>
    </p>
   </div>
  </div>
