4216 6262
261 319 392 379 1229

1136 325 1204 384 ΙΝ
1240 327 1585 400 SYNODOS,
1619 330 1709 389 DE
1737 324 2081 389 BAPTISMO
2107 333 2663 400 HERETICORUM.

3415 354 3555 412 1250

260 446 365 493 stas
390 435 588 510 scripta
606 476 621 502 .
649 434 827 493 omnia
853 439 1049 512 capita,
1081 455 1271 500 omnes
1298 461 1463 517 prope
1488 463 1698 510 versus,
1717 447 1855 502 hanc
1883 447 1927 505 A
1961 447 2246 515 pluratiora
2273 464 2327 511 et
2366 454 2621 528 Stephani
2644 468 2699 515 et
2719 460 2971 534 Cypriani
2997 465 3156 522 verba
3186 474 3344 539 atque
3362 473 3558 526 sensa?

258 530 507 604 Stephani
566 547 684 587 cum
714 530 984 604 Cypriane
1005 540 1456 595 concertationem
1482 542 1549 596 ita
1578 556 1851 615 exequun-

257 634 355 694 tttr,
389 638 442 681 ut
474 627 767 697 disciplima
816 630 1044 689 sanioris
1091 642 1144 688 et
1186 636 1425 692 veritatis
1462 637 1714 708 majestas
1740 649 1850 696 tota

256 735 415 793 penes
456 720 785 791 Stephanum
817 714 1074 782 resideat.
1106 727 1429 784 Paucissima
1460 720 1747 800 decerpant
1783 748 1848 789 ex

257 813 515 871 immenso
565 830 704 886 pene
743 818 957 873 cumulo
1007 820 1468 877 innumerabilium
1514 824 1849 880 testimonio-

256 924 388 966 rum.
435 910 729 982 ἰδίω-ιι,
758 913 828 969 de
877 914 1148 986 Baptismo
1190 932 1313 972 con.
1376 917 1591 986 Donat.,
1632 934 1682 975 c.
1730 922 1844 977 lS:

260 1023 279 1057 ι
310 1004 445 1061 Cum
477 1005 621 1061 enim
669 1008 797 1063 tanti
856 1010 1033 1065 meriti
1060 1011 1343 1082 episeOpus
1381 1010 1681 1086 Cyprianus
1706 1015 1849 1070 aliud

254 1101 317 1159 de
358 1100 635 1171 Baptismo
683 1102 1035 1161 arbitraretur
1088 1120 1245 1176 quam
1294 1116 1410 1165 erat
1451 1108 1699 1176 inquisita
1729 1106 1851 1163 dili-

252 1194 458 1266 gentius
522 1196 720 1253 veritas
766 1196 1081 1263 firmatum;
1138 1198 1399 1269 multique
1445 1199 1560 1269 ejus
1608 1199 1846 1271 collega),

255 1285 494 1356 quamvis
540 1286 741 1359 liquido
767 1287 1004 1345 nondum
1047 1289 1469 1358 manifestatum,
1494 1290 1546 1347 id
1569 1301 1745 1351 tamen
1771 1302 1848 1349 te-

253 1386 442 1439 nerent
482 1379 625 1450 quod
667 1389 722 1437 et
767 1379 1031 1451 praeterita
1078 1380 1335 1441 Ecclesia:
1377 1384 1708 1463 consuetudo
1743 1427 1757 1451 ,
1799 1395 1855 1441 et

256 1478 436 1541 postea
494 1478 639 1527 totus
676 1469 970 1529 catholicus
997 1472 1146 1529 orbis
1191 1474 1472 1544 amplexus
1516 1484 1630 1544 est,
1658 1491 1764 1533 non
1793 1492 1854 1533 se

253 1563 342 1627 ille
394 1571 573 1623 tamen
624 1580 654 1621 ιι
690 1565 900 1623 caeteris
945 1563 1159 1623 diversa
1207 1568 1562 1625 sentientibus
1608 1580 1853 1640 separata

256 1658 631 1715 communione
652 1656 1149 1730 disjunxitaAudin
1177 1658 1507 1730 Stephanum
1536 1671 1592 1719 et
1627 1672 1855 1719 caeteros

256 1751 372 1822 ejus
400 1751 633 1822 collegas
657 1768 689 1808 a
718 1752 912 1823 quibus
964 1752 1310 1809 dissentiebat
1345 1754 1667 1826 Cypriamts,
1696 1756 1749 1811 id
1776 1765 1854 1812 te-

1953 543 2069 600 Non
2099 546 2245 603 illum
2276 553 2650 620 praeterierunt
2678 555 2763 609 illa
2791 556 3048 627 Stephani
3079 561 3258 627 verba,
3290 562 3386 617 «de
3414 580 3553 634 qua-

1953 653 2179 710 cumque
2233 642 2480 698 hreresi.»
2516 645 2626 701 Nec
2659 656 2835 703 tamen
2868 649 2956 705 ille
2982 668 3193 708 errasse
3221 653 3554 723 Stephanum

1955 732 2079 791 inde
2122 738 2324 807 elicuit,
2382 740 2477 795 sed
2526 756 2590 797 ex
2633 743 2882 810 adverso,
2913 747 3235 815 Apostolicae
3287 750 3558 807 traditioni

1954 827 2443 902 inexpugnabiliter
2494 834 2810 892 adhaesisse.
2878 835 3113 897 Canonis
3157 852 3334 897 autem
3363 845 3553 899 Arela-

1958 925 2122 981 tensis
2161 940 2223 980 ac
2279 927 2488 981 concilii
2512 928 2737 998 plenarii
2784 947 3023 999 sensum,
3059 934 3415 1011 fructumque,
3445 956 3555 997 non

1956 1016 2008 1070 in
2039 1018 2374 1074 emendanda
2399 1061 2413 1083 ,
2447 1021 2539 1075 sed
2581 1022 2630 1077 in
2659 1024 3022 1083 continuando
3059 1031 3235 1098 priore
3264 1045 3554 1092 consuetu—

1957 1109 2102 1176 dine,
2160 1114 2279 1184 quis
2308 1116 2425 1186 ipso
2453 1116 2737 1175 dilucidius
2762 1122 2932 1193 potuit
2961 1124 3280 1195 pervidere?

1958 1248 2100 1304 XXI.
2131 1265 2273 1314 qua
2301 1268 2461 1309 DlC’l'U
2490 1270 2661 1311 ueras
2680 1298 2693 1321 ,
2724 1272 2905 1314 τοτΑιι
2930 1277 3226 1325 Αιιρωιιωο
3250 1277 3481 1321 sanasse
3504 1281 3556 1320 ιιι

2315 1361 2416 1402 HOC
2447 1362 2611 1405 BTIAII
2641 1365 2872 1408 NEGOTIO
2914 1368 3229 1412 ECCLESIAH.

2031 1483 2091 1542 In
2133 1486 2234 1539 hac
2276 1486 2420 1541 enim
2461 1500 2613 1561 parte
2640 1492 2949 1550 universam
2976 1494 3266 1568 aliquando
3291 1500 3556 1572 caligasse

1959 1574 2296 1646 Ecclesium,
2345 1590 2397 1635 et
2446 1582 2715 1640 mendacii
2752 1587 2953 1644 retibus
3010 1589 3334 1660 implicatam
3366 1592 3557 1660 fuisse,

1960 1671 2153 1739 cupide
2205 1673 2422 1743 quidem
2458 1678 2854 1747 amplectuntur
2884 1682 3121 1740 lurretici
3144 1687 3340 1758 quibus
3361 1704 3561 1758 sponsa

1961 1762 2162 1821 Christi
2212 1770 2564 1836 prosdbulum
2597 1783 2698 1828 est.
2729 1777 2909 1847 Apage
2939 1790 3115 1833 autem
3159 1790 3216 1837 ut
3259 1784 3561 1840 aSsentian-

253 1847 472 1904 nuisse:
511 1866 531 1903 ι
558 1847 710 1916 Quod
758 1857 813 1904 et
840 1848 1104 1917 praeterita
1133 1847 1384 1907 Ecclesite
1412 1850 1766 1919 consuetudo,
1793 1860 1846 1911 et
1873 1848 1924 1913 B
1954 1866 2041 1913 tur
2085 1876 2337 1931 umquam
2368 1864 2468 1919 viri
2515 1865 2788 1923 catholici.
2841 1870 3193 1927 Subscrihant
3237 1876 3411 1943 potius
3440 1879 3554 1932 Αιι..

252 1949 436 2011 pectes
485 1952 628 1999 totus
650 1940 945 2003 catholicus
975 1941 1124 1998 orbis
1143 1942 1421 2013 amplexus
1444 1944 1560 1999 est?
1590 1965 1608 1998 ι
1644 1945 1709 2005 Et
1730 1946 1767 2000 l.
1787 1963 1844 2014 ιι,

253 2046 304 2093 c.
337 2032 369 2091 7
403 2050 418 2087 :
452 2050 473 2089 ι
507 2031 754 2095 Nondum
812 2042 929 2089 erat
978 2033 1258 2105 diligenter
1297 2034 1385 2089 illa
1411 2035 1667 2106 Baptistni
1694 2055 1846 2109 qua:-

248 2125 357 2181 stio
388 2135 724 2195 pertractata.
771 2125 877 2187 Sed
901 2137 1078 2183 tamen
1119 2127 1526 2185 saluberrimam
1563 2141 1848 2189 consuetu—

254 2218 429 2278 dinem
471 2220 688 2279 tenebat
739 2219 1014 2281 Ecclesia:
1065 2234 1224 2291 quam
1254 2220 1416 2275 credo
1458 2236 1525 2276 ex
1554 2223 1848 2291 apostolica

256 2312 537 2367 traditione
580 2313 904 2382 venientem,
956 2313 1096 2371 sicut
1142 2312 1306 2370 multa
1344 2328 1450 2369 non
1506 2314 1851 2371 inveniuntur

254 2403 309 2458 in
335 2403 532 2460 litteris
559 2420 766 2475 eorum,
792 2420 967 2477 neque
1011 2405 1066 2460 in
1096 2404 1335 2460 conciliis
1362 2407 1717 2476 posteriorum
1753 2423 1766 2459 :
1795 2415 1851 2462 et

254 2507 432 2554 tamen
487 2500 611 2571 quia
656 2515 752 2571 per
785 2500 1088 2555 universam
1132 2498 1504 2555 custodiuntur
1532 2498 1846 2565 Ecclesiam,

252 2594 464 2652 nonnisi
503 2594 573 2651 ab
631 2595 761 2665 ipsis
787 2595 978 2650 tradita
1005 2605 1058 2651 et
1085 2593 1455 2650 commendata
1485 2594 1797 2650 creduntur.
1823 2615 1842 2648 ι

250 2688 392 2758 Ergo
446 2686 751 2757 Stephanus
779 2697 832 2743 et
855 2687 1102 2743 universa
1146 2703 1267 2742 cum
1298 2702 1363 2743 eo
1390 2685 1652 2755 Ecclesia,
1680 2688 1725 2743 si
1747 2687 1850 2760 Cy-

250 2783 494 2852 prianum
543 2796 665 2837 cum
701 2780 996 2839 fautoribus
1042 2780 1249 2848 demas,
1281 2796 1386 2839 non
1414 2780 1767 2838 errabundam
1796 2791 1850 2837 et

248 2886 435 2948 postea
484 2876 895 2945 emeudaudam,
910 2876 1004 2933 sed
1027 2876 1376 2949 apostolicam
1395 2887 1448 2930 et
1473 2877 1714 2949 plenario
1732 2886 1851 2947 post

249 2969 554 3027 Arelatensi
607 2969 932 3040 Nicacnoque
982 2968 1213 3029 concilio
1237 2969 1691 3029 corroborandam
1720 2968 1848 3025 reti-

247 3061 408 3121 nebat
450 3063 915 3125 consuetudinem.
967 3063 1036 3125 Et
1064 3062 1264 3127 ibidem
1291 3079 1341 3121 c.
1372 3062 1439 3120 9:
1480 3082 1500 3116 ι
1549 3062 1847 3123 Concilium

249 3155 552 3211 universale
604 3156 841 3219 nondum
866 3154 1068 3217 factum
1096 3165 1232 3224 erat,
1271 3158 1392 3225 quia
1442 3156 1846 3215 consuetudinis

1951 1951 2203 2023 gustino,
2262 1964 2321 2008 ut
2364 1966 2558 2012 caetera
2589 1970 2814 2027 taceam,
2865 1964 2942 2019 rei
2993 1967 3375 2023 recentissimae
3416 1972 3560 2038 teSIi,

1953 2058 2109 2116 quam
2162 2047 2391 2103 novellis
2442 2051 2729 2123 haereticis,
2764 2065 2884 2123 post
2948 2055 3096 2114 mille
3144 2060 3560 2133 quadringentos

1952 2150 2092 2207 pene
2141 2154 2311 2195 annos
2337 2156 2471 2196 nova
2497 2143 2724 2201 subinde
2747 2147 3149 2205 mendaciorum
3181 2164 3236 2208 et
3264 2154 3559 2210 calumnia-

1953 2244 2071 2284 rum
2140 2243 2379 2288 monstra
2423 2238 2864 2306 parturientibus.
2899 2242 3028 2297 Tam
3056 2245 3194 2301 male
3224 2247 3292 2303 de
3321 2248 3561 2305 Ecclesia

1957 2320 2156 2381 Christi
2212 2329 2471 2399 suspicari
2501 2331 2763 2389 dedeceat
2790 2335 2909 2390 illos
2941 2339 3270 2409 Augustinus
3301 2342 3336 2396 l.
3366 2360 3403 2398 ιι
3424 2360 3558 2399 cou-

1954 2426 2033 2474 tra
2078 2418 2427 2479 Cresconium
2481 2424 2778 2485 Grammat.
2822 2445 2873 2483 c.
2903 2431 3014 2485 55:
3052 2452 3070 2485 ι
3100 2433 3334 2492 Proinde
3376 2453 3562 2508 quatu-

1954 2514 2036 2568 vis
2068 2515 2223 2584 hujus
2265 2517 2342 2572 rei
2371 2528 2517 2575 certe
2538 2520 2605 2576 de
2654 2520 2944 2593 Scripturis
2971 2529 3246 2584 canonicis
3293 2546 3398 2585 non
3432 2547 3558 2601 pro-

1954 2604 2156 2662 feratur
2206 2611 2533 2682 exemplum,
2588 2614 2898 2670 earumdem
2933 2625 3108 2674 tamen
3158 2619 3560 2693 Scripturarum

1952 2700 2113 2755 etiam
2155 2701 2206 2755 iu
2240 2704 2338 2758 hac
2364 2719 2423 2759 re
2448 2720 2477 2758 a
2510 2705 2659 2761 nobis
2692 2715 2903 2762 tenetur
2956 2711 3174 2780 veritas,
3203 2728 3323 2768 cum
3354 2716 3453 2771 hoc
3475 2714 3558 2770 fa-

1955 2794 2128 2849 cimus
2180 2796 2320 2865 quod
2370 2797 2635 2853 universa:
2675 2800 2876 2869 placuit
2922 2800 3200 2869 Ecclesiae,
3229 2823 3386 2877 quam
3419 2810 3559 2876 ipsa-

1954 2901 2071 2940 rum
2114 2886 2508 2957 Scripturarum
2555 2893 2896 2947 commendat
2934 2897 3241 2952 auctoritas.
3298 2898 3365 2954 Ut
3426 2916 3560 2971 quo-

1950 2979 2094 3034 niam
2149 2990 2330 3034 sancta
2374 2980 2649 3051 Scriptura
2703 2984 2886 3041 fallere
2953 3003 3057 3041 non
3089 2998 3285 3058 potest,
3316 2992 3560 3062 quisquis

1950 3070 2058 3125 falli
2109 3072 2296 3127 metuit
2346 3072 2506 3143 hujus
2548 3075 2873 3133 obscuritate
2914 3078 3247 3149 quaestionis,
3306 3083 3556 3139 eamdem

1952 3162 2248 3220 Ecclesiatn
2304 3166 2371 3220 de
2415 3166 2505 3221 illa
2533 3170 2795 3235 consulat,
2829 3184 2987 3241 quam
3014 3173 3131 3228 sine
3160 3174 3263 3227 ulla
3293 3177 3558 3248 ambigui-

246 3245 443 3309 robore
493 3248 771 3307 tenebatur
799 3248 944 3309 orbis
973 3257 1252 3316 terrarum,
1288 3255 1342 3305 et
1365 3247 1480 3305 haec
1521 3248 1634 3304 sola
1666 3264 1834 3319 oppo-
1863 3248 1912 3315 C
1946 3267 2056 3315 tate
2106 3257 2383 3329 Scriptura
2429 3276 2580 3316 sacra
2630 3262 2982 3320 demonstrat.
3021 3285 3041 3320 ι
3096 3266 3211 3321 Νοιι
3244 3267 3364 3324 fidei
3396 3245 3556 3341 igitur

244 3337 473 3397 nebatur
524 3341 777 3398 inducere
805 3341 1103 3401 volentibus
1140 3340 1450 3397 novitatem.
1487 3360 1505 3392 )
1546 3339 1671 3396 Ειι.
1699 3339 1756 3405 4.
1788 3357 1838 3398 c.

246 3434 280 3491 6
311 3452 328 3490 :
367 3453 387 3491 ς
414 3434 524 3492 Nec
567 3436 783 3495 invenio
835 3453 931 3497 cur
975 3438 1129 3497 istam
1158 3435 1598 3495 consuetudinem
1637 3438 1839 3508 impro-

241 3525 395 3594 bent,
424 3543 543 3598 qua:
595 3537 717 3601 post
755 3528 1083 3602 Cyprianum
1111 3530 1273 3589 etiam
1302 3528 1539 3600 plenario
1571 3529 1731 3585 totius
1760 3545 1841 3584 or—

243 3614 330 3675 bis
362 3618 587 3676 concilio
612 3619 926 3679 confirmata
974 3629 1089 3683 est,
1122 3630 1229 3676 etc.
1253 3635 1373 3677 cum
1403 3620 1519 3691 ejus
1547 3631 1838 3676 consuetu-

242 3708 389 3769 dinis
416 3712 685 3773 mutandae
711 3728 871 3771 causa
906 3715 1275 3773 auctoritatem
1313 3712 1610 3787 Cyprianus
1630 3729 1841 3782 qurere-

238 3813 348 3872 ret,
388 3805 600 3861 nonnisi
630 3805 682 3863 in
710 3804 889 3863 Africa
936 3805 1050 3863 sola
1077 3806 1272 3861 factum
1301 3803 1484 3876 paucis
1508 3814 1633 3859 ante
1658 3819 1717 3860 se
1746 3820 1839 3860 au-

234 3898 328 3965 nis
351 3899 629 3977 Agrippini
662 3900 948 3961 concilium
981 3900 1262 3972 reperiret.
1289 3899 1442 3973 Quod
1461 3915 1582 3955 cum
1614 3899 1714 3955 sibi
1742 3900 1837 3955 ad-

234 4007 459 4053 versum
512 3991 676 4053 totius
735 3992 880 4048 orbis
913 4008 1121 4055 morem
1161 4007 1270 4053 non
1298 3990 1544 4051 sufficere
1573 3998 1835 4054 cerneret,

222 4096 347 4154 etc.
388 4108 408 4143 ι
446 4088 513 4145 Et
536 4089 573 4144 ι.
608 4104 661 4157 v,
684 4102 732 4149 c.
764 4088 856 4147 25.
888 4107 914 4166 ι,
943 4089 1125 4145 Donec
1170 4103 1267 4161 per
1314 4086 1616 4165 plenarium
1659 4084 1839 4141 conci—

228 4180 370 4241 lium
400 4180 527 4253 quid
578 4191 722 4239 esset
748 4182 945 4239 rectius
973 4180 1229 4246 eluceret,
1263 4196 1368 4237 non
1400 4180 1575 4257 aliqua
1605 4178 1839 4234 novitate

231 4274 501 4341 instituta,
555 4276 651 4337 sed
673 4285 941 4334 vetustate
970 4276 1241 4335 roborata.
1274 4295 1295 4330 ι
1330 4275 1490 4333 Vides
1527 4289 1633 4349 quo
1678 4272 1841 4344 perti-

231 4367 417 4425 nuerit
435 4368 560 4439 quid
609 4369 893 4439 perfecerit
919 4371 1217 4443 plenarium
1257 4370 1561 4435 concilium,
1585 4384 1678 4425 seu
1704 4367 1840 4424 Are-

222 4442 345 4519 late
366 4504 380 4526 ,
412 4477 507 4519 seu
537 4458 730 4523 Nicaeae
750 4465 1077 4523 collectum?
1102 4465 1217 4524 Non
1250 4476 1304 4522 ut
1334 4482 1526 4523 novatn
1557 4466 1838 4522 haeretico-

228 4568 355 4611 rum
383 4554 584 4617 faceret
632 4558 1087 4628 distributionem,
1116 4562 1210 4617 sed
1236 4572 1294 4617 ut
1323 4570 1584 4619 vetustam
1608 4576 1837 4621 consue-

231 4648 478 4707 tudinem
506 4664 537 4705 a
562 4649 837 4722 Stephano
889 4663 1272 4729 propugnatam
1317 4669 1540 4713 accensa
1596 4654 1836 4711 veritatis
1863 4652 1916 4719 D

227 4736 356 4799 face
383 4741 696 4801 itlustratam
742 4745 1104 4803 confirmaret.
1136 4746 1204 4802 Et
1234 4748 1271 4802 l.
1298 4764 1391 4814 vtt,
1416 4763 1466 4807 c.
1494 4747 1566 4805 ‘20
1593 4766 1606 4803 :
1642 4766 1661 4800 ι
1698 4746 1830 4805 Nam

233 4834 471 4895 veritate
509 4846 692 4907 postea
737 4838 988 4910 liquidius
1019 4839 1250 4899 revelata
1295 4843 1461 4897 cessit
1507 4857 1660 4899 error
1689 4842 1833 4897 veri-

230 4926 358 4990 tati.
391 4942 512 4987 cum
565 4928 652 4989 illa
694 4930 1044 4989 saluberrima
1092 4934 1429 4991 consuetudo
1456 4937 1617 4995 etiam
1646 4936 1829 5005 plenav

225 5021 298 5079 rii
355 5022 567 5081 concilii
610 5026 923 5083 auctoritate
981 5030 1191 5087 lirntata
1234 5040 1336 5085 est.
1372 5048 1393 5082 ι
1427 5030 1553 5089 Etl.
1576 5030 1643 5085 de
1674 5031 1830 5085 unico

220 5113 508 5191 Baptismo
559 5135 676 5177 con.
729 5121 911 5193 Petil.,
937 5138 987 5179 c.
1022 5125 1088 5181 14
1123 5144 1136 5180 :
1178 5144 1197 5178 ι
1235 5126 1369 5182 Ecce
1412 5129 1519 5181 duo
1545 5136 1697 5182 erant
1721 5141 1830 5180 uno

220 5220 498 5283 tempore,
524 5223 581 5275 ut
622 5215 695 5275 de
718 5218 839 5275 aliis
870 5227 1094 5289 taceam,
1126 5220 1217 5290 qui
1243 5216 1453 5276 diversa
1488 5220 1822 5279 sentiebant:

220 5305 339 5363 duo
369 5318 523 5367 erant
575 5311 1121 5371 eminentissimarum
1173 5315 1544 5380 ecclesiarum,
1572 5314 1826 5368 Retuaua:

204 5401 434 5458 scilicet
457 5401 965 5475 etCarthagiuensis
1023 5407 1278 5477 episcopi,
1310 5405 1610 5477 Stephanus
1639 5413 1692 5459 et
1721 5405 1825 5474 Cy-

208 5493 451 5568 prianus
490 5500 653 5559 ambo
706 5498 761 5553 in
793 5498 995 5555 unitate
1042 5499 1301 5557 catholica
1357 5500 1649 5555 constituti.
1672 5497 1824 5553 Multi

204 5603 354 5645 cum
384 5589 496 5658 illo,
546 5591 763 5663 quidam
809 5591 971 5646 etiam
1021 5608 1142 5648 cum
1195 5591 1298 5647 isto
1324 5594 1641 5650 sentiebant.
1665 5602 1769 5649 etc.
1796 5612 1815 5646 ›

210 5681 367 5750 Quis
420 5699 591 5755 porro
629 5684 931 5755 Augustino
978 5686 1300 5745 exercitatio
1344 5686 1397 5743 in
1430 5687 1527 5743 bac
1554 5688 1823 5760 discepta-

206 5774 377 5833 tione
395 5775 417 5830 ἲ
438 5775 567 5846 Quis
594 5777 758 5837 altius
789 5778 1061 5851 ingressus
1082 5781 1134 5837 in
1162 5778 1317 5851 hujus
1364 5782 1676 5853 quaestionis
1702 5800 1822 5854 quae

204 5869 404 5933 adhuc
424 5872 847 5949 cumADonatistis
866 5873 1100 5933 fervebat
1149 5874 1582 5946 indagationem?
1604 5877 1701 5933 Cui
1723 5894 1821 5936 cx-

1949 3361 2152 3408 tantum
2187 3396 2203 3419 ,
2234 3353 2328 3409 sed
2380 3364 2433 3409 et
2461 3354 2759 3425 disciplinas
2816 3359 3171 3428 castigatioris
3224 3362 3425 3433 regula,
3456 3364 3556 3421 sic-

1948 3444 2037 3500 ubi
2091 3447 2249 3502 sileat
2277 3445 2706 3519 Scriptura,ipsa
2739 3458 2916 3506 tamen
2944 3464 3025 3507 εει
3056 3452 3319 3522 Ecclesia,
3353 3455 3419 3511 de
3448 3472 3552 3528 qua

1945 3553 2052 3594 non
2077 3540 2199 3594 silet
2223 3536 2518 3610 Scriptura.
2573 3539 2627 3596 Si
2660 3541 2903 3597 universa
2926 3554 3104 3603 autem
3134 3546 3421 3618 aliquando
3445 3547 3552 3604 Ec-

1945 3631 2130 3701 clesia,
2160 3633 2260 3688 etsi
2292 3633 2561 3699 dissimili,
2591 3634 2642 3691 in
2699 3651 2885 3692 errore
2926 3650 3101 3697 tamen
3154 3640 3431 3712 jacuisset,
3457 3659 3551 3699 ec-

1945 3725 2071 3797 quid
2100 3726 2241 3787 illam
2271 3728 2474 3784 consuli
2506 3728 2758 3784 attineret
2784 3730 2806 3782 ?
2833 3729 2889 3785 Si
2920 3742 3161 3788 erraSset
3206 3744 3355 3791 extra
3382 3752 3550 3808 syno-

1943 3816 2070 3872 dum
2114 3818 2380 3887 universa,
2412 3820 2538 3890 quin
2581 3828 2815 3875 errasset
2839 3832 2892 3877 et
2920 3822 2971 3877 in
3028 3825 3233 3895 synodo
3265 3827 3551 3896 plenaria?

1943 3909 2081 3965 Num
2127 3911 2289 3965 tutior
2334 3910 2402 3966 ab
2431 3927 2617 3967 errore
2662 3921 2778 3981 est,
2840 3917 3245 3986 repraesentatio
3271 3919 3548 3989 Ecclesiae,

1945 4016 2105 4071 quam
2156 4000 2443 4058 Ecclesia?
2473 4001 2611 4057 Num
2643 4003 2865 4059 collecta
2894 4005 2945 4060 in
2978 4022 3138 4062 unum
3172 4008 3547 4083 locum,quam

1945 4093 2110 4150 effusa
2138 4094 2192 4150 in
2222 4110 2435 4150 omnem
2457 4096 2479 4149 ?
2500 4095 2581 4151 An
2614 4096 2700 4153 ubi
2731 4097 2841 4168 ipsa
2893 4098 3182 4157 effunditur
3208 4103 3402 4175 ubique
3433 4116 3547 4163 ter-

1944 4202 2147 4255 rarum,
2192 4186 2481 4242 cﬂ‘uuditur
2520 4197 2575 4243 et
2603 4192 2875 4245 evanescit
2917 4192 3150 4261 Spiritus
3181 4210 3415 4263 sanctus,
3447 4214 3545 4270 pe-

1943 4280 2106 4334 ctoris
2138 4279 2333 4352 hospes
2353 4280 2573 4339 intimus
2597 4281 2621 4334 ἵ)
2647 4281 2744 4338 Cui
2770 4283 3033 4342 catholico
3088 4287 3206 4345 base
3245 4288 3405 4348 bilem
3434 4307 3542 4350 non

1945 4375 2234 4431 moveant?

2217 4512 2383 4569 XXII.
2419 4530 2550 4571 ιτειι
2581 4530 2648 4571 ex
2679 4531 2966 4576 VlNCBNﬂO
2991 4537 3271 4580 LlRmBNSl.

2020 4654 2326 4711 Vincentius
2356 4671 2570 4726 quoque
2628 4656 2929 4715 Lirinensis
2985 4676 3200 4719 omnem
3251 4666 3536 4725 cavillandi

1934 4746 2225 4805 faculatem
2258 4762 2465 4807 resecat
2514 4750 2796 4808 Common.
2822 4769 2861 4822 ι,
2895 4770 2943 4810 c.
2978 4756 3011 4811 9
3040 4774 3055 4812 :
3086 4777 3104 4810 ι
3137 4758 3413 4826 Quondam
3439 4764 3536 4835 igi-

1936 4852 2023 4899 tur
2078 4860 2198 4900 ven.
2227 4860 2389 4899 mem.
2424 4846 2745 4916 Agrippinus
2788 4846 3219 4920 Carthaginiensis
3253 4855 3535 4928 cpiscopus

1936 4938 2140 5007 primus
2184 4938 2420 4993 omnium
2479 4940 2830 5005 mortalium,
2875 4952 3055 4996 contra
3102 4944 3341 5002 divinum
3370 4964 3533 5005 eano—

1936 5046 2104 5096 nem,
2161 5040 2349 5085 contra
2396 5030 2715 5085 universalis
2764 5031 3015 5087 Ecclesim
3056 5036 3314 5106 regulam,
3345 5051 3529 5096 contra

1935 5138 2152 5177 sensum
2207 5123 2443 5176 omnium
2484 5123 2948 5192 consacerdotunt,
2993 5135 3178 5182 contra
3213 5147 3415 5187 morem
3444 5147 3530 5190 at-

1936 5232 2041 5287 que
2072 5216 2309 5271 instituta
2362 5215 2622 5285 majorum
2652 5217 3083 5287 rebaptizandutn
3106 5235 3225 5278 esse
3249 5227 3523 5284 censebat.

1935 5310 2066 5378 Qua:
2123 5309 2469 5377 praesumptio
2496 5318 2696 5363 tantum
2731 5310 2853 5363 mali
2884 5311 3104 5375 invexit,
3133 5324 3188 5368 ιιι
3221 5332 3325 5372 non
3354 5321 3526 5377 δυΙιιιιι

1934 5400 2206 5457 lucreticis
2233 5399 2481 5455 omnibus
2528 5401 2751 5457 formam
2783 5403 3070 5473 sacrilegii,
3101 5407 3193 5462 sed
3221 5411 3380 5467 etiam
3412 5416 3528 5484 qui-

1931 5495 2155 5553 busdam
2178 5493 2452 5549 catholicis
2494 5508 2828 5550 occasrouem
2859 5496 3122 5565 praeberet
3143 5504 3359 5559 erroris.
3392 5505 3524 5564 Cum

1927 5607 2057 5663 ergo
2105 5590 2339 5663 undique
2365 5589 2431 5643 ad
2462 5589 2749 5643 novitatem
2797 5589 2876 5644 rei
2916 5594 3092 5648 cuncti
3145 5597 3521 5673 reclamarent,

1926 5696 2087 5758 atque
2114 5700 2303 5741 omnes
2319 5697 2743 5754 quaquaversum
2787 5684 3097 5740 sacerdotes
3126 5702 3223 5756 pro
3249 5706 3347 5747 suo
3371 5699 3524 5766 quis-

1926 5796 2030 5855 que
2060 5779 2239 5836 studio
2278 5778 2687 5851 reniterentur:
2723 5787 2848 5835 tunc
2876 5778 3046 5833 beatae
3073 5786 3351 5842 memoria:
3384 5806 3519 5862 papa

1927 5873 2230 5946 Stephanus
2287 5870 2593 5942 apostolicae
2643 5869 2785 5927 sedis
2838 5869 3076 5927 Antistes
3104 5915 3118 5942 ,
3151 5888 3272 5932 cum
3311 5885 3521 5941 caeteris
