4216 6262
694 278 823 335 I25!

1906 270 2323 330 'I‘HOMASSINI
2361 264 2749 330 DISSERTAT
2756 267 2824 328 10

3844 262 3967 320 1232

694 395 910 466 quidem
950 392 1171 463 eollegis
1202 394 1335 453 suis.
1382 390 1476 446 sed
1536 402 1713 447 tamen
1743 404 1854 459 pra:
1885 390 2098 445 cieteris
2125 390 2284 444 resti-
2316 392 2362 448 Λ
2394 389 2647 443 sciatnon
2672 403 2793 443 esse
2820 386 3153 457 Baptismum
3181 382 3384 440 Christi
3413 383 3461 440 si
3482 382 3651 438 verba
3678 376 3960 453 evangelica

706 492 771 544 tit
798 510 811 555 ;
836 490 1078 559 dignum,
1132 496 1183 541 ul
1215 488 1428 557 opinor,
1456 481 1795 550 existimans,
1830 484 1873 537 si
1907 483 2143 553 reliquus
2170 500 2289 537 om-

693 599 794 639 nes
826 593 1029 636 tantum
1066 579 1187 633 ﬁdei
1231 578 1521 633 devotione
1570 580 1846 639 vini-cret,
1876 584 2132 645 quantum
2188 574 2288 627 loci

687 675 1012 729 auctoritate
1052 673 1365 743 superabat.
1400 670 1643 739 Denique
1671 670 1725 723 in
1757 667 1980 737 epistola
2014 683 2132 737 qttce
2166 676 2291 721 tunc

694 766 763 820 ad
792 765 1032 823 Africam
1064 764 1225 818 missa
1258 772 1360 828 est,
1388 761 1471 815 his
1494 761 1674 816 verbis
1705 758 1899 824 sanxit,
1919 758 2051 812 nihil
2084 773 2289 811 novan-

688 858 842 924 dum,
870 857 972 911 nisi
1015 855 1158 925 quod
1193 856 1445 910 traditum
1488 863 1591 909 est.
1631 875 1647 904 ι
1683 851 1782 908 Ubi
1835 850 2101 922 perSpicis
2128 865 2289 921 quam

687 951 869 1005 omnia
922 950 987 1004 ad
1031 948 1289 1020 Stephani
1339 948 1721 1003 defensionem
1764 947 1871 1001 sint
1906 947 2187 1000 instructa.
2225 943 2293 998 Et

691 1044 812 1098 hazc
840 1043 1058 1113 quidem
1119 1040 1390 1097 scribebat
1415 1040 1735 1095 Vincentius
1783 1049 1902 1109 post
1952 1038 2291 1100 Arelatense,

689 1147 813 1209 post
858 1135 1157 1201 Nicantum,
1193 1145 1311 1197 post
1353 1132 1413 1186 C.
1454 1132 1760 1186 Politanum
1820 1130 2072 1201 generale
2113 1129 2292 1183 conci-

688 1231 841 1287 lium.
871 1230 988 1285 Non
1034 1229 1117 1283 his
1150 1244 1281 1299 ergo
1311 1226 1562 1283 conciliis
1589 1241 1744 1295 aeque
1794 1223 2134 1294 repudiatam
2172 1224 2291 1278 Ste-

688 1324 850 1395 phani
878 1339 941 1378 ac
966 1322 1221 1395 Cypriani
1249 1321 1570 1375 sententiam
1603 1318 2000 1388 suspiCabatur.

763 1417 861 1473 His
901 1416 1039 1471 adde
1086 1414 1398 1469 Facundum
1430 1412 1882 1468 Hertuianenscm
1911 1410 2222 1480 episcopum
2254 1410 2290 1463 Ι.

688 1527 724 1565 x
763 1528 783 1562 ‹
821 1510 952 1565 Cum
980 1507 1289 1580 Cyprianus
1319 1522 1426 1561 non
1458 1507 1630 1561 solum
1665 1505 1937 1575 privatim,
1963 1512 2019 1556 ut
2044 1503 2092 1556 ei
2120 1503 2291 1557 visum

692 1616 799 1673 est,
851 1622 1036 1661 verum
1070 1605 1232 1660 etiam
1287 1612 1611 1671 congregato
1658 1601 1888 1655 Concilio
1937 1598 2207 1653 deﬁnierit
2237 1606 2295 1651 ut.

689 1702 865 1755 omnis
912 1698 1199 1753 haereticus
1245 1698 1313 1752 ab
1359 1696 1603 1751 Ecclesia
1635 1694 1851 1750 rediens
1881 1694 2204 1764 baptizetur,
2237 1703 2293 1748 et

2396 482 2589 553 quibus
2617 482 2920 553 symbolum
2975 488 3212 543 constat,
3244 478 3353 533 illic
3379 476 3691 532 defuerint?
3720 476 3821 532 Sed
3851 476 3965 529 faei-

2396 578 2499 632 lius
2530 575 2881 631 inveniuntur
2913 574 3150 629 haeretici
3192 572 3282 642 qui
3310 570 3526 626 omnino
3554 585 3664 626 non
3692 570 3959 640 baptilent,

2396 685 2556 740 quam
2585 670 2675 739 qui
2709 683 2812 723 nou
2842 667 2947 723 illis
2974 666 3153 722 verbis
3178 664 3473 735 baptizeut.
3512 683 3531 716 ι

2396 807 2587 863 XXIV.
2622 824 2834 863 ALTERA
2883 822 3213 863 unusnon
3264 820 3685 871 commoveas”,
3735 820 3801 860 an
3852 818 3964 859 νοεῖ

2466 916 2755 956 DECRETUM
2800 916 3060 955 STEPHANI
3117 914 3378 955 PLENARIO
3426 915 3599 955 ADHUC
3650 914 3807 954 ESSET
3852 913 3970 955 OPCS

2468 1010 2731 1061 CONCILIO,
2765 1011 2832 1050 UT
2855 1010 3085 1050 INNUERB
3117 1010 3347 1049 νιυετυιι
3389 1009 3736 1050 AUGUSTINUS.

2466 1108 2584 1164 Jan:
2616 1112 2769 1176 satis,
2799 1116 2855 1163 ut
2876 1110 3093 1180 opinor,
3113 1123 3403 1179 superque,
3423 1108 3619 1163 diluxit
3640 1109 3892 1180 quantilla
3918 1108 3977 1162 ti-

2398 1200 2496 1256 des
2544 1201 2789 1257 habenda
2846 1202 2916 1257 sit
2968 1201 3355 1269 novatoribus,
3399 1200 3612 1271 quando
3670 1203 3721 1255 in
3778 1217 3835 1255 re
3876 1211 3976 1256 tam

2397 1308 2581 1365 aperta
2613 1295 2793 1350 fucum
2825 1294 3025 1361 facere,
3060 1304 3115 1350 et
3158 1294 3395 1349 omnium
3447 1293 3662 1348 Patrum
3710 1294 3975 1363 conspira-

2397 1390 2619 1444 tissimze
2649 1388 2933 1445 sententia:
2961 1388 3232 1443 obluctari
3262 1388 3441 1443 conati
3472 1397 3621 1442 sunt.
3656 1386 3738 1441 Ad
3761 1388 3974 1443 alteram

2392 1483 2503 1554 jam
2548 1483 2893 1554 accingamur
2939 1481 3099 1552 hujus
3141 1482 3525 1536 controversiae
3567 1490 3775 1551 partem
3829 1497 3980 1551 cxpe-

2398 1575 2669 1632 diendam.
2700 1576 2772 1630 Et
2798 1590 2863 1632 ex
2888 1576 3241 1646 suprapositis
3263 1573 3546 1645 Augustini
3583 1574 3901 1629 testimoniis
3924 1574 3981 1629 il-

2399 1670 2489 1725 Iud
2521 1670 2737 1740 quidem
2766 1669 3055 1735 emicabat,
3088 1680 3379 1724 excusatOs
3408 1667 3555 1722 illum
3578 1678 3869 1737 utrumque
3893 1668 3980 1722 ba-

685 1806 911 1864 propter
939 1791 1044 1847 hoc
1099 1791 1348 1856 culpatus
1379 1806 1406 1841 a
1434 1789 1710 1858 Stephano
1738 1759 1994 1842 Antistitc
2046 1788 2290 1841 IIou'iano

2402 1762 2582 1817 buisse
2621 1761 2878 1832 Stephani
2924 1761 3286 1825 adversarios,
3329 1759 3470 1830 quod
3501 1760 3731 1815 necdum
3767 1777 3854 1816 res
3876 1762 3983 1829 ple.

686 1885 970 1945 restiterit,
999 1883 1259 1951 injuriose
1293 1892 1535 1937 tractans
1580 1880 1831 1935 eumdem
1865 1880 1926 1934 Β.
1953 1879 2289 1949 Stephanum

688 1994 719 2031 a
745 1994 851 2048 quo
880 1978 1055 2031 fuerat
1101 1975 1226 2045 jure
1272 1976 1537 2046 eulpatus,
1569 1984 1669 2028 etc,
1712 1993 1730 2025 ι
1769 1973 1834 2027 Et
1879 1974 1916 2027 l.
1943 1988 2065 2027 con.
2091 1971 2291 2025 Mucia-

691 2087 820 2126 num
854 2089 866 2123 :
902 2088 919 2121 ‹
951 2069 1157 2124 Idcirco
1187 2069 1246 2121 Β.
1281 2083 1497 2137 quoque
1513 2066 1821 2136 Stephanus
1843 2066 2039 2135 przesttl
2071 2074 2293 2135 aposto-

695 2164 815 2219 lica:
846 2161 989 2217 sedis
1011 2177 1132 2216 cum
1164 2172 1407 2215 sanetum
1432 2158 1763 2231 Cyprianum
1793 2168 1953 2228 atque
1974 2158 2110 2213 alios
2126 2158 2288 2211 Afros

693 2255 979 2324 episcopos
1032 2254 1101 2308 de
1133 2251 1466 2322 baptizandis
1497 2252 1752 2305 omnibus
1796 2250 2067 2305 haereticis
2092 2250 2287 2306 decre-

687 2349 835 2403 viSse
884 2356 1261 2417 cognosceret,
1293 2347 1554 2400 continuo
1584 2345 1635 2399 ei
1665 2343 2033 2411 denunciavit,
2069 2342 2210 2414 quod
2245 2343 2293 2397 si

695 2441 786 2512 qui
819 2440 939 2496 ha'c
983 2439 1269 2503 auderent,
1301 2438 1368 2493 ab
1400 2436 1642 2492 Ecclesia
1682 2436 2031 2507 pellerentur.
2063 2436 2131 2491 Et
2174 2437 2295 2492 Ste-

686 2536 852 2607 phani
892 2536 1071 2607 pOtius
1088 2549 1249 2606 quam
1275 2532 1532 2605 Cypriani
1569 2532 1895 2589 Sententiatu
1929 2543 2073 2589 tenet
2095 2534 2290 2589 ECCIe-

690 2631 791 2697 sia.
827 2646 932 2684 non
987 2630 1160 2685 solum
1191 2629 1258 2685 de
1312 2644 1417 2683 non
1450 2627 1848 2699 rebaptizandis
1874 2628 2166 2694 haireticis,
2199 2645 2291 2684 ve-

686 2736 810 2777 rum
849 2722 1008 2777 etiam
1054 2722 1120 2777 de
1174 2719 1632 2789 rebaptizantibus
1660 2736 1765 2775 non
1800 2720 2058 2778 ferendis.
2100 2741 2118 2772 »
2155 2723 2294 2791 Quid

703 2815 786 2869 his
807 2815 1044 2885 apertius
1072 2815 1242 2885 optari
1274 2816 1486 2886 potest?

691 2950 882 3007 XXIII.
918 2969 985 3008 ex
1008 2968 1278 3008 utncnano
1307 2969 1610 3021 auenansr,
1644 2969 1714 3008 er
1742 2968 2039 3009 aucusrmo
2068 2969 2289 3011 uuasus.

766 3061 1088 3144 Hincmarus
1134 3088 1367 3159 denique
1402 3131 1415 3152 ,
1472 3104 1539 3143 ne
1584 3087 1795 3157 longius
1845 3087 2197 3158 progrediar,
2239 3089 2291 3142 in

2400 1861 2552 1912 nario
2579 1857 2840 1912 Ecclesia:
2867 1857 3101 1912 concilio
3122 1855 3352 1910 diflinita
3375 1864 3535 1925 atque
3564 1854 3836 1909 elucidata
3860 1855 3983 1910 fuis-

2397 1961 2499 2007 set.
2528 1953 2607 2006 An
2639 1966 2767 2021 ergo
2795 1960 2920 2006 ante
2958 1950 3173 2005 concilii
3202 1950 3423 2020 plenarii
3452 1948 3850 2017 deﬁnitionem,
3877 1950 3990 2005 nul-

2398 2047 2501 2101 lius
2529 2046 2704 2109 culpa:
2734 2044 2929 2101 aflines
2947 2054 3073 2100 sunt
3101 2045 3191 2116 qui
3210 2047 3357 2101 sedis
3370 2046 3683 2115 apostolica:
3703 2047 3992 2104 constituta

2399 2140 2742 2212 despicautur
2767 2142 2791 2193 ?
2819 2142 2900 2195 An
2933 2156 2998 2196 ea
3029 2150 3148 2195 erat
3197 2144 3339 2197 inter
3391 2141 3717 2213 Cyprianum
3764 2152 3814 2196 et
3867 2140 3995 2197 Ste-

2358 2229 2360 2233 ’
2398 2234 2635 2305 pbantun
2679 2250 2725 2288 ae
2749 2234 2980 2299 iualitas,
3034 2244 3091 2289 ut
3120 2234 3232 2306 pari
3262 2234 3385 2305 jure
3413 2235 3465 2290 in
3498 2244 3655 2290 tantae
3683 2234 3761 2291 rei
3802 2233 3992 2292 disso-

2402 2328 2581 2385 nantia
2603 2345 2700 2386 suo
2730 2343 2952 2401 uterque
2965 2330 3166 2401 judicio
3188 2330 3455 2387 frueretur
3481 2330 3505 2374 ν

2407 2466 2573 2521 XXV.
2612 2483 2822 2524 comm
2851 2486 2918 2524 ex
2951 2485 3128 2525 censu
3156 2486 3475 2537 ancusrmo,
3511 2487 3681 2527 ETIAI
3707 2487 3849 2528 uti:
3879 2487 4001 2529 cos-

2470 2576 2649 2616 ῦιιιυιι
2670 2578 2738 2617 ΕΤ
2762 2577 2938 2618 SUIMA
2958 2579 3081 2619 FUIT
3102 2579 3356 2620 STEPHANI
3386 2581 3663 2622 POTESTAS
3682 2583 3749 2622 ΕΤ
3762 2583 4003 2623 CYPRIL‘I

2472 2670 2646 2711 ERROR
2674 2672 2986 2724 EXPIANDUS,
3016 2674 3119 2714 NON
3145 2674 3505 2716 EXCUSANDUS.

2474 2796 2821 2868 Nequaquam
2878 2798 2950 2853 ita
2979 2798 3179 2855 habere
3206 2801 3295 2857 vel
3326 2802 3661 2873 Augustinus
3709 2804 3818 2875 ipse
3861 2804 4010 2861 tide-

2395 2888 2578 2959 jussor
2604 2899 2709 2945 est.
2738 2889 2873 2945 Nam
2905 2890 2942 2945 Ι.
2976 2907 3028 2956 v,
3054 2908 3105 2946 c.
3136 2893 3209 2948 ‘23
3257 2904 3444 2949 contra
3478 2896 3673 2950 Donat.
3696 2897 3766 2952 de
3792 2896 3956 2965 Bapt.
3994 2913 4010 2951 :

2405 3001 2425 3035 σ
2462 2983 2661 3040 Scribit
2684 2983 2989 3057 Cyprianus
3014 2987 3349 3057 Stephanum
3395 3005 3557 3060 quem
3586 2990 3858 3047 Romanae
3905 2992 4013 3047 Ec-

2399 3078 2580 3133 clesiae
2605 3079 2920 3151 episcopum
2965 3089 3093 3136 tunc
3123 3082 3287 3138 fuisse
3317 3082 3627 3151 didicimus,
3664 3101 3778 3139 non
3832 3085 4013 3139 solum

694 3181 958 3252 Opusculo
988 3180 1081 3245 55,
1114 3196 1297 3250 capp.,
1331 3194 1381 3234 c.
1415 3180 1482 3235 19
1518 3198 1532 3235 :
1570 3197 1586 3229 ι
1626 3178 1693 3233 Ει
1734 3179 1856 3247 quia
1888 3178 2176 3234 concilium
2201 3178 2294 3233 Ni-
2317 3193 2364 3257 ρ
2399 3174 2501 3229 sibi
2533 3174 2601 3229 ad
2653 3176 2753 3230 ista
2806 3192 2913 3231 non
2946 3178 3313 3245 consensisse,
3359 3194 3546 3234 verum
3594 3179 3764 3233 etiam
3825 3191 4018 3235 contra

696 3292 905 3333 ca'num
938 3274 1601 3331 Paulianistasha-reticos
1630 3272 1697 3327 ad
1734 3273 2029 3328 Ecclesiam
2059 3273 2277 3328 venien-

696 3382 778 3426 tes
804 3369 1061 3440 baptizari
1094 3368 1366 3439 przecepit,
1396 3367 1611 3438 quidam
1645 3368 1806 3421 etiam
1836 3366 1973 3420 alios
2006 3366 2292 3421 lizereticos

696 3462 1049 3531 baptizandus
1089 3476 1211 3515 esse
1247 3460 1522 3523 dixerunt,
1552 3458 1695 3528 quod
1742 3457 2032 3527 apostolica
2062 3458 2220 3512 sedes
2242 3468 2297 3513 et

697 3554 947 3626 pleuaria
996 3552 1251 3619 concilia,
1278 3551 1419 3605 sicut
1457 3550 1673 3605 decreta
1708 3550 2072 3604 Ilonianorutn
2109 3550 2293 3604 Ponti-

697 3651 880 3714 ﬁcum,
930 3656 984 3703 et
1029 3656 1247 3701 sanctus
1286 3646 1616 3717 Augustinus
1638 3644 1823 3698 verbis
1846 3655 1899 3698 et
1928 3644 2178 3698 sensibus
2205 3659 2298 3699 co-

711 3743 863 3812 piose
877 3740 1135 3802 ostendit,
1155 3738 1365 3809 penitus
1386 3736 1721 3792 abdicarunt.
1739 3735 2110 3790 iPaulianistae
2129 3737 2293 3801 enim,

696 3847 761 3890 ut
816 3850 977 3904 supra
1018 3831 1239 3888 tradidit
1283 3829 1649 3895 Innocentius,
1682 3829 1735 3883 in
1769 3829 1988 3883 nomine
2018 3829 2299 3885 Trinitatis

709 3944 813 3985 non
844 3926 1181 3998 tinguebant,
1213 3924 1533 3997 tinguebant
1555 3924 1646 3978 alii
1671 3922 1784 3978 fere
1811 3924 2074 3990 hmretici,
2104 3926 2204 3980 etsi
2234 3926 2299 3980 iis

702 4021 1011 4079 nominibus
1058 4036 1166 4075 non
1195 4035 1315 4076 eam
1359 4035 1517 4091 quam
1569 4018 1809 4074 Ecclesia
1840 4019 2106 4074 catholica
2138 4019 2296 4075 ﬁdem

701 4113 1210 4186 complecterentur.
1260 4111 1416 4168 Unde
1461 4112 1792 4182 Augustinus
1841 4111 1877 4164 Ι.
1934 4127 1990 4165 ιιι
2020 4110 2087 4166 de
2140 4110 2295 4180 Bapt.

702 4225 825 4265 con.
859 4208 1142 4270 Donat.,c.
1175 4204 1242 4259 I5
1269 4222 1282 4258 :
1319 4204 1711 4270 «Quamobrem
1744 4204 1788 4258 si
1826 4205 2149 4275 evangelicis
2178 4219 2302 4260 ver-

703 4302 789 4356 bis
846 4302 895 4355 in
946 4299 1163 4354 nomine
1208 4297 1413 4362 Patris,
1451 4307 1504 4353 et
1537 4298 1695 4365 Filii,
1741 4308 1794 4353 et
1847 4300 2080 4369 Spiritus
2129 4301 2299 4355 sancti

708 4395 946 4450 Marcion
987 4394 1321 4465 Baptismum
1355 4395 1734 4457 consecrabat,
1769 4394 2034 4465 integrum
2080 4405 2197 4450 erat
2220 4413 2305 4450 sa-

705 4498 1065 4546 cramentum.
1100 4484 1349 4555 quamvis
1391 4486 1508 4555 ejus
1562 4485 1694 4541 ﬁdes
1742 4487 1845 4540 sub
1875 4487 2077 4542 eisdem
2128 4489 2305 4544 verbis

2395 3270 2680 3339 scripsisse
2719 3278 2881 3339 atque
2914 3272 3255 3341 praecepisse.
3293 3291 3311 3324 ι
3350 3271 3442 3328 Sic
3468 3288 3600 3345 ergo
3654 3273 3792 3328 alibi
3852 3288 4017 3344 supra

2396 3358 2531 3414 dixit
2583 3360 2719 3415 duos
2774 3360 2943 3417 fuisse
3010 3364 3564 3419 eminentissimarum
3643 3366 4019 3421 ecclesiarum

2402 3455 2661 3524 pra'sules
2680 3455 2896 3510 diversa
2928 3457 3251 3525 sentientes,
3286 3469 3341 3511 ut
3372 3456 3460 3513 hic
3489 3468 3755 3530 agnoscat
3780 3460 4025 3516 altentn

2398 3549 2552 3604 alteri
2580 3551 2924 3620 prmcepisse.
2948 3552 3010 3607 Et
3042 3552 3105 3607 1.1
3137 3552 3204 3607 de
3229 3552 3381 3622 Bapt.
3403 3570 3528 3607 con.
3559 3552 3789 3620 Donat.,
3825 3571 3879 3610 c.
3915 3557 4025 3611 18:

2406 3661 2424 3693 ι
2456 3643 2510 3696 lu
2543 3659 2645 3714 qua
2684 3641 2942 3709 Ecclesia,
2975 3660 3018 3699 st
3059 3645 3207 3699 aliud
3248 3646 3336 3700 alii
3369 3646 3545 3701 adhuc
3573 3646 3643 3702 de
3702 3650 3813 3702 ista
3843 3663 4032 3718 quas-

2403 3737 2549 3793 tione
2590 3738 2738 3793 salva
2765 3753 2900 3809 pace
2939 3739 3224 3807 sentirent,
3252 3739 3427 3796 donec
3456 3742 3759 3797 universali
3783 3743 4032 3799 concilio

2400 3846 2568 3884 unum
2621 3830 2825 3901 aliquid
2875 3831 3171 3901 eliquatum
3229 3832 3614 3902 sincerumque
3679 3834 4021 3903 placuisset,

2401 3923 2650 3979 humanae
2702 3924 3028 3979 inﬁrmitatis
3100 3940 3342 3981 errorem
3392 3927 3700 3997 cenperiret
3762 3928 4025 3983 charitas

2400 4017 2621 4071 unitatis
2646 4034 2660 4070 :
2694 4018 2835 4073 sicut
2868 4018 3128 4087 scriptum
3152 4027 3254 4087 est,
3277 4019 3398 4089 quia
3423 4020 3650 4075 charitas
3667 4024 3848 4091 operit
3885 4026 4035 4077 mul-

2403 4110 2670 4164 titudinem
2714 4095 3217 4181 peccatorumeua
3243 4111 3388 4166 enim
3416 4112 3642 4168 absente
3666 4123 3887 4169 extera
3921 4117 4045 4172 ina-

2403 4205 2544 4259 niter
2574 4204 2863 4271 habentur,
2894 4205 3083 4260 eadem
3129 4215 3398 4275 prtesentc
3444 4206 3693 4276 quaedam
3726 4208 4047 4265 venialiter

2405 4313 2513 4353 non
2561 4298 2850 4354 habentur.
2888 4318 2907 4350 ι
2941 4298 3205 4355 Peccasse
3233 4299 3563 4371 Cyprianum
3609 4314 3721 4354 non
3752 4301 4047 4358 dissimu-

2407 4392 2478 4447 lat
2508 4408 2522 4445 :
2554 4409 2714 4464 quem
2747 4409 2869 4448 mox
2897 4395 2972 4449 ait
3004 4412 3023 4447 ς
3052 4394 3116 4449 ad
3140 4394 3373 4464 palmam
3403 4394 3644 4465 martyrii
3665 4398 4049 4465 pervenisse,

2408 4496 2467 4539 ut
2494 4486 2538 4540 si
2561 4502 2665 4558 qua
2701 4488 2752 4542 in
2785 4487 2902 4557 ejus
2932 4487 3160 4542 lucidam
3192 4497 3426 4543 mentem
3450 4502 3515 4542 ex
3548 4488 3790 4543 humana
3824 4491 4052 4545 condi-

708 4581 852 4635 aliud
883 4579 1155 4650 Opinantis
1178 4594 1337 4640 quam
1356 4578 1619 4634 catholica
1646 4578 1844 4633 veritas
1871 4581 2050 4643 docet,
2078 4595 2185 4636 non
2216 4597 2291 4634 es
2326 4592 2381 4654 Ῑ)
2410 4577 2555 4633 tione
2587 4579 2780 4634 nebula
2805 4580 3120 4650 irrepserat.
3148 4580 3383 4652 gloriosa
3414 4585 3713 4635 serenitate
3763 4580 4058 4655 fulgentis

706 4674 1038 4743 sctintegra,
1070 4672 1166 4727 sed
1195 4671 1454 4728 fabulosis
1482 4671 1806 4727 falsitatibus
1834 4673 2129 4743 inquinata.
2162 4670 2296 4730 Nam

706 4769 808 4821 sub
852 4768 1056 4823 eisdem
1105 4768 1309 4835 verbis,
1342 4767 1392 4821 id
1423 4778 1525 4833 est,
1559 4767 1611 4821 in
1668 4769 1977 4824 nominibus
2025 4770 2220 4832 Patris,
2247 4782 2302 4827 et

708 4859 850 4927 Filii,
874 4872 927 4914 et
956 4860 1188 4931 Spiritus
1212 4860 1385 4915 sancti
1417 4875 1521 4912 non
1574 4859 1747 4913 solum
1788 4861 2046 4926 Marcion,
2078 4875 2169 4916 aut
2190 4862 2301 4917 Va-

704 4951 965 5015 lentinus,
997 4963 1085 5005 aut
1114 4951 1298 5013 Arius,
1332 4960 1423 5004 aut
1475 4949 1794 5015 Eunomius,
1841 4953 1935 5008 sed
1989 4954 2087 5024 ipsi
2115 4971 2305 5011 carna—

706 5044 789 5099 Ics
820 5044 1023 5114 parvuli
1056 5042 1342 5107 Ecclesim,
1388 5043 1455 5098 de
1504 5044 1698 5114 quibus
1728 5045 1941 5101 dicebat
1968 5049 2259 5114 Apostolus
2286 5069 2302 5117 ;

709 5153 816 5193 non
852 5138 996 5207 potui
1051 5137 1191 5208 loqui
1224 5136 1374 5190 vobis
1405 5137 1556 5206 quasi
1605 5139 1992 5208 spiritualibus.
2024 5142 2117 5196 sed
2150 5145 2303 5212 quasi

709 5230 1041 5295 carnalibus,
1071 5230 1116 5285 si
1149 5239 1367 5299 possent
1412 5231 1605 5301 singuli
1648 5232 1933 5304 diligenter
1963 5235 2303 5305 interrogari,

714 5332 791 5376 tot
831 5322 1170 5377 diversitates
1229 5322 1542 5391 Opinionuin
1584 5322 1851 5384 fortassis.
1877 5338 2006 5398 quot
2036 5328 2303 5397 homines,

714 5426 1149 5472 numerarentur.
1181 5434 1200 5468 ›
1235 5416 1466 5472 Consule
1497 5417 1851 5488 Epiphanium
1874 5432 1925 5475 et
1953 5423 2089 5477 alios
2117 5425 2206 5494 qui
2233 5424 2302 5482 de

716 5507 1012 5561 Inrresibus
1038 5510 1304 5577 scripsere
1322 5510 1421 5564 etsi
1459 5510 1713 5565 minutias
1745 5512 1857 5567 fere
1880 5517 2174 5569 consectati
2198 5515 2307 5571 sint

716 5615 926 5665 omnes,
955 5616 1195 5656 eversam
1226 5612 1401 5656 tamen
1433 5603 1500 5654 ab
1533 5602 1656 5656 ullis
1687 5603 1912 5659 formam
1940 5606 2195 5678 Baptismi
2218 5610 2307 5664 vix

718 5693 978 5758 reperies,
1009 5694 1107 5747 nisi
1158 5693 1227 5746 ab
1253 5709 1358 5747 uno
1386 5703 1441 5747 et
1484 5695 1675 5748 altero.
1709 5696 1865 5751 Unde
1895 5700 2029 5755 scite
2052 5703 2307 5770 Augusti-

724 5794 821 5836 tlus
853 5781 888 5835 Ι.
923 5796 971 5834 vt
999 5783 1067 5835 de
1105 5782 1261 5853 Bapt.
1295 5798 1419 5837 con.
1452 5783 1646 5837 Donat.
1681 5800 1692 5837 :
1724 5804 1742 5837 ι
1772 5787 2038 5848 Caeterum
2066 5794 2186 5866 quis
2212 5808 2308 5851 ne-

2405 4671 2680 4740 sanguinis
2718 4671 3009 4743 fugaretur.
3055 4691 3073 4723 »
3108 4672 3173 4728 Et
3212 4689 3337 4729 mox
3391 4672 3541 4728 addit
3579 4672 3727 4743 quod
3779 4672 3865 4730 de
3904 4675 4061 4747 Bap-

2407 4765 2571 4821 tismo
2602 4765 2759 4822 aliter
2787 4778 3035 4823 senserat
3062 4783 3220 4839 quam
3247 4784 3307 4824 se
3336 4784 3425 4824 res
3450 4769 3708 4839 habebat,
3747 4792 3768 4825 ι
3806 4774 3881 4829 id
3915 4776 4063 4830 cha-

2404 4861 2582 4914 ritatis
2624 4861 2869 4917 ubertate
2898 4871 3200 4933 pensatum,
3246 4872 3301 4917 et
3345 4866 3613 4936 passionis
3644 4865 3791 4923 falce
3824 4884 4063 4940 purga-

2405 4960 2517 5007 tum
2575 4970 2716 5010 esse.
2757 4973 2775 5006 ›
2809 4955 2878 5010 Ει
2923 4957 2960 5010 I.
2994 4972 3051 5021 v,
3085 4972 3135 5013 c.
3167 4957 3266 5014 251
3306 4976 3320 5012 :
3352 4958 3470 5015 .Iam
3523 4960 3609 5015 illa
3641 4977 3769 5031 quae
3807 4962 3883 5018 in
3932 4964 4067 5019 διε-

2405 5046 2643 5117 phanum
2674 5049 2914 5105 irritatus
2962 5050 3150 5106 eﬂ‘udit
3176 5050 3479 5122 Cyprianus
3509 5062 3818 5110 retraetare
3886 5059 4063 5121 nolo,

2406 5142 2529 5211 quia
2559 5151 2614 5197 et
2663 5159 2768 5198 non
2819 5158 2956 5213 opus
2999 5154 3084 5200 est
3136 5144 3210 5199 Ea
3242 5146 3519 5213 praeterire
3553 5146 3754 5201 melius
3783 5157 3903 5203 est
3930 5164 4067 5218 qua

2405 5235 2704 5305 periculum
2756 5237 3059 5305 perniciose
3114 5237 3471 5294 dissensionis
3519 5237 3882 5294 habuerunt.
3920 5244 4071 5297 Suec

2408 5326 2620 5398 phantts
2642 5337 2822 5384 autem
2848 5338 2904 5383 et
2929 5330 3281 5386 abstinendos
3312 5340 3594 5401 putaverat
3614 5331 3707 5401 qui
3740 5331 3827 5388 de
3864 5336 4073 5389 susci-

2410 5422 2621 5495 piendis
2650 5423 2920 5478 hzcreticis
2952 5424 3183 5492 priscam
3218 5422 3667 5479 consuetudinem
3695 5426 4073 5483 convellere

2410 5528 2757 5575 conarentur.
2786 5518 2892 5573 Iste
2921 5528 3101 5574 autem
3132 5519 3447 5589 quaestionis
3495 5519 3649 5573 istius
3682 5518 4077 5576 difﬁcultate

2411 5623 2687 5682 permotus
2718 5619 2774 5665 et
2800 5620 3000 5665 sanctae
3040 5610 3323 5665 cbaritatis
3351 5610 3648 5667 visceribus
3704 5609 4079 5682 largissime

2413 5707 2697 5777 prmditus,
2726 5706 2778 5759 in
2806 5706 3010 5759 unitate
3033 5718 3156 5759 cum
3199 5704 3282 5759 eis
3319 5702 3641 5759 manendum
3670 5705 3765 5772 qui
3812 5704 4077 5759 diversa

2415 5801 2697 5857 sentirent.
2753 5799 2830 5854 Ita
2867 5798 3111 5871 quamvis
3163 5800 3508 5867 commotius,
3541 5796 3635 5854 sed
3670 5806 3899 5857 tamen
3950 5799 4077 5854 τηε
