4216 6262
322 328 466 388 4255

1148 328 1214 386 ΙΝ
1256 327 1595 400 SYNODOS,
1638 332 1727 387 DE
1770 332 2109 390 BAPTISMO
2149 329 2691 391 HIERETICORUM.

3481 344 3501 395 1
3513 343 3619 399 ΞΜ

319 455 475 503 terne
499 444 831 519 indignetur:
859 448 987 503 vicit
1018 456 1194 503 tamen
1226 465 1325 518 pax
1348 447 1546 503 Christi
1575 449 1627 503 in
1655 447 1911 504 cordibus
1939 451 1991 509 A
2018 446 2181 516 Culpa
2206 447 2419 501 liberari
2449 463 2578 519 ergo
2601 463 2705 503 nou
2731 459 2942 520 poterat
2977 450 3283 521 Cyprianus
3304 492 3319 517 ,
3353 450 3443 521 qui
3475 468 3613 507 cori-

320 554 532 606 eorum,
558 552 613 595 ut
645 541 697 594 in
735 541 824 596 tali
851 541 1246 612 disceptatione
1278 544 1481 597 nullum
1507 543 1649 596 inter
1673 558 1767 596 eos
1796 559 1913 597 ma-

320 631 432 687 lum
458 632 771 689 schismatis
792 633 1046 689 oriretur.
1084 655 1102 688 i
1134 635 1295 691 Vides
1351 645 1408 689 ut
1455 635 1712 706 Cypriani
1748 636 1913 691 ell‘er-

319 728 645 782 vescentiam
692 727 1047 797 perstringat,
1096 728 1371 797 Stephano
1413 727 1602 782 eadem
1646 728 1912 796 placuisse

315 830 517 873 astruat
539 834 659 889 qua:
677 820 960 875 universali
991 831 1113 891 post
1142 822 1418 885 Ecclesim,
1452 834 1508 875 ut
1536 838 1601 875 ne
1636 821 1903 892 Baptisma

316 911 692 969 hatreticorum
739 914 1043 981 iteraretur,
1070 928 1125 971 et
1173 919 1431 971 iterantes
1462 914 1901 971 abstinerentur:

315 1006 549 1077 denique
577 1008 965 1079 dispensationi
999 1027 1101 1081 qua
1156 1012 1329 1066 errori
1381 1028 1479 1065 suo
1525 1012 1906 1069 blandiebatur

313 1099 616 1172 Cyprianus
645 1102 711 1157 ad
741 1104 1094 1158 avertendum
1128 1104 1361 1159 schisma
1417 1106 1752 1176 acquievisse
1790 1118 1906 1161 tan-

309 1193 433 1249 dem
483 1194 834 1266 Stephanum.
882 1195 997 1251 Etsi
1032 1197 1176 1252 enim
1226 1197 1374 1252 nullo
1402 1198 1646 1264 decreto,
1682 1201 1794 1269 ipsa
1825 1208 1903 1253 ta-

307 1302 431 1342 men
481 1289 734 1357 patientia
782 1304 876 1343 sna
903 1305 1007 1360 qua
1054 1290 1376 1345 intentatum
1407 1291 1609 1347 fulmen
1645 1290 1897 1359 inhibuit,

304 1383 583 1437 consensit
624 1382 927 1452 Stephanus
974 1383 1025 1437 in
1096 1383 1231 1439 hanc
1285 1386 1668 1440 oeconomiam.
1713 1385 1897 1458 Itaque

302 1475 575 1546 Stephano
618 1476 670 1531 in
732 1476 876 1530 illum
917 1478 1276 1533 (ecouomiam
1320 1478 1720 1545 consentiente,
1777 1482 1896 1550 ejus

300 1570 676 1624 auctoritatem
730 1568 840 1637 jam
896 1585 1001 1624 non
1056 1570 1389 1640 spernebant
1456 1573 1546 1642 qui
1601 1573 1893 1629 concilium

299 1662 601 1732 plenarium
633 1661 1076 1732 Opperiebautur.

342 1795 531 1852 XXVI.
582 1813 650 1855 εκ
702 1813 912 1863 EODEM,
960 1813 1251 1854 CYPRIANUS
1288 1815 1458 1856 PE'I‘BO
1500 1816 1856 1860 courannon

404 1907 634 1947 ERRANTI
653 1934 667 1957 ,
697 1907 793 1947 SED
818 1908 1170 1949 CORBIPIENTE
1198 1909 1476 1949 COLLEGAM
1507 1913 1773 1952 AUDIENDI.

363 2032 499 2101 Quid
526 2032 667 2104 quod
694 2035 997 2089 sexcenties
1028 2033 1166 2088 idem
1192 2032 1522 2107 Cyprianum
1554 2036 1713 2092 Petro
1731 2053 1883 2092 com-

291 2137 472 2196 parat,
538 2127 848 2197 episcopum
920 2128 1217 2199 Apnstolo,
1284 2138 1554 2184 errantem
1642 2134 1881 2199 erranti,

292 2230 585 2291 martyrem
638 2221 911 2290 martyri?
956 2222 1088 2276 Cum
1114 2232 1290 2277 tamen
1334 2222 1523 2277 Petrus
1564 2226 1721 2293 paulo
1766 2241 1887 2279 cor-

289 2311 505 2383 ripienti
560 2313 911 2382 acquieverit,
969 2314 1087 2384 ejus
1127 2317 1329 2368 erroris
1359 2324 1653 2369 sectatores
1679 2315 1747 2370 ab
1780 2316 1883 2371 Ec-

290 2403 455 2459 clesia
509 2403 717 2472 praecisi
750 2414 891 2459 sunt.
935 2405 1011 2460 Ita
1058 2414 1113 2460 et
1155 2406 1414 2478 Cypriani
1459 2409 1711 2479 martyris
1761 2409 1883 2464 imi-

292 2502 495 2551 tatores
520 2495 589 2550 ab
615 2496 818 2551 unitate
842 2512 901 2552 se
922 2498 1206 2566 abrupere.
1234 2498 1353 2552 Lib.
1382 2514 1478 2562 vn,
1520 2514 1569 2553 c.
1604 2501 1656 2553 l.
1716 2522 1733 2551 ι
1766 2500 1884 2554 Hae-

290 2588 443 2643 retici
500 2589 609 2643 nati
656 2604 720 2643 ex
778 2589 869 2643 illo
917 2605 1101 2645 errore
1125 2589 1178 2643 in
1228 2606 1385 2659 quem
1438 2590 1629 2645 Petrus
1660 2591 1883 2648 devians

291 2695 323 2734 a
370 2679 535 2734 Paulo
595 2690 876 2735 revocatus
927 2691 1048 2745 est,
1106 2682 1159 2735 in
1188 2682 1288 2736 hoc
1342 2697 1511 2753 usque
1564 2684 1877 2752 persistuut.

2020 538 2358 594 suetudinem
2411 542 2729 596 universalis
2763 542 3018 597 Ecclesia:
3048 553 3102 597 et
3159 543 3503 598 traditionem
3547 545 3617 598 ah

2019 631 2290 701 Apostolis
2327 649 2494 704 usque
2522 634 2650 705 ipsis
2676 635 2975 690 derivatum
3005 639 3389 692 contemnebat
3408 680 3421 702 ,
3456 652 3608 709 post-

2020 724 2357 795 habebutque
2403 742 2623 796 nupera:
2669 745 2765 798 per
2815 730 3167 799 Agrippinum
3220 731 3445 785 invectio
3490 748 3615 785 cor-

2016 822 2264 890 ruptelm.
2331 822 2503 875 Minus
2555 822 2691 876 adeo
2746 832 2829 877 est
2880 825 3111 887 mirum,
3192 824 3234 878 si
3289 827 3616 895 Apostolicze

2015 912 2171 967 Sedis
2215 922 2409 967 statuta
2472 914 2697 967 minoris
2728 913 2931 969 faceret
2983 916 3073 985 qui
3129 917 3451 986 apostolicas
3503 928 3612 971 ινξι-

2013 1006 2244 1060 ditiones
2280 1021 2333 1062 et
2355 1007 2679 1063 universalis
2703 1008 2959 1063 Ecclesia:
2985 1009 3133 1079 leges
3162 1010 3315 1065 ﬂocci
3359 1012 3612 1067 faciebat.

2010 1101 2093 1156 Ah
2134 1101 2238 1157 hoc
2262 1102 2844 1177 Cyprianicontemptu
2878 1120 3036 1173 quem
3068 1106 3323 1176 martyrio
3350 1106 3609 1174 expiavit,

2010 1194 2142 1249 nihil
2191 1196 2451 1249 adversus
2507 1195 2590 1248 vel
2640 1196 2830 1265 prima:
2864 1196 3053 1261 Sedis,
3087 1198 3170 1250 vel
3202 1197 3457 1251 Ecclesia:
3487 1199 3607 1251 titti-

2006 1288 2232 1344 versalis
2258 1331 2273 1356 ,
2332 1289 2416 1343 vel
2458 1291 2884 1359 apostolicarum
2935 1290 3282 1347 traditionum
3313 1292 3608 1346 auctorita-

2005 1387 2111 1433 tem
2160 1382 2263 1436 rite
2308 1382 2479 1453 excipi
2508 1391 2704 1452 potest.

2003 1512 2240 1571 XXVllI.
2297 1532 2475 1571 EADEII
2520 1534 2584 1571 EX
2634 1532 2928 1573 IIIERONIMO
2971 1533 3427 1583 coxrmmmun,
3481 1533 3603 1573 vm-

2359 1624 2551 1664 CENTIO
2574 1626 2680 1664 LIB.
2717 1626 2786 1664 ΕΤ
2812 1626 3055 1665 FACUNDO
3082 1626 3243 1667 HERC.

2070 1741 2142 1797 Ita
2201 1742 2561 1814 Hieronymus
2617 1744 2746 1798 dial.
2824 1744 2944 1798 adv.
3014 1742 3246 1813 Lucifer.
3315 1743 3517 1800 frustra
3567 1762 3598 1801 a

1920 1858 1967 1917 B
1994 1837 2265 1908 Cypriane
2299 1837 2595 1907 impetitam
2654 1848 2940 1908 utramque
2969 1839 3185 1906 eopulat
3215 1839 3594 1894 auctoritatem

1994 1939 2049 1984 et
2082 1930 2237 1985 Sedis
2264 1930 2593 2000 Apostolieze
2619 1940 2667 1984 et
2702 1931 3020 1984 universalis
3052 1930 3331 1985 Ecclesiae.
3372 1949 3390 1982 ι
3430 1930 3598 2001 Legat

1989 2023 2051 2077 Β.
2107 2025 2354 2094 Cypriani
2404 2025 2701 2092 epistolas,
2760 2024 2809 2077 in
2867 2024 3061 2094 quibus
3103 2022 3443 2092 Stephanum
3474 2024 3589 2079 Ro-

1994 2131 2165 2170 manae
2218 2116 2363 2170 urbis
2440 2118 2753 2185 episcopum
2821 2126 2875 2169 et
2927 2117 3238 2171 inveteratae
3294 2126 3593 2171 consuetu-

1996 2208 2141 2263 dinis
2171 2209 2370 2264 lacerat
2399 2225 2665 2264 errorem.
2708 2229 2725 2259 ι
2764 2210 2834 2263 lta
2867 2220 2921 2261 et
2945 2209 3263 2263 Vincentius
3295 2209 3598 2265 Lirinensis

1992 2300 2113 2356 loco
2166 2316 2325 2371 supra
2356 2301 2572 2356 laudato
2604 2320 2617 2355 :
2656 2320 2673 2352 ι
2710 2302 2983 2372 Cypriane
3025 2301 3331 2372 Stephanus
3364 2304 3599 2372 Apostos

1988 2394 2107 2449 liere
2156 2393 2312 2449 Sedis
2345 2395 2618 2454 Antistes,
2672 2410 2795 2447 cum
2842 2394 3056 2448 caeteris
3108 2394 3325 2464 quidem
3372 2394 3598 2465 collegis

1991 2486 2135 2550 suis,
2170 2485 2263 2540 sed
2315 2496 2496 2539 tamen
2557 2500 2665 2554 pra:
2718 2485 2932 2538 caneris
2981 2486 3211 2539 restitit:
3246 2486 3503 2554 dignum,
3536 2498 3593 2540 ut

1990 2582 2207 2647 opinor,
2262 2578 2605 2643 existimans,
2660 2577 2704 2632 si
2748 2578 2986 2646 reliquos
3015 2593 3205 2633 omnes
3236 2588 3437 2633 tantum
3469 2577 3592 2634 lidei

1989 2672 2274 2728 deretione
2326 2672 2567 2727 vinceret
2588 2715 2602 2739 ,
2661 2681 2917 2742 quantmu
2951 2673 3053 2727 loci
3085 2673 3343 2743 dignitate
3368 2689 3592 2743 supera-

1992 2770 2103 2826 bat.
2138 2790 2156 2822 ι
2189 2770 2425 2840 Equum
2480 2780 2597 2824 crat
2660 2770 2843 2839 utique
2892 2784 3097 2823 morem
3160 2779 3216 2822 ut
3282 2770 3330 2824 ei
3377 2779 3593 2838 gereret

1985 2865 2315 2936 Cyprianus,
2350 2865 2439 2935 qui
2470 2876 2696 2919 caeteros
2738 2864 2975 2933 collegas
3016 2872 3070 2916 et
3102 2861 3221 2915 ﬁdei
3268 2862 3585 2925 devotione,

1985 2966 2033 3010 et
2086 2956 2185 3010 loci
2226 2955 2473 3027 dignitate
2517 2955 2812 3025 superabat.
2866 2953 3003 3021 Quid
3058 2952 3250 3007 mirum
3308 2962 3485 3007 autem
3541 2953 3586 3007 si

288 3051 668 3107 abundantiam
715 3052 994 3106 charitatis
1036 3053 1090 3105 in
1134 3059 1336 3107 sortem
1388 3063 1699 3106 sanctorum
1754 3068 1877 3122 pas-
1986 3052 2035 3106 ei
2092 3066 2196 3104 non
2248 3050 2450 3113 cessit,
2500 3051 2589 3119 qui
2642 3049 2938 3119 Agrippino
3012 3048 3188 3117 potius
3260 3062 3319 3102 se
3375 3046 3582 3101 addixit

290 3144 461 3199 sionis
481 3145 727 3199 claritate
753 3154 1024 3213 suscepto,
1053 3145 1234 3213 seipso
1262 3143 1447 3199 exules
1470 3145 1690 3198 unitatis
1713 3160 1879 3214 agno-
1992 3162 2009 3194 ι
2064 3145 2237 3212 primo
2290 3143 2529 3197 omnimn
2583 3143 2887 3221 mortalium
2941 3152 3129 3195 contra
3180 3140 3420 3195 divinum
3487 3154 3586 3196 ca-

288 3250 465 3294 scunt.
508 3259 526 3292 ι
562 3238 635 3294 Ita
680 3238 983 3311 Cyprianus
1011 3239 1309 3311 Stephano,
1363 3250 1418 3294 ut
1464 3240 1654 3295 Petrus
1712 3240 1879 3295 Paulo
1906 3260 1950 3322 ρ
1986 3250 2213 3299 nouem,
2249 3245 2436 3289 contra
2482 3234 2802 3290 universalis
2845 3234 3104 3288 Ecclesia:
3153 3235 3579 3303 regulam,cou-

288 3333 475 3388 saltem
522 3335 944 3404 obtemperaret,
1016 3334 1070 3389 Id
1126 3350 1253 3405 ergo
1304 3346 1563 3403 plumei-ea
1616 3338 1879 3406 sanguine
1987 3336 2064 3381 tra
2112 3340 2330 3381 sensum
2359 3325 2599 3381 omnium
2630 3326 3113 3392 consacertlotum,
3157 3335 3344 3379 contra
3375 3341 3581 3381 morem

289 3424 438 3480 eluit.
492 3425 559 3479 Et
589 3425 679 3480 lib.
726 3440 805 3490 ιιι,
838 3442 893 3480 c.
922 3425 974 3481 8.
1012 3444 1033 3477 ι
1079 3426 1260 3480 Monet
1303 3443 1402 3482 nos
1434 3442 1539 3481 non
1583 3427 1745 3482 fuisse
1775 3428 1879 3482 im-
1987 3430 2149 3489 atque
2200 3420 2441 3472 instituta
2486 3417 2789 3487 majorum,
2831 3416 3272 3487 rebaptizandmn
3316 3431 3437 3471 esse
3466 3430 3589 3471 ceu-

289 3516 560 3587 possibile,
603 3526 660 3570 ut
697 3516 763 3571 dc
813 3517 1086 3588 Baptismo
1127 3516 1428 3587 Cyprianus
1472 3520 1674 3589 aliquid
1715 3521 1876 3576 aliter
1985 3510 2176 3566 senti?
2214 3530 2231 3561 ι
2270 3510 2341 3564 Ita
2385 3519 2439 3564 et
2485 3510 2768 3565 Facundos
2799 3524 2958 3580 supra
2989 3508 3169 3565 aiebat
3202 3527 3219 3560 ι
3256 3513 3376 3578 jure
3401 3510 3588 3579 culpa.

289 3620 502 3681 saperet
541 3625 700 3680 quam
759 3612 959 3666 veritas
1003 3610 1327 3680 postulabat,
1380 3627 1499 3681 qua:
1527 3614 1595 3666 ab
1641 3613 1879 3667 Ecclesia
1987 3614 2098 3659 tum
2139 3623 2158 3655 ι
2193 3620 2220 3656 a
2263 3604 2917 3675 StephanoCyprianum,
2948 3612 3003 3658 et
3052 3603 3312 3673 Stephani
3364 3613 3585 3656 senten-

291 3715 345 3758 et
372 3715 496 3759 ante
527 3704 676 3758 illum
700 3712 755 3758 et
784 3718 905 3775 post
947 3704 1095 3759 illum
1126 3715 1333 3759 retenta
1362 3714 1485 3771 est,
1528 3708 1667 3761 sicut
1709 3709 1883 3777 potuit
1986 3700 2073 3753 lim
2103 3741 2117 3763 .
2174 3714 2279 3752 ηοη
2316 3709 2426 3751 lum
2479 3697 2696 3766 quidem
2727 3697 3053 3768 Cyprianllm
3077 3738 3090 3762 ν
3133 3696 3226 3752 sed
3260 3696 3579 3763 Εεοιθδίθίην

287 3796 487 3865 aliquid
529 3797 691 3851 etiam
721 3797 911 3851 Petrus
950 3798 1106 3851 aliter
1130 3812 1322 3866 sapere
1367 3797 1511 3866 quod
1543 3803 1742 3853 veritas
1771 3816 1877 3855 non

1996 3802 2040 3845 et
2086 3802 2195 3845 tum
2253 3799 2308 3845 et
2361 3800 2548 3859 postea
2594 3792 2913 3845 accessisse.

292 3887 542 3951 habebat,
577 3904 735 3959 quam
762 3888 929 3943 Paulo
955 3888 1219 3958 Apostolo
1266 3889 1490 3945 doctore
1523 3889 1831 3947 didicimus.
1856 3914 1875 3946 ι

289 2771 443 2828 Sicut
514 2788 644 2843 ergo
693 2772 809 2841 illi,
882 2772 1046 2828 Petro
1091 2774 1143 2827 in
1202 2774 1430 2842 primatu
1500 2774 1881 2843 Apostolorum

290 2866 529 2937 martyrii
575 2866 743 2935 gloria
784 2875 1079 2933 coronato,
1136 2866 1187 2919 in
1233 2882 1325 2919 sua
1367 2868 1716 2935 perversitate
1746 2884 1881 2936 prte-

287 2959 385 3013 cisi
416 2958 485 3012 ab
514 2957 757 3013 Ecclesia
783 2967 1157 3013 remanserunt
1184 2974 1197 3022 ;
1239 2960 1317 3012 sic
1362 2959 1447 3012 isti
1488 2957 1758 3029 Cypriano
1788 2975 1883 3029 per

2324 3927 2514 3983 XXIX.
2572 3941 2769 3982 nunsvs
2820 3942 2889 3980 ex
2946 3940 3260 3980 AUGUSTINO.

289 4023 503 4081 XXVII.
566 4040 710 4089 quau
758 4040 861 4079 non
921 4040 1094 4081 possrr
1157 4042 1413 4081 EXCUSARI
1463 4042 1751 4081 CYPBIANUS
1812 4044 1881 4083 ex

362 4133 573 4181 EODEM,
615 4133 919 4173 TBADITIONI
960 4133 1299 4174 APOSTOLICE
1348 4135 1416 4174 ΕΤ
1457 4134 1721 4175 ECCLESHS
1764 4136 1881 4175 UNI-

360 4225 579 4265 VEBSALI
618 4224 925 4266 IMIIORIGER.

2063 4087 2129 4140 Et
2175 4101 2386 4140 rursum
2444 4086 2770 4151 Augustinus
2820 4086 3089 4155 octoginta
3141 4084 3427 4153 episcopos
3457 4098 3579 4138 cum

1986 4180 2285 4252 Cypriano,
2331 4179 2714 4251 quinquaginta
2739 4193 2860 4233 cum
2891 4177 3205 4232 Firmiliano
3235 4178 3583 4231 consensisse

1988 4291 2093 4330 nou
2125 4272 2550 4339 nescius,nihilo
2580 4281 2756 4325 tamen
2786 4273 2960 4325 secius
2986 4270 3171 4324 orbem
3215 4268 3578 4324 Christianum

1988 4368 2297 4422 universum
2331 4382 2360 4420 a
2401 4366 2661 4435 Stephani
2708 4363 2951 4435 partibus
2977 4363 3196 4418 stetisse
3245 4362 3471 4417 lidenter
3494 4362 3581 4417 al-

289 4440 570 4496 ahsolvete
603 4454 845 4511 apertum
871 4450 952 4496 est
977 4451 1235 4512 praetcrea
1264 4458 1329 4498 ex
1361 4444 1400 4499 l.
1443 4459 1501 4510 ιι,
1531 4459 1653 4498 con.
1689 4444 1879 4499 Donat.

1996 4461 2184 4514 lirmat.
2217 4458 2286 4514 Ut
2332 4459 2455 4513 hinc
2479 4472 2665 4512 rursus
2697 4466 2935 4527 patescat
2978 4467 3087 4510 tam
3145 4472 3250 4510 non
3283 4469 3440 4525 posse
3482 4454 3586 4509 ad-

288 4534 357 4588 de
410 4533 589 4603 Bapt.,
623 4550 672 4588 c.
708 4534 761 4598 7,
806 4536 892 4589 ubi
923 4536 1017 4599 ait,
1051 4537 1151 4590 etsi
1199 4552 1286 4591 res
1316 4537 1551 4592 nondum
1574 4537 1884 4607 diligentius

1996 4568 2177 4609 versus
2206 4551 2462 4622 Stephani
2494 4568 2653 4622 quam
2703 4568 2801 4606 nec
2855 4550 3111 4605 adversus
3169 4549 3424 4605 Ecclesia:
3465 4548 3587 4603 uni.

291 4637 615 4698 pertractata
643 4628 868 4693 fuisset;
911 4648 927 4681 ι
964 4630 1390 4685 Saluberrimam
1421 4643 1599 4687 tamen
1651 4647 1881 4688 consue-

1996 4647 2212 4704 rersalis
2255 4648 2629 4702 auctoritatem
2693 4647 2777 4701 vel
2832 4646 3047 4700 decreta
3099 4644 3391 4714 quidquam
3459 4642 3585 4698 hinc

288 4724 528 4778 tudinem
572 4724 790 4778 tenebat
831 4724 1109 4791 Ecclesia,
1166 4734 1270 4780 etc.
1312 4742 1470 4795 quam
1532 4724 1915 4782 consuetudi-i
1985 4742 2267 4811 obiectari.
2335 4740 2440 4796 sed
2490 4749 2545 4795 ει
2595 4739 2851 4810 Stephani
2920 4750 2972 4793 ei
3029 4738 3286 4792 Ecclesia
3340 4745 3582 4806 potestas

289 4832 411 4870 nem
475 4813 638 4868 Cl‘Cdt)
707 4832 771 4870 CX
829 4817 1122 4885 apostolica
1179 4818 1467 4874 ιιειᾱὶιίοιιθ
1519 4819 1823 4876 venientem
1855 4865 1871 4889 ,
1977 4835 2194 4906 quidem
2226 4834 2453 4898 invicta,
2509 4833 2601 4888 sed
2660 4830 3001 4901 permodesm
3054 4839 3108 4885 ei,
3150 4830 3331 4884 multis
3356 4843 3581 4885 ωροῃο..

288 4910 429 4964 sicut
483 4907 647 4960 multa
696 4924 798 4962 non
844 4911 1187 4965 inveniuntur
1232 4912 1283 4965 in
1328 4911 1520 4968 litteris
1568 4928 1757 4969 eorum
1783 4929 1877 4969 ne-
1983 4930 2105 4983 mm
2150 4939 2200 4981 ei
2242 4928 2414 4981 venia;
2468 4923 2850 4979 blandimentis
2896 4922 3583 4993 temperata'iutelltgatur.

288 5014 394 5075 que
446 5003 497 5058 in
544 5003 787 5059 conciliis
824 5006 1219 5075 posteriorum,
1270 5016 1324 5061 et
1374 5016 1548 5062 tamen
1595 5009 1719 5079 quia
1784 5023 1879 5078 per

1996 5021 2101 5076 Lib.
2136 5004 2214 5085 ιτι,
2248 5035 2371 5073 con.
2401 5017 2747 5072 Cresconium
2774 5031 2823 5070 c.
2854 5017 2925 5070 5:
2965 5033 2982 5065 ι
3013 5012 3247 5068 Proinde
3273 5014 3320 5066 si
3355 5013 3580 5065 omnino

290 5099 596 5153 universam
628 5100 1006 5154 custodiuntur
1034 5100 1366 5163 Ecclesium,
1398 5103 1609 5156 nonnisi
1641 5102 1709 5156 ab
1750 5102 1880 5172 ipsis
1982 5115 2093 5183 jam
2133 5110 2458 5167 credendum
2519 5110 2589 5164 sit
2637 5110 3021 5179 quinquaginta
3068 5106 3339 5178 episcopis
3392 5104 3585 5159 Orien.

287 5191 481 5246 tradita
532 5200 587 5246 et
641 5193 1014 5247 commendata
1059 5193 1373 5248 creduntur.
1419 5195 1567 5249 Hanc
1619 5209 1749 5264 ergo
1797 5210 1883 5248 sa-

1996 5205 2171 5259 Laliuni
2226 5204 2275 5258 id
2319 5216 2440 5257 esse
2489 5204 2682 5266 visum,
2729 5203 2875 5271 quod
2903 5202 3239 5269 septuaginta
3300 5198 3447 5254 Afris
3496 5198 3583 5252 vel

288 5284 637 5341 luberrimam
668 5287 1113 5342 consuetudinem
1182 5303 1276 5356 per
1323 5289 1677 5358 Agrippinum
1736 5302 1880 5357 pra:-

1996 5296 2259 5364 tliquanto
2300 5294 2460 5347 etiam
2509 5292 2788 5364 pluribus,
2835 5304 3025 5348 contra
3074 5303 3155 5347 tot
3203 5293 3365 5347 millia
3435 5292 3582 5362 epis-

289 5378 632 5435 decessorem
682 5393 838 5432 suum
903 5378 1032 5433 dicit
1106 5388 1323 5433 sanctus
1375 5380 1677 5451 Cyprianus
1730 5379 1882 5447 quasi
1988 5401 2243 5454 coporum
2286 5385 2477 5454 quibus
2509 5385 2593 5439 hic
2638 5399 2792 5439 error
2826 5386 2878 5438 in
2924 5394 3037 5458 toto
3086 5384 3217 5438 orbe
3264 5383 3581 5452 displicnit:

290 5472 523 5540 coepisse
573 5469 793 5539 corrigi.
834 5468 939 5523 Sed
989 5471 1130 5524 sicut
1166 5470 1475 5539 diligentius
1507 5469 1761 5539 inquisita
1792 5484 1881 5523 ve-
1989 5494 2086 5533 ουν
2121 5493 2223 5532 non
2282 5478 2464 5546 potius
2495 5480 2654 5534 etiam
2697 5480 2841 5549 ipsos
2865 5493 3062 5548 paucos
3093 5478 3396 5533 Orientales
3425 5494 3584 5533 suum

292 5564 422 5615 ritas
464 5560 685 5623 docuit,
741 5561 922 5616 verius
965 5562 1200 5616 creditur
1246 5578 1340 5630 per
1383 5562 1733 5633 Agrippinum
1757 5578 1880 5616 cor-

1996 5570 2242 5638 iudicium
2290 5572 2599 5626 correxisse
2640 5571 2931 5627 dicamus?
2967 5591 2984 5624 ι
3054 5571 3123 5627 Et
3178 5574 3213 5626 l.
3248 5589 3304 5637 ll,
3337 5588 3389 5626 c.
3423 5572 3479 5637 9,
3515 5572 3584 5627 de

292 5653 465 5721 rumpi
501 5652 755 5720 coepisse,
792 5668 899 5707 non
950 5656 1167 5725 corrigi.
1224 5673 1243 5706 ι
1300 5654 1445 5710 Idem
1499 5656 1624 5710 alibi
1684 5656 1883 5725 pluries
1990 5663 2144 5733 Bapl.
2199 5678 2323 5717 con.
2386 5665 2602 5719 Donat:
2634 5664 2880 5719 Nondum
2912 5664 3110 5718 laetum
3139 5675 3257 5719 erat
3284 5663 3589 5719 universale

292 5747 528 5801 inculcat
553 5760 670 5800 eam
707 5762 811 5802 non
865 5748 1090 5803 iterandi
1138 5747 1393 5820 Baptismi
1439 5748 1883 5806 consuetudinem
1985 5755 2319 5822 concilium,
2349 5757 2472 5827 quia
2501 5758 2910 5812 consuetudinis
2955 5759 3152 5813 robore
3180 5758 3465 5813 tenebatur
3491 5770 3588 5811 or-

290 5840 351 5891 nb
382 5839 653 5892 universali
714 5839 942 5893 Ecrlrsiri
993 5843 1251 5897 hactenus
1304 5843 1638 5899 ohscrvatatn
1699 5843 1880 5899 fuisse.
2000 5848 2082 5899 his
2132 5857 2416 5901 terrarum.
2454 5868 2471 5899 ι
2506 5848 2638 5902 Vide
2660 5858 2712 5900 et
2744 5850 2778 5902 Ι.
2812 5864 2859 5899 c.
2893 5848 2947 5909 6.
2979 5859 3038 5903 ιιι
3087 5866 3246 5921 supra
3276 5851 3588 5906 retulimus.

364 4344 535 4411 Quam
586 4360 692 4401 non
740 4355 922 4417 posset
965 4348 1127 4403 etiam
1169 4349 1498 4420 Augustinus
1548 4348 1879 4421 Cyprianum
