4216 6262
707 245 850 301 1255

1886 241 2297 301 THOMASSINI
2337 237 2790 295 DISSERTATIO

3788 260 3882 317 1236

705 362 976 420 Eusebius
1035 377 1245 434 quoque
1282 377 1441 433 supra
1483 364 1740 419 relatusl.
1796 376 1888 426 vn,
1941 375 1989 414 c.
2037 361 2093 426 2,
2145 369 2198 414 et
2249 359 2303 422 3,
2334 361 2386 422 Α
2413 358 2652 428 asperius
2697 360 2868 430 primo
2919 362 3184 432 acceperit
3221 364 3416 434 legatos
3453 364 3674 438 Cypriani
3717 372 3886 445 Stepha.

709 459 980 528 antiquam
1049 458 1520 524 consuetudinem,
1581 458 1662 512 cui
1717 455 2018 524 Stephanus
2095 453 2307 507 tuendae

711 551 1100 614 incumbebat,
1151 551 1204 604 in
1260 554 1406 605 omni
1451 551 1692 606 Ecclesia
1737 548 2026 603 iuvaluisse
2072 547 2310 601 insinuat

710 647 778 700 ab
809 646 979 700 initio.
1019 645 1089 699 Ut
1137 660 1360 700 necesse
1391 646 1458 700 sit
1487 645 1858 700 Firmiiianum
1921 642 2148 712 partium
2185 657 2307 696 sua-

714 725 834 795 rum
871 738 1051 794 studio
1100 752 1310 809 raptum
1339 751 1491 795 extra
1525 741 1636 794 veri
1679 739 1925 794 semitam
1975 737 2155 797 l'uiSse,
2187 751 2308 789 cum

715 833 782 889 de
827 833 980 904 copia
1025 849 1243 889 suorum
1297 845 1683 892 assectatorum
1735 832 1981 889 licentius
2027 831 2306 902 gloriatur.

713 1033 886 1091 XXX.
927 1052 1032 1091 nos
1071 1053 1245 1092 uuas
1286 1054 1440 1093 IIINAS
1485 1054 1670 1093 sevur
1703 1052 2028 1103 s'rerntnvus,
2073 1051 2142 1090 ετ
2174 1051 2307 1090 ras-

784 1148 893 1186 DEH
934 1148 1330 1189 DISPENSATIONI
1379 1149 1680 1198 ACQUIEVIT,
1736 1147 1903 1197 ATQUE
1952 1148 2040 1186 ιτΑ
2081 1145 2307 1186 DECRETI

785 1239 869 1281 SUI
914 1242 1293 1282 EXECUTIONEM
1339 1243 1624 1282 SUSPENDIT
1667 1241 1912 1281 IPSEIIET.

800 1401 951 1469 Quod
1004 1412 1181 1459 autem
1214 1403 1518 1474 Stephanus
1572 1405 1706 1458 ultra
1753 1405 1927 1458 minas
1957 1413 2011 1458 et
2045 1413 2308 1459 terrorem

712 1509 820 1548 non
873 1497 1129 1564 eruperit,
1191 1495 1530 1567 cohibitoque
1580 1513 1835 1552 mucrone
1883 1512 2037 1550 sacro
2067 1539 2080 1562 ,
2130 1497 2309 1551 indul-

713 1588 906 1657 gentia:
956 1591 1144 1643 tacitus
1175 1591 1362 1644 saltem
1392 1590 1738 1660 acquieverit,
1766 1603 1820 1645 ut
1858 1608 1925 1646 ue
1965 1608 2024 1646 ea
2052 1591 2119 1646 de
2147 1607 2308 1645 causa

713 1681 893 1735 unitas
938 1681 1193 1737 Ecclesiae
1269 1685 1601 1739 scinderetur
1644 1727 1658 1748 ,
1722 1686 1900 1739 multis
1977 1687 2310 1754 assequimur

2413 468 2547 516 nus,
2592 468 2698 523 quo
2743 454 2812 509 ad
2857 453 3098 510 officium
3163 456 3306 510 illum
3351 471 3638 524 revocaret,
3678 464 3786 520 nihil
3805 484 3886 522 nio-

2412 558 2503 598 ror
2529 561 2542 600 :
2565 554 2620 599 at
2650 560 2830 614 pacem
2879 547 2946 600 ab
2972 561 3037 600 ρο
3080 562 3185 601 non
3215 563 3329 603 esse
3357 560 3575 619 ruptam,
3614 553 3660 608 id
3683 560 3887 626 superiora

2411 647 2722 707 argumenta
2766 640 3098 709 pervincunt.
3149 639 3216 695 Et
3258 641 3366 710 ipse
3411 640 3616 712 denique
3669 646 3890 717 Cyprianus

2414 731 2465 784 in
2505 732 2661 801 epist.
2696 734 2763 786 ad
2807 732 3138 802 Pompeium,
3181 751 3282 806 qua
3322 740 3599 806 asperiores
3641 740 3698 794 ad
3735 756 3781 798 se
3811 744 3893 800 Ste-

2415 825 2576 893 phani
2627 827 2833 881 litteras
2883 828 3177 896 aSperrime
3220 830 3479 899 exagitat,
3551 831 3735 888 fratrem
3773 846 3892 892 tamen

2416 919 2587 988 ipsum
2627 921 2884 992 appellat,
2936 932 3105 1002 rupta:
3161 923 3537 978 communionis
3581 940 3795 994 nusquam
3820 945 3894 984 nte-

2413 1017 2588 1069 minit.
2625 1023 2687 1068 t=.t
2713 1015 2780 1069 ad
2829 1016 3102 1070 cumulum
3132 1016 3454 1086 Augustinus
3475 1018 3511 1070 ι.
3543 1034 3590 1083 v,
3636 1036 3734 1075 con.
3762 1019 3892 1076 Donat.

2414 1125 2461 1163 c.
2493 1108 2564 1163 9.5
2597 1126 2608 1162 :
2654 1129 2672 1158 ι
2719 1108 3022 1179 Stephanus
3087 1108 3431 1163 abstinendos
3475 1119 3720 1178 potaverat
3759 1113 3824 1179 qui
3853 1113 3897 1167 de

2414 1201 2767 1271 suscipiendis
2794 1200 3058 1254 haereticis
3083 1201 3309 1271 priscam
3333 1200 3732 1256 consuetudinem
3753 1208 3900 1258 com-eL

2415 1294 2528 1350 lere
2567 1306 2910 1350 conarentur.
2959 1293 3254 1366 Cyprianus
3289 1295 3340 1348 in
3393 1295 3582 1350 unitate
3614 1311 3718 1351 cum
3751 1299 3810 1352 eis
3831 1316 3897 1353 ma-

2415 1389 2648 1446 nendum
2668 1390 2757 1460 qui
2779 1391 2986 1444 diversa
3001 1390 3284 1444 sentirent.
3302 1389 3374 1444 Ita
3393 1389 3654 1460 quuamvis
3671 1396 3900 1450 commotius

2415 1482 2508 1536 sed
2539 1491 2714 1536 tamen
2744 1481 2979 1536 fraterne
3003 1481 3326 1551 indignetur,
3350 1483 3471 1536 vicit
3493 1493 3653 1537 tamen
3673 1500 3754 1551 pax
3776 1483 3898 1540 Chris-

2415 1575 2454 1628 ti
2485 1577 2534 1628 in
2565 1576 2813 1630 cordibus
2839 1591 3046 1637 eorum,
3079 1587 3133 1629 ut
3160 1576 3213 1629 in
3245 1575 3338 1630 tali
3364 1575 3718 1645 disceptatione
3763 1579 3900 1633 nullout

2421 1671 2563 1724 inter
2592 1685 2686 1724 eos
2714 1670 2913 1723 malum
2969 1668 3275 1723 schismatis
3302 1669 3544 1722 oriretur.
3577 1687 3592 1719 ι
3624 1668 3850 1738 Utcumque
3875 1672 3901 1723 i-

713 1775 1057 1844 conjecturis.
1109 1778 1369 1831 liusebius
1421 1794 1616 1832 novum
1670 1793 1723 1831 et
1768 1779 2004 1832 insolens
2059 1777 2310 1850 Cypriani
2342 1767 2390 1827 Β
2417 1765 2558 1834 Βίων
2610 1762 2880 1816 uomens”
2918 1761 3220 1828 Slelmanus
3263 1761 3352 1830 (Ιυἰ
3395 1759 3593 1814 diversa
3636 1763 3837 1814 semle
3863 1764 3901 1814 3b

712 1871 985 1926 decretum
1028 1881 1081 1924 et
1154 1871 1342 1942 synodi
1390 1872 1826 1943 Carthaginensis
1886 1874 2177 1944 gravissime
2240 1883 2321 1925 tu-

713 1964 832 2018 lisse
885 1965 958 2016 ait
997 1962 1358 2033 Stephanum,
1411 1981 1508 2019 nec
1560 1967 1695 2018 ultra
1761 1966 2177 2036 indignationem
2219 1979 2320 2017 :cs-

713 2067 924 2122 tuasse,
972 2065 1064 2110 aut
1097 2067 1332 2112 tentasse
1358 2057 1483 2128 quid
1513 2066 1706 2111 narrat.
1745 2057 2102 2129 Hieronymus
2161 2072 2318 2127 supra

720 2149 970 2203 laudatus
1021 2149 1196 2202 aiebat
1243 2148 1567 2221 Cyprianum
1631 2151 1842 2204 concilii
1890 2151 1971 2204 sui
2046 2155 2318 2204 decretum

715 2241 784 2295 ad
835 2239 1166 2310 Stephanum
1214 2241 1451 2295 mississe
1483 2285 1496 2305 ,
1553 2241 1646 2294 sed
1705 2251 1944 2295 conatum
1990 2243 2097 2311 ejus
2128 2244 2322 2312 frustra

719 2335 881 2404 fuisse
908 2351 921 2385 :
946 2334 1177 2401 denique
1207 2334 1326 2387 illos
1355 2335 1499 2403 ipsos
1525 2335 1806 2403 episcopos
1859 2333 1924 2386 ad
1969 2335 2318 2387 vetustiorem

714 2427 1156 2481 consuetudinem
1205 2441 1322 2481 sese
1399 2426 1759 2496 recollegisse.
1807 2426 2116 2481 Vincentius
2179 2426 2318 2480 Liri-

715 2521 901 2574 nensis
933 2519 1195 2573 ferVorem
1255 2519 1511 2589 Stephani
1555 2520 2102 2589 magnilicentissimis
2144 2519 2320 2572 verbis

716 2623 1038 2685 prosecutus
1068 2623 1151 2668 est
1193 2653 1209 2681 ,
1266 2614 1333 2668 de
1387 2614 1726 2668 anathemate
1767 2629 1984 2684 prorsus
2015 2615 2153 2668 silet.
2207 2613 2318 2668 Au-

715 2707 959 2776 gustinus
1007 2706 1042 2759 Ι.
1084 2721 1133 2770 v,
1186 2723 1233 2761 c.
1291 2706 1404 2760 25:
1456 2725 1472 2756 ι
1535 2705 1834 2776 Cyprianus
1883 2705 1946 2759 ad
2004 2706 2318 2775 Pompeium

714 2799 961 2854 scribens
1013 2800 1210 2852 indicat
1239 2798 1566 2868 Stephanmu
1623 2815 1725 2852 non
1783 2799 1954 2854 solum
2001 2801 2098 2853 sibi
2126 2799 2190 2851 ad
2217 2801 2317 2854 ista

719 2907 826 2947 non
869 2894 1247 2956 consensisse,
1280 2908 1462 2946 verum
1506 2893 1664 2946 etiam
1696 2902 1879 2946 contra
1917 2893 2197 2960 scripsisse
2241 2901 2319 2944 at-

717 3004 821 3057 que
873 2989 1210 3056 prmccpisse.
1248 3006 1265 3037 ι
1299 2987 1415 3040 llnc
1458 3001 1623 3056 usque
1654 2987 1896 3040 srcvitum
1928 2998 2027 3039 est.
2071 2985 2137 3039 Et
2189 2987 2227 3040 1.
2261 2986 2322 3038 de

715 3080 866 3132 unico
901 3079 1049 3148 Bapt.
1095 3097 1210 3133 con.
1261 3078 1396 3132 I’ctil
1431 3122 1443 3140 ,
1467 3080 1629 3133 0.14.
1667 3099 1684 3129 r
1725 3081 1854 3133 Cum
1888 3079 2191 3147 Stephanus
2213 3095 2317 3133 non

715 3173 888 3225 solum
945 3186 1048 3226 nun
1102 3172 1455 3241 rebaptizaret
1506 3171 1787 3226 hrereticos
1825 3214 1839 3234 ,

715 3263 1010 3330 facientes,
1059 3264 1142 3317 vel
1209 3274 1264 3316 ut
1306 3265 1457 3318 licret
1503 3264 1854 3318 det-eruentes
1887 3308 1899 3329 ,
1943 3265 2311 3318 excommuni-

718 3357 922 3410 caudos
965 3371 1087 3410 esse
1136 3365 1382 3410 censeret
1419 3399 1432 3421 ,
1478 3356 1616 3409 sicut
1670 3356 1894 3409 aliorum
1942 3358 2311 3426 episcoporum

714 3460 768 3503 et
816 3451 962 3518 ipsus
1030 3448 1278 3519 Cypriani
1335 3450 1525 3503 littera:
1592 3449 1898 3513 ostendunt,
1973 3462 2310 3504 tamencum

715 3561 781 3598 eo
831 3546 1126 3615 Cyprianus
1157 3545 1205 3597 in
1250 3543 1465 3598 unitatis
1497 3559 1624 3614 pace
1658 3548 1965 3613 permansit.
2023 3563 2040 3596 ι
2084 3545 2313 3600 Excom—

713 3637 1068 3690 municandos
1117 3637 1369 3690 censebat
1414 3678 1426 3701 ,
1478 3651 1581 3689 non
1629 3636 2169 3690 excommunicahat:
2221 3638 2315 3691 rui-

714 3732 982 3786 nitabatur
1052 3733 1353 3803 Stephanus
1395 3775 1409 3798 ,
1483 3749 1586 3786 non
1660 3733 2014 3802 jaculabatur.
2070 3733 2190 3788 Ideo
2258 3743 2313 3788 et

713 3825 1009 3895 Cyprianus
1052 3827 1343 3894 permansit
1392 3827 1441 3880 in
1509 3841 1637 3896 pace
1693 3827 1938 3892 unitatis,
1985 3826 2143 3880 etiam
2195 3842 2314 3881 cum

711 3917 1018 3987 Stephano,
1073 3919 1212 3972 unde
1243 3919 1435 3976 ibidem
1470 3935 1591 3974 mox
1627 3939 1639 3974 :
1682 3920 1818 3974 Ecce
1879 3921 1984 3974 duo
2013 3930 2167 3974 erant
2212 3937 2316 3973 uno

714 4020 991 4079 tempore,
1041 4020 1099 4066 ut
1153 4011 1220 4064 de
1261 4012 1379 4066 aliis
1435 4021 1672 4078 taceam,
1726 4013 1811 4081 qui
1865 4011 2074 4066 diversa
2117 4013 2315 4067 sentie-

718 4105 870 4158 bant.
927 4105 1038 4159 Duo
1095 4116 1250 4159 erant
1325 4106 1866 4161 eminentissimarum
1929 4106 2314 4172 ecclesiarum,

716 4197 976 4252 Romana:
1028 4199 1234 4252 scilicet
1280 4209 1334 4252 et
1385 4196 1823 4268 Carthaginensis
1879 4199 2154 4268 episcopi,
2202 4199 2319 4253 Ste-

712 4293 922 4361 phanus
979 4300 1033 4346 et
1081 4292 1379 4362 Cyprianus
1433 4293 1590 4347 ambo
1663 4294 1711 4346 in
1796 4294 1997 4347 unitate
2051 4293 2316 4348 catholica

712 4385 1007 4440 constituti.
1049 4384 1194 4438 Multi
1225 4399 1343 4436 cum
1392 4384 1513 4450 illo,
1566 4384 1778 4453 quidam
1827 4399 1946 4438 cum
2000 4385 2102 4438 isto
2158 4384 2317 4438 etiam

711 4478 1046 4542 sentiebant,
1103 4478 1313 4546 utrique
1361 4491 1481 4530 cum
1513 4478 1588 4531 eis
1649 4478 1702 4531 in
1764 4479 1966 4532 unitate
2019 4476 2318 4532 consisten-

2426 1855 2628 1910 unitate
2683 1870 2786 1909 non
2819 1853 3034 1925 prmcidi
3065 1870 3079 1921 ;
3139 1861 3193 1909 ct
3238 1853 3539 1911 universale
3576 1851 3816 1908 Concilium
3845 1870 3900 1908 el-

2425 1948 2647 2018 pectari.

2424 2104 2616 2160 XXXI.
2641 2120 2889 2161 GRAVIORI
2918 2119 3270 2160 AUCTOBITATI
3299 2120 3509 2160 CEDERB
3531 2119 3742 2160 DEBUISSE
3761 2116 3900 2157 cunt-

2919 2217 3026 2255 NUM
3079 2217 3149 2255 EX
3202 2217 3520 2256 AUGUSTINO.

2497 2336 2756 2403 Quocirca
2788 2345 2843 2389 ut
2875 2336 2991 2405 ejus
3022 2336 3328 2391 auctoritati
3368 2352 3397 2390 a
3427 2337 3602 2390 multis
3641 2335 3906 2390 resisteretur.

2427 2431 2659 2486 Charitas
2689 2432 2805 2499 ejus
2851 2431 2903 2484 in
2954 2445 3111 2484 causa
3139 2430 3236 2484 fuit
3276 2445 3398 2500 qua:
3443 2431 3508 2484 ad
3548 2430 3730 2483 veniam
3770 2427 3908 2480 tandem

2427 2524 2599 2593 ipsum
2628 2533 2682 2577 et
2717 2523 3073 2577 meormmiam
3105 2519 3400 2576 inclinavit.
3433 2522 3635 2591 Alioqui
3681 2517 3908 2590 quantalibet

2425 2626 2688 2686 potestate
2754 2627 2807 2670 et
2854 2617 3090 2671 scientias
3137 2617 3381 2672 ubertate
3412 2618 3647 2671 al'llueret
3681 2613 3907 2685 Cyprianus,

2427 2709 2626 2764 inﬂecti
2683 2719 2857 2765 tamen
2915 2709 3085 2777 ipsum
3139 2708 3391 2764 debuisse
3458 2708 3666 2778 graviori
3711 2703 3914 2759 auctoritate

2425 2814 2613 2857 auctor
2638 2815 2714 2858 est
2745 2804 2857 2872 ipse
2877 2803 3205 2871 Augustinus
3233 2801 3270 2858 l.
3305 2815 3364 2864 11,
3385 2802 3454 2855 de
3476 2801 3624 2869 Bapt.
3665 2795 3914 2855 comburat.

2431 2915 2478 2952 c.
2512 2899 2564 2952 ὅ.
2603 2915 2614 2950 :
2647 2898 2804 2952 Certe
2835 2898 2987 2950 nobis
3018 2895 3253 2963 ohjicere
3281 2895 3470 2949 soletis
3502 2892 3730 2966 Cypriani
3766 2889 3914 2943 litteras.

2425 2989 2674 3061 Cypriani
2706 2987 3045 3052 sententiam,
3066 2987 3315 3058 Cypriani
3335 2988 3619 3041 concilium
3643 2995 3730 3038 etc.
3755 2980 3918 3049 Quisna-

2425 3084 2559 3137 sciat
2589 3091 2829 3136 Sanctam
2861 3080 3190 3150 Scripturam
3233 3080 3550 3133 canonicam
3579 3075 3790 3130 omnibus
3806 3080 3922 3142 poste-

1899 3187 2080 3226 vcrmn
2145 3174 2304 3226 etiam
2333 3164 2377 3226 C
2413 3173 3324 3243 riorilmsepiscoporumlitterisita
3347 3171 3604 3239 praeponi,
3628 3181 3774 3222 utrutn
3797 3177 3920 3218 verum

2422 3269 2505 3321 vel
2535 3277 2590 3320 ut
2615 3268 2682 3320 de
2710 3268 2795 3321 illa
2820 3271 3039 3320 murrina
3058 3265 3287 3319 dubitari
3312 3275 3359 3317 et
3385 3263 3666 3334 disceptari
3692 3276 3778 3315 non
3799 3255 3922 3327 possit.

2418 3373 2594 3416 utrum
2629 3372 2831 3415 rectum
2855 3361 2944 3424 sit,
2985 3359 3239 3429 quidquid
3270 3359 3320 3412 iu
3352 3375 3415 3412 ca
3450 3360 3692 3427 scriptmn
3714 3366 3811 3408 esse
3827 3363 3925 3403 sons-

2420 3454 2606 3507 titerit.
2644 3453 3031 3520 Episcoporum
3063 3462 3239 3505 autem
3267 3451 3478 3505 litteras
3502 3466 3617 3520 qute
3666 3456 3768 3516 post
3795 3445 3924 3497 conlit-

2421 3559 2620 3602 matum
2641 3563 2898 3601 canoncm
2929 3548 3012 3600 vel
3041 3549 3252 3616 scripta:
3283 3555 3429 3610 sunt,
3465 3547 3548 3599 vel
3604 3545 3926 3599 scribuntnrzct

2420 3658 2514 3712 per
2545 3657 2846 3695 sermonem
2895 3641 3028 3694 forte
3059 3640 3438 3709 sapientiorem
3469 3639 3737 3709 cujuslibet
3761 3637 3800 3688 in
3823 3647 3865 3686 ca
3894 3643 3928 3681 re

2421 3736 2718 3806 peritioris,
2777 3744 2831 3788 ct
2863 3749 2957 3804 per
3013 3734 3244 3788 aliorum
3299 3732 3672 3803 episcoporum
3713 3727 3928 3800 graviorem

2419 3830 2784 3884 auctoritatem
2813 3871 2826 3894 ,
2857 3829 3258 3896 doctioremque
3288 3827 3644 3895 prudentiam,
3672 3834 3716 3879 et
3746 3837 3820 3888 per
3850 3831 3931 3871 cnn-

2421 3924 2538 3977 cilia
2571 3923 2730 3977 licere
2762 3921 3108 3986 reprehendi,
3143 3921 3185 3975 si
3214 3921 3339 3990 quid
3372 3922 3423 3974 in
3453 3922 3532 3976 eis
3585 3920 3711 3974 forte
3733 3935 3757 3970 a
3783 3913 3932 3968 verita"!

2421 4019 2690 4072 deviatum
2746 4027 2847 4070 est.
2888 4037 2905 4068 ι
2952 4015 3341 4084 Quorumlihet,
3403 4024 3459 4069 ut
3509 4013 3687 4075 vides.
3731 4013 3928 4078 episcopo-

2419 4127 2559 4176 rum,
2608 4122 2767 4179 atque
2797 4110 2932 4163 adeo
2986 4107 3235 4178 Cypriani
3268 4107 3460 4161 littera:
3513 4102 3805 4174 reprehendi
3837 4106 3931 4168 pule-

2423 4217 2573 4270 rant,
2604 4221 2706 4258 non
2751 4204 3072 4272 sapientiora
3122 4212 3323 4255 tantum
3355 4201 3641 4267 cujuslibet
3687 4196 3838 4266 privati
3865 4205 3931 4244 ser-

2423 4314 2583 4354 mone
2603 4341 2617 4365 ,
2661 4314 2766 4352 non
2799 4296 3008 4352 concilii
3037 4304 3238 4348 tantum
3264 4294 3674 4364 congregatione
3695 4335 3708 4359 ,
3735 4286 3812 4343 sed
3848 4284 3933 4336 alio-

2423 4407 2539 4444 rum
2586 4391 2744 4445 etiam
2793 4389 3162 4458 episcoporum
3190 4428 3202 4450 ,
3264 4395 3425 4454 atque
3473 4385 3608 4439 adeo
3653 4397 3750 4453 pra:
3794 4372 3934 4432 ceteris

2423 4484 2649 4539 Romani
2702 4480 2953 4536 Prrcsulis
3007 4479 3239 4550 graviore
3317 4479 3622 4530 auctoritate
3673 4473 3936 4534 doetioreqtle

712 4580 815 4624 185-
881 4589 899 4621 ι
936 4569 1075 4623 Nihil
1132 4569 1214 4622 his
1264 4570 1500 4637 ﬂpcrlills
1548 4570 1656 4622 ﬁeri
1707 4579 1902 4638 ItOleSl.
1963 4569 2139 4638 Atque
2183 4569 2317 4624 adeo
2343 4568 2396 4632 D
2423 4576 2725 4649 prudentia.
2759 4575 2882 4629 Haec
2911 4575 3052 4628 enim
3078 4573 3172 4627 tria
3210 4573 3494 4643 perspicue
3537 4565 3837 4624 discriminat
3873 4560 3936 4613 Atr

711 4661 1004 4730 mitiganda
1045 4671 1168 4714 sunt
1214 4661 1456 4715 nonnihil
1495 4661 1734 4716 Firmilia
1772 4663 1825 4715 ni
1863 4663 1929 4716 ad
1992 4660 2317 4732 Cyprianum

710 4754 873 4809 verba
925 4753 1182 4809 adversus
1210 4754 1536 4824 Stephanum
1585 4755 1862 4810 stridentia
1917 4756 1970 4810 iu
2003 4756 2142 4810 hunc
2199 4773 2316 4810 mo-

712 4849 838 4904 dum
872 4870 884 4904 ;
923 4866 941 4898 ί
1009 4846 1201 4902 Pacem
1259 4864 1377 4904 cum
1420 4849 1640 4918 singulis
1695 4850 1841 4902 vario
1899 4849 2180 4903 discordia:
2222 4866 2317 4919 ge-

711 4956 842 4995 nere
891 4951 1265 5010 rumpentem,
1313 4941 1474 4994 modo
1538 4957 1658 4995 cum
1716 4941 2115 5008 Orientalibus,
2162 4931 2311 5012 τιυοά

712 5048 814 5087 nec
855 5049 948 5087 vos
999 5034 1165 5088 latere
1216 5034 1575 5098 conﬁdimus;
1636 5034 1796 5089 modo
1861 5036 2175 5101 vobiscum,
2222 5036 2312 5106 qui

712 5123 767 5177 in
809 5125 1034 5181 meridie
1082 5127 1210 5180 estis
1257 5144 1270 5178 :
1325 5141 1355 5180 a
1404 5126 1594 5196 quibus
1646 5128 1847 5197 legatos
1894 5129 2175 5197 episcopos
2219 5143 2313 5199 pa-

714 5219 902 5274 tienter
967 5220 1096 5274 satis
1159 5232 1212 5274 et
1256 5220 1445 5276 leniter
1501 5221 1767 5292 suscepit,
1825 5231 1886 5274 ut
1949 5237 2043 5276 eos
2088 5237 2185 5276 nec
2248 5222 2314 5276 ad

711 5329 1018 5368 sermonem
1083 5317 1271 5370 saltem
1321 5316 1571 5387 colloquii
1629 5317 1927 5372 connnnnis
1975 5317 2312 5372 admitteret:

710 5407 887 5462 adhuc
937 5408 1153 5476 insuper
1193 5411 1506 5478 praeciperet
1562 5412 1876 5466 fraternitati
1915 5413 2211 5479 universae,
2246 5429 2312 5467 ne

710 5500 831 5567 quis
875 5515 967 5555 eos
1023 5501 1074 5553 in
1146 5499 1364 5555 domum
1409 5517 1557 5557 suam
1607 5506 1872 5574 reciperet
1925 5523 1938 5559 :
1999 5515 2055 5558 ut
2094 5506 2316 5560 venien-

712 5590 856 5643 tibus
913 5608 1017 5644 non
1085 5593 1259 5646 solum
1309 5609 1408 5661 pax
1455 5608 1506 5650 et
1558 5600 1860 5652 cermnunio
1902 5642 1915 5664 ,
1971 5599 2064 5654 sed
2116 5609 2312 5652 tectum

713 5684 769 5726 et
831 5680 1117 5746 hospitium
1186 5695 1486 5749 negaretur.
1538 5687 1981 5743 Rhetoricabatur
2051 5691 2317 5744 Firmilia-

717 5773 852 5826 nus,
901 5777 955 5818 et
995 5781 1172 5820 causae
1207 5785 1318 5823 sua:
1344 5782 1476 5825 aestu
1517 5775 1737 5829 effusius
1790 5779 2218 5834 incandescebat.
2251 5782 2319 5837 Ut

2426 4671 2688 4740 gustinus.

2498 4803 2713 4860 XXXII.
2748 4822 2814 4860 er
2853 4819 3140 4860 CYPRIANUS
3182 4819 3250 4858 ετ
3291 4817 3395 4856 aen
3436 4816 3558 4857 erus
3583 4803 3894 4872 goassarml

2955 4912 3152 4953 FOBSAN
3195 4912 3503 4951 RESIPUERE.

2491 5035 2627 5106 Quid
2658 5036 2701 5090 si
2742 5044 2796 5090 et
2840 5035 2955 5104 ipse
2981 5034 3278 5107 Cyprianus
3321 5044 3444 5087 ante
3493 5033 3694 5088 obitum
3743 5015 3938 5094 resipnit?

2422 5131 2596 5186 Nolim
2640 5128 2887 5198 equidem
2921 5128 2998 5180 vel
3032 5127 3192 5193 illius,
3235 5127 3319 5180 vel
3372 5125 3661 5180 Firmiliani
3709 5112 3937 5175 sanctitatis

2421 5225 2615 5279 famam
2640 5224 2707 5275 ab
2734 5223 2833 5275 hoc
2866 5221 3088 5289 religare
3111 5221 3378 5288 ambiguo.
3407 5219 3511 5275 Sed
3543 5227 3595 5271 et
3646 5229 3751 5270 rem
3785 5207 3941 5264 dubiam

2422 5316 2587 5372 nolim
2628 5314 2844 5369 indubie
2869 5313 3101 5381 explodi.
3130 5312 3321 5367 Sobrie
3348 5321 3402 5366 et
3429 5311 3692 5381 sapienter
3720 5321 3804 5359 suo
3840 5308 3942 5353 more

2419 5410 2744 5481 Augustinus
2767 5409 2804 5460 l.
2834 5423 2889 5471 ll,
2918 5407 2980 5458 de
3006 5403 3157 5474 Bapt.
3191 5421 3304 5458 con.
3336 5403 3473 5458 Dan.
3502 5423 3518 5456 ι
3548 5403 3602 5457 Si
3632 5402 3825 5455 Petrum
3869 5393 3943 5444 lau'

2418 5507 2509 5561 dat
2551 5518 2602 5559 et
2635 5505 2888 5574 pra-dicat
2911 5500 3208 5573 Cyprianus
3235 5502 3300 5554 ab
3331 5517 3436 5556 uno
3464 5498 3750 5571 posteriore
3795 5491 3943 5553 collega

2420 5608 2662 5666 patenter
2709 5599 3152 5665 concorditerqne
3201 5607 3538 5659 correctum;
3571 5599 3779 5668 quanto
3834 5582 3944 5637 citi'is

2419 5689 2534 5758 ipse
2563 5705 2683 5743 cum
2711 5689 2938 5743 concilio
2970 5687 3258 5757 provinciae
3286 5703 3415 5752 suae,
3445 5685 3674 5741 universi
3705 5679 3834 5736 orbis
3857 5685 3943 5726 anc-

2426 5781 2641 5835 toritate
2677 5821 2690 5844 ,
2725 5779 2952 5834 veritate
2978 5779 3263 5848 patefacta,
3289 5778 3575 5835 cessisset?
3613 5775 3735 5842 Quia
3766 5765 3943 5843 proferto
