4262 6236
279 204 423 264 1257
1147 211 1214 268 ΙΝ
1246 211 1574 284 SYNODOS,
1624 216 1713 274 DE
1754 209 2099 281 BAPTISMO
2137 221 2686 288 llERETICORUM.
2721 233 2724 236 ’
3446 239 3588 296 1258

276 333 331 378 ει
363 326 453 379 uni
476 340 661 383 verum
681 319 880 386 dicenti
909 335 964 384 et
982 330 1372 389 demonstranti
1398 345 1581 406 poeset
1604 337 1863 396 facillime
1891 343 1943 402 Α
1970 353 2135 400 rectae
2166 346 2353 402 orbitae
2383 363 2441 403 se
2471 349 2700 405 reddant
2725 368 2736 404 :
2763 365 2791 404 a
2813 353 3264 408 consuetudinum
3292 363 3449 410 recto
3478 364 3592 410 tra—

276 421 590 477 consentire
679 430 784 476 tam
843 419 1045 478 ~sancta
1099 427 1317 494 anima,
1360 437 1465 484 tam
1536 441 1740 502 pacata.
1805 431 1874 489 Et

276 513 509 571 fortasse
550 516 746 572 factum
776 528 891 584 est,
927 519 1020 575 sed
1051 523 1339 577 nescimus.
1371 523 1557 596 Neque
1588 528 1732 582 cnim
1757 544 1874 583 om-

278 607 366 660 nia
414 610 533 678 quia
558 608 609 662 in
637 609 729 663 illo
781 619 1022 683 tempore
1047 616 1187 670 inter
1236 618 1519 687 episcopos
1563 631 1710 689 gesta
1751 630 1874 676 sunt

276 702 555 757 memorizr
587 703 889 777 litterisque
920 705 1162 764 mandari
1222 720 1510 778 potuerunt
1539 731 1550 765 :
1582 721 1671 767 aut
1696 715 1871 769 omnia

275 804 396 864 quae
426 795 676 850 mandata
709 807 833 853 sunt
864 799 1132 856 novimus.
1165 821 1182 853 ι
1211 801 1375 857 Vides
1403 809 1461 858 ut
1502 804 1599 859 has
1653 808 1872 875 conjec~

276 898 423 943 toras
446 903 546 943 nec
565 890 754 945 leviter
771 903 990 954 astruat.
1018 910 1119 950 nec
1138 895 1364 950 ildeuter
1380 907 1694 967 aspernetur
1714 915 1873 956 sanc-

275 988 361 1035 tus
415 980 594 1037 Pater.
648 983 711 1037 Et
738 988 897 1053 epist.
931 986 1035 1042 48:
1074 1007 1090 1038 ι
1129 987 1431 1061 Cyprianus
1458 1000 1548 1043 aut
1577 1007 1679 1045 non
1708 995 1875 1048 sensit

275 1073 495 1128 omnino
516 1119 530 1138 ,
561 1076 702 1142 quod
734 1093 853 1132 eunt
886 1080 1125 1134 sensisse
1153 1083 1409 1140 recitatis.
1441 1091 1530 1136 aut
1560 1083 1660 1138 hoc
1683 1095 1873 1155 postea

274 1167 512 1222 correxit
541 1167 592 1221 in
649 1170 830 1240 regula
862 1173 1129 1239 veritatis,
1163 1183 1254 1229 aut
1303 1173 1445 1230 hunc
1474 1177 1626 1247 quasi
1659 1193 1869 1232 nrevutn

274 1259 555 1329 cooperuit
583 1259 747 1314 ubere
777 1261 1080 1318 charitatis.
1123 1284 1140 1316 ι

348 1351 662 1426 Dionysium
719 1355 1145 1412 Alexandrinum
1177 1358 1336 1414 docet
1365 1360 1728 1436 Hieronymus
1775 1365 1868 1420 lib.

277 1443 347 1502 de
388 1445 589 1518 Script.
634 1447 779 1504 Eccl.
835 1467 853 1502 ι
894 1452 949 1506 In
982 1453 1234 1525 Cypriani
1282 1465 1336 1510 et
1382 1455 1648 1513 Africanae
1683 1460 1875 1531 synodi

277 1541 469 1611 dogma
501 1547 886 1613 consensisse;
927 1567 943 1599 ›
993 1558 1046 1602 et
1079 1559 1254 1605 tamen
1288 1560 1343 1603 ut
1366 1552 1484 1620 ejus
1524 1555 1781 1622 epistolas
1807 1555 1875 1608 ad

278 1635 554 1693 Romanos
580 1638 866 1694 Pontiﬁces
893 1657 955 1696 ex
1006 1643 1240 1698 Eusebio
1268 1643 1420 1699 datas
1471 1648 1658 1702 sileam
1683 1666 1694 1700 :
1727 1648 1877 1703 Basi-

277 1728 382 1785 lius
409 1731 462 1786 in
494 1732 650 1800 epist.
680 1734 748 1786 ad
770 1736 958 1807 Amph.
993 1737 1160 1790 semel
1189 1737 1494 1810 iterumque
1519 1742 1872 1810 conqueritur
1899 1745 1950 1806 B

277 1826 347 1882 de
403 1827 678 1899 Dionysio,
727 1830 869 1899 quod
918 1831 1321 1900 Pepuzenorunt
1370 1831 1640 1902 Baptisma
1681 1851 1872 1906 appro-

277 1923 450 1977 baret.
504 1923 637 1978 llinc
688 1925 1001 1994 eonjectura
1031 1937 1111 1982 est
1141 1929 1206 1982 ad
1235 1929 1600 1985 Romanorum
1651 1943 1872 1987 senten-

281 2015 407 2069 tiam
452 2017 665 2072 tandem
715 2020 1031 2074 accessisse.
1108 2021 1467 2094 llierOuymus
1511 2035 1692 2080 autem
1754 2027 1871 2083 adv.

278 2108 469 2182 Luci]:
495 2111 570 2165 liii
601 2113 703 2181 ipsi
738 2113 975 2183 episcopi
1009 2116 1100 2186 qui
1148 2116 1563 2186 rebaptizandos
1608 2119 1876 2177 hereticos

279 2218 401 2259 cum
453 2201 725 2277 Cypriano
753 2215 1074 2276 statuerant,
1118 2208 1184 2263 ad
1219 2211 1495 2281 antiquam
1520 2213 1872 2268 consuetudi-

279 2313 404 2352 nem
453 2299 697 2365 revoluti,
733 2316 930 2355 novum
957 2303 1188 2358 emisere
1209 2304 1506 2371 decretum,
1543 2316 1650 2360 etc.
1692 2327 1708 2358 ι
1762 2307 1876 2361 Au-

281 2393 528 2462 gustinus
558 2394 594 2447 l.
625 2411 702 2458 ιιι,
735 2406 911 2448 contra
939 2393 1200 2460 Crescon.,
1236 2413 1284 2452 ε.
1314 2399 1366 2460 2.
1403 2399 1596 2464 innuit,
1630 2419 1647 2449 ι
1681 2399 1876 2456 Orien-

283 2486 420 2540 tales
473 2501 624 2542 somn
669 2489 929 2558 judicium
976 2492 1302 2548 correxisse.
1346 2513 1364 2544 ι
1419 2493 1694 2548 Incassum
1751 2512 1878 2566 ergo

281 2576 514 2633 Baronio
559 2579 900 2651 indignantur
929 2582 1192 2652 ejusmodi
1224 2584 1350 2654 quid
1379 2587 1638 2642 ominanti
1669 2588 1736 2643 de
1757 2589 1875 2643 Fir-

280 2671 525 2726 miliano.
578 2672 630 2728 Si
674 2684 848 2729 tamen
883 2673 1016 2729 ﬁdes
1049 2675 1166 2744 ejus
1222 2679 1298 2731 rei
1328 2677 1504 2732 adhuc
1537 2690 1729 2746 nutat,
1780 2697 1878 2736 nec

280 2766 404 2838 plus
444 2751 596 2836 aequo
636 2767 1020 2837 indulgendum
1052 2781 1135 2824 est
1163 2771 1559 2840 suspicionibus
1586 2773 1750 2827 animi
1778 2790 1878 2828 no-

282 2859 734 2927 stri,consultius
776 2862 880 2915 erit
908 2859 1265 2930 Augustinum
1310 2880 1526 2918 rursum
1577 2864 1786 2931 audire,
1836 2867 1874 2922 l.

282 2951 350 3006 de
374 2959 524 3005 unico
550 2952 705 3024 Bapl.
735 2970 850 3006 con.
881 2951 1060 3018 Pelil.,
1089 2970 1136 3009 c.
1170 2956 1270 3009 I5:
1307 2975 1325 3006 ι
1362 2955 1472 3011 Nec
1499 2972 1597 3011 nos
1625 2957 1712 3028 qui
1738 2957 1876 3028 Bap-

282 3046 424 3099 tismi
445 3045 724 3101 veritatem
755 3046 913 3100 etiam
936 3046 986 3100 in
1009 3046 1386 3103 lucrelicorntn
1414 3050 1692 3119 iniquitate
1715 3065 1879 3121 agno-

1981 438 2110 492 mite
2141 438 2471 495 declinantes
2517 458 2582 496 ex
2611 443 2767 498 venia
2815 459 3057 514 persmpe
3108 445 3427 502 tolerantur.
3489 448 3591 506 Hic

1983 530 2164 598 habet,
2197 532 2305 587 illic
2333 551 2436 588 non
2489 535 2651 591 habet
2691 537 2865 591 locum
2913 537 3265 609 dispensatio.
3338 541 3585 598 Deﬁnitte

1982 626 2148 680 semel
2178 626 2296 681 iidei
2337 628 2582 698 derogari
2612 630 2868 700 deinceps
2908 649 3196 702 numquam
3228 640 3283 688 et
3311 649 3577 706 nusquam

1978 725 2192 787 potest:
2220 723 2522 773 constitutae
2565 721 2966 791 quomodolibet
3013 725 3462 780 consuetudinum
3495 727 3578 782 di-

1982 811 2224 878 sciplinae
2251 827 2356 866 non
2382 825 2504 867 raro
2533 817 2800 882 posterior
2828 826 2956 870 tetas
2978 816 3221 887 derogat.
3252 819 3364 888 ipso
3395 819 3584 874 saltem

1984 903 2354 959 desuetudine.
2406 905 2659 961 Conciliis
2710 908 2869 963 etiam
2910 911 3258 966 meumeuicis
3279 921 3574 967 consuetu-

1983 996 2134 1049 dines
2153 997 2354 1068 aliquas
2373 1000 2740 1055 sancientibus
2754 1013 2846 1056 aut
2861 1017 2965 1057 non
2986 1005 3164 1058 statim
3185 1006 3590 1075 obtemperatur

1981 1100 2071 1145 aut
2090 1092 2445 1162 obtemperati
2462 1094 2726 1149 desinitur
2746 1106 2949 1165 postea,
2977 1108 3034 1151 ut
3060 1115 3167 1153 non
3191 1099 3324 1154 citra
3347 1101 3585 1170 culpam,

1979 1194 2034 1236 at
2059 1185 2189 1238 citra
2224 1187 2440 1241 unitatis
2492 1188 2883 1244 Ecclesiasticre
2930 1191 3102 1247 labem
3131 1210 3146 1258 ;
3177 1204 3229 1248 at
3263 1195 3385 1250 ﬁdei
3418 1198 3584 1251 semei

1981 1278 2285 1332 constitutae
2309 1281 2730 1337 irrevocabiliter
2747 1283 3146 1340 obaudiendutn
3166 1298 3267 1341 εει.
3287 1287 3578 1342 Tertullia-

1981 1386 2082 1423 nus
2101 1370 2137 1425 i.
2168 1373 2230 1424 de
2257 1370 2454 1442 Virgin.
2479 1374 2660 1428 vcland
2681 1395 2692 1429 :
2717 1394 2734 1426 ‹
2765 1375 2983 1446 llegula,
3009 1377 3198 1448 inquit,
3226 1378 3331 1434 ﬁde
3353 1381 3571 1436 omnino

1983 1479 2084 1516 una
2117 1474 2219 1532 est,
2245 1466 2356 1519 sola
2378 1466 2689 1534 immobilis,
2720 1478 2771 1523 et
2804 1469 3230 1526 irreformabilis.
3269 1492 3289 1524 ι

2091 1601 2331 1658 XXXIV.
2375 1621 2532 1660 vanu
2576 1623 2735 1662 [IUJUS
2775 1624 3094 1665 mscmmsts
3122 1625 3480 1680 pecuniam“.

2052 1739 2177 1794 ideo
2220 1740 2444 1796 forsitan
2484 1743 2539 1796 in
2596 1743 2816 1799 unitatis
2868 1755 2922 1799 et
2964 1747 3111 1816 pacis
3158 1750 3365 1818 gremio
3395 1753 3595 1808 retenti

1978 1843 2104 1886 sunt
2142 1833 2207 1886 ad
2251 1834 2542 1890 concilium
2587 1849 2757 1906 usque
2799 1837 3093 1907 Nietennm,
3144 1841 3233 1910 qui
3264 1842 3331 1896 de
3377 1843 3594 1911 pascha!

1979 1926 2068 1982 die
2109 1943 2137 1981 a
2187 1929 2450 1984 catholica
2493 1931 2738 1986 Ecclesia
2774 1933 3126 1989 dissonabant
3168 1954 3182 1990 :
3230 1951 3352 1991 cum
3382 1947 3597 1996 eteteraa

1982 2019 2218 2074 luereses
2265 2020 2426 2075 etiam
2460 2032 2586 2077 ante
2643 2023 2916 2080 Nicmnam
2961 2027 3228 2098 synodum
3270 2045 3301 2084 a
3354 2045 3590 2102 corpore

1982 2111 2238 2168 Ecclesia:
2301 2115 2631 2171 detruncata:
2691 2116 2908 2174 fuerint.
2979 2119 3104 2175 Ideo
3169 2121 3238 2178 de
3291 2127 3596 2194 quaastione

1984 2208 2253 2274 paschalis
2282 2208 2581 2265 dirimenda
2627 2211 2938 2280 laborarunt
2979 2214 3327 2273 vehementer
3379 2219 3588 2276 Nicmui

1983 2298 2204 2363 Patres;
2253 2300 2322 2355 de
2353 2302 2547 2370 priscis
2588 2303 2885 2360 Itarresibus
2919 2308 3213 2364 innumeris
3243 2328 3337 2380 per
3373 2316 3594 2383 provin—

1983 2391 2134 2445 cialia
2183 2404 2386 2447 tantum
2430 2396 2656 2450 concilia
2713 2399 2940 2455 antehac
2992 2405 3338 2474 proscriptis,
3396 2423 3585 2463 rursus

1985 2486 2403 2552 proscribendis,
2449 2496 2505 2541 et
2550 2505 2616 2542 ex
2657 2494 3008 2548 (ecumenica:
3038 2496 3359 2551 auctoritate
3392 2501 3592 2571 synodi

1984 2575 2334 2632 fulmiuandis
2363 2579 2493 2632 nihil
2528 2580 2678 2636 fuere
2719 2584 2959 2640 Solliciti.
3025 2584 3156 2642 Ideo
3205 2598 3260 2644 et
3299 2601 3587 2647 concerta-

1986 2669 2188 2724 tionem
2230 2671 2297 2726 de
2328 2672 2604 2742 Baptismo
2636 2675 2792 2730 iidem
2831 2678 3014 2746 sopire
3059 2679 3400 2747 studuerunt,
3452 2699 3590 2741 unos

1984 2762 2302 2832 rebaptizari
2330 2765 2568 2834 jubendo
2600 2766 2977 2824 Paulianistas.
3025 2771 3156 2838 Quia
3190 2782 3247 2826 ut
3277 2773 3498 2828 liberior
3526 2785 3582 2830 et

1985 2858 2292 2912 versatilior
2332 2875 2426 2912 sua
2459 2870 2652 2930 sponte
2699 2871 2783 2916 est
2837 2864 3150 2934 disciplina;
3194 2867 3266 2921 ita
3296 2867 3593 2924 universali

1987 2953 2157 3022 magis
2210 2968 2476 3008 consensu
2523 2971 2661 3025 Opus
2692 2966 2796 3020 est,
2830 2959 2998 3013 sicubi
3030 2962 3404 3032 restringatur.
3471 2963 3597 3020 Ideo

1984 3053 2040 3098 et
2075 3046 2372 3114 Cyprianus
2401 3046 2753 3104 vehementer
2791 3052 3175 3118 contendebat,
3205 3061 3258 3108 et
3284 3053 3596 3125 Stephanus

283 3141 484 3196 scimus
532 3143 708 3211 potius
746 3160 903 3214 quam
940 3161 1220 3218 negamus,
1254 3144 1374 3199 ideo
1401 3146 1657 3199 meliores
1691 3142 1880 3216 Cypri-
1906 3145 1952 3210 C
1987 3140 2200 3195 tandem
2230 3143 2577 3210 condonavit,
2614 3156 2670 3198 nt
2697 3145 2906 3201 diversa
2943 3149 3237 3217 quamlibet
3287 3151 3587 3208 sentientes

282 3251 388 3290 ano
413 3251 616 3299 sumus,
651 3239 787 3292 sicut
827 3256 923 3296 nec
954 3241 1136 3306 Petro,
1187 3242 1311 3310 quia
1361 3249 1550 3309 gentes
1595 3239 1877 3307 judaizare

282 3344 391 3382 non
454 3330 712 3398 cogimus.
747 3331 860 3386 Hoc
889 3333 956 3387 de
1009 3333 1308 3404 Agrippino
1354 3332 1580 3402 aliisque
1607 3332 1878 3402 episeopis

280 3422 373 3492 qui
415 3423 503 3478 illa
536 3426 763 3480 concilia
813 3427 1007 3481 fecisse
1055 3426 1407 3494 perhibentur
1463 3425 1874 3495 responderim,

280 3515 484 3586 quisic
531 3517 744 3574 diversa
796 3530 1104 3585 senserunt,
1154 3528 1213 3572 ut
1244 3534 1364 3573 cum
1396 3519 1474 3573 eis
1513 3529 1699 3573 coatra
1744 3534 1880 3590 quos

281 3609 352 3664 de
379 3608 477 3666 hac
507 3613 807 3682 quarstione
837 3612 1144 3667 sentiebant
1166 3653 1179 3677 ,
1213 3613 1262 3663 iu
1290 3613 1493 3664 unitate
1524 3613 1882 3681 persisterent

283 3707 378 3762 ubi
432 3707 664 3762 charitas
712 3709 954 3776 cooperit
992 3705 1389 3760 multitudinem
1438 3716 1802 3775 peccatorum.
1856 3727 1875 3760 ι

280 3801 351 3856 ΕΙ.
404 3799 601 3855 Bedaut
651 3816 864 3856 rursum
913 3799 1103 3853 audire
1167 3799 1415 3868 superius
1469 3799 1733 3863 relatum;
1793 3799 1884 3869 qui

282 3895 481 3952 Aidani
507 3896 662 3950 vitam
690 3897 1017 3964 evangelica:
1045 3896 1247 3950 amussi
1271 3904 1574 3964 coaptatam
1607 3894 1881 3963 laudabat,

285 4005 394 4045 non
435 3989 688 4044 laudabat
737 4003 914 4044 autem
944 3989 1087 4060 quod
1138 3990 1455 4043 canonii-um
1498 3990 1718 4044 Pascha:
1744 3999 1882 4044 tem-

286 4097 424 4154 pus,
469 4101 486 4134 ί
535 4083 622 4136 vel
679 4083 967 4153 ignorans,
1029 4083 1114 4137 vel
1176 4097 1289 4136 sum
1325 4083 1500 4152 gentis
1546 4084 1880 4149 auctoritate,

285 4192 393 4232 nec
427 4178 662 4248 agnitum
696 4187 1031 4248 sequeretur,
1078 4176 1351 4242 (ICl‘lClliS,
1413 4191 1517 4231 non
1551 4178 1882 4234 observaret.

282 4314 528 4371 XXXIII.
569 4333 775 4372 ALTERA
821 4333 1088 4371 arenrrun
1128 4334 1215 4372 VIA
1251 4332 1535 4372 SOLVEND£
1573 4335 1732 4374 uuws
1759 4334 1888 4375 coa—

362 4425 686 4477 TROVERSIA-Z,
739 4428 806 4465 EX
847 4427 1144 4466 DlSCRlllllNE
1187 4427 1534 4476 QU;ESTIONL'M
1567 4428 1633 4466 DE
1661 4428 1782 4468 FIDE
1815 4427 1886 4467 ΕΤ

362 4520 428 4559 DE
455 4519 953 4559 CONSUETUDINIDUS.

363 4639 432 4695 Et
477 4640 600 4695 hinc
627 4656 814 4696 rursus
843 4640 946 4694 alia
995 4654 1054 4694 se
1086 4639 1269 4709 pandit
1305 4639 1441 4694 ratio
1464 4642 1717 4698 sedandae
1745 4644 1886 4700 inter

279 4736 436 4790 varia
466 4737 866 4806 Augustiniame
908 4735 1166 4790 doctrina:
1208 4734 1381 4802 capita
1426 4737 1881 4793 coullictatiouis:

276 4845 410 4885 cum
464 4830 604 4886 idem
638 4834 750 4901 ipse
793 4840 846 4884 et
880 4830 1096 4884 concilii
1127 4829 1352 4899 pleuarii
1398 4844 1548 4900 spem
1595 4833 1889 4902 amputarit

277 4923 615 4994 Pelagianis.
650 4924 1036 4979 inexorabilem
1062 4922 1304 4977 indicens
1333 4926 1715 4980 necessitatem
1748 4927 1887 4980 Afri-

275 5018 442 5071 canis
470 5019 711 5072 conciliis
740 5028 795 5072 et
823 5017 1148 5086 Apostolicm
1175 5022 1406 5072 maxime
1433 5019 1586 5073 Sedis
1617 5020 1888 5074 deﬁnitio-

274 5108 450 5165 nibus
497 5111 869 5166 subscribendi
917 5129 928 5165 :
974 5111 1039 5165 Et
1090 5109 1361 5180 Cypriane
1412 5111 1638 5181 ejusque
1665 5113 1887 5182 collegis

273 5202 500 5269 Cupiam
538 5202 742 5269 fecerit,
773 5216 857 5258 aut
897 5203 1252 5273 patrociniiun
1282 5202 1646 5269 adornaverit,
1683 5213 1738 5257 ut
1763 5214 1888 5260 ante

269 5298 575 5354 concilium
649 5300 945 5368 plenarium
1011 5315 1116 5352 non
1174 5298 1606 5368 acquiescerent.
1682 5296 1888 5367 lugenti

269 5391 437 5445 cuitu
471 5407 689 5461 prorsus
723 5393 803 5446 ha:
830 5392 1155 5462 qiucstiones
1187 5391 1391 5444 distant
1435 5389 1739 5443 intervallo.
1801 5389 1890 5444 Illa

266 5482 360 5539 ad
396 5484 568 5550 ﬁdem,
610 5487 722 5540 haec
750 5485 814 5540 ad
845 5485 1265 5540 consuetudines
1297 5483 1465 5551 magis
1490 5482 1743 5536 Ecclesim
1772 5499 1893 5553 per-

269 5579 452 5632 tinet.
474 5579 531 5633 ln
563 5581 818 5633 unitatem
841 5579 960 5632 ﬁdei
987 5578 1276 5634 concinere
1298 5591 1576 5630 necessum
1601 5584 1684 5628 est
1707 5574 1897 5630 ﬁdeles

269 5689 506 5735 omnes.
541 5676 592 5730 in
624 5677 882 5729 unitatem
926 5671 1375 5728 consuetudinum
1416 5685 1522 5723 non
1560 5677 1644 5724 est
1683 5683 1899 5739 semper

266 5777 528 5826 necesse
571 5786 584 5822 :
625 5770 669 5823 Α
702 5766 804 5822 ﬁde
832 5765 1166 5823 deviantibus
1193 5763 1266 5820 nil
1299 5762 1468 5818 reuim
1498 5769 1766 5833 superest,
1798 5761 1901 5818 nisi

1984 3234 2051 3288 ab
2097 3235 2315 3289 unitatis
2349 3244 2528 3292 tamen
2577 3237 2853 3293 individuo
2906 3257 3044 3294 nexu
3091 3257 3158 3296 ne
3203 3242 3595 3299 discederent:

1984 3328 2121 3381 sicut
2150 3329 2280 3382 etin
2313 3331 2529 3398 negotio
2582 3332 2854 3399 paschatis
2892 3332 3130 3388 lrenacus
3171 3335 3370 3404 aliique
3397 3337 3597 3391 sentie-

1985 3421 2112 3476 bant
2131 3423 2392 3491 sequioris
2421 3423 2779 3480 observantise
2805 3427 3108 3482 tenaciores
3137 3444 3380 3499 quosque
3398 3444 3425 3482 a
3448 3445 3599 3484 com-

1987 3531 2120 3586 page
2162 3515 2416 3572 Ecclesia:
2471 3532 2576 3572 non
2631 3518 2976 3573 scindendos.
3041 3521 3596 3592 Deniquediscipiintn

1985 3607 2299 3663 varietatem
2328 3609 2520 3664 alicubi
2553 3611 2713 3665 etiam
2744 3621 3067 3666 ornamento
3098 3627 3220 3667 esse
3248 3623 3301 3667 et
3331 3612 3594 3684 Augusti.

1989 3716 2089 3755 nus
2115 3711 2168 3754 et
2202 3699 2496 3771 Gregorius
2534 3701 2672 3757 infra
2711 3718 2813 3757 suo
2840 3703 2956 3757 ioco
2984 3720 3082 3757 nos
3106 3704 3396 3760 docebunt.
3455 3706 3596 3762 Grec

1989 3793 2172 3863 gorius
2196 3802 2374 3846 autem
2397 3809 2504 3847 non
2531 3810 2787 3849 assensus
2819 3794 3000 3859 modo,
3032 3795 3126 3850 sed
3157 3795 3404 3851 hortatus
3431 3799 3595 3853 etiam

1992 3895 2072 3939 est
2099 3886 2343 3940 diversos
2379 3887 2447 3941 ab
2493 3887 2735 3942 Ecclesia
2763 3888 3006 3943 Romana
3037 3890 3207 3954 ritus,
3255 3891 3423 3945 sicubi
3460 3901 3596 3947 tem-

1991 3978 2308 4049 pestiviores
2353 3990 2729 4046 occurrerent,
2799 3983 2850 4034 in
2907 3982 3192 4036 ecclesiam
3240 3984 3594 4051 Anglicanam

1991 4073 2396 4141 transplantari.
2445 4072 2503 4126 In
2557 4072 2663 4127 [ide
2706 4084 2883 4128 autem
2933 4089 3090 4129 nemo
3141 4075 3278 4130 hanc
3322 4076 3597 4133 licentiam

1991 4167 2341 4221 concesserit.

1992 4304 2212 4361 XXXV.
2244 4321 2593 4370 QUIESTIONEM
2623 4323 2760 4364 HANC
2789 4323 3060 4365 cmuren
3087 4326 3414 4366 τιιΑετΑτΑιι
3437 4327 3597 4384 esse,

2064 4419 2133 4456 UT
2176 4418 2243 4457 AD
2289 4417 2716 4459 CONSUETUDINES
2765 4422 3133 4476 SPECTANTEM,
3174 4423 3277 4465 NON
3317 4425 3385 4464 ΔΙ)
3415 4426 3600 4480 FIDE”,

2069 4511 2350 4551 PROBATUR
2381 4513 2582 4552 PRIMUM
2599 4514 2667 4552 EX
2690 4514 3017 4557 FIRMILIANO.

2059 4631 2168 4688 Nec
2194 4649 2279 4687 me
2328 4632 2464 4687 fallit
2493 4633 2727 4703 quodam
2771 4651 2931 4698 posse
2984 4637 3146 4691 modo
3177 4636 3241 4691 ad
3279 4636 3399 4692 ﬁdei
3432 4653 3600 4709 nego-

1990 4729 2122 4783 tium
2160 4729 2401 4783 revocari
2452 4729 2584 4782 istas
2611 4727 2680 4782 de
2726 4729 3000 4797 Baptismo
3044 4730 3418 4785 haereticorum
3452 4746 3601 4800 quat-

1990 4826 2223 4886 stiones;
2256 4822 2422 4877 tnulto
2445 4825 2606 4876 etiam
2633 4823 2802 4891 magis
2830 4839 2988 4892 quant
3020 4824 3087 4879 de
3115 4824 3379 4894 paschatis
3408 4824 3514 4888 die,
3542 4825 3598 4878 in

1993 4930 2097 4983 quo
2112 4915 2424 4969 aberrantes
2439 4915 2885 4970 ecclesiasVictor
2899 4917 3249 4972 iteterodoxas
3264 4916 3594 4986 appellabat.

1995 5008 2097 5062 Sed
2127 5025 2286 5062 unum
2330 5007 2381 5062 id
2429 5009 2678 5063 existimo
2706 5025 2771 5062 ex
2804 5011 3096 5077 priscorum
3127 5011 3341 5065 Patrum
3373 5010 3591 5080 scriptis

1996 5101 2290 5155 scintillare
2321 5101 2458 5155 hanc
2507 5117 2621 5156 rem
2673 5101 2794 5156 illos
2835 5117 2944 5155 non
2990 5103 3165 5168 aliter,
3199 5118 3359 5171 quam
3391 5112 3444 5155 ut
3470 5117 3600 5157 con-

1995 5197 2293 5251 suetudinis
2341 5199 2723 5254 ecclesiasticac
2767 5208 2822 5253 et
2861 5199 3161 5264 disciplina:
3207 5207 3412 5268 partem
3445 5213 3601 5268 spec-

1996 5299 2161 5352 tasse,
2195 5305 2293 5345 nec
2322 5291 2389 5345 ad
2415 5291 2536 5347 ﬁdei
2559 5291 2917 5347 substantiam
2941 5299 2996 5345 et
3020 5292 3395 5347 necessitatem
3435 5304 3598 5344 revo-

1997 5399 2169 5440 casse.
2230 5385 2306 5441 lta
2345 5388 2610 5442 seruiebat
2654 5387 3004 5443 Firmilianus
3044 5389 3097 5444 in
3138 5390 3294 5459 epist.
3345 5387 3414 5442 ad
3441 5385 3597 5457 Cypr.

1999 5481 2148 5534 salvo
2175 5481 2390 5536 unitatis
2418 5482 2636 5538 vinculo
2660 5484 2713 5536 in
2741 5483 2825 5537 his
2851 5482 3126 5538 dissentiri
3158 5499 3314 5550 posse
3344 5503 3357 5539 :
3386 5505 3404 5537 ι
3442 5485 3540 5542 Cir

2004 5576 2355 5630 ceiebrandos
2398 5576 2516 5631 dies
2547 5576 2768 5631 Pascha:
2811 5585 2865 5631 et
2910 5577 3048 5632 circa
3079 5578 3247 5632 multa
3271 5579 3374 5633 alia
3406 5579 3606 5639 divinae

2005 5669 2082 5724 rei
2137 5667 2530 5736 Sacramenta,
2569 5668 2750 5725 videat
2798 5668 2919 5738 quis
2966 5683 3087 5724 esse
3138 5670 3278 5738 apud
3331 5673 3608 5730 Romanos

2003 5761 2209 5835 aliquas
2249 5761 2613 5831 diversitates,
2643 5776 2744 5819 nec
2767 5761 3048 5820 observari
3079 5760 3190 5819 illic
3216 5765 3398 5823 omnia
3422 5781 3610 5839 acqua-
