  <div class='ocr_page' id='page_1' title='image "/cluster/home/n/w/nwhite01/storage/ocr_20150623/3/hvd.32044054086798/669.png"; bbox 0 0 4262 6236; ppageno 0'>
   <div class='ocr_carea' id='block_1_1' title="bbox 671 217 813 276">
    <p class='ocr_par' dir='ltr' id='par_1_1' title="bbox 671 217 813 276">
     <span class='ocr_line' id='line_1_1' title="bbox 671 217 813 276; baseline -0.021 0"><span class='ocrx_word' id='word_1_1' title='bbox 671 217 813 276; x_wconf 66' lang='lat'><strong>1950</strong></span> 
     </span>
    </p>
   </div>
   <div class='ocr_carea' id='block_1_2' title="bbox 1840 187 2754 258">
    <p class='ocr_par' dir='ltr' id='par_1_2' title="bbox 1840 187 2754 258">
     <span class='ocr_line' id='line_1_2' title="bbox 1840 187 2754 258; baseline -0.014 -1"><span class='ocrx_word' id='word_1_2' title='bbox 1840 195 2259 258; x_wconf 79' lang='lat' dir='ltr'><strong>THOMASSINI</strong></span> <span class='ocrx_word' id='word_1_3' title='bbox 2298 187 2754 251; x_wconf 79' lang='lat' dir='ltr'><strong>DISSERTATIO</strong></span> 
     </span>
    </p>
   </div>
   <div class='ocr_carea' id='block_1_3' title="bbox 3830 175 3970 230">
    <p class='ocr_par' dir='ltr' id='par_1_3' title="bbox 3830 175 3970 230">
     <span class='ocr_line' id='line_1_3' title="bbox 3830 175 3970 230; baseline -0.021 0"><span class='ocrx_word' id='word_1_4' title='bbox 3830 175 3970 230; x_wconf 64' lang='lat'><strong>19.50</strong></span> 
     </span>
    </p>
   </div>
   <div class='ocr_carea' id='block_1_4' title="bbox 664 294 3966 404">
    <p class='ocr_par' dir='ltr' id='par_1_4' title="bbox 664 294 3966 404">
     <span class='ocr_line' id='line_1_4' title="bbox 664 294 3966 404; baseline -0.013 -15"><span class='ocrx_word' id='word_1_5' title='bbox 664 334 791 394; x_wconf 83' lang='lat' dir='ltr'><strong>liter</strong></span> <span class='ocrx_word' id='word_1_6' title='bbox 815 345 936 404; x_wconf 72' lang='lat' dir='ltr'><strong>qua:</strong></span> <span class='ocrx_word' id='word_1_7' title='bbox 964 326 1349 399; x_wconf 77' lang='lat' dir='ltr'><strong>Hierosolymis</strong></span> <span class='ocrx_word' id='word_1_8' title='bbox 1370 324 1747 381; x_wconf 80' lang='lat' dir='ltr'><strong>observantur.</strong></span> <span class='ocrx_word' id='word_1_9' title='bbox 1780 315 2087 374; x_wconf 89' lang='lat' dir='ltr'><strong>Secundum</strong></span> <span class='ocrx_word' id='word_1_10' title='bbox 2117 312 2265 385; x_wconf 90' lang='lat' dir='ltr'><strong>quod</strong></span> <span class='ocrx_word' id='word_1_11' title='bbox 2293 315 2345 374; x_wconf 82' lang='lat' dir='ltr'><strong>A</strong></span> <span class='ocrx_word' id='word_1_12' title='bbox 2368 307 2614 376; x_wconf 74' lang='lat' dir='ltr'><strong>haeresis,</strong></span> <span class='ocrx_word' id='word_1_13' title='bbox 2635 306 2732 365; x_wconf 85' lang='lat' dir='ltr'><strong>sed</strong></span> <span class='ocrx_word' id='word_1_14' title='bbox 2777 304 2994 376; x_wconf 87' lang='lat' dir='ltr'><strong>propria</strong></span> <span class='ocrx_word' id='word_1_15' title='bbox 3037 304 3121 358; x_wconf 79' lang='lat' dir='ltr'><strong>lex</strong></span> <span class='ocrx_word' id='word_1_16' title='bbox 3159 296 3568 371; x_wconf 83' lang='lat' dir='ltr'><strong>rebaptizandi?</strong></span> <span class='ocrx_word' id='word_1_17' title='bbox 3592 294 3861 404; x_wconf 45' lang='lat' dir='ltr'><strong>_Dcni’que</strong></span> <span class='ocrx_word' id='word_1_18' title='bbox 3879 309 3966 404; x_wconf 73' lang='lat' dir='ltr'><strong>ea-</strong></span> 
     </span>
    </p>
   </div>
   <div class='ocr_carea' id='block_1_5' title="bbox 667 408 2265 494">
    <p class='ocr_par' dir='ltr' id='par_1_5' title="bbox 667 408 2265 494">
     <span class='ocr_line' id='line_1_5' title="bbox 667 408 2265 494; baseline -0.014 -9"><span class='ocrx_word' id='word_1_19' title='bbox 667 429 723 485; x_wconf 86' lang='lat' dir='ltr'><strong>in</strong></span> <span class='ocrx_word' id='word_1_20' title='bbox 750 427 961 491; x_wconf 78' lang='lat' dir='ltr'><strong>eteteris</strong></span> <span class='ocrx_word' id='word_1_21' title='bbox 995 436 1208 494; x_wconf 90' lang='lat' dir='ltr'><strong>quoque</strong></span> <span class='ocrx_word' id='word_1_22' title='bbox 1239 418 1480 490; x_wconf 80' lang='lat' dir='ltr'><strong>plurimis</strong></span> <span class='ocrx_word' id='word_1_23' title='bbox 1512 414 1804 488; x_wconf 87' lang='lat' dir='ltr'><strong>provinciis</strong></span> <span class='ocrx_word' id='word_1_24' title='bbox 1845 411 2013 467; x_wconf 91' lang='lat' dir='ltr'><strong>multa</strong></span> <span class='ocrx_word' id='word_1_25' title='bbox 2052 425 2150 479; x_wconf 92' lang='lat' dir='ltr'><strong>pro</strong></span> <span class='ocrx_word' id='word_1_26' title='bbox 2184 408 2265 464; x_wconf 87' lang='lat' dir='ltr'><strong>Io-</strong></span> 
     </span>
    </p>
   </div>
   <div class='ocr_carea' id='block_1_6' title="bbox 665 512 2265 585">
    <p class='ocr_par' dir='ltr' id='par_1_6' title="bbox 665 512 2265 585">
     <span class='ocr_line' id='line_1_6' title="bbox 665 512 2265 585; baseline -0.014 -1"><span class='ocrx_word' id='word_1_27' title='bbox 665 542 856 585; x_wconf 86' lang='lat' dir='ltr'><strong>eorum</strong></span> <span class='ocrx_word' id='word_1_28' title='bbox 883 536 936 580; x_wconf 89' lang='lat' dir='ltr'><strong>et</strong></span> <span class='ocrx_word' id='word_1_29' title='bbox 966 522 1242 576; x_wconf 92' lang='lat' dir='ltr'><strong>nominum</strong></span> <span class='ocrx_word' id='word_1_30' title='bbox 1283 516 1593 572; x_wconf 69' lang='lat' dir='ltr'><strong>diversitate</strong></span> <span class='ocrx_word' id='word_1_31' title='bbox 1622 512 1917 573; x_wconf 89' lang='lat' dir='ltr'><strong>variantur,</strong></span> <span class='ocrx_word' id='word_1_32' title='bbox 1947 522 2046 563; x_wconf 92' lang='lat' dir='ltr'><strong>nec</strong></span> <span class='ocrx_word' id='word_1_33' title='bbox 2085 516 2265 561; x_wconf 88' lang='lat' dir='ltr'><strong>tamen</strong></span> 
     </span>
    </p>
   </div>
   <div class='ocr_carea' id='block_1_7' title="bbox 667 599 2267 689">
    <p class='ocr_par' dir='ltr' id='par_1_7' title="bbox 667 599 2267 689">
     <span class='ocr_line' id='line_1_7' title="bbox 667 599 2267 689; baseline -0.014 -14"><span class='ocrx_word' id='word_1_34' title='bbox 667 628 886 689; x_wconf 87' lang='lat' dir='ltr'><strong>propter</strong></span> <span class='ocrx_word' id='word_1_35' title='bbox 912 615 1013 670; x_wconf 91' lang='lat' dir='ltr'><strong>hoc</strong></span> <span class='ocrx_word' id='word_1_36' title='bbox 1033 614 1101 669; x_wconf 86' lang='lat' dir='ltr'><strong>alt</strong></span> <span class='ocrx_word' id='word_1_37' title='bbox 1126 610 1380 667; x_wconf 67' lang='lat' dir='ltr'><strong>Ecclesia:</strong></span> <span class='ocrx_word' id='word_1_38' title='bbox 1406 606 1687 663; x_wconf 74' lang='lat' dir='ltr'><strong>catholica:</strong></span> <span class='ocrx_word' id='word_1_39' title='bbox 1719 619 1850 674; x_wconf 91' lang='lat' dir='ltr'><strong>pace</strong></span> <span class='ocrx_word' id='word_1_40' title='bbox 1875 611 2035 672; x_wconf 92' lang='lat' dir='ltr'><strong>atque</strong></span> <span class='ocrx_word' id='word_1_41' title='bbox 2060 599 2267 656; x_wconf 87' lang='lat' dir='ltr'><strong>unitate</strong></span> 
     </span>
    </p>
   </div>
   <div class='ocr_carea' id='block_1_8' title="bbox 667 692 2267 781">
    <p class='ocr_par' dir='ltr' id='par_1_8' title="bbox 667 692 2267 781">
     <span class='ocr_line' id='line_1_8' title="bbox 667 692 2267 781; baseline -0.014 -14"><span class='ocrx_word' id='word_1_42' title='bbox 667 707 956 781; x_wconf 84' lang='lat' dir='ltr'><strong>aliquando</strong></span> <span class='ocrx_word' id='word_1_43' title='bbox 986 705 1283 761; x_wconf 86' lang='lat' dir='ltr'><strong>discessum</strong></span> <span class='ocrx_word' id='word_1_44' title='bbox 1312 709 1417 756; x_wconf 91' lang='lat' dir='ltr'><strong>est.</strong></span> <span class='ocrx_word' id='word_1_45' title='bbox 1468 696 1621 767; x_wconf 85' lang='lat' dir='ltr'><strong>Quod</strong></span> <span class='ocrx_word' id='word_1_46' title='bbox 1655 712 1807 751; x_wconf 90' lang='lat' dir='ltr'><strong>nune</strong></span> <span class='ocrx_word' id='word_1_47' title='bbox 1826 695 2005 751; x_wconf 83' lang='lat' dir='ltr'><strong>facere</strong></span> <span class='ocrx_word' id='word_1_48' title='bbox 2035 692 2267 762; x_wconf 86' lang='lat' dir='ltr'><strong>Stepha-</strong></span> 
     </span>
    </p>
   </div>
   <div class='ocr_carea' id='block_1_9' title="bbox 666 793 2266 866">
    <p class='ocr_par' dir='ltr' id='par_1_9' title="bbox 666 793 2266 866">
     <span class='ocr_line' id='line_1_9' title="bbox 666 793 2266 866; baseline -0.013 -7"><span class='ocrx_word' id='word_1_49' title='bbox 666 816 771 859; x_wconf 86' lang='lat' dir='ltr'><strong>nus</strong></span> <span class='ocrx_word' id='word_1_50' title='bbox 802 815 969 855; x_wconf 90' lang='lat' dir='ltr'><strong>ausus</strong></span> <span class='ocrx_word' id='word_1_51' title='bbox 997 807 1102 864; x_wconf 91' lang='lat' dir='ltr'><strong>est,</strong></span> <span class='ocrx_word' id='word_1_52' title='bbox 1136 809 1389 866; x_wconf 89' lang='lat' dir='ltr'><strong>rumpens</strong></span> <span class='ocrx_word' id='word_1_53' title='bbox 1416 793 1702 847; x_wconf 90' lang='lat' dir='ltr'><strong>adversum</strong></span> <span class='ocrx_word' id='word_1_54' title='bbox 1733 805 1829 844; x_wconf 89' lang='lat' dir='ltr'><strong>vos</strong></span> <span class='ocrx_word' id='word_1_55' title='bbox 1854 802 2063 859; x_wconf 88' lang='lat' dir='ltr'><strong>pacem,</strong></span> <span class='ocrx_word' id='word_1_56' title='bbox 2105 799 2266 857; x_wconf 90' lang='lat' dir='ltr'><strong>quam</strong></span> 
     </span>
    </p>
   </div>
   <div class='ocr_carea' id='block_1_10' title="bbox 668 881 2268 965">
    <p class='ocr_par' dir='ltr' id='par_1_10' title="bbox 668 881 2268 965">
     <span class='ocr_line' id='line_1_10' title="bbox 668 881 2268 965; baseline -0.012 -15"><span class='ocrx_word' id='word_1_57' title='bbox 668 908 885 965; x_wconf 78' lang='lat' dir='ltr'><strong>semper</strong></span> <span class='ocrx_word' id='word_1_58' title='bbox 910 901 1284 947; x_wconf 69' lang='lat' dir='ltr'><strong>antecessitres</strong></span> <span class='ocrx_word' id='word_1_59' title='bbox 1313 886 1432 957; x_wconf 80' lang='lat' dir='ltr'><strong>ejus</strong></span> <span class='ocrx_word' id='word_1_60' title='bbox 1461 884 1735 939; x_wconf 87' lang='lat' dir='ltr'><strong>vobiscum</strong></span> <span class='ocrx_word' id='word_1_61' title='bbox 1764 897 1951 937; x_wconf 90' lang='lat' dir='ltr'><strong>amore</strong></span> <span class='ocrx_word' id='word_1_62' title='bbox 1979 888 2035 935; x_wconf 90' lang='lat' dir='ltr'><strong>et</strong></span> <span class='ocrx_word' id='word_1_63' title='bbox 2062 881 2268 934; x_wconf 84' lang='lat' dir='ltr'><strong>honore</strong></span> 
     </span>
    </p>
   </div>
   <div class='ocr_carea' id='block_1_11' title="bbox 670 975 2268 1048">
    <p class='ocr_par' dir='ltr' id='par_1_11' title="bbox 670 975 2268 1048">
     <span class='ocr_line' id='line_1_11' title="bbox 670 975 2268 1048; baseline -0.01 -3"><span class='ocrx_word' id='word_1_64' title='bbox 670 997 857 1045; x_wconf 91' lang='lat' dir='ltr'><strong>mutuo</strong></span> <span class='ocrx_word' id='word_1_65' title='bbox 883 987 1272 1042; x_wconf 82' lang='lat' dir='ltr'><strong>custodierunt.</strong></span> <span class='ocrx_word' id='word_1_66' title='bbox 1316 1003 1335 1035; x_wconf 76' lang='grc' dir='ltr'><strong><em>ι</em></strong></span> <span class='ocrx_word' id='word_1_67' title='bbox 1374 981 1439 1036; x_wconf 83' lang='grc' dir='ltr'><strong>Ει</strong></span> <span class='ocrx_word' id='word_1_68' title='bbox 1471 988 1583 1035; x_wconf 93' lang='lat' dir='ltr'><strong>toto</strong></span> <span class='ocrx_word' id='word_1_69' title='bbox 1615 977 1813 1048; x_wconf 87' lang='lat' dir='ltr'><strong>passim</strong></span> <span class='ocrx_word' id='word_1_70' title='bbox 1846 975 2090 1046; x_wconf 69' lang='lat' dir='ltr'><strong>epistolae</strong></span> <span class='ocrx_word' id='word_1_71' title='bbox 2134 988 2268 1029; x_wconf 86' lang='lat' dir='ltr'><strong>con-</strong></span> 
     </span>
    </p>
   </div>
   <div class='ocr_carea' id='block_1_12' title="bbox 671 1068 2267 1141">
    <p class='ocr_par' dir='ltr' id='par_1_12' title="bbox 671 1068 2267 1141">
     <span class='ocr_line' id='line_1_12' title="bbox 671 1068 2267 1141; baseline -0.011 -2"><span class='ocrx_word' id='word_1_72' title='bbox 671 1092 823 1139; x_wconf 82' lang='lat' dir='ltr'><strong>textu</strong></span> <span class='ocrx_word' id='word_1_73' title='bbox 859 1080 1151 1136; x_wconf 90' lang='lat' dir='ltr'><strong>bacchatur</strong></span> <span class='ocrx_word' id='word_1_74' title='bbox 1176 1094 1242 1132; x_wconf 91' lang='lat' dir='ltr'><strong>eo</strong></span> <span class='ocrx_word' id='word_1_75' title='bbox 1270 1076 1383 1132; x_wconf 80' lang='lat' dir='ltr'><strong>fere</strong></span> <span class='ocrx_word' id='word_1_76' title='bbox 1408 1074 1623 1129; x_wconf 88' lang='lat' dir='ltr'><strong>nomine</strong></span> <span class='ocrx_word' id='word_1_77' title='bbox 1658 1071 1710 1126; x_wconf 88' lang='lat' dir='ltr'><strong>itt</strong></span> <span class='ocrx_word' id='word_1_78' title='bbox 1742 1070 2096 1141; x_wconf 81' lang='lat' dir='ltr'><strong>Stephanum,</strong></span> <span class='ocrx_word' id='word_1_79' title='bbox 2125 1068 2267 1140; x_wconf 90' lang='lat' dir='ltr'><strong>quod</strong></span> 
     </span>
    </p>
   </div>
   <div class='ocr_carea' id='block_1_13' title="bbox 670 1165 2268 1245">
    <p class='ocr_par' dir='ltr' id='par_1_13' title="bbox 670 1165 2268 1245">
     <span class='ocr_line' id='line_1_13' title="bbox 670 1165 2268 1245; baseline -0.009 -11"><span class='ocrx_word' id='word_1_80' title='bbox 670 1193 778 1234; x_wconf 89' lang='lat' dir='ltr'><strong>non</strong></span> <span class='ocrx_word' id='word_1_81' title='bbox 810 1176 986 1245; x_wconf 81' lang='lat' dir='ltr'><strong>potius</strong></span> <span class='ocrx_word' id='word_1_82' title='bbox 1018 1175 1129 1231; x_wconf 84' lang='lat' dir='ltr'><strong>suis</strong></span> <span class='ocrx_word' id='word_1_83' title='bbox 1154 1186 1422 1242; x_wconf 87' lang='lat' dir='ltr'><strong>quemque</strong></span> <span class='ocrx_word' id='word_1_84' title='bbox 1452 1169 1693 1225; x_wconf 90' lang='lat' dir='ltr'><strong>moribus</strong></span> <span class='ocrx_word' id='word_1_85' title='bbox 1720 1166 1823 1221; x_wconf 85' lang='lat' dir='ltr'><strong>frui</strong></span> <span class='ocrx_word' id='word_1_86' title='bbox 1851 1165 2075 1233; x_wconf 87' lang='lat' dir='ltr'><strong>sineret,</strong></span> <span class='ocrx_word' id='word_1_87' title='bbox 2107 1178 2268 1236; x_wconf 89' lang='lat' dir='ltr'><strong>quam</strong></span> 
     </span>
    </p>
   </div>
   <div class='ocr_carea' id='block_1_14' title="bbox 669 1267 1388 1340">
    <p class='ocr_par' dir='ltr' id='par_1_14' title="bbox 669 1267 1388 1340">
     <span class='ocr_line' id='line_1_14' title="bbox 669 1267 1388 1340; baseline -0.01 -15"><span class='ocrx_word' id='word_1_88' title='bbox 669 1270 845 1329; x_wconf 71' lang='lat' dir='ltr'><strong>[cadus</strong></span> <span class='ocrx_word' id='word_1_89' title='bbox 878 1272 1024 1340; x_wconf 81' lang='lat' dir='ltr'><strong>pacis</strong></span> <span class='ocrx_word' id='word_1_90' title='bbox 1051 1267 1388 1323; x_wconf 83' lang='lat' dir='ltr'><strong>dissolveret.</strong></span> 
     </span>
    </p>
   </div>
   <div class='ocr_carea' id='block_1_15' title="bbox 1065 1401 1894 1458">
    <p class='ocr_par' dir='ltr' id='par_1_15' title="bbox 1065 1401 1894 1458">
     <span class='ocr_line' id='line_1_15' title="bbox 1065 1401 1894 1458; baseline -0.007 0"><span class='ocrx_word' id='word_1_91' title='bbox 1065 1401 1309 1458; x_wconf 79' lang='lat' dir='ltr'>XXXVI.</span> <span class='ocrx_word' id='word_1_92' title='bbox 1350 1415 1480 1457; x_wconf 72' lang='lat' dir='ltr'><strong>ITEM</strong></span> <span class='ocrx_word' id='word_1_93' title='bbox 1518 1416 1587 1455; x_wconf 73' lang='lat' dir='ltr'><strong>tax</strong></span> <span class='ocrx_word' id='word_1_94' title='bbox 1615 1410 1894 1454; x_wconf 75' lang='lat' dir='ltr'><strong>cvrntttvo.</strong></span> 
     </span>
    </p>
   </div>
   <div class='ocr_carea' id='block_1_16' title="bbox 743 1535 2268 1614">
    <p class='ocr_par' dir='ltr' id='par_1_16' title="bbox 743 1535 2268 1614">
     <span class='ocr_line' id='line_1_16' title="bbox 743 1535 2268 1614; baseline -0.007 -14"><span class='ocrx_word' id='word_1_95' title='bbox 743 1545 817 1600; x_wconf 91' lang='lat' dir='ltr'><strong>Ita</strong></span> <span class='ocrx_word' id='word_1_96' title='bbox 848 1543 1116 1599; x_wconf 78' lang='lat' dir='ltr'><strong>sentiebat</strong></span> <span class='ocrx_word' id='word_1_97' title='bbox 1171 1551 1223 1598; x_wconf 91' lang='lat' dir='ltr'><strong>et</strong></span> <span class='ocrx_word' id='word_1_98' title='bbox 1264 1540 1564 1614; x_wconf 82' lang='lat' dir='ltr'><strong>Cyprianus</strong></span> <span class='ocrx_word' id='word_1_99' title='bbox 1614 1540 1773 1609; x_wconf 86' lang='lat' dir='ltr'><strong>epist.</strong></span> <span class='ocrx_word' id='word_1_100' title='bbox 1817 1537 1886 1591; x_wconf 85' lang='lat' dir='ltr'><strong>ad</strong></span> <span class='ocrx_word' id='word_1_101' title='bbox 1930 1535 2268 1590; x_wconf 82' lang='lat' dir='ltr'><strong>Jubaianum.</strong></span> 
     </span>
    </p>
   </div>
   <div class='ocr_carea' id='block_1_17' title="bbox 670 1632 2275 1703">
    <p class='ocr_par' dir='ltr' id='par_1_17' title="bbox 670 1632 2275 1703">
     <span class='ocr_line' id='line_1_17' title="bbox 670 1632 2275 1703; baseline -0.006 -9"><span class='ocrx_word' id='word_1_102' title='bbox 670 1638 806 1695; x_wconf 87' lang='lat' dir='ltr'><strong>Cum</strong></span> <span class='ocrx_word' id='word_1_103' title='bbox 852 1639 995 1693; x_wconf 90' lang='lat' dir='ltr'><strong>enim</strong></span> <span class='ocrx_word' id='word_1_104' title='bbox 1042 1637 1363 1692; x_wconf 84' lang='lat' dir='ltr'><strong>sententiam</strong></span> <span class='ocrx_word' id='word_1_105' title='bbox 1414 1648 1565 1689; x_wconf 90' lang='lat' dir='ltr'><strong>suam</strong></span> <span class='ocrx_word' id='word_1_106' title='bbox 1609 1633 1790 1688; x_wconf 90' lang='lat' dir='ltr'><strong>multis</strong></span> <span class='ocrx_word' id='word_1_107' title='bbox 1820 1632 2079 1703; x_wconf 85' lang='lat' dir='ltr'><strong>sepsisset</strong></span> <span class='ocrx_word' id='word_1_108' title='bbox 2114 1645 2275 1702; x_wconf 79' lang='lat' dir='ltr'><strong>argu-</strong></span> 
     </span>
    </p>
   </div>
   <div class='ocr_carea' id='block_1_18' title="bbox 672 1720 2352 1794">
    <p class='ocr_par' dir='ltr' id='par_1_18' title="bbox 672 1720 2352 1794">
     <span class='ocr_line' id='line_1_18' title="bbox 672 1720 2352 1794; baseline -0.004 -6"><span class='ocrx_word' id='word_1_109' title='bbox 672 1732 889 1794; x_wconf 85' lang='lat' dir='ltr'><strong>mentis.</strong></span> <span class='ocrx_word' id='word_1_110' title='bbox 921 1731 997 1785; x_wconf 87' lang='lat' dir='ltr'><strong>ait</strong></span> <span class='ocrx_word' id='word_1_111' title='bbox 1030 1728 1247 1784; x_wconf 84' lang='lat' dir='ltr'><strong>tandem</strong></span> <span class='ocrx_word' id='word_1_112' title='bbox 1284 1745 1296 1784; x_wconf 89' lang='lat'><strong><em>:</em></strong></span> <span class='ocrx_word' id='word_1_113' title='bbox 1332 1746 1351 1778; x_wconf 78' lang='grc' dir='ltr'>ι</span> <span class='ocrx_word' id='word_1_114' title='bbox 1381 1726 1507 1782; x_wconf 81' lang='lat' dir='ltr'><strong>Haec</strong></span> <span class='ocrx_word' id='word_1_115' title='bbox 1548 1726 1641 1781; x_wconf 90' lang='lat' dir='ltr'><strong>tibi</strong></span> <span class='ocrx_word' id='word_1_116' title='bbox 1677 1727 1915 1781; x_wconf 84' lang='lat' dir='ltr'><strong>breviter</strong></span> <span class='ocrx_word' id='word_1_117' title='bbox 1959 1738 2055 1794; x_wconf 91' lang='lat' dir='ltr'><strong>pro</strong></span> <span class='ocrx_word' id='word_1_118' title='bbox 2086 1731 2273 1778; x_wconf 90' lang='lat' dir='ltr'><strong>nostra</strong></span> <span class='ocrx_word' id='word_1_119' title='bbox 2300 1720 2352 1781; x_wconf 85' lang='lat' dir='ltr'><strong>B</strong></span> 
     </span>
    </p>
   </div>
   <div class='ocr_carea' id='block_1_19' title="bbox 672 1818 2293 1891">
    <p class='ocr_par' dir='ltr' id='par_1_19' title="bbox 672 1818 2293 1891">
     <span class='ocr_line' id='line_1_19' title="bbox 672 1818 2293 1891; baseline -0.006 -11"><span class='ocrx_word' id='word_1_120' title='bbox 672 1823 1049 1880; x_wconf 84' lang='lat' dir='ltr'><strong>mediocritate</strong></span> <span class='ocrx_word' id='word_1_121' title='bbox 1080 1820 1459 1891; x_wconf 83' lang='lat' dir='ltr'><strong>rescripsimus</strong></span> <span class='ocrx_word' id='word_1_122' title='bbox 1484 1818 1682 1874; x_wconf 89' lang='lat' dir='ltr'><strong>nemini</strong></span> <span class='ocrx_word' id='word_1_123' title='bbox 1729 1818 2141 1888; x_wconf 74' lang='lat' dir='ltr'><strong>prtescribentes</strong></span> <span class='ocrx_word' id='word_1_124' title='bbox 2180 1824 2293 1871; x_wconf 28' lang='lat' dir='ltr'><strong>aut.</strong></span> 
     </span>
    </p>
   </div>
   <div class='ocr_carea' id='block_1_20' title="bbox 674 1910 2271 1990">
    <p class='ocr_par' dir='ltr' id='par_1_20' title="bbox 674 1910 2271 1990">
     <span class='ocr_line' id='line_1_20' title="bbox 674 1910 2271 1990; baseline -0.005 -18"><span class='ocrx_word' id='word_1_125' title='bbox 674 1916 1123 1990; x_wconf 70' lang='lat' dir='ltr'><strong>prmjudicantes,</strong></span> <span class='ocrx_word' id='word_1_126' title='bbox 1165 1915 1454 1985; x_wconf 82' lang='lat' dir='ltr'><strong>quominus</strong></span> <span class='ocrx_word' id='word_1_127' title='bbox 1495 1912 1858 1982; x_wconf 90' lang='lat' dir='ltr'><strong>unusquisque</strong></span> <span class='ocrx_word' id='word_1_128' title='bbox 1894 1910 2271 1979; x_wconf 88' lang='lat' dir='ltr'><strong>episcoporum</strong></span> 
     </span>
    </p>
   </div>
   <div class='ocr_carea' id='block_1_21' title="bbox 674 2004 2270 2085">
    <p class='ocr_par' dir='ltr' id='par_1_21' title="bbox 674 2004 2270 2085">
     <span class='ocr_line' id='line_1_21' title="bbox 674 2004 2270 2085; baseline -0.005 -17"><span class='ocrx_word' id='word_1_129' title='bbox 674 2012 818 2085; x_wconf 89' lang='lat' dir='ltr'><strong>quod</strong></span> <span class='ocrx_word' id='word_1_130' title='bbox 849 2011 1114 2081; x_wconf 80' lang='lat' dir='ltr'><strong>putaverit</strong></span> <span class='ocrx_word' id='word_1_131' title='bbox 1141 2010 1317 2077; x_wconf 66' lang='lat' dir='ltr'><strong>faciat,</strong></span> <span class='ocrx_word' id='word_1_132' title='bbox 1365 2009 1569 2063; x_wconf 81' lang='lat' dir='ltr'><strong>habens</strong></span> <span class='ocrx_word' id='word_1_133' title='bbox 1593 2007 1798 2063; x_wconf 83' lang='lat' dir='ltr'><strong>arbitrii</strong></span> <span class='ocrx_word' id='word_1_134' title='bbox 1830 2008 1911 2061; x_wconf 91' lang='lat' dir='ltr'><strong>sui</strong></span> <span class='ocrx_word' id='word_1_135' title='bbox 1938 2004 2160 2060; x_wconf 85' lang='lat' dir='ltr'><strong>liberam</strong></span> <span class='ocrx_word' id='word_1_136' title='bbox 2190 2004 2270 2060; x_wconf 80' lang='lat' dir='ltr'><strong>fa-</strong></span> 
     </span>
    </p>
   </div>
   <div class='ocr_carea' id='block_1_22' title="bbox 674 2098 2271 2175">
    <p class='ocr_par' dir='ltr' id='par_1_22' title="bbox 674 2098 2271 2175">
     <span class='ocr_line' id='line_1_22' title="bbox 674 2098 2271 2175; baseline -0.008 -11"><span class='ocrx_word' id='word_1_137' title='bbox 674 2108 954 2164; x_wconf 88' lang='lat' dir='ltr'><strong>cultatem.</strong></span> <span class='ocrx_word' id='word_1_138' title='bbox 1001 2105 1109 2162; x_wconf 82' lang='lat' dir='ltr'><strong>Nos</strong></span> <span class='ocrx_word' id='word_1_139' title='bbox 1129 2113 1386 2175; x_wconf 84' lang='lat' dir='ltr'><strong>quantum</strong></span> <span class='ocrx_word' id='word_1_140' title='bbox 1417 2104 1468 2157; x_wconf 93' lang='lat' dir='ltr'><strong>in</strong></span> <span class='ocrx_word' id='word_1_141' title='bbox 1491 2103 1646 2159; x_wconf 91' lang='lat' dir='ltr'><strong>nobis</strong></span> <span class='ocrx_word' id='word_1_142' title='bbox 1672 2110 1774 2162; x_wconf 88' lang='lat' dir='ltr'><strong>est.</strong></span> <span class='ocrx_word' id='word_1_143' title='bbox 1812 2109 2028 2170; x_wconf 89' lang='lat' dir='ltr'><strong>prepter</strong></span> <span class='ocrx_word' id='word_1_144' title='bbox 2048 2098 2271 2153; x_wconf 66' lang='lat' dir='ltr'><strong>ltmreti-</strong></span> 
     </span>
    </p>
   </div>
   <div class='ocr_carea' id='block_1_23' title="bbox 675 2189 2274 2269">
    <p class='ocr_par' dir='ltr' id='par_1_23' title="bbox 675 2189 2274 2269">
     <span class='ocr_line' id='line_1_23' title="bbox 675 2189 2274 2269; baseline -0.008 -13"><span class='ocrx_word' id='word_1_145' title='bbox 675 2215 771 2257; x_wconf 86' lang='lat' dir='ltr'><strong>eos</strong></span> <span class='ocrx_word' id='word_1_146' title='bbox 795 2215 914 2254; x_wconf 89' lang='lat' dir='ltr'><strong>cum</strong></span> <span class='ocrx_word' id='word_1_147' title='bbox 943 2198 1168 2269; x_wconf 81' lang='lat' dir='ltr'><strong>collegis</strong></span> <span class='ocrx_word' id='word_1_148' title='bbox 1194 2209 1245 2252; x_wconf 90' lang='lat' dir='ltr'><strong>et</strong></span> <span class='ocrx_word' id='word_1_149' title='bbox 1266 2195 1602 2267; x_wconf 69' lang='lat' dir='ltr'><strong>coepiscopis</strong></span> <span class='ocrx_word' id='word_1_150' title='bbox 1626 2194 1825 2250; x_wconf 90' lang='lat' dir='ltr'><strong>nostris</strong></span> <span class='ocrx_word' id='word_1_151' title='bbox 1855 2206 1962 2247; x_wconf 90' lang='lat' dir='ltr'><strong>non</strong></span> <span class='ocrx_word' id='word_1_152' title='bbox 1991 2189 2274 2246; x_wconf 84' lang='lat' dir='ltr'><strong>contendi-</strong></span> 
     </span>
    </p>
   </div>
   <div class='ocr_carea' id='block_1_24' title="bbox 674 2290 2275 2363">
    <p class='ocr_par' dir='ltr' id='par_1_24' title="bbox 674 2290 2275 2363">
     <span class='ocr_line' id='line_1_24' title="bbox 674 2290 2275 2363; baseline -0.006 -12"><span class='ocrx_word' id='word_1_153' title='bbox 674 2310 815 2362; x_wconf 88' lang='lat' dir='ltr'><strong>mus,</strong></span> <span class='ocrx_word' id='word_1_154' title='bbox 852 2310 974 2349; x_wconf 92' lang='lat' dir='ltr'><strong>cum</strong></span> <span class='ocrx_word' id='word_1_155' title='bbox 1005 2294 1197 2363; x_wconf 88' lang='lat' dir='ltr'><strong>quibus</strong></span> <span class='ocrx_word' id='word_1_156' title='bbox 1222 2292 1456 2347; x_wconf 85' lang='lat' dir='ltr'><strong>divinam</strong></span> <span class='ocrx_word' id='word_1_157' title='bbox 1485 2299 1540 2346; x_wconf 91' lang='lat' dir='ltr'><strong>et</strong></span> <span class='ocrx_word' id='word_1_158' title='bbox 1570 2290 1897 2345; x_wconf 87' lang='lat' dir='ltr'><strong>Dotniuieam</strong></span> <span class='ocrx_word' id='word_1_159' title='bbox 1922 2303 2105 2359; x_wconf 84' lang='lat' dir='ltr'><strong>pacem</strong></span> <span class='ocrx_word' id='word_1_160' title='bbox 2130 2295 2275 2342; x_wconf 85' lang='lat' dir='ltr'><strong>tene-</strong></span> 
     </span>
    </p>
   </div>
   <div class='ocr_carea' id='block_1_25' title="bbox 676 2381 2276 2455">
    <p class='ocr_par' dir='ltr' id='par_1_25' title="bbox 676 2381 2276 2455">
     <span class='ocr_line' id='line_1_25' title="bbox 676 2381 2276 2455; baseline -0.005 -12"><span class='ocrx_word' id='word_1_161' title='bbox 676 2403 816 2443; x_wconf 86' lang='lat' dir='ltr'><strong>mus.</strong></span> <span class='ocrx_word' id='word_1_162' title='bbox 870 2387 1126 2444; x_wconf 87' lang='lat' dir='ltr'><strong>Servatur</strong></span> <span class='ocrx_word' id='word_1_163' title='bbox 1148 2403 1175 2439; x_wconf 93' lang='lat' dir='ltr'><strong>a</strong></span> <span class='ocrx_word' id='word_1_164' title='bbox 1212 2386 1366 2441; x_wconf 90' lang='lat' dir='ltr'><strong>nobis</strong></span> <span class='ocrx_word' id='word_1_165' title='bbox 1398 2385 1661 2455; x_wconf 89' lang='lat' dir='ltr'><strong>patienter</strong></span> <span class='ocrx_word' id='word_1_166' title='bbox 1688 2394 1740 2439; x_wconf 90' lang='lat' dir='ltr'><strong>et</strong></span> <span class='ocrx_word' id='word_1_167' title='bbox 1762 2382 1990 2438; x_wconf 81' lang='lat' dir='ltr'><strong>ﬁrmiter</strong></span> <span class='ocrx_word' id='word_1_168' title='bbox 2037 2381 2276 2436; x_wconf 87' lang='lat' dir='ltr'><strong>charitas</strong></span> 
     </span>
    </p>
   </div>
   <div class='ocr_carea' id='block_1_26' title="bbox 676 2476 2277 2555">
    <p class='ocr_par' dir='ltr' id='par_1_26' title="bbox 676 2476 2277 2555">
     <span class='ocr_line' id='line_1_26' title="bbox 676 2476 2277 2555; baseline -0.009 -12"><span class='ocrx_word' id='word_1_169' title='bbox 676 2485 863 2550; x_wconf 79' lang='lat' dir='ltr'><strong>animi,</strong></span> <span class='ocrx_word' id='word_1_170' title='bbox 893 2484 1101 2555; x_wconf 84' lang='lat' dir='ltr'><strong>collegii</strong></span> <span class='ocrx_word' id='word_1_171' title='bbox 1132 2484 1324 2551; x_wconf 87' lang='lat' dir='ltr'><strong>honor,</strong></span> <span class='ocrx_word' id='word_1_172' title='bbox 1350 2481 1653 2536; x_wconf 89' lang='lat' dir='ltr'><strong>dilectionis</strong></span> <span class='ocrx_word' id='word_1_173' title='bbox 1671 2478 1963 2544; x_wconf 89' lang='lat' dir='ltr'><strong>vinculum,</strong></span> <span class='ocrx_word' id='word_1_174' title='bbox 1989 2476 2277 2533; x_wconf 86' lang='lat' dir='ltr'><strong>concordia</strong></span> 
     </span>
    </p>
   </div>
   <div class='ocr_carea' id='block_1_27' title="bbox 674 2571 2279 2642">
    <p class='ocr_par' dir='ltr' id='par_1_27' title="bbox 674 2571 2279 2642">
     <span class='ocr_line' id='line_1_27' title="bbox 674 2571 2279 2642; baseline -0.004 -9"><span class='ocrx_word' id='word_1_175' title='bbox 674 2576 985 2633; x_wconf 82' lang='lat' dir='ltr'><strong>sacerdotii.</strong></span> <span class='ocrx_word' id='word_1_176' title='bbox 1027 2597 1046 2630; x_wconf 72' lang='grc' dir='ltr'><strong><em>ι</em></strong></span> <span class='ocrx_word' id='word_1_177' title='bbox 1077 2577 1140 2631; x_wconf 86' lang='grc' dir='ltr'><strong>Ει</strong></span> <span class='ocrx_word' id='word_1_178' title='bbox 1174 2577 1224 2631; x_wconf 82' lang='grc' dir='ltr'><strong>ἰιι</strong></span> <span class='ocrx_word' id='word_1_179' title='bbox 1253 2576 1473 2630; x_wconf 77' lang='lat' dir='ltr'><strong>exordio</strong></span> <span class='ocrx_word' id='word_1_180' title='bbox 1502 2574 1654 2628; x_wconf 81' lang='lat' dir='ltr'><strong>Cone.</strong></span> <span class='ocrx_word' id='word_1_181' title='bbox 1692 2571 1939 2642; x_wconf 84' lang='lat' dir='ltr'><strong>Cartltag.</strong></span> <span class='ocrx_word' id='word_1_182' title='bbox 1977 2591 1995 2624; x_wconf 83' lang='lat' dir='ltr'><strong>t</strong></span> <span class='ocrx_word' id='word_1_183' title='bbox 2019 2572 2279 2641; x_wconf 83' lang='lat' dir='ltr'><strong>Superest</strong></span> 
     </span>
    </p>
   </div>
   <div class='ocr_carea' id='block_1_28' title="bbox 677 2666 2275 2738">
    <p class='ocr_par' dir='ltr' id='par_1_28' title="bbox 677 2666 2275 2738">
     <span class='ocr_line' id='line_1_28' title="bbox 677 2666 2275 2738; baseline -0.006 -11"><span class='ocrx_word' id='word_1_184' title='bbox 677 2679 738 2728; x_wconf 85' lang='lat' dir='ltr'><strong>ut</strong></span> <span class='ocrx_word' id='word_1_185' title='bbox 768 2670 834 2725; x_wconf 86' lang='lat' dir='ltr'><strong>de</strong></span> <span class='ocrx_word' id='word_1_186' title='bbox 863 2670 963 2725; x_wconf 87' lang='lat' dir='ltr'><strong>hac</strong></span> <span class='ocrx_word' id='word_1_187' title='bbox 986 2671 1099 2736; x_wconf 82' lang='lat' dir='ltr'><strong>ipsa</strong></span> <span class='ocrx_word' id='word_1_188' title='bbox 1129 2686 1186 2724; x_wconf 90' lang='lat' dir='ltr'><strong>re</strong></span> <span class='ocrx_word' id='word_1_189' title='bbox 1212 2669 1408 2738; x_wconf 80' lang='lat' dir='ltr'><strong>singuli</strong></span> <span class='ocrx_word' id='word_1_190' title='bbox 1435 2668 1559 2738; x_wconf 86' lang='lat' dir='ltr'><strong>quid</strong></span> <span class='ocrx_word' id='word_1_191' title='bbox 1587 2666 1885 2722; x_wconf 71' lang='lat' dir='ltr'><strong>sentiamus</strong></span> <span class='ocrx_word' id='word_1_192' title='bbox 1917 2666 2275 2736; x_wconf 77' lang='lat' dir='ltr'><strong>proferamus,</strong></span> 
     </span>
    </p>
   </div>
   <div class='ocr_carea' id='block_1_29' title="bbox 680 2755 2279 2830">
    <p class='ocr_par' dir='ltr' id='par_1_29' title="bbox 680 2755 2279 2830">
     <span class='ocr_line' id='line_1_29' title="bbox 680 2755 2279 2830; baseline -0.006 -12"><span class='ocrx_word' id='word_1_193' title='bbox 680 2764 953 2818; x_wconf 48' lang='lat' dir='ltr'><strong>neminem</strong></span> <span class='ocrx_word' id='word_1_194' title='bbox 982 2760 1307 2830; x_wconf 73' lang='lat' dir='ltr'><strong>iudicantes,</strong></span> <span class='ocrx_word' id='word_1_195' title='bbox 1356 2770 1449 2814; x_wconf 91' lang='lat' dir='ltr'><strong>aut</strong></span> <span class='ocrx_word' id='word_1_196' title='bbox 1498 2775 1528 2815; x_wconf 92' lang='lat' dir='ltr'><strong>a</strong></span> <span class='ocrx_word' id='word_1_197' title='bbox 1566 2761 1688 2829; x_wconf 87' lang='lat' dir='ltr'><strong>jure</strong></span> <span class='ocrx_word' id='word_1_198' title='bbox 1738 2756 2133 2812; x_wconf 88' lang='lat' dir='ltr'><strong>communionis</strong></span> <span class='ocrx_word' id='word_1_199' title='bbox 2175 2755 2279 2810; x_wconf 84' lang='lat' dir='ltr'><strong>ali-</strong></span> 
     </span>
    </p>
   </div>
   <div class='ocr_carea' id='block_1_30' title="bbox 681 2851 2278 2935">
    <p class='ocr_par' dir='ltr' id='par_1_30' title="bbox 681 2851 2278 2935">
     <span class='ocr_line' id='line_1_30' title="bbox 681 2851 2278 2935; baseline -0.003 -24"><span class='ocrx_word' id='word_1_200' title='bbox 681 2858 932 2935; x_wconf 86' lang='lat' dir='ltr'><strong>quem.si</strong></span> <span class='ocrx_word' id='word_1_201' title='bbox 964 2855 1234 2912; x_wconf 85' lang='lat' dir='ltr'><strong>diversum</strong></span> <span class='ocrx_word' id='word_1_202' title='bbox 1264 2856 1513 2919; x_wconf 86' lang='lat' dir='ltr'><strong>senserit,</strong></span> <span class='ocrx_word' id='word_1_203' title='bbox 1548 2866 1879 2908; x_wconf 88' lang='lat' dir='ltr'><strong>amoventes.</strong></span> <span class='ocrx_word' id='word_1_204' title='bbox 1923 2851 2106 2923; x_wconf 72' lang='lat' dir='ltr'><strong>Neque</strong></span> <span class='ocrx_word' id='word_1_205' title='bbox 2132 2851 2278 2907; x_wconf 91' lang='lat' dir='ltr'><strong>enim</strong></span> 
     </span>
    </p>
   </div>
   <div class='ocr_carea' id='block_1_31' title="bbox 680 2949 2279 3022">
    <p class='ocr_par' dir='ltr' id='par_1_31' title="bbox 680 2949 2279 3022">
     <span class='ocr_line' id='line_1_31' title="bbox 680 2949 2279 3022; baseline -0.003 -18"><span class='ocrx_word' id='word_1_206' title='bbox 680 2952 965 3022; x_wconf 86' lang='lat' dir='ltr'><strong>quisquam</strong></span> <span class='ocrx_word' id='word_1_207' title='bbox 1007 2960 1247 3005; x_wconf 79' lang='lat' dir='ltr'><strong>nostrum</strong></span> <span class='ocrx_word' id='word_1_208' title='bbox 1294 2949 1606 3020; x_wconf 87' lang='lat' dir='ltr'><strong>episcopum</strong></span> <span class='ocrx_word' id='word_1_209' title='bbox 1650 2964 1711 3003; x_wconf 92' lang='lat' dir='ltr'><strong>se</strong></span> <span class='ocrx_word' id='word_1_210' title='bbox 1743 2949 2118 3018; x_wconf 88' lang='lat' dir='ltr'><strong>episcoporum</strong></span> <span class='ocrx_word' id='word_1_211' title='bbox 2144 2962 2279 3001; x_wconf 88' lang='lat' dir='ltr'><strong>con-</strong></span> 
     </span>
    </p>
   </div>
   <div class='ocr_carea' id='block_1_32' title="bbox 679 3039 2282 3115">
    <p class='ocr_par' dir='ltr' id='par_1_32' title="bbox 679 3039 2282 3115">
     <span class='ocr_line' id='line_1_32' title="bbox 679 3039 2282 3115; baseline -0.004 -15"><span class='ocrx_word' id='word_1_212' title='bbox 679 3044 872 3110; x_wconf 85' lang='lat' dir='ltr'><strong>stituit,</strong></span> <span class='ocrx_word' id='word_1_213' title='bbox 908 3053 1001 3098; x_wconf 88' lang='lat' dir='ltr'><strong>aut</strong></span> <span class='ocrx_word' id='word_1_214' title='bbox 1024 3043 1305 3115; x_wconf 88' lang='lat' dir='ltr'><strong>tyrannico</strong></span> <span class='ocrx_word' id='word_1_215' title='bbox 1336 3052 1545 3097; x_wconf 88' lang='lat' dir='ltr'><strong>terrore</strong></span> <span class='ocrx_word' id='word_1_216' title='bbox 1580 3040 1647 3095; x_wconf 90' lang='lat' dir='ltr'><strong>ad</strong></span> <span class='ocrx_word' id='word_1_217' title='bbox 1676 3039 2009 3111; x_wconf 88' lang='lat' dir='ltr'><strong>obsequendi</strong></span> <span class='ocrx_word' id='word_1_218' title='bbox 2044 3040 2282 3095; x_wconf 89' lang='lat' dir='ltr'><strong>necessi-</strong></span> 
     </span>
    </p>
   </div>
   <div class='ocr_carea' id='block_1_33' title="bbox 2369 387 3965 466">
    <p class='ocr_par' dir='ltr' id='par_1_33' title="bbox 2369 387 3965 466">
     <span class='ocr_line' id='line_1_33' title="bbox 2369 387 3965 466; baseline -0.012 -7"><span class='ocrx_word' id='word_1_219' title='bbox 2369 416 2538 459; x_wconf 89' lang='lat' dir='ltr'><strong>nones</strong></span> <span class='ocrx_word' id='word_1_220' title='bbox 2568 400 2657 455; x_wconf 90' lang='lat' dir='ltr'><strong>hic</strong></span> <span class='ocrx_word' id='word_1_221' title='bbox 2689 412 2799 454; x_wconf 92' lang='lat' dir='ltr'><strong>non</strong></span> <span class='ocrx_word' id='word_1_222' title='bbox 2841 396 3277 466; x_wconf 89' lang='lat' dir='ltr'><strong>complectuntur</strong></span> <span class='ocrx_word' id='word_1_223' title='bbox 3321 392 3422 447; x_wconf 88' lang='lat' dir='ltr'><strong>nisi</strong></span> <span class='ocrx_word' id='word_1_224' title='bbox 3457 389 3704 461; x_wconf 76' lang='lat' dir='ltr'><strong>regulam</strong></span> <span class='ocrx_word' id='word_1_225' title='bbox 3727 387 3965 457; x_wconf 84' lang='lat' dir='ltr'><strong>disripli-</strong></span> 
     </span>
    </p>
   </div>
   <div class='ocr_carea' id='block_1_34' title="bbox 2370 478 3969 557">
    <p class='ocr_par' dir='ltr' id='par_1_34' title="bbox 2370 478 3969 557">
     <span class='ocr_line' id='line_1_34' title="bbox 2370 478 3969 557; baseline -0.008 -10"><span class='ocrx_word' id='word_1_226' title='bbox 2370 509 2472 557; x_wconf 66' lang='lat' dir='ltr'><strong>ure,</strong></span> <span class='ocrx_word' id='word_1_227' title='bbox 2517 491 2639 546; x_wconf 86' lang='lat' dir='ltr'><strong>lidei</strong></span> <span class='ocrx_word' id='word_1_228' title='bbox 2670 501 2847 545; x_wconf 89' lang='lat' dir='ltr'><strong>autem</strong></span> <span class='ocrx_word' id='word_1_229' title='bbox 2878 486 3120 543; x_wconf 81' lang='lat' dir='ltr'><strong>deﬁnitio</strong></span> <span class='ocrx_word' id='word_1_230' title='bbox 3168 483 3282 540; x_wconf 83' lang='lat' dir='ltr'><strong>fere</strong></span> <span class='ocrx_word' id='word_1_231' title='bbox 3337 484 3388 538; x_wconf 91' lang='lat' dir='ltr'><strong>in</strong></span> <span class='ocrx_word' id='word_1_232' title='bbox 3437 481 3676 550; x_wconf 80' lang='lat' dir='ltr'><strong>antiquis</strong></span> <span class='ocrx_word' id='word_1_233' title='bbox 3726 478 3969 535; x_wconf 89' lang='lat' dir='ltr'><strong>conciliis</strong></span> 
     </span>
    </p>
   </div>
   <div class='ocr_carea' id='block_1_35' title="bbox 2367 571 3969 653">
    <p class='ocr_par' dir='ltr' id='par_1_35' title="bbox 2367 571 3969 653">
     <span class='ocr_line' id='line_1_35' title="bbox 2367 571 3969 653; baseline -0.009 -12"><span class='ocrx_word' id='word_1_234' title='bbox 2367 585 2597 641; x_wconf 88' lang='lat' dir='ltr'><strong>seorsim</strong></span> <span class='ocrx_word' id='word_1_235' title='bbox 2650 582 3007 653; x_wconf 85' lang='lat' dir='ltr'><strong>digerebatur.</strong></span> <span class='ocrx_word' id='word_1_236' title='bbox 3054 578 3131 635; x_wconf 89' lang='lat' dir='ltr'><strong>Ita</strong></span> <span class='ocrx_word' id='word_1_237' title='bbox 3160 577 3330 634; x_wconf 83' lang='lat' dir='ltr'><strong>sensit</strong></span> <span class='ocrx_word' id='word_1_238' title='bbox 3369 585 3426 632; x_wconf 91' lang='lat' dir='ltr'><strong>et</strong></span> <span class='ocrx_word' id='word_1_239' title='bbox 3471 574 3686 631; x_wconf 66' lang='lat' dir='ltr'><strong>Nicaeus</strong></span> <span class='ocrx_word' id='word_1_240' title='bbox 3732 571 3969 646; x_wconf 87' lang='lat' dir='ltr'><strong>synodus</strong></span> 
     </span>
    </p>
   </div>
   <div class='ocr_carea' id='block_1_36' title="bbox 2371 668 3969 741">
    <p class='ocr_par' dir='ltr' id='par_1_36' title="bbox 2371 668 3969 741">
     <span class='ocr_line' id='line_1_36' title="bbox 2371 668 3969 741; baseline -0.006 -10"><span class='ocrx_word' id='word_1_241' title='bbox 2371 686 2535 734; x_wconf 89' lang='lat' dir='ltr'><strong>totam</strong></span> <span class='ocrx_word' id='word_1_242' title='bbox 2566 676 2710 732; x_wconf 87' lang='lat' dir='ltr'><strong>illam</strong></span> <span class='ocrx_word' id='word_1_243' title='bbox 2732 675 2800 731; x_wconf 90' lang='lat' dir='ltr'><strong>de</strong></span> <span class='ocrx_word' id='word_1_244' title='bbox 2821 674 3096 741; x_wconf 88' lang='lat' dir='ltr'><strong>Baptismo</strong></span> <span class='ocrx_word' id='word_1_245' title='bbox 3115 670 3539 727; x_wconf 89' lang='lat' dir='ltr'><strong>controversiam</strong></span> <span class='ocrx_word' id='word_1_246' title='bbox 3568 668 3822 723; x_wconf 88' lang='lat' dir='ltr'><strong>dirimere</strong></span> <span class='ocrx_word' id='word_1_247' title='bbox 3849 681 3969 721; x_wconf 83' lang='lat' dir='ltr'><strong>mo-</strong></span> 
     </span>
    </p>
   </div>
   <div class='ocr_carea' id='block_1_37' title="bbox 2369 760 3971 841">
    <p class='ocr_par' dir='ltr' id='par_1_37' title="bbox 2369 760 3971 841">
     <span class='ocr_line' id='line_1_37' title="bbox 2369 760 3971 841; baseline -0.007 -15"><span class='ocrx_word' id='word_1_248' title='bbox 2369 771 2486 837; x_wconf 87' lang='lat' dir='ltr'><strong>lita,</strong></span> <span class='ocrx_word' id='word_1_249' title='bbox 2520 785 2625 826; x_wconf 92' lang='lat' dir='ltr'><strong>non</strong></span> <span class='ocrx_word' id='word_1_250' title='bbox 2657 767 2916 841; x_wconf 87' lang='lat' dir='ltr'><strong>Symbolo</strong></span> <span class='ocrx_word' id='word_1_251' title='bbox 2945 775 3035 822; x_wconf 87' lang='lat' dir='ltr'><strong>aut</strong></span> <span class='ocrx_word' id='word_1_252' title='bbox 3067 764 3409 821; x_wconf 84' lang='lat' dir='ltr'><strong>confessione</strong></span> <span class='ocrx_word' id='word_1_253' title='bbox 3436 761 3560 819; x_wconf 86' lang='lat' dir='ltr'><strong>lidei</strong></span> <span class='ocrx_word' id='word_1_254' title='bbox 3583 803 3599 824; x_wconf 87' lang='lat'><strong>.</strong></span> <span class='ocrx_word' id='word_1_255' title='bbox 3644 760 3733 817; x_wconf 90' lang='lat' dir='ltr'><strong>sed</strong></span> <span class='ocrx_word' id='word_1_256' title='bbox 3758 773 3971 816; x_wconf 83' lang='lat' dir='ltr'><strong>canone</strong></span> 
     </span>
    </p>
   </div>
   <div class='ocr_carea' id='block_1_38' title="bbox 2372 852 3963 931">
    <p class='ocr_par' dir='ltr' id='par_1_38' title="bbox 2372 852 3963 931">
     <span class='ocr_line' id='line_1_38' title="bbox 2372 852 3963 931; baseline -0.007 -14"><span class='ocrx_word' id='word_1_257' title='bbox 2372 864 2552 931; x_wconf 90' lang='lat' dir='ltr'><strong>unico,</strong></span> <span class='ocrx_word' id='word_1_258' title='bbox 2599 875 2656 918; x_wconf 90' lang='lat' dir='ltr'><strong>et</strong></span> <span class='ocrx_word' id='word_1_259' title='bbox 2692 862 2794 917; x_wconf 87' lang='lat' dir='ltr'><strong>hoc</strong></span> <span class='ocrx_word' id='word_1_260' title='bbox 2832 875 2941 916; x_wconf 90' lang='lat' dir='ltr'><strong>uno</strong></span> <span class='ocrx_word' id='word_1_261' title='bbox 2970 858 3212 924; x_wconf 89' lang='lat' dir='ltr'><strong>decreto,</strong></span> <span class='ocrx_word' id='word_1_262' title='bbox 3244 870 3381 910; x_wconf 90' lang='lat' dir='ltr'><strong>unos</strong></span> <span class='ocrx_word' id='word_1_263' title='bbox 3411 854 3667 925; x_wconf 91' lang='lat' dir='ltr'><strong>deinceps</strong></span> <span class='ocrx_word' id='word_1_264' title='bbox 3693 852 3963 907; x_wconf 85' lang='lat' dir='ltr'><strong>Pauliani-</strong></span> 
     </span>
    </p>
   </div>
   <div class='ocr_carea' id='block_1_39' title="bbox 2371 944 3975 1021">
    <p class='ocr_par' dir='ltr' id='par_1_39' title="bbox 2371 944 3975 1021">
     <span class='ocr_line' id='line_1_39' title="bbox 2371 944 3975 1021; baseline -0.009 -6"><span class='ocrx_word' id='word_1_265' title='bbox 2371 970 2484 1015; x_wconf 89' lang='lat' dir='ltr'><strong>stas</strong></span> <span class='ocrx_word' id='word_1_266' title='bbox 2532 958 2722 1013; x_wconf 84' lang='lat' dir='ltr'><strong>iterum</strong></span> <span class='ocrx_word' id='word_1_267' title='bbox 2767 954 3070 1021; x_wconf 65' lang='lat' dir='ltr'><strong>tingendus.</strong></span> <span class='ocrx_word' id='word_1_268' title='bbox 3118 951 3196 1007; x_wconf 89' lang='lat' dir='ltr'><strong>De</strong></span> <span class='ocrx_word' id='word_1_269' title='bbox 3224 947 3537 1020; x_wconf 89' lang='lat' dir='ltr'><strong>apostolicis</strong></span> <span class='ocrx_word' id='word_1_270' title='bbox 3583 946 3883 1002; x_wconf 85' lang='lat' dir='ltr'><strong>cauonibus</strong></span> <span class='ocrx_word' id='word_1_271' title='bbox 3900 944 3975 1000; x_wconf 85' lang='lat' dir='ltr'><strong>ad</strong></span> 
     </span>
    </p>
   </div>
   <div class='ocr_carea' id='block_1_40' title="bbox 2372 1035 3974 1108">
    <p class='ocr_par' dir='ltr' id='par_1_40' title="bbox 2372 1035 3974 1108">
     <span class='ocr_line' id='line_1_40' title="bbox 2372 1035 3974 1108; baseline -0.011 0"><span class='ocrx_word' id='word_1_272' title='bbox 2372 1053 2476 1108; x_wconf 87' lang='lat' dir='ltr'><strong>hoc</strong></span> <span class='ocrx_word' id='word_1_273' title='bbox 2525 1049 2666 1106; x_wconf 90' lang='lat' dir='ltr'><strong>idem</strong></span> <span class='ocrx_word' id='word_1_274' title='bbox 2711 1048 3065 1104; x_wconf 89' lang='lat' dir='ltr'><strong>attinentibus</strong></span> <span class='ocrx_word' id='word_1_275' title='bbox 3102 1060 3203 1100; x_wconf 85' lang='lat' dir='ltr'><strong>suo</strong></span> <span class='ocrx_word' id='word_1_276' title='bbox 3242 1045 3359 1099; x_wconf 91' lang='lat' dir='ltr'><strong>loco</strong></span> <span class='ocrx_word' id='word_1_277' title='bbox 3400 1041 3749 1096; x_wconf 88' lang='lat' dir='ltr'><strong>disseremus.</strong></span> <span class='ocrx_word' id='word_1_278' title='bbox 3793 1035 3974 1093; x_wconf 90' lang='lat' dir='ltr'><strong>Unum</strong></span> 
     </span>
    </p>
   </div>
   <div class='ocr_carea' id='block_1_41' title="bbox 2375 1134 3978 1218">
    <p class='ocr_par' dir='ltr' id='par_1_41' title="bbox 2375 1134 3978 1218">
     <span class='ocr_line' id='line_1_41' title="bbox 2375 1134 3978 1218; baseline -0.012 -15"><span class='ocrx_word' id='word_1_279' title='bbox 2375 1148 2595 1218; x_wconf 85' lang='lat' dir='ltr'><strong>insuper</strong></span> <span class='ocrx_word' id='word_1_280' title='bbox 2645 1144 2786 1200; x_wconf 90' lang='lat' dir='ltr'><strong>addo</strong></span> <span class='ocrx_word' id='word_1_281' title='bbox 2819 1143 3075 1212; x_wconf 84' lang='lat' dir='ltr'><strong>Optatum</strong></span> <span class='ocrx_word' id='word_1_282' title='bbox 3120 1139 3158 1194; x_wconf 92' lang='lat' dir='ltr'><strong>l.</strong></span> <span class='ocrx_word' id='word_1_283' title='bbox 3212 1155 3229 1193; x_wconf 90' lang='lat' dir='ltr'><strong>I</strong></span> <span class='ocrx_word' id='word_1_284' title='bbox 3258 1156 3270 1192; x_wconf 95' lang='lat'><strong>:</strong></span> <span class='ocrx_word' id='word_1_285' title='bbox 3308 1155 3327 1187; x_wconf 75' lang='grc' dir='ltr'>ι</span> <span class='ocrx_word' id='word_1_286' title='bbox 3367 1134 3523 1203; x_wconf 84' lang='lat' dir='ltr'><strong>Apud</strong></span> <span class='ocrx_word' id='word_1_287' title='bbox 3549 1147 3684 1205; x_wconf 89' lang='lat' dir='ltr'><strong>quos</strong></span> <span class='ocrx_word' id='word_1_288' title='bbox 3713 1145 3821 1186; x_wconf 91' lang='lat' dir='ltr'><strong>non</strong></span> <span class='ocrx_word' id='word_1_289' title='bbox 3848 1138 3978 1185; x_wconf 86' lang='lat' dir='ltr'><strong>sunt</strong></span> 
     </span>
    </p>
   </div>
   <div class='ocr_carea' id='block_1_42' title="bbox 2375 1219 3979 1305">
    <p class='ocr_par' dir='ltr' id='par_1_42' title="bbox 2375 1219 3979 1305">
     <span class='ocr_line' id='line_1_42' title="bbox 2375 1219 3979 1305; baseline -0.014 -10"><span class='ocrx_word' id='word_1_290' title='bbox 2375 1245 2735 1295; x_wconf 88' lang='lat' dir='ltr'><strong>sacramenta.</strong></span> <span class='ocrx_word' id='word_1_291' title='bbox 2768 1255 2788 1289; x_wconf 72' lang='grc' dir='ltr'><strong>ο</strong></span> <span class='ocrx_word' id='word_1_292' title='bbox 2812 1235 2869 1290; x_wconf 86' lang='lat' dir='ltr'><strong>In</strong></span> <span class='ocrx_word' id='word_1_293' title='bbox 2898 1248 3019 1305; x_wconf 74' lang='lat' dir='ltr'><strong>qua:</strong></span> <span class='ocrx_word' id='word_1_294' title='bbox 3054 1228 3216 1286; x_wconf 88' lang='lat' dir='ltr'><strong>verba</strong></span> <span class='ocrx_word' id='word_1_295' title='bbox 3253 1224 3611 1296; x_wconf 82' lang='lat' dir='ltr'><strong>Albaspiueus</strong></span> <span class='ocrx_word' id='word_1_296' title='bbox 3655 1223 3771 1276; x_wconf 84' lang='lat' dir='ltr'><strong>bare</strong></span> <span class='ocrx_word' id='word_1_297' title='bbox 3808 1219 3979 1275; x_wconf 74' lang='lat' dir='ltr'><strong>adno—</strong></span> 
     </span>
    </p>
   </div>
   <div class='ocr_carea' id='block_1_43' title="bbox 2377 1316 3976 1402">
    <p class='ocr_par' dir='ltr' id='par_1_43' title="bbox 2377 1316 3976 1402">
     <span class='ocr_line' id='line_1_43' title="bbox 2377 1316 3976 1402; baseline -0.014 -13"><span class='ocrx_word' id='word_1_298' title='bbox 2377 1316 2491 1389; x_wconf 33' lang='lat' dir='ltr'><strong>tat‘:</strong></span> <span class='ocrx_word' id='word_1_299' title='bbox 2524 1351 2544 1384; x_wconf 74' lang='grc' dir='ltr'>ι</span> <span class='ocrx_word' id='word_1_300' title='bbox 2583 1333 2721 1402; x_wconf 82' lang='lat' dir='ltr'><strong>Ergo</strong></span> <span class='ocrx_word' id='word_1_301' title='bbox 2741 1345 2807 1385; x_wconf 83' lang='lat' dir='ltr'><strong>ex</strong></span> <span class='ocrx_word' id='word_1_302' title='bbox 2840 1327 2940 1382; x_wconf 91' lang='lat' dir='ltr'><strong>hoc</strong></span> <span class='ocrx_word' id='word_1_303' title='bbox 2965 1335 3020 1382; x_wconf 93' lang='lat' dir='ltr'><strong>et</strong></span> <span class='ocrx_word' id='word_1_304' title='bbox 3041 1339 3111 1380; x_wconf 78' lang='lat' dir='ltr'><strong>ex</strong></span> <span class='ocrx_word' id='word_1_305' title='bbox 3149 1321 3330 1377; x_wconf 90' lang='lat' dir='ltr'><strong>multis</strong></span> <span class='ocrx_word' id='word_1_306' title='bbox 3369 1319 3489 1374; x_wconf 89' lang='lat' dir='ltr'><strong>aliis</strong></span> <span class='ocrx_word' id='word_1_307' title='bbox 3534 1316 3669 1371; x_wconf 91' lang='lat' dir='ltr'><strong>locis</strong></span> <span class='ocrx_word' id='word_1_308' title='bbox 3720 1323 3976 1384; x_wconf 85' lang='lat' dir='ltr'><strong>quantum</strong></span> 
     </span>
    </p>
   </div>
   <div class='ocr_carea' id='block_1_44' title="bbox 2374 1409 3979 1495">
    <p class='ocr_par' dir='ltr' id='par_1_44' title="bbox 2374 1409 3979 1495">
     <span class='ocr_line' id='line_1_44' title="bbox 2374 1409 3979 1495; baseline -0.012 -14"><span class='ocrx_word' id='word_1_309' title='bbox 2374 1425 2624 1495; x_wconf 87' lang='lat' dir='ltr'><strong>conjicio,</strong></span> <span class='ocrx_word' id='word_1_310' title='bbox 2672 1422 2900 1493; x_wconf 90' lang='lat' dir='ltr'><strong>Optatus</strong></span> <span class='ocrx_word' id='word_1_311' title='bbox 2934 1433 3042 1475; x_wconf 92' lang='lat' dir='ltr'><strong>non</strong></span> <span class='ocrx_word' id='word_1_312' title='bbox 3096 1413 3439 1472; x_wconf 75' lang='lat' dir='ltr'><strong>existimabat</strong></span> <span class='ocrx_word' id='word_1_313' title='bbox 3484 1409 3774 1465; x_wconf 67' lang='lat' dir='ltr'><strong>ltmreticos</strong></span> <span class='ocrx_word' id='word_1_314' title='bbox 3822 1419 3979 1478; x_wconf 82' lang='lat' dir='ltr'><strong>posse</strong></span> 
     </span>
    </p>
   </div>
   <div class='ocr_carea' id='block_1_45' title="bbox 2377 1520 2733 1592">
    <p class='ocr_par' dir='ltr' id='par_1_45' title="bbox 2377 1520 2733 1592">
     <span class='ocr_line' id='line_1_45' title="bbox 2377 1520 2733 1592; baseline -0.022 -17"><span class='ocrx_word' id='word_1_315' title='bbox 2377 1520 2673 1592; x_wconf 88' lang='lat' dir='ltr'><strong>baptizare.</strong></span> <span class='ocrx_word' id='word_1_316' title='bbox 2715 1536 2733 1567; x_wconf 74' lang='grc' dir='ltr'><strong>ι</strong></span> 
     </span>
    </p>
   </div>
   <div class='ocr_carea' id='block_1_46' title="bbox 2782 1625 3587 1684">
    <p class='ocr_par' dir='ltr' id='par_1_46' title="bbox 2782 1625 3587 1684">
     <span class='ocr_line' id='line_1_46' title="bbox 2782 1625 3587 1684; baseline -0.012 0"><span class='ocrx_word' id='word_1_317' title='bbox 2782 1625 3069 1684; x_wconf 78' lang='lat' dir='ltr'><strong>XXXVIII.</strong></span> <span class='ocrx_word' id='word_1_318' title='bbox 3107 1639 3239 1681; x_wconf 72' lang='lat' dir='ltr'><strong>ITBI</strong></span> <span class='ocrx_word' id='word_1_319' title='bbox 3265 1638 3333 1679; x_wconf 72' lang='lat' dir='ltr'><strong>ex</strong></span> <span class='ocrx_word' id='word_1_320' title='bbox 3363 1634 3587 1678; x_wconf 77' lang='lat' dir='ltr'><strong>BASILIO.</strong></span> 
     </span>
    </p>
   </div>
   <div class='ocr_carea' id='block_1_47' title="bbox 2451 1754 3985 1836">
    <p class='ocr_par' dir='ltr' id='par_1_47' title="bbox 2451 1754 3985 1836">
     <span class='ocr_line' id='line_1_47' title="bbox 2451 1754 3985 1836; baseline -0.008 -15"><span class='ocrx_word' id='word_1_321' title='bbox 2451 1767 2527 1821; x_wconf 88' lang='lat' dir='ltr'><strong>Ita</strong></span> <span class='ocrx_word' id='word_1_322' title='bbox 2556 1764 2721 1821; x_wconf 92' lang='lat' dir='ltr'><strong>dubio</strong></span> <span class='ocrx_word' id='word_1_323' title='bbox 2745 1763 2932 1836; x_wconf 90' lang='lat' dir='ltr'><strong>procul</strong></span> <span class='ocrx_word' id='word_1_324' title='bbox 2963 1761 3230 1818; x_wconf 87' lang='lat' dir='ltr'><strong>sentiebat</strong></span> <span class='ocrx_word' id='word_1_325' title='bbox 3257 1768 3311 1815; x_wconf 92' lang='lat' dir='ltr'><strong>et</strong></span> <span class='ocrx_word' id='word_1_326' title='bbox 3338 1758 3568 1814; x_wconf 86' lang='lat' dir='ltr'><strong>Basilius</strong></span> <span class='ocrx_word' id='word_1_327' title='bbox 3598 1771 3692 1827; x_wconf 87' lang='lat' dir='ltr'><strong>qut</strong></span> <span class='ocrx_word' id='word_1_328' title='bbox 3723 1754 3886 1825; x_wconf 89' lang='lat' dir='ltr'><strong>epist.</strong></span> <span class='ocrx_word' id='word_1_329' title='bbox 3916 1756 3985 1809; x_wconf 81' lang='lat' dir='ltr'><strong>ad</strong></span> 
     </span>
    </p>
   </div>
   <div class='ocr_carea' id='block_1_48' title="bbox 2377 1845 3988 1928">
    <p class='ocr_par' dir='ltr' id='par_1_48' title="bbox 2377 1845 3988 1928">
     <span class='ocr_line' id='line_1_48' title="bbox 2377 1845 3988 1928; baseline -0.009 -15"><span class='ocrx_word' id='word_1_330' title='bbox 2377 1857 2634 1928; x_wconf 77' lang='lat' dir='ltr'><strong>Amphil.,</strong></span> <span class='ocrx_word' id='word_1_331' title='bbox 2666 1871 2787 1912; x_wconf 91' lang='lat' dir='ltr'><strong>cum</strong></span> <span class='ocrx_word' id='word_1_332' title='bbox 2819 1854 3106 1910; x_wconf 58' lang='lat' dir='ltr'><strong>haereticos</strong></span> <span class='ocrx_word' id='word_1_333' title='bbox 3133 1851 3226 1924; x_wconf 90' lang='lat' dir='ltr'><strong>qui</strong></span> <span class='ocrx_word' id='word_1_334' title='bbox 3271 1851 3441 1922; x_wconf 88' lang='lat' dir='ltr'><strong>ipsam</strong></span> <span class='ocrx_word' id='word_1_335' title='bbox 3473 1848 3594 1903; x_wconf 89' lang='lat' dir='ltr'><strong>lidei</strong></span> <span class='ocrx_word' id='word_1_336' title='bbox 3616 1860 3883 1902; x_wconf 89' lang='lat' dir='ltr'><strong>summam</strong></span> <span class='ocrx_word' id='word_1_337' title='bbox 3908 1845 3988 1900; x_wconf 75' lang='lat' dir='ltr'><strong>la-</strong></span> 
     </span>
    </p>
   </div>
   <div class='ocr_carea' id='block_1_49' title="bbox 2376 1939 3982 2014">
    <p class='ocr_par' dir='ltr' id='par_1_49' title="bbox 2376 1939 3982 2014">
     <span class='ocr_line' id='line_1_49' title="bbox 2376 1939 3982 2014; baseline -0.01 -6"><span class='ocrx_word' id='word_1_338' title='bbox 2376 1952 2647 2008; x_wconf 80' lang='lat' dir='ltr'><strong>befactare</strong></span> <span class='ocrx_word' id='word_1_339' title='bbox 2678 1951 2994 2014; x_wconf 85' lang='lat' dir='ltr'><strong>moliuntur,</strong></span> <span class='ocrx_word' id='word_1_340' title='bbox 3039 1946 3384 2002; x_wconf 77' lang='lat' dir='ltr'><strong>discreviSset</strong></span> <span class='ocrx_word' id='word_1_341' title='bbox 3420 1959 3451 1997; x_wconf 92' lang='lat' dir='ltr'><strong>a</strong></span> <span class='ocrx_word' id='word_1_342' title='bbox 3495 1940 3853 1998; x_wconf 81' lang='lat' dir='ltr'><strong>schismatieis</strong></span> <span class='ocrx_word' id='word_1_343' title='bbox 3888 1939 3982 2010; x_wconf 90' lang='lat' dir='ltr'><strong>qui</strong></span> 
     </span>
    </p>
   </div>
   <div class='ocr_carea' id='block_1_50' title="bbox 2376 2031 3986 2113">
    <p class='ocr_par' dir='ltr' id='par_1_50' title="bbox 2376 2031 3986 2113">
     <span class='ocr_line' id='line_1_50' title="bbox 2376 2031 3986 2113; baseline -0.009 -13"><span class='ocrx_word' id='word_1_344' title='bbox 2376 2044 2448 2101; x_wconf 84' lang='lat' dir='ltr'><strong>ob</strong></span> <span class='ocrx_word' id='word_1_345' title='bbox 2470 2043 2741 2099; x_wconf 89' lang='lat' dir='ltr'><strong>sanabiles</strong></span> <span class='ocrx_word' id='word_1_346' title='bbox 2764 2041 3094 2113; x_wconf 81' lang='lat' dir='ltr'><strong>quaestiones</strong></span> <span class='ocrx_word' id='word_1_347' title='bbox 3115 2053 3175 2093; x_wconf 92' lang='lat' dir='ltr'><strong>se</strong></span> <span class='ocrx_word' id='word_1_348' title='bbox 3202 2037 3570 2099; x_wconf 86' lang='lat' dir='ltr'><strong>absciderunt,</strong></span> <span class='ocrx_word' id='word_1_349' title='bbox 3598 2039 3704 2089; x_wconf 85' lang='lat' dir='ltr'><strong>ait:</strong></span> <span class='ocrx_word' id='word_1_350' title='bbox 3736 2051 3755 2084; x_wconf 83' lang='grc'><strong><em>‹</em></strong></span> <span class='ocrx_word' id='word_1_351' title='bbox 3796 2031 3986 2087; x_wconf 75' lang='lat' dir='ltr'><strong>Visum</strong></span> 
     </span>
    </p>
   </div>
   <div class='ocr_carea' id='block_1_51' title="bbox 2378 2127 3983 2208">
    <p class='ocr_par' dir='ltr' id='par_1_51' title="bbox 2378 2127 3983 2208">
     <span class='ocr_line' id='line_1_51' title="bbox 2378 2127 3983 2208; baseline -0.009 -14"><span class='ocrx_word' id='word_1_352' title='bbox 2378 2149 2461 2195; x_wconf 90' lang='lat' dir='ltr'><strong>est</strong></span> <span class='ocrx_word' id='word_1_353' title='bbox 2486 2153 2614 2208; x_wconf 82' lang='lat' dir='ltr'><strong>ergo</strong></span> <span class='ocrx_word' id='word_1_354' title='bbox 2638 2139 2705 2191; x_wconf 87' lang='lat' dir='ltr'><strong>ab</strong></span> <span class='ocrx_word' id='word_1_355' title='bbox 2732 2136 2885 2191; x_wconf 89' lang='lat' dir='ltr'><strong>initio</strong></span> <span class='ocrx_word' id='word_1_356' title='bbox 2913 2133 3201 2190; x_wconf 70' lang='lat' dir='ltr'><strong>haereticos</strong></span> <span class='ocrx_word' id='word_1_357' title='bbox 3228 2130 3447 2203; x_wconf 90' lang='lat' dir='ltr'><strong>quidem</strong></span> <span class='ocrx_word' id='word_1_358' title='bbox 3474 2130 3692 2183; x_wconf 88' lang='lat' dir='ltr'><strong>onmiuo</strong></span> <span class='ocrx_word' id='word_1_359' title='bbox 3715 2127 3983 2197; x_wconf 84' lang='lat' dir='ltr'><strong>rejieere;</strong></span> 
     </span>
    </p>
   </div>
   <div class='ocr_carea' id='block_1_52' title="bbox 2378 2219 3988 2299">
    <p class='ocr_par' dir='ltr' id='par_1_52' title="bbox 2378 2219 3988 2299">
     <span class='ocr_line' id='line_1_52' title="bbox 2378 2219 3988 2299; baseline -0.009 -12"><span class='ocrx_word' id='word_1_360' title='bbox 2378 2245 2474 2287; x_wconf 89' lang='lat' dir='ltr'><strong>eos</strong></span> <span class='ocrx_word' id='word_1_361' title='bbox 2515 2237 2694 2285; x_wconf 89' lang='lat' dir='ltr'><strong>autem</strong></span> <span class='ocrx_word' id='word_1_362' title='bbox 2726 2229 2816 2299; x_wconf 92' lang='lat' dir='ltr'><strong>qui</strong></span> <span class='ocrx_word' id='word_1_363' title='bbox 2856 2243 2915 2283; x_wconf 89' lang='lat' dir='ltr'><strong>se</strong></span> <span class='ocrx_word' id='word_1_364' title='bbox 2961 2226 3325 2290; x_wconf 82' lang='lat' dir='ltr'><strong>absciderunt,</strong></span> <span class='ocrx_word' id='word_1_365' title='bbox 3371 2237 3470 2279; x_wconf 89' lang='lat' dir='ltr'><strong>seu</strong></span> <span class='ocrx_word' id='word_1_366' title='bbox 3518 2219 3988 2277; x_wconf 85' lang='lat' dir='ltr'><strong>schismatieorum</strong></span> 
     </span>
    </p>
   </div>
   <div class='ocr_carea' id='block_1_53' title="bbox 2380 2314 3984 2395">
    <p class='ocr_par' dir='ltr' id='par_1_53' title="bbox 2380 2314 3984 2395">
     <span class='ocr_line' id='line_1_53' title="bbox 2380 2314 3984 2395; baseline -0.009 -16"><span class='ocrx_word' id='word_1_367' title='bbox 2380 2324 2651 2395; x_wconf 88' lang='lat' dir='ltr'><strong>Baptisma</strong></span> <span class='ocrx_word' id='word_1_368' title='bbox 2687 2323 2994 2385; x_wconf 88' lang='lat' dir='ltr'><strong>admittere,</strong></span> <span class='ocrx_word' id='word_1_369' title='bbox 3051 2330 3110 2375; x_wconf 92' lang='lat' dir='ltr'><strong>ttt</strong></span> <span class='ocrx_word' id='word_1_370' title='bbox 3147 2321 3238 2390; x_wconf 87' lang='lat' dir='ltr'><strong>qtti</strong></span> <span class='ocrx_word' id='word_1_371' title='bbox 3285 2318 3461 2373; x_wconf 90' lang='lat' dir='ltr'><strong>adhuc</strong></span> <span class='ocrx_word' id='word_1_372' title='bbox 3514 2318 3620 2371; x_wconf 93' lang='lat' dir='ltr'><strong>sint</strong></span> <span class='ocrx_word' id='word_1_373' title='bbox 3645 2314 3924 2370; x_wconf 69' lang='lat' dir='ltr'><strong>Ecclesim.</strong></span> <span class='ocrx_word' id='word_1_374' title='bbox 3966 2332 3984 2365; x_wconf 75' lang='grc' dir='ltr'><strong><em>ι</em></strong></span> 
     </span>
    </p>
   </div>
   <div class='ocr_carea' id='block_1_54' title="bbox 2382 2409 3990 2485">
    <p class='ocr_par' dir='ltr' id='par_1_54' title="bbox 2382 2409 3990 2485">
     <span class='ocr_line' id='line_1_54' title="bbox 2382 2409 3990 2485; baseline -0.007 -13"><span class='ocrx_word' id='word_1_375' title='bbox 2382 2417 2699 2473; x_wconf 88' lang='lat' dir='ltr'><strong>Firmiliano</strong></span> <span class='ocrx_word' id='word_1_376' title='bbox 2752 2425 2930 2470; x_wconf 91' lang='lat' dir='ltr'><strong>tamen</strong></span> <span class='ocrx_word' id='word_1_377' title='bbox 2960 2425 3014 2469; x_wconf 91' lang='lat' dir='ltr'><strong>et</strong></span> <span class='ocrx_word' id='word_1_378' title='bbox 3059 2413 3330 2485; x_wconf 82' lang='lat' dir='ltr'><strong>Cypriane</strong></span> <span class='ocrx_word' id='word_1_379' title='bbox 3370 2426 3495 2465; x_wconf 83' lang='lat' dir='ltr'><strong>mox</strong></span> <span class='ocrx_word' id='word_1_380' title='bbox 3533 2411 3608 2464; x_wconf 89' lang='lat' dir='ltr'><strong>ait</strong></span> <span class='ocrx_word' id='word_1_381' title='bbox 3639 2409 3818 2463; x_wconf 88' lang='lat' dir='ltr'><strong>visum</strong></span> <span class='ocrx_word' id='word_1_382' title='bbox 3867 2421 3990 2462; x_wconf 81' lang='lat' dir='ltr'><strong>esse</strong></span> 
     </span>
    </p>
   </div>
   <div class='ocr_carea' id='block_1_55' title="bbox 2379 2498 3990 2578">
    <p class='ocr_par' dir='ltr' id='par_1_55' title="bbox 2379 2498 3990 2578">
     <span class='ocr_line' id='line_1_55' title="bbox 2379 2498 3990 2578; baseline -0.006 -12"><span class='ocrx_word' id='word_1_383' title='bbox 2379 2509 2843 2566; x_wconf 84' lang='lat' dir='ltr'><strong>schismaticorum</strong></span> <span class='ocrx_word' id='word_1_384' title='bbox 2891 2523 3107 2578; x_wconf 88' lang='lat' dir='ltr'><strong>quoque</strong></span> <span class='ocrx_word' id='word_1_385' title='bbox 3150 2505 3487 2576; x_wconf 89' lang='lat' dir='ltr'><strong>Baptismum</strong></span> <span class='ocrx_word' id='word_1_386' title='bbox 3535 2504 3731 2557; x_wconf 89' lang='lat' dir='ltr'><strong>iterare</strong></span> <span class='ocrx_word' id='word_1_387' title='bbox 3774 2519 3788 2555; x_wconf 88' lang='lat'><strong>:</strong></span> <span class='ocrx_word' id='word_1_388' title='bbox 3825 2519 3844 2552; x_wconf 71' lang='grc' dir='ltr'><strong>α</strong></span> <span class='ocrx_word' id='word_1_389' title='bbox 3883 2498 3990 2557; x_wconf 85' lang='lat' dir='ltr'><strong>Sed</strong></span> 
     </span>
    </p>
   </div>
   <div class='ocr_carea' id='block_1_56' title="bbox 2381 2599 3992 2677">
    <p class='ocr_par' dir='ltr' id='par_1_56' title="bbox 2381 2599 3992 2677">
     <span class='ocr_line' id='line_1_56' title="bbox 2381 2599 3992 2677; baseline -0.007 -17"><span class='ocrx_word' id='word_1_390' title='bbox 2381 2606 2636 2677; x_wconf 85' lang='lat' dir='ltr'><strong>quoniam</strong></span> <span class='ocrx_word' id='word_1_391' title='bbox 2658 2603 2934 2659; x_wconf 88' lang='lat' dir='ltr'><strong>nonnullis</strong></span> <span class='ocrx_word' id='word_1_392' title='bbox 2959 2601 3208 2656; x_wconf 76' lang='lat' dir='ltr'><strong>Asiaticis</strong></span> <span class='ocrx_word' id='word_1_393' title='bbox 3233 2599 3454 2655; x_wconf 90' lang='lat' dir='ltr'><strong>omnino</strong></span> <span class='ocrx_word' id='word_1_394' title='bbox 3472 2599 3644 2652; x_wconf 86' lang='lat' dir='ltr'><strong>visum</strong></span> <span class='ocrx_word' id='word_1_395' title='bbox 3665 2606 3747 2651; x_wconf 90' lang='lat' dir='ltr'><strong>est</strong></span> <span class='ocrx_word' id='word_1_396' title='bbox 3769 2602 3992 2666; x_wconf 85' lang='lat' dir='ltr'><strong>propter</strong></span> 
     </span>
    </p>
   </div>
   <div class='ocr_carea' id='block_1_57' title="bbox 2382 2691 3988 2762">
    <p class='ocr_par' dir='ltr' id='par_1_57' title="bbox 2382 2691 3988 2762">
     <span class='ocr_line' id='line_1_57' title="bbox 2382 2691 3988 2762; baseline -0.006 -10"><span class='ocrx_word' id='word_1_397' title='bbox 2382 2699 2674 2752; x_wconf 90' lang='lat' dir='ltr'><strong>multorum</strong></span> <span class='ocrx_word' id='word_1_398' title='bbox 2731 2695 3089 2752; x_wconf 78' lang='lat' dir='ltr'><strong>meonomiam</strong></span> <span class='ocrx_word' id='word_1_399' title='bbox 3148 2703 3205 2749; x_wconf 92' lang='lat' dir='ltr'><strong>et</strong></span> <span class='ocrx_word' id='word_1_400' title='bbox 3253 2691 3749 2762; x_wconf 78' lang='lat' dir='ltr'><strong>diSpensatiouem,</strong></span> <span class='ocrx_word' id='word_1_401' title='bbox 3799 2702 3988 2743; x_wconf 75' lang='lat' dir='ltr'><strong>eorum</strong></span> 
     </span>
    </p>
   </div>
   <div class='ocr_carea' id='block_1_58' title="bbox 2382 2778 3992 2862">
    <p class='ocr_par' dir='ltr' id='par_1_58' title="bbox 2382 2778 3992 2862">
     <span class='ocr_line' id='line_1_58' title="bbox 2382 2778 3992 2862; baseline -0.009 -15"><span class='ocrx_word' id='word_1_402' title='bbox 2382 2791 2655 2862; x_wconf 90' lang='lat' dir='ltr'><strong>Baptisma</strong></span> <span class='ocrx_word' id='word_1_403' title='bbox 2687 2789 2909 2860; x_wconf 89' lang='lat' dir='ltr'><strong>suscipi,</strong></span> <span class='ocrx_word' id='word_1_404' title='bbox 2948 2787 3290 2858; x_wconf 86' lang='lat' dir='ltr'><strong>suscipiatur.</strong></span> <span class='ocrx_word' id='word_1_405' title='bbox 3322 2805 3341 2837; x_wconf 85' lang='grc'><strong>›</strong></span> <span class='ocrx_word' id='word_1_406' title='bbox 3373 2784 3501 2839; x_wconf 60' lang='lat' dir='ltr'><strong>Haec</strong></span> <span class='ocrx_word' id='word_1_407' title='bbox 3548 2783 3637 2838; x_wconf 90' lang='lat' dir='ltr'><strong>ille</strong></span> <span class='ocrx_word' id='word_1_408' title='bbox 3678 2782 3745 2835; x_wconf 90' lang='lat' dir='ltr'><strong>de</strong></span> <span class='ocrx_word' id='word_1_409' title='bbox 3789 2778 3992 2836; x_wconf 84' lang='lat' dir='ltr'><strong>Catha-</strong></span> 
     </span>
    </p>
   </div>
   <div class='ocr_carea' id='block_1_59' title="bbox 2383 2873 3995 2952">
    <p class='ocr_par' dir='ltr' id='par_1_59' title="bbox 2383 2873 3995 2952">
     <span class='ocr_line' id='line_1_59' title="bbox 2383 2873 3995 2952; baseline -0.006 -15"><span class='ocrx_word' id='word_1_410' title='bbox 2383 2888 2479 2952; x_wconf 87' lang='lat' dir='ltr'><strong>ris,</strong></span> <span class='ocrx_word' id='word_1_411' title='bbox 2532 2899 2658 2938; x_wconf 84' lang='lat' dir='ltr'><strong>mox</strong></span> <span class='ocrx_word' id='word_1_412' title='bbox 2713 2898 2841 2937; x_wconf 90' lang='lat' dir='ltr'><strong>vero</strong></span> <span class='ocrx_word' id='word_1_413' title='bbox 2882 2881 2950 2935; x_wconf 89' lang='lat' dir='ltr'><strong>de</strong></span> <span class='ocrx_word' id='word_1_414' title='bbox 2990 2878 3327 2935; x_wconf 83' lang='lat' dir='ltr'><strong>Encratitis:</strong></span> <span class='ocrx_word' id='word_1_415' title='bbox 3366 2897 3385 2929; x_wconf 71' lang='grc' dir='ltr'><strong><em>ι</em></strong></span> <span class='ocrx_word' id='word_1_416' title='bbox 3433 2876 3699 2945; x_wconf 86' lang='lat' dir='ltr'><strong>Quoniam</strong></span> <span class='ocrx_word' id='word_1_417' title='bbox 3740 2873 3868 2929; x_wconf 86' lang='lat' dir='ltr'><strong>nihil</strong></span> <span class='ocrx_word' id='word_1_418' title='bbox 3910 2883 3995 2930; x_wconf 86' lang='lat' dir='ltr'><strong>est</strong></span> 
     </span>
    </p>
   </div>
   <div class='ocr_carea' id='block_1_60' title="bbox 2383 2970 3992 3047">
    <p class='ocr_par' dir='ltr' id='par_1_60' title="bbox 2383 2970 3992 3047">
     <span class='ocr_line' id='line_1_60' title="bbox 2383 2970 3992 3047; baseline -0.006 -14"><span class='ocrx_word' id='word_1_419' title='bbox 2383 2978 2452 3033; x_wconf 89' lang='lat' dir='ltr'><strong>de</strong></span> <span class='ocrx_word' id='word_1_420' title='bbox 2479 2978 2563 3032; x_wconf 90' lang='lat' dir='ltr'><strong>his</strong></span> <span class='ocrx_word' id='word_1_421' title='bbox 2590 2987 2779 3047; x_wconf 87' lang='lat' dir='ltr'><strong>aperte</strong></span> <span class='ocrx_word' id='word_1_422' title='bbox 2810 2976 3034 3042; x_wconf 89' lang='lat' dir='ltr'><strong>dictum,</strong></span> <span class='ocrx_word' id='word_1_423' title='bbox 3066 2982 3278 3045; x_wconf 89' lang='lat' dir='ltr'><strong>oportet</strong></span> <span class='ocrx_word' id='word_1_424' title='bbox 3308 2986 3407 3027; x_wconf 88' lang='lat' dir='ltr'><strong>nos</strong></span> <span class='ocrx_word' id='word_1_425' title='bbox 3436 2987 3624 3026; x_wconf 83' lang='lat' dir='ltr'><strong>eorum</strong></span> <span class='ocrx_word' id='word_1_426' title='bbox 3657 2970 3992 3041; x_wconf 87' lang='lat' dir='ltr'><strong>Baptismum</strong></span> 
     </span>
    </p>
   </div>
   <div class='ocr_carea' id='block_1_61' title="bbox 2384 3062 3996 3141">
    <p class='ocr_par' dir='ltr' id='par_1_61' title="bbox 2384 3062 3996 3141">
     <span class='ocr_line' id='line_1_61' title="bbox 2384 3062 3996 3141; baseline -0.006 -17"><span class='ocrx_word' id='word_1_427' title='bbox 2384 3071 2661 3141; x_wconf 83' lang='lat' dir='ltr'><strong>abrogare.</strong></span> <span class='ocrx_word' id='word_1_428' title='bbox 2694 3069 2845 3138; x_wconf 87' lang='lat' dir='ltr'><strong>Quod</strong></span> <span class='ocrx_word' id='word_1_429' title='bbox 2867 3070 2910 3123; x_wconf 92' lang='lat' dir='ltr'><strong>si</strong></span> <span class='ocrx_word' id='word_1_430' title='bbox 2941 3069 3043 3124; x_wconf 92' lang='lat' dir='ltr'><strong>hoc</strong></span> <span class='ocrx_word' id='word_1_431' title='bbox 3070 3066 3363 3122; x_wconf 90' lang='lat' dir='ltr'><strong>universali</strong></span> <span class='ocrx_word' id='word_1_432' title='bbox 3385 3064 3704 3121; x_wconf 57' lang='lat' dir='ltr'><strong>oeconomia:</strong></span> <span class='ocrx_word' id='word_1_433' title='bbox 3730 3067 3797 3118; x_wconf 87' lang='lat' dir='ltr'><strong>sit</strong></span> <span class='ocrx_word' id='word_1_434' title='bbox 3818 3062 3996 3131; x_wconf 86' lang='lat' dir='ltr'><strong>impe-</strong></span> 
     </span>
    </p>
   </div>
   <div class='ocr_carea' id='block_1_62' title="bbox 678 3123 3991 3227">
    <p class='ocr_par' dir='ltr' id='par_1_62' title="bbox 678 3123 3991 3227">
     <span class='ocr_line' id='line_1_62' title="bbox 678 3123 3991 3227; baseline -0.007 4"><span class='ocrx_word' id='word_1_435' title='bbox 678 3147 842 3193; x_wconf 65' lang='lat' dir='ltr'><strong>mem</strong></span> <span class='ocrx_word' id='word_1_436' title='bbox 901 3138 1138 3209; x_wconf 54' lang='lat' dir='ltr'><strong>mnegas</strong></span> <span class='ocrx_word' id='word_1_437' title='bbox 1190 3152 1319 3192; x_wconf 55' lang='lat' dir='ltr'><strong>sum</strong></span> <span class='ocrx_word' id='word_1_438' title='bbox 1377 3136 1564 3206; x_wconf 43' lang='lat' dir='ltr'><strong>adigi“</strong></span> <span class='ocrx_word' id='word_1_439' title='bbox 1596 3135 1821 3204; x_wconf 60' lang='lat' dir='ltr'><strong>Quand&quot;</strong></span> <span class='ocrx_word' id='word_1_440' title='bbox 1862 3134 2055 3189; x_wconf 55' lang='lat' dir='ltr'><strong>habeat</strong></span> <span class='ocrx_word' id='word_1_441' title='bbox 2100 3135 2280 3190; x_wconf 66' lang='lat' dir='ltr'><strong>omnis</strong></span> <span class='ocrx_word' id='word_1_442' title='bbox 2306 3123 2352 3189; x_wconf 67' lang='grc' dir='ltr'>Ο</span> <span class='ocrx_word' id='word_1_443' title='bbox 2385 3123 2921 3227; x_wconf 18' lang='lat' dir='ltr'><strong>Vfu‘t‘urum,</strong></span> <span class='ocrx_word' id='word_1_444' title='bbox 2952 3175 3139 3216; x_wconf 90' lang='lat' dir='ltr'><strong>rursus</strong></span> <span class='ocrx_word' id='word_1_445' title='bbox 3165 3159 3560 3215; x_wconf 89' lang='lat' dir='ltr'><strong>consuetudine</strong></span> <span class='ocrx_word' id='word_1_446' title='bbox 3596 3156 3851 3212; x_wconf 86' lang='lat' dir='ltr'><strong>utendum</strong></span> <span class='ocrx_word' id='word_1_447' title='bbox 3881 3123 3991 3222; x_wconf 77' lang='lat' dir='ltr'><strong>est,</strong></span> 
     </span>
    </p>
   </div>
   <div class='ocr_carea' id='block_1_63' title="bbox 684 3229 2282 3305">
    <p class='ocr_par' dir='ltr' id='par_1_63' title="bbox 684 3229 2282 3305">
     <span class='ocr_line' id='line_1_63' title="bbox 684 3229 2282 3305; baseline -0.004 -15"><span class='ocrx_word' id='word_1_448' title='bbox 684 3234 969 3305; x_wconf 83' lang='lat' dir='ltr'><strong>episcopus</strong></span> <span class='ocrx_word' id='word_1_449' title='bbox 999 3247 1095 3302; x_wconf 87' lang='lat' dir='ltr'><strong>pro</strong></span> <span class='ocrx_word' id='word_1_450' title='bbox 1130 3233 1339 3287; x_wconf 87' lang='lat' dir='ltr'><strong>licentia</strong></span> <span class='ocrx_word' id='word_1_451' title='bbox 1380 3231 1640 3286; x_wconf 88' lang='lat' dir='ltr'><strong>libertatis</strong></span> <span class='ocrx_word' id='word_1_452' title='bbox 1667 3240 1723 3284; x_wconf 91' lang='lat' dir='ltr'><strong>et</strong></span> <span class='ocrx_word' id='word_1_453' title='bbox 1755 3229 2033 3299; x_wconf 87' lang='lat' dir='ltr'><strong>potestatis</strong></span> <span class='ocrx_word' id='word_1_454' title='bbox 2054 3243 2165 3282; x_wconf 67' lang='lat' dir='ltr'><strong>sua:</strong></span> <span class='ocrx_word' id='word_1_455' title='bbox 2190 3243 2282 3283; x_wconf 88' lang='lat' dir='ltr'><strong>ar-</strong></span> 
     </span>
    </p>
   </div>
   <div class='ocr_carea' id='block_1_64' title="bbox 689 3323 2281 3396">
    <p class='ocr_par' dir='ltr' id='par_1_64' title="bbox 689 3323 2281 3396">
     <span class='ocr_line' id='line_1_64' title="bbox 689 3323 2281 3396; baseline -0.004 -13"><span class='ocrx_word' id='word_1_456' title='bbox 689 3327 906 3383; x_wconf 88' lang='lat' dir='ltr'><strong>bitrium</strong></span> <span class='ocrx_word' id='word_1_457' title='bbox 940 3328 1235 3396; x_wconf 88' lang='lat' dir='ltr'><strong>proprium,</strong></span> <span class='ocrx_word' id='word_1_458' title='bbox 1286 3334 1391 3379; x_wconf 86' lang='lat' dir='ltr'><strong>etc.</strong></span> <span class='ocrx_word' id='word_1_459' title='bbox 1434 3345 1453 3377; x_wconf 76' lang='grc' dir='ltr'><strong><em>ι</em></strong></span> <span class='ocrx_word' id='word_1_460' title='bbox 1477 3325 1533 3379; x_wconf 86' lang='grc' dir='ltr'><strong>1η</strong></span> <span class='ocrx_word' id='word_1_461' title='bbox 1562 3323 1859 3394; x_wconf 73' lang='lat' dir='ltr'><strong>disciplina:</strong></span> <span class='ocrx_word' id='word_1_462' title='bbox 1913 3323 2127 3392; x_wconf 73' lang='lat' dir='ltr'><strong>negotio</strong></span> <span class='ocrx_word' id='word_1_463' title='bbox 2157 3337 2281 3377; x_wconf 91' lang='lat' dir='ltr'><strong>cum</strong></span> 
     </span>
    </p>
   </div>
   <div class='ocr_carea' id='block_1_65' title="bbox 686 3414 2283 3491">
    <p class='ocr_par' dir='ltr' id='par_1_65' title="bbox 686 3414 2283 3491">
     <span class='ocr_line' id='line_1_65' title="bbox 686 3414 2283 3491; baseline -0.004 -16"><span class='ocrx_word' id='word_1_464' title='bbox 686 3420 875 3491; x_wconf 87' lang='lat' dir='ltr'><strong>aliquo</strong></span> <span class='ocrx_word' id='word_1_465' title='bbox 890 3419 1072 3475; x_wconf 84' lang='lat' dir='ltr'><strong>colore</strong></span> <span class='ocrx_word' id='word_1_466' title='bbox 1093 3418 1209 3473; x_wconf 84' lang='lat' dir='ltr'><strong>haec</strong></span> <span class='ocrx_word' id='word_1_467' title='bbox 1239 3418 1597 3473; x_wconf 71' lang='lat' dir='ltr'><strong>disseruntur.</strong></span> <span class='ocrx_word' id='word_1_468' title='bbox 1629 3418 1679 3469; x_wconf 94' lang='lat' dir='ltr'><strong>in</strong></span> <span class='ocrx_word' id='word_1_469' title='bbox 1707 3416 1881 3485; x_wconf 79' lang='lat' dir='ltr'><strong>capite</strong></span> <span class='ocrx_word' id='word_1_470' title='bbox 1908 3414 2029 3469; x_wconf 85' lang='lat' dir='ltr'><strong>ﬁdei</strong></span> <span class='ocrx_word' id='word_1_471' title='bbox 2053 3415 2283 3470; x_wconf 85' lang='lat' dir='ltr'><strong>catholi-</strong></span> 
     </span>
    </p>
   </div>
   <div class='ocr_carea' id='block_1_66' title="bbox 686 3509 2282 3574">
    <p class='ocr_par' dir='ltr' id='par_1_66' title="bbox 686 3509 2282 3574">
     <span class='ocr_line' id='line_1_66' title="bbox 686 3509 2282 3574; baseline -0.007 -1"><span class='ocrx_word' id='word_1_472' title='bbox 686 3531 766 3574; x_wconf 68' lang='lat' dir='ltr'><strong>cm</strong></span> <span class='ocrx_word' id='word_1_473' title='bbox 807 3515 1134 3570; x_wconf 90' lang='lat' dir='ltr'><strong>alienissima</strong></span> <span class='ocrx_word' id='word_1_474' title='bbox 1192 3521 1380 3568; x_wconf 81' lang='lat' dir='ltr'><strong>es.-ent</strong></span> <span class='ocrx_word' id='word_1_475' title='bbox 1430 3511 1632 3566; x_wconf 87' lang='lat' dir='ltr'><strong>omnia.</strong></span> <span class='ocrx_word' id='word_1_476' title='bbox 1697 3509 1870 3564; x_wconf 83' lang='lat' dir='ltr'><strong>Verba</strong></span> <span class='ocrx_word' id='word_1_477' title='bbox 1926 3520 2107 3564; x_wconf 88' lang='lat' dir='ltr'><strong>autem</strong></span> <span class='ocrx_word' id='word_1_478' title='bbox 2146 3509 2282 3564; x_wconf 90' lang='lat' dir='ltr'><strong>illa:</strong></span> 
     </span>
    </p>
   </div>
   <div class='ocr_carea' id='block_1_67' title="bbox 692 3602 2285 3676">
    <p class='ocr_par' dir='ltr' id='par_1_67' title="bbox 692 3602 2285 3676">
     <span class='ocr_line' id='line_1_67' title="bbox 692 3602 2285 3676; baseline -0.003 -14"><span class='ocrx_word' id='word_1_479' title='bbox 692 3630 713 3662; x_wconf 70' lang='grc' dir='ltr'><strong><em>ι</em></strong></span> <span class='ocrx_word' id='word_1_480' title='bbox 771 3609 926 3676; x_wconf 73' lang='lat' dir='ltr'><strong>Quod</strong></span> <span class='ocrx_word' id='word_1_481' title='bbox 1000 3608 1264 3676; x_wconf 81' lang='lat' dir='ltr'><strong>putaverit</strong></span> <span class='ocrx_word' id='word_1_482' title='bbox 1330 3605 1523 3668; x_wconf 77' lang='lat' dir='ltr'><strong>iaciat,</strong></span> <span class='ocrx_word' id='word_1_483' title='bbox 1591 3603 1798 3659; x_wconf 90' lang='lat' dir='ltr'><strong>habens</strong></span> <span class='ocrx_word' id='word_1_484' title='bbox 1847 3602 2054 3657; x_wconf 86' lang='lat' dir='ltr'><strong>arbitrii</strong></span> <span class='ocrx_word' id='word_1_485' title='bbox 2121 3602 2285 3658; x_wconf 78' lang='lat' dir='ltr'><strong>facul-</strong></span> 
     </span>
    </p>
   </div>
   <div class='ocr_carea' id='block_1_68' title="bbox 683 3694 2287 3768">
    <p class='ocr_par' dir='ltr' id='par_1_68' title="bbox 683 3694 2287 3768">
     <span class='ocr_line' id='line_1_68' title="bbox 683 3694 2287 3768; baseline -0.005 -10"><span class='ocrx_word' id='word_1_486' title='bbox 683 3712 848 3758; x_wconf 82' lang='lat' dir='ltr'><strong>tatem</strong></span> <span class='ocrx_word' id='word_1_487' title='bbox 908 3701 1156 3764; x_wconf 89' lang='lat' dir='ltr'><strong>liberam,</strong></span> <span class='ocrx_word' id='word_1_488' title='bbox 1201 3710 1305 3754; x_wconf 89' lang='lat' dir='ltr'><strong>ete.</strong></span> <span class='ocrx_word' id='word_1_489' title='bbox 1341 3696 1671 3768; x_wconf 86' lang='lat' dir='ltr'><strong>obsequendi</strong></span> <span class='ocrx_word' id='word_1_490' title='bbox 1719 3696 2034 3760; x_wconf 86' lang='lat' dir='ltr'><strong>necessitas,</strong></span> <span class='ocrx_word' id='word_1_491' title='bbox 2065 3704 2172 3749; x_wconf 93' lang='lat' dir='ltr'><strong>etc.</strong></span> <span class='ocrx_word' id='word_1_492' title='bbox 2217 3694 2287 3750; x_wconf 89' lang='lat' dir='ltr'><strong>de</strong></span> 
     </span>
    </p>
   </div>
   <div class='ocr_carea' id='block_1_69' title="bbox 685 3788 2285 3862">
    <p class='ocr_par' dir='ltr' id='par_1_69' title="bbox 685 3788 2285 3862">
     <span class='ocr_line' id='line_1_69' title="bbox 685 3788 2285 3862; baseline -0.006 -12"><span class='ocrx_word' id='word_1_493' title='bbox 685 3806 809 3853; x_wconf 87' lang='lat' dir='ltr'><strong>actu</strong></span> <span class='ocrx_word' id='word_1_494' title='bbox 841 3803 1025 3848; x_wconf 89' lang='lat' dir='ltr'><strong>nostro</strong></span> <span class='ocrx_word' id='word_1_495' title='bbox 1059 3790 1332 3862; x_wconf 89' lang='lat' dir='ltr'><strong>judicandi</strong></span> <span class='ocrx_word' id='word_1_496' title='bbox 1375 3789 1619 3844; x_wconf 89' lang='lat' dir='ltr'><strong>Christus</strong></span> <span class='ocrx_word' id='word_1_497' title='bbox 1663 3803 1797 3842; x_wconf 90' lang='lat' dir='ltr'><strong>unus</strong></span> <span class='ocrx_word' id='word_1_498' title='bbox 1848 3788 2007 3843; x_wconf 89' lang='lat' dir='ltr'><strong>habet</strong></span> <span class='ocrx_word' id='word_1_499' title='bbox 2048 3797 2285 3855; x_wconf 65' lang='lat' dir='ltr'><strong>potestao</strong></span> 
     </span>
    </p>
   </div>
   <div class='ocr_carea' id='block_1_70' title="bbox 689 3867 2290 3956">
    <p class='ocr_par' dir='ltr' id='par_1_70' title="bbox 689 3867 2290 3956">
     <span class='ocr_line' id='line_1_70' title="bbox 689 3867 2290 3956; baseline -0.006 -12"><span class='ocrx_word' id='word_1_500' title='bbox 689 3899 799 3944; x_wconf 86' lang='lat' dir='ltr'><strong>tem</strong></span> <span class='ocrx_word' id='word_1_501' title='bbox 825 3906 837 3942; x_wconf 90' lang='lat'><strong>:</strong></span> <span class='ocrx_word' id='word_1_502' title='bbox 878 3908 896 3940; x_wconf 78' lang='grc' dir='ltr'><strong><em>ι</em></strong></span> <span class='ocrx_word' id='word_1_503' title='bbox 934 3886 1221 3956; x_wconf 75' lang='lat' dir='ltr'><strong>Perspicua</strong></span> <span class='ocrx_word' id='word_1_504' title='bbox 1246 3884 1314 3939; x_wconf 88' lang='lat' dir='ltr'><strong>ad</strong></span> <span class='ocrx_word' id='word_1_505' title='bbox 1341 3883 1705 3954; x_wconf 86' lang='lat' dir='ltr'><strong>disciplinam,</strong></span> <span class='ocrx_word' id='word_1_506' title='bbox 1731 3896 1837 3935; x_wconf 90' lang='lat' dir='ltr'><strong>nou</strong></span> <span class='ocrx_word' id='word_1_507' title='bbox 1859 3879 1926 3935; x_wconf 90' lang='lat' dir='ltr'><strong>ad</strong></span> <span class='ocrx_word' id='word_1_508' title='bbox 1958 3878 2117 3934; x_wconf 87' lang='lat' dir='ltr'><strong>ﬁdem</strong></span> <span class='ocrx_word' id='word_1_509' title='bbox 2149 3867 2290 3935; x_wconf 42' lang='lat' dir='ltr'><strong>refe;</strong></span> 
     </span>
    </p>
   </div>
   <div class='ocr_carea' id='block_1_71' title="bbox 688 3972 2289 4046">
    <p class='ocr_par' dir='ltr' id='par_1_71' title="bbox 688 3972 2289 4046">
     <span class='ocr_line' id='line_1_71' title="bbox 688 3972 2289 4046; baseline -0.006 -8"><span class='ocrx_word' id='word_1_510' title='bbox 688 3991 901 4038; x_wconf 82' lang='lat' dir='ltr'><strong>runtur.</strong></span> <span class='ocrx_word' id='word_1_511' title='bbox 956 3980 1032 4034; x_wconf 91' lang='lat' dir='ltr'><strong>De</strong></span> <span class='ocrx_word' id='word_1_512' title='bbox 1074 3979 1176 4033; x_wconf 89' lang='lat' dir='ltr'><strong>lide</strong></span> <span class='ocrx_word' id='word_1_513' title='bbox 1204 3982 1347 4032; x_wconf 89' lang='lat' dir='ltr'><strong>enim</strong></span> <span class='ocrx_word' id='word_1_514' title='bbox 1375 3993 1406 4031; x_wconf 90' lang='lat' dir='ltr'><strong>a</strong></span> <span class='ocrx_word' id='word_1_515' title='bbox 1454 3976 1674 4046; x_wconf 85' lang='lat' dir='ltr'><strong>collegis</strong></span> <span class='ocrx_word' id='word_1_516' title='bbox 1699 3974 2004 4041; x_wconf 90' lang='lat' dir='ltr'><strong>dissentire,</strong></span> <span class='ocrx_word' id='word_1_517' title='bbox 2056 3972 2183 4027; x_wconf 90' lang='lat' dir='ltr'><strong>nulli</strong></span> <span class='ocrx_word' id='word_1_518' title='bbox 2209 3972 2289 4028; x_wconf 81' lang='lat' dir='ltr'><strong>fas</strong></span> 
     </span>
    </p>
   </div>
   <div class='ocr_carea' id='block_1_72' title="bbox 689 4064 2289 4142">
    <p class='ocr_par' dir='ltr' id='par_1_72' title="bbox 689 4064 2289 4142">
     <span class='ocr_line' id='line_1_72' title="bbox 689 4064 2289 4142; baseline -0.006 -13"><span class='ocrx_word' id='word_1_519' title='bbox 689 4083 775 4129; x_wconf 88' lang='lat' dir='ltr'><strong>est</strong></span> <span class='ocrx_word' id='word_1_520' title='bbox 807 4093 821 4129; x_wconf 91' lang='lat'><strong>:</strong></span> <span class='ocrx_word' id='word_1_521' title='bbox 851 4071 907 4129; x_wconf 85' lang='lat' dir='ltr'><strong>Si</strong></span> <span class='ocrx_word' id='word_1_522' title='bbox 933 4072 1054 4142; x_wconf 90' lang='lat' dir='ltr'><strong>quis</strong></span> <span class='ocrx_word' id='word_1_523' title='bbox 1082 4070 1401 4125; x_wconf 62' lang='lat' dir='ltr'><strong>dissenserit</strong></span> <span class='ocrx_word' id='word_1_524' title='bbox 1429 4076 1739 4133; x_wconf 78' lang='lat' dir='ltr'><strong>contumax,</strong></span> <span class='ocrx_word' id='word_1_525' title='bbox 1772 4082 1802 4120; x_wconf 92' lang='lat' dir='ltr'><strong>a</strong></span> <span class='ocrx_word' id='word_1_526' title='bbox 1835 4081 1967 4138; x_wconf 88' lang='lat' dir='ltr'><strong>pace</strong></span> <span class='ocrx_word' id='word_1_527' title='bbox 1994 4064 2289 4136; x_wconf 87' lang='lat' dir='ltr'><strong>ejiciendus</strong></span> 
     </span>
    </p>
   </div>
   <div class='ocr_carea' id='block_1_73' title="bbox 691 4159 2290 4230">
    <p class='ocr_par' dir='ltr' id='par_1_73' title="bbox 691 4159 2290 4230">
     <span class='ocr_line' id='line_1_73' title="bbox 691 4159 2290 4230; baseline -0.006 -8"><span class='ocrx_word' id='word_1_528' title='bbox 691 4175 775 4221; x_wconf 91' lang='lat' dir='ltr'><strong>est</strong></span> <span class='ocrx_word' id='word_1_529' title='bbox 802 4176 857 4219; x_wconf 90' lang='lat' dir='ltr'><strong>et</strong></span> <span class='ocrx_word' id='word_1_530' title='bbox 885 4163 1283 4218; x_wconf 88' lang='lat' dir='ltr'><strong>communione.</strong></span> <span class='ocrx_word' id='word_1_531' title='bbox 1340 4162 1412 4217; x_wconf 80' lang='lat' dir='ltr'><strong>At</strong></span> <span class='ocrx_word' id='word_1_532' title='bbox 1439 4162 1685 4230; x_wconf 86' lang='lat' dir='ltr'><strong>antiquas</strong></span> <span class='ocrx_word' id='word_1_533' title='bbox 1720 4159 1962 4214; x_wconf 76' lang='lat' dir='ltr'><strong>ecclesia:</strong></span> <span class='ocrx_word' id='word_1_534' title='bbox 2006 4174 2120 4213; x_wconf 73' lang='lat' dir='ltr'><strong>sua:</strong></span> <span class='ocrx_word' id='word_1_535' title='bbox 2156 4173 2290 4213; x_wconf 90' lang='lat' dir='ltr'><strong>con-</strong></span> 
     </span>
    </p>
   </div>
   <div class='ocr_carea' id='block_1_74' title="bbox 691 4250 2290 4332">
    <p class='ocr_par' dir='ltr' id='par_1_74' title="bbox 691 4250 2290 4332">
     <span class='ocr_line' id='line_1_74' title="bbox 691 4250 2290 4332; baseline -0.006 -16"><span class='ocrx_word' id='word_1_536' title='bbox 691 4256 1005 4332; x_wconf 86' lang='lat' dir='ltr'><strong>suetudines</strong></span> <span class='ocrx_word' id='word_1_537' title='bbox 1030 4275 1058 4311; x_wconf 91' lang='lat' dir='ltr'><strong>a</strong></span> <span class='ocrx_word' id='word_1_538' title='bbox 1082 4257 1320 4328; x_wconf 88' lang='lat' dir='ltr'><strong>quolibet</strong></span> <span class='ocrx_word' id='word_1_539' title='bbox 1346 4256 1601 4326; x_wconf 88' lang='lat' dir='ltr'><strong>episcopo</strong></span> <span class='ocrx_word' id='word_1_540' title='bbox 1633 4252 1908 4316; x_wconf 88' lang='lat' dir='ltr'><strong>retentari,</strong></span> <span class='ocrx_word' id='word_1_541' title='bbox 1936 4251 2037 4305; x_wconf 89' lang='lat' dir='ltr'><strong>etsi</strong></span> <span class='ocrx_word' id='word_1_542' title='bbox 2075 4250 2143 4306; x_wconf 92' lang='lat' dir='ltr'><strong>ab</strong></span> <span class='ocrx_word' id='word_1_543' title='bbox 2169 4251 2290 4306; x_wconf 88' lang='lat' dir='ltr'><strong>aliis</strong></span> 
     </span>
    </p>
   </div>
   <div class='ocr_carea' id='block_1_75' title="bbox 692 4343 2291 4424">
    <p class='ocr_par' dir='ltr' id='par_1_75' title="bbox 692 4343 2291 4424">
     <span class='ocr_line' id='line_1_75' title="bbox 692 4343 2291 4424; baseline -0.007 -15"><span class='ocrx_word' id='word_1_544' title='bbox 692 4355 959 4421; x_wconf 87' lang='lat' dir='ltr'><strong>dissonas,</strong></span> <span class='ocrx_word' id='word_1_545' title='bbox 985 4363 1271 4424; x_wconf 89' lang='lat' dir='ltr'><strong>utcumque</strong></span> <span class='ocrx_word' id='word_1_546' title='bbox 1285 4366 1454 4422; x_wconf 89' lang='lat' dir='ltr'><strong>usque</strong></span> <span class='ocrx_word' id='word_1_547' title='bbox 1478 4349 1544 4404; x_wconf 89' lang='lat' dir='ltr'><strong>ad</strong></span> <span class='ocrx_word' id='word_1_548' title='bbox 1565 4348 1850 4403; x_wconf 86' lang='lat' dir='ltr'><strong>concilium</strong></span> <span class='ocrx_word' id='word_1_549' title='bbox 1873 4344 2169 4416; x_wconf 87' lang='lat' dir='ltr'><strong>plenarium</strong></span> <span class='ocrx_word' id='word_1_550' title='bbox 2192 4343 2291 4398; x_wconf 82' lang='lat' dir='ltr'><strong>ali-</strong></span> 
     </span>
    </p>
   </div>
   <div class='ocr_carea' id='block_1_76' title="bbox 692 4445 1454 4520">
    <p class='ocr_par' dir='ltr' id='par_1_76' title="bbox 692 4445 1454 4520">
     <span class='ocr_line' id='line_1_76' title="bbox 692 4445 1454 4520; baseline -0.008 -18"><span class='ocrx_word' id='word_1_551' title='bbox 692 4447 907 4520; x_wconf 90' lang='lat' dir='ltr'><strong>quando</strong></span> <span class='ocrx_word' id='word_1_552' title='bbox 929 4456 982 4502; x_wconf 90' lang='lat' dir='ltr'><strong>et</strong></span> <span class='ocrx_word' id='word_1_553' title='bbox 1011 4448 1147 4501; x_wconf 88' lang='lat' dir='ltr'><strong>ultra</strong></span> <span class='ocrx_word' id='word_1_554' title='bbox 1180 4445 1454 4499; x_wconf 88' lang='lat' dir='ltr'><strong>toleratur.</strong></span> 
     </span>
    </p>
   </div>
   <div class='ocr_carea' id='block_1_77' title="bbox 2386 3249 3996 3328">
    <p class='ocr_par' dir='ltr' id='par_1_77' title="bbox 2386 3249 3996 3328">
     <span class='ocr_line' id='line_1_77' title="bbox 2386 3249 3996 3328; baseline -0.007 -14"><span class='ocrx_word' id='word_1_555' title='bbox 2386 3267 2444 3314; x_wconf 92' lang='lat' dir='ltr'><strong>et</strong></span> <span class='ocrx_word' id='word_1_556' title='bbox 2483 3258 2634 3328; x_wconf 90' lang='lat' dir='ltr'><strong>sequi</strong></span> <span class='ocrx_word' id='word_1_557' title='bbox 2672 3263 2890 3327; x_wconf 89' lang='lat' dir='ltr'><strong>eportet</strong></span> <span class='ocrx_word' id='word_1_558' title='bbox 2921 3256 3107 3310; x_wconf 87' lang='lat' dir='ltr'><strong>Patres</strong></span> <span class='ocrx_word' id='word_1_559' title='bbox 3152 3254 3241 3324; x_wconf 91' lang='lat' dir='ltr'><strong>qui</strong></span> <span class='ocrx_word' id='word_1_560' title='bbox 3295 3268 3416 3323; x_wconf 64' lang='lat' dir='ltr'><strong>quae</strong></span> <span class='ocrx_word' id='word_1_561' title='bbox 3466 3250 3532 3305; x_wconf 89' lang='lat' dir='ltr'><strong>ad</strong></span> <span class='ocrx_word' id='word_1_562' title='bbox 3572 3264 3671 3305; x_wconf 91' lang='lat' dir='ltr'><strong>nos</strong></span> <span class='ocrx_word' id='word_1_563' title='bbox 3720 3249 3996 3317; x_wconf 73' lang='lat' dir='ltr'><strong>pertinent</strong></span> 
     </span>
    </p>
   </div>
   <div class='ocr_carea' id='block_1_78' title="bbox 2387 3343 3991 3424">
    <p class='ocr_par' dir='ltr' id='par_1_78' title="bbox 2387 3343 3991 3424">
     <span class='ocr_line' id='line_1_78' title="bbox 2387 3343 3991 3424; baseline -0.007 -16"><span class='ocrx_word' id='word_1_564' title='bbox 2387 3351 2755 3424; x_wconf 87' lang='lat' dir='ltr'><strong>providerunt.</strong></span> <span class='ocrx_word' id='word_1_565' title='bbox 2790 3370 2808 3403; x_wconf 76' lang='grc' dir='ltr'><strong>ι</strong></span> <span class='ocrx_word' id='word_1_566' title='bbox 2840 3349 2910 3405; x_wconf 89' lang='lat' dir='ltr'><strong>Et</strong></span> <span class='ocrx_word' id='word_1_567' title='bbox 2942 3349 3075 3404; x_wconf 80' lang='lat' dir='ltr'><strong>infra</strong></span> <span class='ocrx_word' id='word_1_568' title='bbox 3102 3363 3221 3403; x_wconf 91' lang='lat' dir='ltr'><strong>can.</strong></span> <span class='ocrx_word' id='word_1_569' title='bbox 3253 3346 3324 3402; x_wconf 71' lang='grc'><strong>47</strong></span> <span class='ocrx_word' id='word_1_570' title='bbox 3351 3359 3538 3400; x_wconf 88' lang='lat' dir='ltr'><strong>omnes</strong></span> <span class='ocrx_word' id='word_1_571' title='bbox 3564 3344 3682 3397; x_wconf 90' lang='lat' dir='ltr'><strong>illos</strong></span> <span class='ocrx_word' id='word_1_572' title='bbox 3715 3343 3991 3398; x_wconf 81' lang='lat' dir='ltr'><strong>schisma-</strong></span> 
     </span>
    </p>
   </div>
   <div class='ocr_carea' id='block_1_79' title="bbox 2389 3433 3989 3515">
    <p class='ocr_par' dir='ltr' id='par_1_79' title="bbox 2389 3433 3989 3515">
     <span class='ocr_line' id='line_1_79' title="bbox 2389 3433 3989 3515; baseline -0.009 -14"><span class='ocrx_word' id='word_1_573' title='bbox 2389 3447 2524 3501; x_wconf 88' lang='lat' dir='ltr'><strong>ticos</strong></span> <span class='ocrx_word' id='word_1_574' title='bbox 2556 3462 2586 3501; x_wconf 88' lang='lat' dir='ltr'><strong>a</strong></span> <span class='ocrx_word' id='word_1_575' title='bbox 2615 3459 2674 3501; x_wconf 91' lang='lat' dir='ltr'><strong>se</strong></span> <span class='ocrx_word' id='word_1_576' title='bbox 2704 3444 3023 3515; x_wconf 86' lang='lat' dir='ltr'><strong>rebaptizari</strong></span> <span class='ocrx_word' id='word_1_577' title='bbox 3053 3443 3148 3505; x_wconf 89' lang='lat' dir='ltr'><strong>ait,</strong></span> <span class='ocrx_word' id='word_1_578' title='bbox 3182 3441 3432 3510; x_wconf 87' lang='lat' dir='ltr'><strong>idemque</strong></span> <span class='ocrx_word' id='word_1_579' title='bbox 3491 3436 3673 3492; x_wconf 87' lang='lat' dir='ltr'><strong>suadet</strong></span> <span class='ocrx_word' id='word_1_580' title='bbox 3700 3433 3989 3503; x_wconf 80' lang='lat' dir='ltr'><strong>Amphilo-</strong></span> 
     </span>
    </p>
   </div>
   <div class='ocr_carea' id='block_1_80' title="bbox 2389 3528 3994 3608">
    <p class='ocr_par' dir='ltr' id='par_1_80' title="bbox 2389 3528 3994 3608">
     <span class='ocr_line' id='line_1_80' title="bbox 2389 3528 3994 3608; baseline -0.006 -14"><span class='ocrx_word' id='word_1_581' title='bbox 2389 3538 2512 3595; x_wconf 89' lang='lat' dir='ltr'><strong>chio</strong></span> <span class='ocrx_word' id='word_1_582' title='bbox 2543 3557 2556 3592; x_wconf 90' lang='lat'><strong>:</strong></span> <span class='ocrx_word' id='word_1_583' title='bbox 2582 3552 2903 3608; x_wconf 89' lang='lat' dir='ltr'><strong>quantquam</strong></span> <span class='ocrx_word' id='word_1_584' title='bbox 2938 3535 3243 3606; x_wconf 85' lang='lat' dir='ltr'><strong>expeditius</strong></span> <span class='ocrx_word' id='word_1_585' title='bbox 3274 3535 3419 3589; x_wconf 88' lang='lat' dir='ltr'><strong>dicat</strong></span> <span class='ocrx_word' id='word_1_586' title='bbox 3463 3530 3745 3600; x_wconf 86' lang='lat' dir='ltr'><strong>episcopali</strong></span> <span class='ocrx_word' id='word_1_587' title='bbox 3778 3528 3994 3601; x_wconf 69' lang='lat' dir='ltr'><strong>synodo</strong></span> 
     </span>
    </p>
   </div>
   <div class='ocr_carea' id='block_1_81' title="bbox 2390 3623 3995 3687">
    <p class='ocr_par' dir='ltr' id='par_1_81' title="bbox 2390 3623 3995 3687">
     <span class='ocr_line' id='line_1_81' title="bbox 2390 3623 3995 3687; baseline -0.007 0"><span class='ocrx_word' id='word_1_588' title='bbox 2390 3633 2486 3687; x_wconf 90' lang='lat' dir='ltr'><strong>has</strong></span> <span class='ocrx_word' id='word_1_589' title='bbox 2531 3646 2721 3687; x_wconf 90' lang='lat' dir='ltr'><strong>omnes</strong></span> <span class='ocrx_word' id='word_1_590' title='bbox 2759 3630 3160 3685; x_wconf 86' lang='lat' dir='ltr'><strong>controversias</strong></span> <span class='ocrx_word' id='word_1_591' title='bbox 3197 3627 3398 3681; x_wconf 89' lang='lat' dir='ltr'><strong>dirimi.</strong></span> <span class='ocrx_word' id='word_1_592' title='bbox 3457 3625 3617 3679; x_wconf 82' lang='lat' dir='ltr'><strong>Multa</strong></span> <span class='ocrx_word' id='word_1_593' title='bbox 3663 3624 3785 3678; x_wconf 88' lang='lat' dir='ltr'><strong>hinc</strong></span> <span class='ocrx_word' id='word_1_594' title='bbox 3832 3623 3995 3678; x_wconf 83' lang='lat' dir='ltr'><strong>ebul-</strong></span> 
     </span>
    </p>
   </div>
   <div class='ocr_carea' id='block_1_82' title="bbox 2391 3718 4001 3797">
    <p class='ocr_par' dir='ltr' id='par_1_82' title="bbox 2391 3718 4001 3797">
     <span class='ocr_line' id='line_1_82' title="bbox 2391 3718 4001 3797; baseline -0.006 -15"><span class='ocrx_word' id='word_1_595' title='bbox 2391 3726 2527 3782; x_wconf 90' lang='lat' dir='ltr'><strong>liunt</strong></span> <span class='ocrx_word' id='word_1_596' title='bbox 2567 3734 2885 3797; x_wconf 81' lang='lat' dir='ltr'><strong>argumenta</strong></span> <span class='ocrx_word' id='word_1_597' title='bbox 2938 3723 3005 3778; x_wconf 92' lang='lat' dir='ltr'><strong>ad</strong></span> <span class='ocrx_word' id='word_1_598' title='bbox 3061 3731 3301 3777; x_wconf 89' lang='lat' dir='ltr'><strong>nostrum</strong></span> <span class='ocrx_word' id='word_1_599' title='bbox 3358 3721 3685 3775; x_wconf 86' lang='lat' dir='ltr'><strong>institutum.</strong></span> <span class='ocrx_word' id='word_1_600' title='bbox 3758 3718 4001 3773; x_wconf 83' lang='lat' dir='ltr'><strong>Primum</strong></span> 
     </span>
    </p>
   </div>
   <div class='ocr_carea' id='block_1_83' title="bbox 2392 3812 4071 3888">
    <p class='ocr_par' dir='ltr' id='par_1_83' title="bbox 2392 3812 4071 3888">
     <span class='ocr_line' id='line_1_83' title="bbox 2392 3812 4071 3888; baseline -0.003 -16"><span class='ocrx_word' id='word_1_601' title='bbox 2392 3819 2750 3888; x_wconf 87' lang='lat' dir='ltr'><strong>antiquiorem</strong></span> <span class='ocrx_word' id='word_1_602' title='bbox 2806 3816 3151 3872; x_wconf 87' lang='lat' dir='ltr'><strong>traditionem</strong></span> <span class='ocrx_word' id='word_1_603' title='bbox 3221 3823 3648 3876; x_wconf 87' lang='lat' dir='ltr'><strong>commemorat;</strong></span> <span class='ocrx_word' id='word_1_604' title='bbox 3708 3812 4003 3882; x_wconf 85' lang='lat' dir='ltr'><strong>partitione</strong></span> <span class='ocrx_word' id='word_1_605' title='bbox 4062 3818 4071 3823; x_wconf 86' lang='grc'><em>’</em></span> 
     </span>
    </p>
   </div>
   <div class='ocr_carea' id='block_1_84' title="bbox 2394 3904 4003 3975">
    <p class='ocr_par' dir='ltr' id='par_1_84' title="bbox 2394 3904 4003 3975">
     <span class='ocr_line' id='line_1_84' title="bbox 2394 3904 4003 3975; baseline -0.006 -7"><span class='ocrx_word' id='word_1_606' title='bbox 2394 3922 2655 3975; x_wconf 88' lang='lat' dir='ltr'><strong>utentem;</strong></span> <span class='ocrx_word' id='word_1_607' title='bbox 2691 3921 2803 3966; x_wconf 90' lang='lat' dir='ltr'><strong>tum</strong></span> <span class='ocrx_word' id='word_1_608' title='bbox 2832 3926 2891 3966; x_wconf 91' lang='lat' dir='ltr'><strong>se</strong></span> <span class='ocrx_word' id='word_1_609' title='bbox 2920 3910 2989 3965; x_wconf 88' lang='lat' dir='ltr'><strong>ab</strong></span> <span class='ocrx_word' id='word_1_610' title='bbox 3014 3925 3077 3965; x_wconf 88' lang='lat' dir='ltr'><strong>ea</strong></span> <span class='ocrx_word' id='word_1_611' title='bbox 3109 3907 3398 3963; x_wconf 88' lang='lat' dir='ltr'><strong>dissentire</strong></span> <span class='ocrx_word' id='word_1_612' title='bbox 3427 3907 3733 3961; x_wconf 87' lang='lat' dir='ltr'><strong>coutitetur.</strong></span> <span class='ocrx_word' id='word_1_613' title='bbox 3788 3904 3846 3959; x_wconf 79' lang='lat' dir='ltr'><strong>la</strong></span> <span class='ocrx_word' id='word_1_614' title='bbox 3877 3904 4003 3959; x_wconf 82' lang='lat' dir='ltr'><strong>ﬁdei</strong></span> 
     </span>
    </p>
   </div>
   <div class='ocr_carea' id='block_1_85' title="bbox 2396 3994 4001 4076">
    <p class='ocr_par' dir='ltr' id='par_1_85' title="bbox 2396 3994 4001 4076">
     <span class='ocr_line' id='line_1_85' title="bbox 2396 3994 4001 4076; baseline -0.007 -16"><span class='ocrx_word' id='word_1_615' title='bbox 2396 4005 2610 4076; x_wconf 76' lang='lat' dir='ltr'><strong>negetio</strong></span> <span class='ocrx_word' id='word_1_616' title='bbox 2648 4019 2754 4059; x_wconf 89' lang='lat' dir='ltr'><strong>non</strong></span> <span class='ocrx_word' id='word_1_617' title='bbox 2805 4002 2856 4059; x_wconf 93' lang='lat' dir='ltr'><strong>id</strong></span> <span class='ocrx_word' id='word_1_618' title='bbox 2898 4002 2998 4057; x_wconf 90' lang='lat' dir='ltr'><strong>sibi</strong></span> <span class='ocrx_word' id='word_1_619' title='bbox 3029 4008 3270 4056; x_wconf 67' lang='lat' dir='ltr'><strong>suntet-et</strong></span> <span class='ocrx_word' id='word_1_620' title='bbox 3316 3998 3565 4053; x_wconf 84' lang='lat' dir='ltr'><strong>Basilius.</strong></span> <span class='ocrx_word' id='word_1_621' title='bbox 3630 3994 3893 4051; x_wconf 86' lang='lat' dir='ltr'><strong>Catltaros</strong></span> <span class='ocrx_word' id='word_1_622' title='bbox 3941 4006 4001 4051; x_wconf 88' lang='lat' dir='ltr'><strong>et</strong></span> 
     </span>
    </p>
   </div>
   <div class='ocr_carea' id='block_1_86' title="bbox 2398 4089 4001 4152">
    <p class='ocr_par' dir='ltr' id='par_1_86' title="bbox 2398 4089 4001 4152">
     <span class='ocr_line' id='line_1_86' title="bbox 2398 4089 4001 4152; baseline -0.007 0"><span class='ocrx_word' id='word_1_623' title='bbox 2398 4096 2697 4152; x_wconf 84' lang='lat' dir='ltr'><strong>Encratitas</strong></span> <span class='ocrx_word' id='word_1_624' title='bbox 2750 4096 2801 4149; x_wconf 92' lang='lat' dir='ltr'><strong>in</strong></span> <span class='ocrx_word' id='word_1_625' title='bbox 2837 4093 3022 4150; x_wconf 89' lang='lat' dir='ltr'><strong>eadem</strong></span> <span class='ocrx_word' id='word_1_626' title='bbox 3052 4091 3518 4147; x_wconf 88' lang='lat' dir='ltr'><strong>schismaticortttn</strong></span> <span class='ocrx_word' id='word_1_627' title='bbox 3566 4089 3685 4142; x_wconf 86' lang='lat' dir='ltr'><strong>navi</strong></span> <span class='ocrx_word' id='word_1_628' title='bbox 3726 4089 4001 4151; x_wconf 84' lang='lat' dir='ltr'><strong>collocat;</strong></span> 
     </span>
    </p>
   </div>
   <div class='ocr_carea' id='block_1_87' title="bbox 2395 4180 4001 4257">
    <p class='ocr_par' dir='ltr' id='par_1_87' title="bbox 2395 4180 4001 4257">
     <span class='ocr_line' id='line_1_87' title="bbox 2395 4180 4001 4257; baseline -0.007 -13"><span class='ocrx_word' id='word_1_629' title='bbox 2395 4199 2506 4244; x_wconf 88' lang='lat' dir='ltr'><strong>tum</strong></span> <span class='ocrx_word' id='word_1_630' title='bbox 2536 4188 2748 4243; x_wconf 91' lang='lat' dir='ltr'><strong>illorum</strong></span> <span class='ocrx_word' id='word_1_631' title='bbox 2789 4187 2955 4257; x_wconf 90' lang='lat' dir='ltr'><strong>recipi</strong></span> <span class='ocrx_word' id='word_1_632' title='bbox 2989 4184 3248 4255; x_wconf 89' lang='lat' dir='ltr'><strong>permittit</strong></span> <span class='ocrx_word' id='word_1_633' title='bbox 3272 4180 3570 4252; x_wconf 83' lang='lat' dir='ltr'><strong>Baptisma,</strong></span> <span class='ocrx_word' id='word_1_634' title='bbox 3602 4180 3794 4235; x_wconf 86' lang='lat' dir='ltr'><strong>horum</strong></span> <span class='ocrx_word' id='word_1_635' title='bbox 3832 4189 4001 4232; x_wconf 84' lang='lat' dir='ltr'><strong>vetat.</strong></span> 
     </span>
    </p>
   </div>
   <div class='ocr_carea' id='block_1_88' title="bbox 2395 4270 4005 4350">
    <p class='ocr_par' dir='ltr' id='par_1_88' title="bbox 2395 4270 4005 4350">
     <span class='ocr_line' id='line_1_88' title="bbox 2395 4270 4005 4350; baseline -0.009 -12"><span class='ocrx_word' id='word_1_636' title='bbox 2395 4282 2511 4338; x_wconf 83' lang='lat' dir='ltr'><strong>Non</strong></span> <span class='ocrx_word' id='word_1_637' title='bbox 2548 4282 2620 4337; x_wconf 90' lang='lat' dir='ltr'><strong>ita</strong></span> <span class='ocrx_word' id='word_1_638' title='bbox 2649 4281 2702 4335; x_wconf 90' lang='lat' dir='ltr'><strong>itt</strong></span> <span class='ocrx_word' id='word_1_639' title='bbox 2748 4279 2869 4335; x_wconf 87' lang='lat' dir='ltr'><strong>tidei</strong></span> <span class='ocrx_word' id='word_1_640' title='bbox 2908 4278 3209 4350; x_wconf 60' lang='lat' dir='ltr'><strong>quasstione</strong></span> <span class='ocrx_word' id='word_1_641' title='bbox 3255 4275 3569 4330; x_wconf 89' lang='lat' dir='ltr'><strong>alternaret.</strong></span> <span class='ocrx_word' id='word_1_642' title='bbox 3638 4270 4005 4328; x_wconf 81' lang='lat' dir='ltr'><strong>Catbarorutn</strong></span> 
     </span>
    </p>
   </div>
   <div class='ocr_carea' id='block_1_89' title="bbox 2395 4365 4008 4444">
    <p class='ocr_par' dir='ltr' id='par_1_89' title="bbox 2395 4365 4008 4444">
     <span class='ocr_line' id='line_1_89' title="bbox 2395 4365 4008 4444; baseline -0.009 -11"><span class='ocrx_word' id='word_1_643' title='bbox 2395 4374 2666 4444; x_wconf 86' lang='lat' dir='ltr'><strong>Baptisma</strong></span> <span class='ocrx_word' id='word_1_644' title='bbox 2697 4372 2894 4439; x_wconf 91' lang='lat' dir='ltr'><strong>suscipi</strong></span> <span class='ocrx_word' id='word_1_645' title='bbox 2925 4387 2992 4426; x_wconf 84' lang='lat' dir='ltr'><strong>ex</strong></span> <span class='ocrx_word' id='word_1_646' title='bbox 3018 4368 3419 4436; x_wconf 69' lang='lat' dir='ltr'><strong>disiiensatione</strong></span> <span class='ocrx_word' id='word_1_647' title='bbox 3464 4373 3672 4421; x_wconf 78' lang='lat' dir='ltr'><strong>censet.</strong></span> <span class='ocrx_word' id='word_1_648' title='bbox 3723 4367 3793 4418; x_wconf 79' lang='lat' dir='ltr'><strong>At</strong></span> <span class='ocrx_word' id='word_1_649' title='bbox 3826 4365 3877 4417; x_wconf 89' lang='lat' dir='ltr'><strong>itt</strong></span> <span class='ocrx_word' id='word_1_650' title='bbox 3898 4378 4008 4418; x_wconf 85' lang='lat' dir='ltr'><strong>ne-</strong></span> 
     </span>
    </p>
   </div>
   <div class='ocr_carea' id='block_1_90' title="bbox 2396 4455 4005 4538">
    <p class='ocr_par' dir='ltr' id='par_1_90' title="bbox 2396 4455 4005 4538">
     <span class='ocr_line' id='line_1_90' title="bbox 2396 4455 4005 4538; baseline -0.005 -19"><span class='ocrx_word' id='word_1_651' title='bbox 2396 4467 2541 4538; x_wconf 75' lang='lat' dir='ltr'><strong>gotio</strong></span> <span class='ocrx_word' id='word_1_652' title='bbox 2587 4465 2707 4521; x_wconf 86' lang='lat' dir='ltr'><strong>l‘tdci</strong></span> <span class='ocrx_word' id='word_1_653' title='bbox 2746 4480 2854 4520; x_wconf 87' lang='lat' dir='ltr'><strong>non</strong></span> <span class='ocrx_word' id='word_1_654' title='bbox 2894 4464 2965 4518; x_wconf 90' lang='lat' dir='ltr'><strong>ita</strong></span> <span class='ocrx_word' id='word_1_655' title='bbox 3013 4459 3399 4533; x_wconf 86' lang='lat' dir='ltr'><strong>dispensationi</strong></span> <span class='ocrx_word' id='word_1_656' title='bbox 3450 4459 3601 4514; x_wconf 87' lang='lat' dir='ltr'><strong>locus</strong></span> <span class='ocrx_word' id='word_1_657' title='bbox 3647 4472 3755 4511; x_wconf 87' lang='lat' dir='ltr'><strong>non</strong></span> <span class='ocrx_word' id='word_1_658' title='bbox 3807 4455 4005 4511; x_wconf 84' lang='lat' dir='ltr'><strong>datur.</strong></span> 
     </span>
    </p>
   </div>
   <div class='ocr_carea' id='block_1_91' title="bbox 692 4528 2284 4645">
    <p class='ocr_par' dir='ltr' id='par_1_91' title="bbox 692 4583 2284 4645">
     <span class='ocr_line' id='line_1_91' title="bbox 692 4583 2284 4645; baseline -0.009 -1"><span class='ocrx_word' id='word_1_659' title='bbox 692 4583 956 4645; x_wconf 70' lang='lat' dir='ltr'>XXXVII.</span> <span class='ocrx_word' id='word_1_660' title='bbox 1004 4600 1128 4640; x_wconf 73' lang='lat' dir='ltr'><strong>mm</strong></span> <span class='ocrx_word' id='word_1_661' title='bbox 1167 4600 1235 4639; x_wconf 76' lang='lat' dir='ltr'><strong>ex</strong></span> <span class='ocrx_word' id='word_1_662' title='bbox 1273 4596 1578 4645; x_wconf 71' lang='lat' dir='ltr'><strong>STEPHANO,</strong></span> <span class='ocrx_word' id='word_1_663' title='bbox 1617 4597 1688 4636; x_wconf 73' lang='lat' dir='ltr'><strong>ex</strong></span> <span class='ocrx_word' id='word_1_664' title='bbox 1732 4594 1960 4636; x_wconf 71' lang='lat' dir='ltr'><strong>ARELAT.</strong></span> <span class='ocrx_word' id='word_1_665' title='bbox 1988 4592 2054 4632; x_wconf 76' lang='lat' dir='ltr'>ET</span> <span class='ocrx_word' id='word_1_666' title='bbox 2084 4589 2284 4631; x_wconf 62' lang='lat' dir='ltr'><strong>meum</strong></span> 
     </span>
    </p>
   </div>
   <div class='ocr_carea' id='block_1_92' title="bbox 2386 4528 4006 4645">
    <p class='ocr_par' dir='ltr' id='par_1_92' title="bbox 2402 4549 4006 4627">
     <span class='ocr_line' id='line_1_92' title="bbox 2402 4549 4006 4627; baseline -0.008 -10"><span class='ocrx_word' id='word_1_667' title='bbox 2402 4560 2698 4617; x_wconf 83' lang='lat' dir='ltr'><strong>Encratitas</strong></span> <span class='ocrx_word' id='word_1_668' title='bbox 2746 4556 3060 4627; x_wconf 86' lang='lat' dir='ltr'><strong>rebaptizari</strong></span> <span class='ocrx_word' id='word_1_669' title='bbox 3105 4554 3337 4619; x_wconf 87' lang='lat' dir='ltr'><strong>suadet;</strong></span> <span class='ocrx_word' id='word_1_670' title='bbox 3383 4552 3428 4607; x_wconf 86' lang='lat' dir='ltr'><strong>si</strong></span> <span class='ocrx_word' id='word_1_671' title='bbox 3473 4560 3652 4605; x_wconf 87' lang='lat' dir='ltr'><strong>tamen</strong></span> <span class='ocrx_word' id='word_1_672' title='bbox 3693 4549 4006 4604; x_wconf 87' lang='lat' dir='ltr'><strong>universali</strong></span> 
     </span>
    </p>
   </div>
   <div class='ocr_carea' id='block_1_93' title="bbox 1201 4690 1775 4734">
    <p class='ocr_par' dir='ltr' id='par_1_93' title="bbox 1201 4690 1775 4734">
     <span class='ocr_line' id='line_1_93' title="bbox 1201 4690 1775 4734; baseline -0.009 -1"><span class='ocrx_word' id='word_1_673' title='bbox 1201 4693 1417 4734; x_wconf 73' lang='lat' dir='ltr'><strong>SYNODO.</strong></span> <span class='ocrx_word' id='word_1_674' title='bbox 1453 4693 1523 4731; x_wconf 71' lang='lat' dir='ltr'>EX</span> <span class='ocrx_word' id='word_1_675' title='bbox 1552 4690 1775 4731; x_wconf 78' lang='lat' dir='ltr'><strong>0PTATO.</strong></span> 
     </span>
    </p>
   </div>
   <div class='ocr_carea' id='block_1_94' title="bbox 768 4834 2291 4918">
    <p class='ocr_par' dir='ltr' id='par_1_94' title="bbox 768 4834 2291 4918">
     <span class='ocr_line' id='line_1_94' title="bbox 768 4834 2291 4918; baseline -0.005 -20"><span class='ocrx_word' id='word_1_676' title='bbox 768 4844 843 4899; x_wconf 90' lang='lat' dir='ltr'><strong>Ita</strong></span> <span class='ocrx_word' id='word_1_677' title='bbox 870 4840 1137 4918; x_wconf 80' lang='lat' dir='ltr'><strong>sentiebat</strong></span> <span class='ocrx_word' id='word_1_678' title='bbox 1185 4849 1239 4894; x_wconf 91' lang='lat' dir='ltr'><strong>et</strong></span> <span class='ocrx_word' id='word_1_679' title='bbox 1284 4837 1609 4909; x_wconf 87' lang='lat' dir='ltr'><strong>Stephanus.</strong></span> <span class='ocrx_word' id='word_1_680' title='bbox 1651 4851 1772 4891; x_wconf 91' lang='lat' dir='ltr'><strong>euut</strong></span> <span class='ocrx_word' id='word_1_681' title='bbox 1827 4834 1954 4905; x_wconf 91' lang='lat' dir='ltr'><strong>quid</strong></span> <span class='ocrx_word' id='word_1_682' title='bbox 2002 4834 2136 4899; x_wconf 82' lang='lat' dir='ltr'><strong>ﬁeri,</strong></span> <span class='ocrx_word' id='word_1_683' title='bbox 2183 4851 2291 4891; x_wconf 90' lang='lat' dir='ltr'><strong>non</strong></span> 
     </span>
    </p>
   </div>
   <div class='ocr_carea' id='block_1_95' title="bbox 695 4927 2294 5009">
    <p class='ocr_par' dir='ltr' id='par_1_95' title="bbox 695 4927 2294 5009">
     <span class='ocr_line' id='line_1_95' title="bbox 695 4927 2294 5009; baseline -0.006 -16"><span class='ocrx_word' id='word_1_684' title='bbox 695 4937 822 5009; x_wconf 88' lang='lat' dir='ltr'><strong>quid</strong></span> <span class='ocrx_word' id='word_1_685' title='bbox 849 4935 994 4990; x_wconf 91' lang='lat' dir='ltr'><strong>credi</strong></span> <span class='ocrx_word' id='word_1_686' title='bbox 1022 4933 1263 4997; x_wconf 90' lang='lat' dir='ltr'><strong>deberet,</strong></span> <span class='ocrx_word' id='word_1_687' title='bbox 1297 4932 1651 5002; x_wconf 65' lang='lat' dir='ltr'><strong>pratciperet;</strong></span> <span class='ocrx_word' id='word_1_688' title='bbox 1685 4927 2029 4984; x_wconf 90' lang='lat' dir='ltr'><strong>traditionem</strong></span> <span class='ocrx_word' id='word_1_689' title='bbox 2060 4928 2294 4999; x_wconf 73' lang='lat' dir='ltr'><strong>antiqua:</strong></span> 
     </span>
    </p>
   </div>
   <div class='ocr_carea' id='block_1_96' title="bbox 695 5022 2294 5093">
    <p class='ocr_par' dir='ltr' id='par_1_96' title="bbox 695 5022 2294 5093">
     <span class='ocr_line' id='line_1_96' title="bbox 695 5022 2294 5093; baseline -0.007 -4"><span class='ocrx_word' id='word_1_690' title='bbox 695 5028 1101 5089; x_wconf 84' lang='lat' dir='ltr'><strong>consuetudinis</strong></span> <span class='ocrx_word' id='word_1_691' title='bbox 1144 5034 1461 5082; x_wconf 87' lang='lat' dir='ltr'><strong>ostentaret.</strong></span> <span class='ocrx_word' id='word_1_692' title='bbox 1513 5025 1587 5079; x_wconf 88' lang='lat' dir='ltr'><strong>ita</strong></span> <span class='ocrx_word' id='word_1_693' title='bbox 1614 5033 1668 5078; x_wconf 89' lang='lat' dir='ltr'><strong>et</strong></span> <span class='ocrx_word' id='word_1_694' title='bbox 1708 5024 1969 5077; x_wconf 82' lang='lat' dir='ltr'><strong>Eusebius</strong></span> <span class='ocrx_word' id='word_1_695' title='bbox 2004 5037 2166 5093; x_wconf 90' lang='lat' dir='ltr'><strong>supra</strong></span> <span class='ocrx_word' id='word_1_696' title='bbox 2192 5022 2294 5078; x_wconf 89' lang='lat' dir='ltr'><strong>de-</strong></span> 
     </span>
    </p>
   </div>
   <div class='ocr_carea' id='block_1_97' title="bbox 697 5116 2297 5197">
    <p class='ocr_par' dir='ltr' id='par_1_97' title="bbox 697 5116 2297 5197">
     <span class='ocr_line' id='line_1_97' title="bbox 697 5116 2297 5197; baseline -0.006 -15"><span class='ocrx_word' id='word_1_697' title='bbox 697 5131 950 5197; x_wconf 85' lang='lat' dir='ltr'><strong>scriptus,</strong></span> <span class='ocrx_word' id='word_1_698' title='bbox 983 5139 1146 5180; x_wconf 79' lang='lat' dir='ltr'><strong>merae</strong></span> <span class='ocrx_word' id='word_1_699' title='bbox 1172 5120 1575 5179; x_wconf 88' lang='lat' dir='ltr'><strong>consuetudinis</strong></span> <span class='ocrx_word' id='word_1_700' title='bbox 1597 5134 1825 5174; x_wconf 91' lang='lat' dir='ltr'><strong>memor.</strong></span> <span class='ocrx_word' id='word_1_701' title='bbox 1855 5117 1929 5171; x_wconf 90' lang='lat' dir='ltr'><strong>Ita</strong></span> <span class='ocrx_word' id='word_1_702' title='bbox 1957 5124 2011 5172; x_wconf 90' lang='lat' dir='ltr'><strong>et</strong></span> <span class='ocrx_word' id='word_1_703' title='bbox 2034 5116 2297 5189; x_wconf 88' lang='lat' dir='ltr'><strong>Hierony-</strong></span> 
     </span>
    </p>
   </div>
   <div class='ocr_carea' id='block_1_98' title="bbox 696 5210 2297 5289">
    <p class='ocr_par' dir='ltr' id='par_1_98' title="bbox 696 5210 2297 5289">
     <span class='ocr_line' id='line_1_98' title="bbox 696 5210 2297 5289; baseline -0.007 -12"><span class='ocrx_word' id='word_1_704' title='bbox 696 5237 819 5277; x_wconf 90' lang='lat' dir='ltr'><strong>mus</strong></span> <span class='ocrx_word' id='word_1_705' title='bbox 857 5221 1010 5289; x_wconf 86' lang='lat' dir='ltr'><strong>cujus</strong></span> <span class='ocrx_word' id='word_1_706' title='bbox 1049 5219 1251 5288; x_wconf 81' lang='lat' dir='ltr'><strong>prolixa</strong></span> <span class='ocrx_word' id='word_1_707' title='bbox 1292 5215 1602 5286; x_wconf 88' lang='lat' dir='ltr'><strong>disputatio,</strong></span> <span class='ocrx_word' id='word_1_708' title='bbox 1649 5228 1753 5267; x_wconf 90' lang='lat' dir='ltr'><strong>non</strong></span> <span class='ocrx_word' id='word_1_709' title='bbox 1784 5210 1927 5266; x_wconf 89' lang='lat' dir='ltr'><strong>aliud</strong></span> <span class='ocrx_word' id='word_1_710' title='bbox 1967 5226 2127 5282; x_wconf 83' lang='lat' dir='ltr'><strong>quam</strong></span> <span class='ocrx_word' id='word_1_711' title='bbox 2158 5212 2297 5267; x_wconf 86' lang='lat' dir='ltr'><strong>anti-</strong></span> 
     </span>
    </p>
   </div>
   <div class='ocr_carea' id='block_1_99' title="bbox 697 5306 2297 5387">
    <p class='ocr_par' dir='ltr' id='par_1_99' title="bbox 697 5306 2297 5387">
     <span class='ocr_line' id='line_1_99' title="bbox 697 5306 2297 5387; baseline -0.006 -16"><span class='ocrx_word' id='word_1_712' title='bbox 697 5331 859 5387; x_wconf 88' lang='lat' dir='ltr'><strong>quam</strong></span> <span class='ocrx_word' id='word_1_713' title='bbox 905 5324 959 5369; x_wconf 83' lang='lat' dir='ltr'><strong>et</strong></span> <span class='ocrx_word' id='word_1_714' title='bbox 1011 5313 1361 5368; x_wconf 74' lang='lat' dir='ltr'><strong>inveteratam</strong></span> <span class='ocrx_word' id='word_1_715' title='bbox 1406 5308 1849 5366; x_wconf 88' lang='lat' dir='ltr'><strong>consuetudinem</strong></span> <span class='ocrx_word' id='word_1_716' title='bbox 1892 5307 2151 5363; x_wconf 82' lang='lat' dir='ltr'><strong>venditat.</strong></span> <span class='ocrx_word' id='word_1_717' title='bbox 2222 5306 2297 5362; x_wconf 90' lang='lat' dir='ltr'><strong>Ita</strong></span> 
     </span>
    </p>
   </div>
   <div class='ocr_carea' id='block_1_100' title="bbox 691 5401 2297 5479">
    <p class='ocr_par' dir='ltr' id='par_1_100' title="bbox 691 5401 2297 5479">
     <span class='ocr_line' id='line_1_100' title="bbox 691 5401 2297 5479; baseline -0.007 -12"><span class='ocrx_word' id='word_1_718' title='bbox 691 5411 874 5467; x_wconf 78' lang='lat' dir='ltr'><strong>sensit</strong></span> <span class='ocrx_word' id='word_1_719' title='bbox 914 5422 965 5466; x_wconf 88' lang='lat' dir='ltr'><strong>et</strong></span> <span class='ocrx_word' id='word_1_720' title='bbox 993 5407 1322 5465; x_wconf 76' lang='lat' dir='ltr'><strong>Arelatensis</strong></span> <span class='ocrx_word' id='word_1_721' title='bbox 1370 5405 1610 5479; x_wconf 79' lang='lat' dir='ltr'><strong>synodus</strong></span> <span class='ocrx_word' id='word_1_722' title='bbox 1647 5417 1853 5459; x_wconf 90' lang='lat' dir='ltr'><strong>canone</strong></span> <span class='ocrx_word' id='word_1_723' title='bbox 1887 5401 1922 5455; x_wconf 83' lang='lat'>8</span> <span class='ocrx_word' id='word_1_724' title='bbox 1973 5401 2060 5457; x_wconf 88' lang='lat' dir='ltr'><strong>ubi</strong></span> <span class='ocrx_word' id='word_1_725' title='bbox 2090 5402 2249 5456; x_wconf 88' lang='lat' dir='ltr'><strong>habet</strong></span> <span class='ocrx_word' id='word_1_726' title='bbox 2282 5419 2297 5455; x_wconf 92' lang='lat'><strong>:</strong></span> 
     </span>
    </p>
   </div>
   <div class='ocr_carea' id='block_1_101' title="bbox 704 5492 2297 5572">
    <p class='ocr_par' dir='ltr' id='par_1_101' title="bbox 704 5492 2297 5572">
     <span class='ocr_line' id='line_1_101' title="bbox 704 5492 2297 5572; baseline -0.005 -17"><span class='ocrx_word' id='word_1_727' title='bbox 704 5523 725 5555; x_wconf 86' lang='grc'><em>‹</em></span> <span class='ocrx_word' id='word_1_728' title='bbox 777 5506 851 5555; x_wconf 82' lang='lat' dir='ltr'><strong>De</strong></span> <span class='ocrx_word' id='word_1_729' title='bbox 893 5502 1036 5559; x_wconf 77' lang='lat' dir='ltr'><strong>Afris</strong></span> <span class='ocrx_word' id='word_1_730' title='bbox 1074 5502 1161 5572; x_wconf 90' lang='lat' dir='ltr'><strong>qni</strong></span> <span class='ocrx_word' id='word_1_731' title='bbox 1188 5499 1535 5571; x_wconf 45' lang='lat' dir='ltr'><strong>propria‘sua</strong></span> <span class='ocrx_word' id='word_1_732' title='bbox 1565 5497 1684 5570; x_wconf 80' lang='lat' dir='ltr'><strong>lege</strong></span> <span class='ocrx_word' id='word_1_733' title='bbox 1712 5502 1931 5550; x_wconf 88' lang='lat' dir='ltr'><strong>utuntur</strong></span> <span class='ocrx_word' id='word_1_734' title='bbox 1958 5506 2016 5547; x_wconf 90' lang='lat' dir='ltr'><strong>ttt</strong></span> <span class='ocrx_word' id='word_1_735' title='bbox 2062 5492 2297 5562; x_wconf 90' lang='lat' dir='ltr'><strong>rebapti-</strong></span> 
     </span>
    </p>
   </div>
   <div class='ocr_carea' id='block_1_102' title="bbox 699 5586 2296 5661">
    <p class='ocr_par' dir='ltr' id='par_1_102' title="bbox 699 5586 2296 5661">
     <span class='ocr_line' id='line_1_102' title="bbox 699 5586 2296 5661; baseline -0.004 -15"><span class='ocrx_word' id='word_1_736' title='bbox 699 5601 843 5651; x_wconf 84' lang='lat' dir='ltr'><strong>zent.</strong></span> <span class='ocrx_word' id='word_1_737' title='bbox 886 5613 905 5645; x_wconf 84' lang='grc'>›</span> <span class='ocrx_word' id='word_1_738' title='bbox 939 5610 1037 5651; x_wconf 88' lang='lat' dir='ltr'><strong>nec</strong></span> <span class='ocrx_word' id='word_1_739' title='bbox 1067 5589 1502 5648; x_wconf 85' lang='lat' dir='ltr'><strong>contumeliosius</strong></span> <span class='ocrx_word' id='word_1_740' title='bbox 1526 5591 1821 5661; x_wconf 84' lang='lat' dir='ltr'><strong>quidquam</strong></span> <span class='ocrx_word' id='word_1_741' title='bbox 1854 5587 1906 5643; x_wconf 94' lang='lat' dir='ltr'><strong>in</strong></span> <span class='ocrx_word' id='word_1_742' title='bbox 1924 5602 2019 5642; x_wconf 87' lang='lat' dir='ltr'><strong>eos</strong></span> <span class='ocrx_word' id='word_1_743' title='bbox 2043 5586 2296 5654; x_wconf 88' lang='lat' dir='ltr'><strong>jactatttr,</strong></span> 
     </span>
    </p>
   </div>
   <div class='ocr_carea' id='block_1_103' title="bbox 2399 4643 4013 4724">
    <p class='ocr_par' dir='ltr' id='par_1_103' title="bbox 2399 4643 4013 4724">
     <span class='ocr_line' id='line_1_103' title="bbox 2399 4643 4013 4724; baseline -0.009 -12"><span class='ocrx_word' id='word_1_744' title='bbox 2399 4654 2654 4712; x_wconf 85' lang='lat' dir='ltr'><strong>Ecclesiae</strong></span> <span class='ocrx_word' id='word_1_745' title='bbox 2679 4652 2792 4724; x_wconf 90' lang='lat' dir='ltr'><strong>paci</strong></span> <span class='ocrx_word' id='word_1_746' title='bbox 2819 4663 2875 4707; x_wconf 87' lang='lat' dir='ltr'><strong>et</strong></span> <span class='ocrx_word' id='word_1_747' title='bbox 2893 4648 3279 4720; x_wconf 88' lang='lat' dir='ltr'><strong>dispensationi</strong></span> <span class='ocrx_word' id='word_1_748' title='bbox 3300 4645 3353 4701; x_wconf 90' lang='lat' dir='ltr'><strong>id</strong></span> <span class='ocrx_word' id='word_1_749' title='bbox 3376 4645 3675 4715; x_wconf 86' lang='lat' dir='ltr'><strong>obstrepat,</strong></span> <span class='ocrx_word' id='word_1_750' title='bbox 3707 4643 4013 4698; x_wconf 82' lang='lat' dir='ltr'><strong>admitten-</strong></span> 
     </span>
    </p>
   </div>
   <div class='ocr_carea' id='block_1_104' title="bbox 2399 4733 4013 4810">
    <p class='ocr_par' dir='ltr' id='par_1_104' title="bbox 2399 4733 4013 4810">
     <span class='ocr_line' id='line_1_104' title="bbox 2399 4733 4013 4810; baseline -0.009 -7"><span class='ocrx_word' id='word_1_751' title='bbox 2399 4748 2524 4804; x_wconf 91' lang='lat' dir='ltr'><strong>dum</strong></span> <span class='ocrx_word' id='word_1_752' title='bbox 2548 4755 2732 4801; x_wconf 90' lang='lat' dir='ltr'><strong>censet</strong></span> <span class='ocrx_word' id='word_1_753' title='bbox 2758 4757 2944 4799; x_wconf 86' lang='lat' dir='ltr'><strong>eorum</strong></span> <span class='ocrx_word' id='word_1_754' title='bbox 2966 4739 3238 4810; x_wconf 88' lang='lat' dir='ltr'><strong>Baptisma</strong></span> <span class='ocrx_word' id='word_1_755' title='bbox 3270 4756 3283 4792; x_wconf 92' lang='lat'>:</span> <span class='ocrx_word' id='word_1_756' title='bbox 3317 4751 3497 4792; x_wconf 89' lang='lat' dir='ltr'><strong>nonne</strong></span> <span class='ocrx_word' id='word_1_757' title='bbox 3525 4736 3638 4790; x_wconf 72' lang='lat' dir='ltr'><strong>lucc</strong></span> <span class='ocrx_word' id='word_1_758' title='bbox 3666 4735 3780 4805; x_wconf 89' lang='lat' dir='ltr'><strong>ipsa</strong></span> <span class='ocrx_word' id='word_1_759' title='bbox 3815 4744 3897 4789; x_wconf 92' lang='lat' dir='ltr'><strong>est</strong></span> <span class='ocrx_word' id='word_1_760' title='bbox 3913 4733 4013 4789; x_wconf 82' lang='lat' dir='ltr'><strong>di-</strong></span> 
     </span>
    </p>
   </div>
   <div class='ocr_carea' id='block_1_105' title="bbox 2398 4827 4015 4913">
    <p class='ocr_par' dir='ltr' id='par_1_105' title="bbox 2398 4827 4015 4913">
     <span class='ocr_line' id='line_1_105' title="bbox 2398 4827 4015 4913; baseline -0.008 -17"><span class='ocrx_word' id='word_1_761' title='bbox 2398 4840 2637 4913; x_wconf 76' lang='lat' dir='ltr'><strong>sciplinzc</strong></span> <span class='ocrx_word' id='word_1_762' title='bbox 2677 4834 3042 4893; x_wconf 86' lang='lat' dir='ltr'><strong>versatilitas?</strong></span> <span class='ocrx_word' id='word_1_763' title='bbox 3095 4832 3173 4887; x_wconf 81' lang='lat' dir='ltr'><strong>Ad</strong></span> <span class='ocrx_word' id='word_1_764' title='bbox 3216 4846 3408 4886; x_wconf 86' lang='lat' dir='ltr'><strong>novam</strong></span> <span class='ocrx_word' id='word_1_765' title='bbox 3447 4827 3716 4902; x_wconf 85' lang='lat' dir='ltr'><strong>synodum</strong></span> <span class='ocrx_word' id='word_1_766' title='bbox 3762 4827 4015 4897; x_wconf 79' lang='lat' dir='ltr'><strong>suspirat</strong></span> 
     </span>
    </p>
   </div>
   <div class='ocr_carea' id='block_1_106' title="bbox 2396 4920 4016 5004">
    <p class='ocr_par' dir='ltr' id='par_1_106' title="bbox 2396 4920 4016 5004">
     <span class='ocr_line' id='line_1_106' title="bbox 2396 4920 4016 5004; baseline -0.007 -18"><span class='ocrx_word' id='word_1_767' title='bbox 2396 4948 2517 5004; x_wconf 39' lang='lat' dir='ltr'><strong>quas</strong></span> <span class='ocrx_word' id='word_1_768' title='bbox 2551 4930 2709 4985; x_wconf 90' lang='lat' dir='ltr'><strong>dubia</strong></span> <span class='ocrx_word' id='word_1_769' title='bbox 2748 4929 2839 4984; x_wconf 90' lang='lat' dir='ltr'><strong>illa</strong></span> <span class='ocrx_word' id='word_1_770' title='bbox 2881 4925 3059 4981; x_wconf 90' lang='lat' dir='ltr'><strong>omnia</strong></span> <span class='ocrx_word' id='word_1_771' title='bbox 3114 4924 3352 4980; x_wconf 88' lang='lat' dir='ltr'><strong>enttbilet</strong></span> <span class='ocrx_word' id='word_1_772' title='bbox 3380 4940 3394 4976; x_wconf 87' lang='lat'><strong>:</strong></span> <span class='ocrx_word' id='word_1_773' title='bbox 3426 4922 3517 4976; x_wconf 76' lang='lat' dir='ltr'><strong>vix</strong></span> <span class='ocrx_word' id='word_1_774' title='bbox 3557 4935 3686 4991; x_wconf 83' lang='lat' dir='ltr'><strong>ergo</strong></span> <span class='ocrx_word' id='word_1_775' title='bbox 3712 4920 4016 4975; x_wconf 75' lang='lat' dir='ltr'><strong>decantata</strong></span> 
     </span>
    </p>
   </div>
   <div class='ocr_carea' id='block_1_107' title="bbox 2394 5012 4019 5095">
    <p class='ocr_par' dir='ltr' id='par_1_107' title="bbox 2394 5012 4019 5095">
     <span class='ocr_line' id='line_1_107' title="bbox 2394 5012 4019 5095; baseline -0.008 -14"><span class='ocrx_word' id='word_1_776' title='bbox 2394 5025 2490 5081; x_wconf 88' lang='lat' dir='ltr'><strong>illo</strong></span> <span class='ocrx_word' id='word_1_777' title='bbox 2529 5022 2669 5095; x_wconf 91' lang='lat' dir='ltr'><strong>apud</strong></span> <span class='ocrx_word' id='word_1_778' title='bbox 2711 5021 3067 5093; x_wconf 80' lang='lat' dir='ltr'><strong>Augustinum</strong></span> <span class='ocrx_word' id='word_1_779' title='bbox 3111 5017 3355 5088; x_wconf 87' lang='lat' dir='ltr'><strong>pleuario</strong></span> <span class='ocrx_word' id='word_1_780' title='bbox 3399 5013 3630 5069; x_wconf 91' lang='lat' dir='ltr'><strong>concilio</strong></span> <span class='ocrx_word' id='word_1_781' title='bbox 3677 5012 3851 5084; x_wconf 82' lang='lat' dir='ltr'><strong>sopita</strong></span> <span class='ocrx_word' id='word_1_782' title='bbox 3878 5024 4019 5069; x_wconf 81' lang='lat' dir='ltr'><strong>erat</strong></span> 
     </span>
    </p>
   </div>
   <div class='ocr_carea' id='block_1_108' title="bbox 2400 5105 4021 5178">
    <p class='ocr_par' dir='ltr' id='par_1_108' title="bbox 2400 5105 4021 5178">
     <span class='ocr_line' id='line_1_108' title="bbox 2400 5105 4021 5178; baseline -0.005 -7"><span class='ocrx_word' id='word_1_783' title='bbox 2400 5116 2574 5171; x_wconf 78' lang='lat' dir='ltr'><strong>omnis</strong></span> <span class='ocrx_word' id='word_1_784' title='bbox 2602 5113 2992 5170; x_wconf 85' lang='lat' dir='ltr'><strong>controversia.</strong></span> <span class='ocrx_word' id='word_1_785' title='bbox 3034 5111 3110 5166; x_wconf 89' lang='lat' dir='ltr'><strong>Ita</strong></span> <span class='ocrx_word' id='word_1_786' title='bbox 3141 5108 3209 5165; x_wconf 91' lang='lat' dir='ltr'><strong>de</strong></span> <span class='ocrx_word' id='word_1_787' title='bbox 3236 5108 3511 5178; x_wconf 77' lang='lat' dir='ltr'><strong>Baptisma</strong></span> <span class='ocrx_word' id='word_1_788' title='bbox 3540 5105 3856 5176; x_wconf 81' lang='lat' dir='ltr'><strong>disceptatio</strong></span> <span class='ocrx_word' id='word_1_789' title='bbox 3878 5115 4021 5174; x_wconf 83' lang='lat' dir='ltr'><strong>post</strong></span> 
     </span>
    </p>
   </div>
   <div class='ocr_carea' id='block_1_109' title="bbox 2403 5197 4020 5275">
    <p class='ocr_par' dir='ltr' id='par_1_109' title="bbox 2403 5197 4020 5275">
     <span class='ocr_line' id='line_1_109' title="bbox 2403 5197 4020 5275; baseline -0.009 -7"><span class='ocrx_word' id='word_1_790' title='bbox 2403 5209 2794 5271; x_wconf 77' lang='lat' dir='ltr'><strong>Arelatensem,</strong></span> <span class='ocrx_word' id='word_1_791' title='bbox 2828 5213 2947 5275; x_wconf 90' lang='lat' dir='ltr'><strong>post</strong></span> <span class='ocrx_word' id='word_1_792' title='bbox 2987 5203 3257 5258; x_wconf 70' lang='lat' dir='ltr'><strong>Nictenam</strong></span> <span class='ocrx_word' id='word_1_793' title='bbox 3287 5199 3575 5273; x_wconf 89' lang='lat' dir='ltr'><strong>synodum,</strong></span> <span class='ocrx_word' id='word_1_794' title='bbox 3603 5198 3692 5253; x_wconf 81' lang='lat' dir='ltr'><strong>vix</strong></span> <span class='ocrx_word' id='word_1_795' title='bbox 3725 5197 3855 5251; x_wconf 85' lang='lat' dir='ltr'><strong>satis</strong></span> <span class='ocrx_word' id='word_1_796' title='bbox 3878 5197 4020 5255; x_wconf 82' lang='lat' dir='ltr'><strong>elu-</strong></span> 
     </span>
    </p>
   </div>
   <div class='ocr_carea' id='block_1_110' title="bbox 2402 5293 4021 5364">
    <p class='ocr_par' dir='ltr' id='par_1_110' title="bbox 2402 5293 4021 5364">
     <span class='ocr_line' id='line_1_110' title="bbox 2402 5293 4021 5364; baseline -0.015 -4"><span class='ocrx_word' id='word_1_797' title='bbox 2402 5302 2574 5360; x_wconf 89' lang='lat' dir='ltr'><strong>cidata</strong></span> <span class='ocrx_word' id='word_1_798' title='bbox 2602 5300 2882 5357; x_wconf 86' lang='lat' dir='ltr'><strong>videbatur</strong></span> <span class='ocrx_word' id='word_1_799' title='bbox 2903 5297 3125 5364; x_wconf 87' lang='lat' dir='ltr'><strong>Basilio,</strong></span> <span class='ocrx_word' id='word_1_800' title='bbox 3176 5310 3311 5350; x_wconf 88' lang='lat' dir='ltr'><strong>nova</strong></span> <span class='ocrx_word' id='word_1_801' title='bbox 3342 5294 3421 5349; x_wconf 92' lang='lat' dir='ltr'><strong>illi</strong></span> <span class='ocrx_word' id='word_1_802' title='bbox 3446 5294 3498 5348; x_wconf 91' lang='lat' dir='ltr'><strong>in</strong></span> <span class='ocrx_word' id='word_1_803' title='bbox 3531 5293 3668 5347; x_wconf 87' lang='lat' dir='ltr'><strong>votis</strong></span> <span class='ocrx_word' id='word_1_804' title='bbox 3692 5300 3808 5346; x_wconf 84' lang='lat' dir='ltr'><strong>erat</strong></span> <span class='ocrx_word' id='word_1_805' title='bbox 3834 5306 4021 5360; x_wconf 82' lang='lat' dir='ltr'><strong>syno-</strong></span> 
     </span>
    </p>
   </div>
   <div class='ocr_carea' id='block_1_111' title="bbox 2401 5390 4024 5465">
    <p class='ocr_par' dir='ltr' id='par_1_111' title="bbox 2401 5390 4024 5465">
     <span class='ocr_line' id='line_1_111' title="bbox 2401 5390 4024 5465; baseline -0.006 -10"><span class='ocrx_word' id='word_1_806' title='bbox 2401 5400 2502 5455; x_wconf 92' lang='lat' dir='ltr'><strong>dus</strong></span> <span class='ocrx_word' id='word_1_807' title='bbox 2522 5440 2537 5465; x_wconf 89' lang='lat'><strong>,</strong></span> <span class='ocrx_word' id='word_1_808' title='bbox 2569 5413 2751 5453; x_wconf 90' lang='lat' dir='ltr'><strong>rursus</strong></span> <span class='ocrx_word' id='word_1_809' title='bbox 2779 5410 2842 5449; x_wconf 90' lang='lat' dir='ltr'><strong>ca</strong></span> <span class='ocrx_word' id='word_1_810' title='bbox 2872 5395 2939 5451; x_wconf 91' lang='lat' dir='ltr'><strong>de</strong></span> <span class='ocrx_word' id='word_1_811' title='bbox 2964 5409 3022 5449; x_wconf 91' lang='lat' dir='ltr'><strong>re</strong></span> <span class='ocrx_word' id='word_1_812' title='bbox 3060 5392 3354 5449; x_wconf 82' lang='lat' dir='ltr'><strong>secundum</strong></span> <span class='ocrx_word' id='word_1_813' title='bbox 3400 5390 3794 5447; x_wconf 75' lang='lat' dir='ltr'><strong>tecumenicutn</strong></span> <span class='ocrx_word' id='word_1_814' title='bbox 3816 5393 4024 5447; x_wconf 81' lang='lat' dir='ltr'><strong>conci-</strong></span> 
     </span>
    </p>
   </div>
   <div class='ocr_carea' id='block_1_112' title="bbox 2404 5481 4019 5559">
    <p class='ocr_par' dir='ltr' id='par_1_112' title="bbox 2404 5481 4019 5559">
     <span class='ocr_line' id='line_1_112' title="bbox 2404 5481 4019 5559; baseline -0.012 -11"><span class='ocrx_word' id='word_1_815' title='bbox 2404 5493 2536 5548; x_wconf 92' lang='lat' dir='ltr'><strong>lium</strong></span> <span class='ocrx_word' id='word_1_816' title='bbox 2561 5490 2735 5546; x_wconf 82' lang='lat' dir='ltr'><strong>sauxit</strong></span> <span class='ocrx_word' id='word_1_817' title='bbox 2776 5487 2903 5559; x_wconf 91' lang='lat' dir='ltr'><strong>quid</strong></span> <span class='ocrx_word' id='word_1_818' title='bbox 2928 5486 3261 5556; x_wconf 88' lang='lat' dir='ltr'><strong>sequendum</strong></span> <span class='ocrx_word' id='word_1_819' title='bbox 3287 5494 3454 5540; x_wconf 89' lang='lat' dir='ltr'><strong>esset.</strong></span> <span class='ocrx_word' id='word_1_820' title='bbox 3508 5484 3585 5538; x_wconf 86' lang='lat' dir='ltr'><strong>Ita</strong></span> <span class='ocrx_word' id='word_1_821' title='bbox 3613 5493 3732 5553; x_wconf 91' lang='lat' dir='ltr'><strong>post</strong></span> <span class='ocrx_word' id='word_1_822' title='bbox 3761 5481 4019 5552; x_wconf 76' lang='lat' dir='ltr'><strong>Stepha-</strong></span> 
     </span>
    </p>
   </div>
   <div class='ocr_carea' id='block_1_113' title="bbox 2403 5574 4021 5655">
    <p class='ocr_par' dir='ltr' id='par_1_113' title="bbox 2403 5574 4021 5655">
     <span class='ocr_line' id='line_1_113' title="bbox 2403 5574 4021 5655; baseline -0.007 -14"><span class='ocrx_word' id='word_1_823' title='bbox 2403 5586 2457 5642; x_wconf 91' lang='lat' dir='ltr'><strong>ni</strong></span> <span class='ocrx_word' id='word_1_824' title='bbox 2509 5599 2693 5655; x_wconf 65' lang='lat' dir='ltr'><strong>papae,</strong></span> <span class='ocrx_word' id='word_1_825' title='bbox 2762 5590 2882 5651; x_wconf 64' lang='lat' dir='ltr'><strong>post</strong></span> <span class='ocrx_word' id='word_1_826' title='bbox 2924 5578 3256 5636; x_wconf 82' lang='lat' dir='ltr'><strong>Arelatensis</strong></span> <span class='ocrx_word' id='word_1_827' title='bbox 3299 5587 3351 5633; x_wconf 91' lang='lat' dir='ltr'><strong>et</strong></span> <span class='ocrx_word' id='word_1_828' title='bbox 3387 5574 3620 5631; x_wconf 63' lang='lat' dir='ltr'><strong>Nicaeum</strong></span> <span class='ocrx_word' id='word_1_829' title='bbox 3662 5574 4021 5646; x_wconf 79' lang='lat' dir='ltr'><strong>synodon</strong></span> 
     </span>
    </p>
   </div>
   <div class='ocr_carea' id='block_1_114' title="bbox 693 5669 4025 5753">
    <p class='ocr_par' dir='ltr' id='par_1_114' title="bbox 693 5669 4025 5753">
     <span class='ocr_line' id='line_1_114' title="bbox 693 5669 4025 5753; baseline -0.007 -8"><span class='ocrx_word' id='word_1_830' title='bbox 693 5683 779 5735; x_wconf 62' lang='lat' dir='ltr'><strong>vel</strong></span> <span class='ocrx_word' id='word_1_831' title='bbox 809 5684 859 5735; x_wconf 70' lang='lat' dir='ltr'><strong>in</strong></span> <span class='ocrx_word' id='word_1_832' title='bbox 897 5701 1087 5745; x_wconf 87' lang='lat' dir='ltr'><strong>eorum</strong></span> <span class='ocrx_word' id='word_1_833' title='bbox 1132 5701 1392 5741; x_wconf 84' lang='lat' dir='ltr'><strong>errorem.</strong></span> <span class='ocrx_word' id='word_1_834' title='bbox 1456 5678 1511 5732; x_wconf 90' lang='lat' dir='ltr'><strong>Si</strong></span> <span class='ocrx_word' id='word_1_835' title='bbox 1553 5694 1710 5753; x_wconf 79' lang='lat' dir='ltr'><strong>enim</strong></span> <span class='ocrx_word' id='word_1_836' title='bbox 1753 5681 2039 5737; x_wconf 89' lang='lat' dir='ltr'><strong>adversum</strong></span> <span class='ocrx_word' id='word_1_837' title='bbox 2081 5677 2204 5735; x_wconf 84' lang='lat' dir='ltr'><strong>lidei</strong></span> <span class='ocrx_word' id='word_1_838' title='bbox 2247 5680 2304 5738; x_wconf 90' lang='lat' dir='ltr'><strong>id</strong></span> <span class='ocrx_word' id='word_1_839' title='bbox 2344 5692 2347 5697; x_wconf 83' lang='lat'><em>‘</em></span> <span class='ocrx_word' id='word_1_840' title='bbox 2408 5679 2733 5743; x_wconf 88' lang='lat' dir='ltr'><strong>sanctiones,</strong></span> <span class='ocrx_word' id='word_1_841' title='bbox 2763 5675 2991 5752; x_wconf 74' lang='lat' dir='ltr'><strong>Basilius</strong></span> <span class='ocrx_word' id='word_1_842' title='bbox 3012 5687 3204 5728; x_wconf 89' lang='lat' dir='ltr'><strong>novam</strong></span> <span class='ocrx_word' id='word_1_843' title='bbox 3231 5669 3494 5743; x_wconf 79' lang='lat' dir='ltr'><strong>synodum</strong></span> <span class='ocrx_word' id='word_1_844' title='bbox 3511 5670 3817 5739; x_wconf 76' lang='lat' dir='ltr'><strong>expetebat,</strong></span> <span class='ocrx_word' id='word_1_845' title='bbox 3847 5678 4025 5741; x_wconf 82' lang='lat' dir='ltr'><strong>utpo.</strong></span> 
     </span>
    </p>
   </div>
   <div class='ocr_carea' id='block_1_115' title="bbox 682 5769 2306 5856">
    <p class='ocr_par' dir='ltr' id='par_1_115' title="bbox 682 5769 2306 5856">
     <span class='ocr_line' id='line_1_115' title="bbox 682 5769 2306 5856; baseline 0.007 -37"><span class='ocrx_word' id='word_1_846' title='bbox 682 5769 858 5823; x_wconf 81' lang='lat' dir='ltr'><strong>visum</strong></span> <span class='ocrx_word' id='word_1_847' title='bbox 890 5790 1059 5846; x_wconf 66' lang='lat' dir='ltr'><strong>esset,</strong></span> <span class='ocrx_word' id='word_1_848' title='bbox 1096 5777 1295 5845; x_wconf 84' lang='lat' dir='ltr'><strong>utquid</strong></span> <span class='ocrx_word' id='word_1_849' title='bbox 1317 5780 1604 5843; x_wconf 61' lang='lat' dir='ltr'><strong>vocaretur</strong></span> <span class='ocrx_word' id='word_1_850' title='bbox 1626 5781 1753 5856; x_wconf 64' lang='lat' dir='ltr'><strong>igta</strong></span> <span class='ocrx_word' id='word_1_851' title='bbox 1791 5788 1900 5831; x_wconf 88' lang='lat' dir='ltr'><strong>non</strong></span> <span class='ocrx_word' id='word_1_852' title='bbox 1931 5770 2161 5838; x_wconf 82' lang='lat' dir='ltr'><strong>insania,</strong></span> <span class='ocrx_word' id='word_1_853' title='bbox 2194 5790 2306 5835; x_wconf 90' lang='lat' dir='ltr'><strong>non</strong></span> 
     </span>
    </p>
   </div>
   <div class='ocr_carea' id='block_1_116' title="bbox 2407 5762 4018 5840">
    <p class='ocr_par' dir='ltr' id='par_1_116' title="bbox 2407 5762 4018 5840">
     <span class='ocr_line' id='line_1_116' title="bbox 2407 5762 4018 5840; baseline -0.004 -12"><span class='ocrx_word' id='word_1_854' title='bbox 2407 5780 2461 5828; x_wconf 86' lang='lat' dir='ltr'><strong>te</strong></span> <span class='ocrx_word' id='word_1_855' title='bbox 2498 5772 2550 5827; x_wconf 92' lang='lat' dir='ltr'><strong>in</strong></span> <span class='ocrx_word' id='word_1_856' title='bbox 2579 5787 2639 5827; x_wconf 91' lang='lat' dir='ltr'><strong>re</strong></span> <span class='ocrx_word' id='word_1_857' title='bbox 2668 5770 2734 5828; x_wconf 87' lang='lat' dir='ltr'><strong>ad</strong></span> <span class='ocrx_word' id='word_1_858' title='bbox 2758 5767 3113 5840; x_wconf 88' lang='lat' dir='ltr'><strong>disciplinam,</strong></span> <span class='ocrx_word' id='word_1_859' title='bbox 3150 5781 3256 5822; x_wconf 90' lang='lat' dir='ltr'><strong>non</strong></span> <span class='ocrx_word' id='word_1_860' title='bbox 3284 5765 3349 5821; x_wconf 91' lang='lat' dir='ltr'><strong>ad</strong></span> <span class='ocrx_word' id='word_1_861' title='bbox 3373 5762 3534 5820; x_wconf 84' lang='lat' dir='ltr'><strong>ﬁdem</strong></span> <span class='ocrx_word' id='word_1_862' title='bbox 3561 5772 3674 5820; x_wconf 91' lang='lat' dir='ltr'><strong>tum</strong></span> <span class='ocrx_word' id='word_1_863' title='bbox 3698 5771 4018 5833; x_wconf 79' lang='lat' dir='ltr'><strong>spectante.</strong></span> 
     </span>
    </p>
   </div>
  </div>
