4262 6236
339 287 475 342 1'2“

335 405 455 460 Etsi
501 402 633 459 alias
683 398 998 471 quandoque
1041 396 1336 468 disciplinae
1380 405 1434 450 et
1481 390 1928 448 consuetudinum
1961 401 2009 460 Α

332 499 538 568 capita,
555 497 618 550 ad
637 494 887 565 Baptismi
911 493 1112 548 scilicet
1134 492 1220 548 vel
1235 491 1700 546 Sacrameutorum
1721 485 1933 555 Spirita-

338 591 421 647 les
453 605 644 645 causas
683 587 980 646 attinentia,
1027 584 1092 639 ad
1135 583 1292 639 Iidem
1347 580 1647 646 trahantur,
1693 585 1751 630 ut
1800 575 1934 630 iulra

338 686 680 742 monebimus
705 683 925 738 dissert.
952 681 1110 751 hujus
1142 696 1290 734 num.
1314 677 1414 732 ult.

760 817 1001 875 XXXIX.
1042 834 1110 873 ex
1149 830 1525 873 AMPHILOCHIO.

412 958 487 1012 Ita
513 956 778 1012 sentiebat
801 954 866 1009 et"
886 952 1293 1023 Amphilochius
1322 951 1410 1020 qui
1441 950 1492 1004 in
1518 949 1936 1003 Novatianorum

339 1052 614 1123 Baptismo
668 1051 912 1105 iterando
947 1049 1026 1104 vel
1078 1063 1184 1102 non
1234 1046 1498 1110 iterando,
1540 1061 1650 1100 sua:
1679 1044 1939 1114 cujnSque

340 1146 584 1202 moribus
646 1142 900 1198 Ecclesiae
952 1139 1294 1197 serviendum
1359 1153 1478 1193 esse
1541 1137 1834 1199 censebat;
1883 1144 1940 1190 ut

339 1248 568 1294 testatur
626 1235 851 1290 Basilius
902 1249 951 1288 c.
1012 1234 1059 1294 l,
1107 1247 1193 1303 ep.
1248 1231 1313 1285 ad
1365 1230 1613 1286 eumdem
1678 1231 1936 1298 scriptas:

348 1352 368 1385 ι
404 1333 722 1402 ριιωὶιίιψιθ
751 1328 815 1383 ad
831 1329 1088 1384 Catharos
1107 1329 1391 1397 pertinent,
1416 1337 1562 1381 recte
1589 1324 1934 1390 admonuisti,

351 1425 493 1496 quod
525 1433 733 1494 oportet
752 1420 1166 1491 uniuscujusque
1193 1419 1429 1489 regionis
1457 1427 1682 1473 mortem
1715 1419 1886 1488 sequi.
1913 1436 1931 1468 ι

342 1517 474 1586 Quae
497 1517 567 1571 ita
605 1517 984 1585 interpretatur
1018 1514 1298 1568 Balsamon
1327 1531 1341 1567 :
1376 1532 1395 1564 (
1429 1513 1510 1566 An
1542 1520 1785 1582 oporteat
1813 1510 1940 1580 bap-

341 1612 499 1667 tizari
551 1610 914 1675 Novatianos,
961 1608 1186 1662 diversae
1233 1608 1512 1662 sententiae
1563 1614 1940 1675 processerunt

343 1703 792 1777 quemadmodum
846 1713 900 1757 tu
945 1702 1290 1768 admonuisti,
1330 1709 1382 1756 et
1417 1701 1614 1771 placuit
1646 1700 1796 1770 sequi
1824 1713 1942 1754 mo-

343 1815 458 1855 rem
485 1796 902 1868 uniuscujusque
929 1795 1184 1864 regionis.
1208 1813 1226 1846 ι

853 1933 962 1989 XL.
1015 1949 1086 1988 ex
1117 1947 1432 1989 ATHANASIO.

420 2075 492 2129 Ita
516 2073 780 2128 sentiebat
828 2083 881 2126 et
938 2072 1286 2138 Athanasius,
1326 2072 1479 2140 cujus
1525 2082 1666 2127 orat.
1719 2074 1772 2128 5.
1819 2073 1937 2126 adv.

349 2170 566 2223 Arianos
599 2168 715 2222 hinc
762 2176 888 2222 sunt
916 2168 1119 2223 verba:
1159 2186 1177 2217 ι
1211 2166 1265 2222 Si
1300 2168 1350 2221 in
1395 2167 1611 2221 nomine
1668 2167 1844 2221 Patris
1890 2175 1944 2222 et

351 2263 473 2318 Filii
503 2263 659 2317 datur
681 2260 1040 2333 perfectitudo
1073 2261 1354 2332 Baptismi,
1383 2261 1644 2331 plenaque
1670 2259 1898 2314 initiatio
1927 2278 1940 2314 :

355 2355 569 2410 Patrem
606 2365 782 2409 autem
829 2369 1015 2408 verum
1070 2354 1252 2408 Ariani
1302 2368 1405 2407 non
1455 2353 1830 2422 pronunciant,
1880 2367 1947 2406 eo

356 2449 500 2521 quod
530 2460 723 2519 negeut
763 2448 962 2518 aliquid
993 2436 1058 2502 ex
1102 2449 1218 2517 ipso
1261 2447 1493 2500 existere
1540 2456 1594 2502 et
1620 2446 1796 2500 simile
1826 2459 1948 2500 esse

359 2543 504 2598 illius
550 2543 861 2596 substantiae
909 2559 922 2596 :
969 2542 1173 2612 Negant
1228 2556 1441 2611 quoque
1493 2556 1676 2594 verum
1729 2539 1947 2608 Filium,

356 2636 630 2707 aliumque
672 2651 737 2690 ex
779 2652 883 2690 non
937 2636 1152 2689 entibus
1188 2634 1460 2688 conditum
1515 2633 1614 2687 sibi
1663 2633 1948 2688 commini-

358 2741 570 2786 scentes
599 2730 651 2784 in
680 2730 1005 2800 Baptismate
1049 2729 1363 2800 proferunt;
1405 2727 1517 2798 qui,
1551 2741 1755 2795 quwso,
1790 2726 1951 2795 igitur

359 2838 466 2878 non
497 2825 653 2894 plane
681 2839 875 2877 vanum
914 2839 978 2878 ac
1009 2823 1194 2877 inutile
1219 2821 1380 2877 fuerit
1413 2822 1682 2890 Baptisma
1713 2821 1854 2892 quod
1884 2821 1951 2875 ab

361 2915 469 2971 illis
503 2915 678 2981 datur,
711 2931 832 2970 cum
865 2917 915 2970 id
950 2915 1160 2969 nonnisi
1191 2917 1398 2984 species
1427 2916 1497 2968 sit
1525 2926 1576 2968 et
1605 2915 1763 2968 inane
1788 2915 1954 2969 simu-

359 3009 638 3065 lachrum?
662 3010 778 3065 Non
807 3011 949 3065 enim
981 3012 1032 3064 in
1059 3010 1213 3065 Patre
1234 3021 1285 3064 et
1312 3009 1448 3064 Filio
1479 3010 1718 3064 tribtmnt
1747 3009 1958 3081 Baptis-

361 3123 448 3162 ma
475 3108 683 3174 Ariani,
707 3108 802 3162 sed
827 3109 878 3162 in
909 3107 1166 3162 Creatore
1195 3115 1250 3160 et
1279 3116 1548 3169 creatura,
1569 3106 1619 3160 iu
1645 3105 1874 3160 Factore
1900 3115 1955 3161 et

362 3200 584 3256 factura.
649 3200 800 3257 Sicut
828 3201 989 3272 igitur
1027 3211 1270 3257 creatura
1313 3200 1585 3256 diversum
1638 3200 1764 3270 quid
1812 3211 1895 3253 est
1923 3214 1952 3252 a
1982 3209 2026 3274 ρ

363 3293 520 3357 Filio,
561 3294 631 3348 ita
659 3293 928 3348 diversum
955 3293 1080 3365 quid
1112 3309 1141 3347 a
1165 3308 1292 3348 vero
1321 3293 1648 3362 Baptismate
1674 3301 1777 3356 est,
1810 3291 1952 3363 quod

360 3388 433 3443 ab
478 3389 580 3442 illis
620 3389 956 3444 existimatur
1005 3388 1153 3453 dari;
1213 3388 1424 3442 tametsi
1471 3402 1664 3442 nomen
1702 3386 1875 3440 Patris
1901 3395 1956 3440 et

359 3484 507 3547 Filii,
557 3487 808 3554 quoniam
843 3484 930 3538 illa
960 3485 1010 3538 iu
1043 3482 1335 3553 Scripturis
1373 3482 1588 3546 vident,
1618 3482 1872 3536 simulent
1896 3495 1956 3535 se

359 3578 664 3634 nominare.
694 3597 712 3629 ι
734 3579 790 3631 El
827 3577 960 3632 inira
982 3595 993 3629 :
1020 3595 1038 3628 ι
1060 3578 1215 3632 Certe
1239 3577 1354 3630 alite
1379 3577 1537 3630 etiam
1563 3574 1821 3640 hereses,
1845 3589 1954 3629 eteo

359 3688 469 3743 que
504 3686 728 3726 numero
775 3687 880 3725 non
911 3686 1114 3741 pauc-te,
1157 3671 1373 3725 nomine
1420 3680 1574 3724 tenus
1600 3670 1761 3723 ritum
1793 3669 1954 3723 istum

361 3766 747 3836 pronuntiant,
782 3765 875 3820 sed
906 3780 1009 3818 non
1039 3773 1185 3820 recte
1216 3765 1528 3822 sentientes,
1564 3777 1738 3832 neque
1770 3776 1954 3814 Sanam

360 3859 524 3915 ﬁdem
545 3860 860 3924 retinentes,
896 3859 1132 3912 inutilem
1166 3857 1441 3926 possident
1465 3870 1680 3925 aquam,
1703 3853 1954 3907 llimll'lllll
1985 3916 1987 3918 η

364 3953 569 4007 lumine
614 3961 668 4006 et
697 3952 952 4022 religione
998 3951 1328 4005 destitutam.
1384 3946 1535 4001 Adeo
1565 3957 1619 3999 ut
1646 3946 1733 4016 qui
1764 3945 1830 3999 ab
1854 3944 1958 3998 illis

362 4053 739 4114 asperguntur,
772 4043 1082 4098 sordescant
1106 4044 1278 4112 potius
1301 4055 1460 4109 prava
1493 4039 1768 4109 religione,
1801 4051 1957 4106 quam

364 4139 719 4194 redimantur.
769 4158 788 4188 ›
840 4137 962 4192 llaec
1019 4138 1100 4191 vir
1168 4133 1649 4190 iuwminatissima‘:
1714 4131 1833 4185 Iidci
1893 4129 1960 4185 de

366 4232 642 4301 Baptismo
689 4231 1062 4285 haereticorum
1103 4239 1156 4284 et
1199 4239 1515 4282 cieterarum
1550 4224 1837 4285 Ineresum,
1885 4233 1959 4276 ta-

369 4323 529 4378 metsi
581 4323 916 4376 invocatione
958 4319 1234 4374 Trinitatis
1273 4319 1612 4373 conferretur
1663 4335 1675 4369 :
1715 4315 1853 4369 Audi
1908 4323 1962 4368 et

369 4415 496 4486 quid
533 4432 653 4470 mox
673 4415 942 4484 subjiciat.
983 4432 1001 4465 r
1038 4413 1223 4468 Itidem
1253 4427 1464 4482 quoque
1492 4420 1544 4464 et
1570 4408 1870 4472 Mauichari,
1898 4422 1961 4461 ac

369 4511 642 4582 Phryges,
683 4525 745 4564 ac
793 4509 1036 4578 discipuli
1094 4507 1522 4568 Samosatensis,
1568 4504 1784 4559 nomina
1850 4503 1960 4572 ipsa

1198 278 1262 334 IN
1304 271 1643 339 SYNODOS,
1677 270 1765 326 DE
1795 264 2140 325 BAPTISMO
2180 260 2723 320 IIERETICORUM.

1967 1809 2016 1868 B

3492 238 3634 303 I249.

2560 379 2695 435 XLI.
2726 393 2792 434 nx
2825 390 3122 433 EPIPBANIO.

2112 521 2185 578 Ila
2214 519 2481 574 sentiebat
2509 525 2566 572 et
2597 513 2927 585 Epiphanius
2953 511 3108 580 cujus
3124 503 3514 562 adscribendus
3543 502 3632 559 hic

2039 625 2120 670 est
2143 615 2290 668 locus
2315 611 2536 665 illustris
2563 610 2614 663 in
2644 607 2859 675 cxposit.
2892 607 2985 674 ﬁd.
3032 601 3206 667 Cath.,
3235 617 3292 655 n.
3330 599 3398 654 15
3427 616 3441 654 :
3481 615 3499 650 ι
3525 595 3632 652 Alii

2039 710 2129 781 qui
2160 703 2769 775 audaciores'videutur
2811 716 2877 756 ex
2904 697 3305 753 Catltolicorum
3362 689 3626 763 partibus,

2041 800 2250 870 priVata
2297 796 2400 854 sibi
2434 796 2665 850 factione
2705 799 2948 848 constata
2981 798 3177 858 przeter
3208 783 3462 841 Ecclesiae
3499 796 3631 838 con-

2043 894 2403 958 suetudinem,
2434 907 2495 945 ac
2521 889 2656 945 citra
2683 887 2895 944 concilii
2927 883 3196 956 generalis
3216 881 3517 943 decretum,
3539 888 3636 930 eos

2044 994 2132 1064 qui
2164 991 2231 1045 ab
2260 990 2472 1044 Arianis
2497 987 2562 1041 ad
2607 999 2734 1040 suas
2765 993 2942 1052 partes
2977 989 3275 1038 transeunt,
3309 977 3503 1031 iterum
3534 972 3634 1029 ba-

2043 1085 2242 1156 ptizare
2273 1081 2401 1136 nihil
2433 1088 2717 1142 verentur;
2749 1090 2870 1130 cum
2904 1072 3141 1126 nondum
3172 1086 3235 1125 ea
3265 1085 3372 1131 res.
3407 1075 3466 1122 ut
3494 1065 3626 1130 dixi,

2044 1177 2364 1234 universalis
2395 1173 2585 1246 synodi
2609 1170 2814 1239 judicio
2842 1168 3019 1223 decisa
3047 1167 3148 1228 sit;
3177 1163 3320 1235 quod
3342 1160 3516 1216 adhuc
3539 1175 3628 1230 po-

2043 1273 2150 1342 puli
2178 1269 2478 1340 promiscue
2504 1265 2569 1320 ad
2599 1263 2918 1319 hodiernum
2949 1276 3116 1332 usque
3143 1259 3284 1314 dictu
3313 1257 3633 1311 habeantur.

2041 1368 2185 1422 Inter
2214 1380 2349 1435 quos
2379 1363 2530 1417 multi
2562 1361 2777 1432 quidem
2809 1367 2932 1412 sunt
2958 1355 3247 1418 Catholici,
3300 1353 3394 1408 sed
3424 1349 3546 1405 ﬁcte
3573 1363 3638 1404 ac

2042 1477 2138 1533 per
2160 1459 2585 1517 simulationem,
2621 1453 2963 1510 sacerdotum
2994 1449 3366 1506 auctoritatem
3395 1460 3635 1516 sequun-

2044 1565 2151 1620 tur,
2178 1554 2350 1608 donee
2375 1549 2676 1606 execranda
2709 1547 2796 1602 illa
2826 1557 2969 1602 seeta
3002 1545 3070 1598 ab
3103 1541 3362 1597 Ecclesiae
3388 1553 3637 1594 commu-

1985 1675 1988 1678 η
2042 1650 2203 1704 nione
2228 1655 2559 1717 segregetur,
2585 1654 2639 1697 ut
2670 1652 2795 1696 tunc
2817 1638 3016 1710 aliquid
3039 1636 3107 1692 de
3129 1636 3217 1690 illa
3245 1641 3531 1689 statuatur.
3554 1630 3638 1686 Ex

2045 1744 2110 1798 iis
2130 1743 2221 1812 qui
2246 1749 2433 1813 suapte
2461 1736 2780 1792 auctoritate
2811 1736 3004 1790 iterum
3036 1731 3137 1785 hoc
3159 1728 3318 1784 modo
3347 1725 3638 1795 baptizant,

2044 1834 2202 1889 audio
2230 1831 2516 1902 quemdam
2547 1832 2598 1883 in
2618 1829 2778 1900 Lycia
2809 1825 3184 1896 presbyterum
3212 1835 3355 1876 esse.
3385 1839 3404 1871 ι
3431 1817 3641 1874 Nemini

2044 1928 2290 2000 posthac,
2325 1937 2382 1980 ut
2411 1925 2668 1989 arbitror,
2717 1922 2910 1976 mirum
2942 1917 3172 1987 accidet,
3225 1916 3271 1972 si
3311 1912 3646 1969 ﬂuctuaverit

2046 2023 2391 2088 Athanasius,
2425 2021 2469 2075 si
2501 2018 2752 2084 Basilius,
2800 2017 2845 2070 si
2877 2012 3307 2083 Amphilochius,
3339 2018 3395 2064 et
3425 2005 3642 2063 haereti-

2047 2131 2234 2172 corum
2258 2114 2528 2184 Baptisma
2561 2113 2613 2166 in
2638 2110 2878 2171 nomine.
2902 2106 2999 2163 sed
3024 2122 3128 2160 non
3161 2105 3214 2159 in
3242 2102 3347 2158 [ide
3370 2098 3647 2156 Trinitatis

2051 2212 2300 2267 collatum
2331 2208 2514 2262 iterari
2542 2205 2854 2275 optaverit;
2889 2216 3011 2256 cum
3031 2195 3362 2270 Epiphanius
3391 2194 3646 2250 Romana:

2050 2305 2310 2360 Ecclesia:
2350 2309 2404 2356 et
2432 2297 2796 2354 Occidentalis
2826 2311 3032 2350 morum
3083 2288 3472 2347 scientissimus
3495 2301 3650 2356 teque

2050 2397 2422 2461 alternaverit,
2479 2403 2535 2448 et
2584 2407 2680 2448 eos
2731 2391 2821 2461 qui
2865 2390 2933 2443 ab
2961 2389 3177 2443 Arianis
3205 2386 3420 2441 ablutos
3458 2383 3648 2438 iterato

2050 2491 2356 2554 abluebant,
2413 2502 2520 2542 non
2571 2487 2840 2539 haereseos
2885 2481 2979 2537 sed
3032 2480 3273 2534 audaciae
3304 2475 3644 2542 insimularit,

2054 2599 2322 2654 tmumque
2353 2580 2481 2636 illud
2527 2580 2719 2633 iterum
2766 2586 2928 2645 atque
2959 2575 3153 2628 iterum
3197 2571 3517 2641 deprecatus
3557 2567 3648 2632 sit,

2054 2694 2123 2734 ne
2151 2687 2277 2732 ante
2303 2672 2519 2731 concilii
2563 2670 2888 2726 universalis
2912 2668 3283 2723 deﬁnitionem
3316 2663 3652 2733 rebaptizare

2055 2787 2148 2828 eos
2189 2779 2622 2842 perseverarent,
2658 2765 2892 2820 maxime
2921 2778 3042 2818 cum
3074 2761 3148 2816 illi
3183 2760 3410 2816 necdum
3439 2767 3530 2812 aut
3557 2771 3647 2811 se-

2055 2869 2378 2931 cessissent,
2407 2873 2499 2919 aut
2527 2861 2702 2918 execti
2734 2868 2918 2916 essent
2961 2858 3029 2912 ab
3071 2854 3324 2910 Ecclesia:
3371 2849 3652 2907 catholicas

2056 2962 2456 3019 communione.

2439 3073 2596 3131 XLII.
2631 3091 2699 3130 ex
2729 3087 2952 3129 cvntLLo
2981 3082 3259 3125 nuneosoc.

2131 3194 2206 3249 Ita
2229 3191 2495 3247 sentiebat
2519 3198 2573 3245 et
2592 3187 2822 3260 Cyrillus
2841 3183 3376 3255 Hierosolymitanus,
3401 3178 3489 3249 qui
3511 3189 3654 3248 pra:-

2061 3289 2155 3343 fat.
2199 3289 2250 3340 in
2291 3283 2500 3342 Cutecli.
2533 3283 2600 3338 de
2628 3281 2878 3337 omnibus
2909 3278 3177 3333 haereticis
3206 3276 3507 3346 promiscue
3540 3269 3657 3325 Inec

2062 3382 2241 3438 habet.
2277 3399 2296 3431 ‹
2331 3379 2442 3435 Soli
2472 3376 2711 3432 haeretici
2758 3373 3171 3442 rebaptizantur.
3205 3367 3482 3438 Siquidem
3511 3365 3658 3436 prius

2062 3475 2191 3531 illtnl
2218 3490 2322 3530 non
2355 3483 2469 3528 erat
2520 3470 2812 3539 Baptisma.
2847 3487 2864 3519 ι
2907 3467 3037 3534 Qua:
3063 3473 3243 3518 autem
3275 3461 3355 3516 vel
3386 3458 3655 3514 levissima

2062 3569 2206 3624 illius
2250 3568 2316 3621 ah
2367 3565 2664 3635 Augustino
2708 3558 3133 3617 decantatissimi
3167 3554 3392 3626 plenarii
3433 3569 3501 3608 ex
3543 3560 3655 3606 toto

2062 3661 2368 3716 Christiano
2396 3661 2527 3713 orbe
2574 3656 2786 3713 concilii
2821 3653 2959 3708 fama
2990 3659 3233 3707 evaserat
3264 3647 3330 3702 ad
3376 3646 3652 3712 Basilium,

2064 3755 2128 3810 ad
2155 3753 2613 3823 Amphilochium,
2641 3750 2706 3803 ad
2733 3747 2993 3819 Cyrillum
3019 3743 3306 3806 Hierosol..
3332 3741 3397 3796 ad
3428 3741 3660 3812 Epipha-

2066 3849 2210 3902 nium
2234 3846 2506 3916 denique?
2530 3845 2616 3898 ubi
2637 3844 2724 3896 illa
2743 3842 2886 3896 orbis
2909 3838 3192 3895 consensio
3221 3846 3337 3907 post.
3361 3835 3654 3907 plenarium

2069 3941 2357 3996 concilium
2391 3939 2455 3992 ad
2486 3953 2592 3992 non
2625 3935 2927 3990 iterandum
2950 3932 3326 3987 haereticorum
3356 3929 3662 3998 Baptisma?

2065 4035 2199 4090 Cum
2229 4033 2562 4088 Arelatensis
2591 4030 2774 4100 utique
2795 4029 2885 4083 illa
2917 4029 2984 4081 sit
3009 4026 3248 4097 synodus
3268 4024 3336 4076 ab
3364 4021 3662 4091 Augustino

2066 4126 2370 4197 indignata,
2403 4124 2560 4195 paulo
2589 4133 2715 4176 ante
2745 4121 2861 4189 ejus
2888 4119 3094 4172 natales
3123 4115 3417 4181 celebrata,
3448 4126 3504 4168 ut
3534 4113 3662 4168 alibi

2065 4221 2412 4276 ostendemus
2440 4235 2454 4271 :
2490 4230 2658 4285 ecqua
2683 4213 2839 4283 hujus
2869 4209 3009 4281 apud
3039 4207 3255 4264 Grmcos
3284 4223 3505 4276 usquam
3538 4219 3662 4260 ves-

2067 4317 2191 4388 tigia
2239 4315 2323 4368 vel
2368 4311 2436 4366 ab
2479 4308 2898 4364 emunctissimze
2945 4306 3088 4360 naris
3136 4302 3444 4358 hominibus
3493 4300 3665 4355 olﬁeri

2067 4408 2329 4483 possunt?
2359 4406 2474 4460 Non
2507 4404 2763 4467 Zonaras,
2800 4417 2905 4457 non
2936 4399 3244 4466 Balsamon,
3280 4413 3384 4452 non
3427 4397 3515 4450 alii
3545 4397 3666 4466 ejus

2069 4507 2367 4562 meminere
2401 4500 2593 4557 Gra:ci.
2645 4498 2753 4555 Sed
2780 4507 2831 4552 et
2865 4497 2916 4550 in
2948 4493 3249 4550 Arelatensi
3293 4490 3523 4563 synodo,
3576 4489 3667 4544 ubi

367 4604 805 4674 pronunciantes,
849 4603 974 4656 nihil
1007 4601 1077 4655 ob
1118 4601 1166 4654 id
1196 4611 1320 4655 sunt
1357 4600 1532 4654 minus
1576 4597 1832 4652 hznrctici.
1885 4594 1960 4650 Ita
1991 4617 2044 4677 D
2072 4601 2162 4655 illa
2208 4611 2312 4653 tam
2357 4596 2574 4666 copiosa
2622 4590 2909 4648 elucidalio
2949 4588 3208 4647 veritatis.
3257 4602 3357 4656 qua
3412 4581 3666 4656 Cypriani

372 4711 586 4767 quoque
612 4696 866 4764 deinceps
891 4705 945 4750 et
967 4695 1180 4765 reliqui,
1211 4706 1264 4748 et
1293 4695 1381 4764 qui
1411 4709 1532 4747 cum
1558 4695 1683 4747 Ario
1703 4693 1963 4755 sentiunt,

373 4792 582 4848 etiamsi
613 4793 836 4846 recitent
863 4792 1082 4861 scripta,
1116 4790 1612 4862 proloquauturque
1649 4789 1760 4858 ipsa
1786 4791 1966 4843 uomi-

375 4901 465 4950 na,
497 4887 842 4946 frustrantur,
868 4883 1200 4952 illuduutque
1223 4881 1301 4935 eis
1321 4879 1412 4949 qui
1441 4880 1509 4933 ab
1537 4880 1667 4950 ipsis
1696 4872 1965 4949 Baptisma

375 4978 662 5048 accipiunt.
701 4997 719 5028 ι
756 4977 851 5031 Hic
878 4975 1049 5030 obiter
1078 4974 1298 5028 adverte
1325 4973 1536 5026 nomina
1561 4971 1674 5040 ipsa
1707 4986 1966 5040 persona-

377 5087 493 5125 rum
507 5071 830 5136 divinarum,
849 5070 968 5141 quia
983 5069 1150 5124 sacris
1169 5068 1220 5122 in
1243 5067 1447 5137 paginis
1461 5068 1772 5135 consignata
1790 5067 1968 5120 verbis

373 5167 650 5235 Conceptis
667 5175 810 5230 sunt,
829 5163 966 5218 inter
981 5161 1287 5232 tingendum
1304 5161 1370 5214 ab
1384 5161 1632 5214 omnibus
1647 5174 1782 5228 pene
1797 5159 1970 5213 haere-

377 5257 500 5312 ticis
531 5258 876 5327 pronunciata
907 5255 1092 5322 fuisse,
1123 5255 1349 5323 itIquuc
1381 5254 1580 5307 nullius
1605 5253 1774 5320 culpa:
1804 5251 1973 5305 fuisse

372 5349 592 5404 aflinem
624 5350 688 5403 ad
721 5348 1052 5418 Stephrnnnn
1085 5347 1167 5401 vel
1203 5346 1494 5400 Ecclesium
1532 5345 1850 5407 Romanam,
1881 5357 1974 5396 eo-

374 5461 498 5500 rum
539 5445 808 5515 Baptisma
841 5445 1019 5497 iterari
1065 5450 1357 5496 vetantem.
1427 5440 1595 5493 Porro
1648 5437 1975 5491 Athanasius

373 5535 576 5591 Basilio
605 5547 786 5607 aperte
834 5535 1187 5604 sum-agatur.
1237 5547 1448 5586 cassum
1500 5541 1645 5585 ratus
1684 5530 1973 5598 Baptisma,

373 5631 525 5700 quod
556 5630 765 5685 tametsi
807 5629 983 5683 verbis
1024 5625 1350 5696 evangelicis
1395 5623 1736 5686 conferatur,
1791 5638 1977 5676 eorum

375 5730 563 5776 tamen
608 5722 698 5792 qui
745 5720 1028 5775 conferunt
1074 5718 1280 5773 alienus
1321 5729 1512 5771 sensus
1552 5715 1618 5769 ab
1660 5713 1976 5784 Evangelio,

384 5817 566 5873 aliena
596 5818 728 5873 ﬁdes
751 5828 854 5873 ρει.

2073 4691 2318 4746 doctrina
2357 4688 2721 4752 refelleretur,
2755 4681 3058 4738 traditionis
3088 4677 3370 4735 catholica:
3398 4688 3450 4732 et
3481 4687 3669 4732 vetus-

2074 4786 2296 4843 tissimae
2325 4785 2460 4839 ratio
2481 4792 2536 4836 et
2556 4779 2816 4850 sapientia
2842 4774 3273 4845 splendidissime
3303 4771 3670 4828 clucesceret?

2072 4882 2154 4936 An
2215 4890 2514 4946 temporum
2546 4871 2797 4944 iniquitas
2829 4866 3114 4936 intercepit
3145 4876 3250 4920 tam
3283 4865 3495 4934 egregia
3535 4863 3668 4918 doc-

2072 4975 2226 5028 trina:
2279 4970 2556 5025 catholica!
2585 4963 2968 5020 monumenta?
3009 4961 3088 5016 Au
3119 4959 3210 5013 diu
3238 4968 3362 5012 ante
3405 4957 3671 5029 synodum

2074 5069 2215 5123 inter
2263 5063 2595 5120 orthodoxos
2642 5060 2925 5130 episcopos
2975 5070 3061 5110 res
3112 5053 3307 5123 agitata
3339 5060 3395 5105 et
3438 5051 3673 5120 eliquata

2073 5161 2266 5225 fuerat,
2288 5168 2342 5212 et
2375 5157 2442 5209 ita
2469 5154 2535 5208 ad
2557 5152 2821 5226 synodum
2839 5158 3059 5204 ventum
3082 5145 3201 5202 est?
3219 5145 3275 5200 Id
3299 5145 3478 5199 forsan
3498 5143 3674 5197 innuit

2077 5252 2406 5322 Augustinus
2437 5248 2473 5302 I.
2501 5246 2563 5310 ll,
2593 5248 2656 5300 de
2685 5247 2823 5315 bapt.
2857 5260 2973 5298 con.
3021 5241 3236 5306 Donat.,
3268 5255 3318 5295 c.
3351 5239 3385 5293 4
3415 5255 3428 5291 :
3468 5256 3487 5289 ι
3525 5237 3674 5306 Quo-

2077 5345 2236 5399 modo
2265 5343 2435 5412 potuit
2463 5341 2561 5394 ista
2592 5354 2677 5394 res
2701 5339 2864 5391 tantis
2904 5334 3311 5389 altercationum
3356 5329 3568 5385 nebulis
3598 5332 3678 5384 in-

2081 5437 2281 5501 voluta,
2307 5435 2370 5487 ad
2399 5433 2622 5502 pleuarii
2653 5428 2866 5486 ceueilii
2899 5427 3225 5481 luculentam
3254 5422 3674 5478 illustratiunem

2082 5525 2656 5594 conliruiationemque
2699 5521 2940 5594 perduci,
2993 5519 3092 5574 nisi
3140 5517 3312 5588 primo
3341 5515 3541 5569 diutius
3580 5529 3678 5586 per

2083 5622 2227 5677 orbis
2251 5628 2511 5674 terrarum
2542 5618 2809 5687 regiones,
2844 5614 3026 5666 multis
3058 5613 3180 5665 hinc
3212 5619 3373 5676 atque
3417 5607 3541 5661 hinc
3569 5607 3681 5662 dis-

2084 5714 2452 5787 putationibus
2471 5723 2525 5768 et
2546 5708 2926 5766 collationibus
2954 5707 3336 5775 episcoporum
3365 5708 3685 5770 pertractata

2083 5805 2388 5865 constaret?
2405 5804 2540 5863 Illud
2554 5813 2704 5860 certe
2724 5818 2790 5860 ex
2807 5798 3089 5858 antedictis
3103 5803 3342 5862 constat,
3359 5793 3691 5850 Arelatensis
