  <div class='ocr_page' id='page_1' title='image "/cluster/home/n/w/nwhite01/storage/ocr_20150623/3/hvd.32044054086798/671.png"; bbox 0 0 4262 6236; ppageno 0'>
   <div class='ocr_carea' id='block_1_1' title="bbox 583 260 725 318">
    <p class='ocr_par' dir='ltr' id='par_1_1' title="bbox 583 260 725 318">
     <span class='ocr_line' id='line_1_1' title="bbox 583 260 725 318; baseline 0 0"><span class='ocrx_word' id='word_1_1' title='bbox 583 260 725 318; x_wconf 68' lang='grc' dir='ltr'>ιειδ</span> 
     </span>
    </p>
   </div>
   <div class='ocr_carea' id='block_1_2' title="bbox 1800 257 2714 321">
    <p class='ocr_par' dir='ltr' id='par_1_2' title="bbox 1800 257 2714 321">
     <span class='ocr_line' id='line_1_2' title="bbox 1800 257 2714 321; baseline -0.005 -2"><span class='ocrx_word' id='word_1_2' title='bbox 1800 258 2211 321; x_wconf 65' lang='grc' dir='ltr'><strong>ΤΗΟΙΑΒὸΙΝΙ</strong></span> <span class='ocrx_word' id='word_1_3' title='bbox 2250 257 2714 317; x_wconf 75' lang='lat' dir='ltr'><strong>DISSEBTATIO</strong></span> 
     </span>
    </p>
   </div>
   <div class='ocr_carea' id='block_1_3' title="bbox 3736 254 3878 310">
    <p class='ocr_par' dir='ltr' id='par_1_3' title="bbox 3736 254 3878 310">
     <span class='ocr_line' id='line_1_3' title="bbox 3736 254 3878 310; baseline 0 -1"><span class='ocrx_word' id='word_1_4' title='bbox 3736 254 3878 310; x_wconf 63' lang='grc' dir='ltr'>ηιμ</span> 
     </span>
    </p>
   </div>
   <div class='ocr_carea' id='block_1_4' title="bbox 581 370 3880 446">
    <p class='ocr_par' dir='ltr' id='par_1_4' title="bbox 581 370 3880 446">
     <span class='ocr_line' id='line_1_4' title="bbox 581 370 3880 446; baseline 0 -17"><span class='ocrx_word' id='word_1_5' title='bbox 581 370 774 445; x_wconf 85' lang='lat' dir='ltr'><strong>synodi</strong></span> <span class='ocrx_word' id='word_1_6' title='bbox 794 370 881 426; x_wconf 83' lang='lat' dir='ltr'><strong>vix</strong></span> <span class='ocrx_word' id='word_1_7' title='bbox 901 385 1116 427; x_wconf 87' lang='lat' dir='ltr'><strong>rumore</strong></span> <span class='ocrx_word' id='word_1_8' title='bbox 1143 370 1326 442; x_wconf 79' lang='lat' dir='ltr'><strong>aliquo</strong></span> <span class='ocrx_word' id='word_1_9' title='bbox 1341 386 1596 444; x_wconf 74' lang='lat' dir='ltr'><strong>nspersos</strong></span> <span class='ocrx_word' id='word_1_10' title='bbox 1619 386 1740 429; x_wconf 79' lang='lat' dir='ltr'><strong>esse</strong></span> <span class='ocrx_word' id='word_1_11' title='bbox 1762 374 2003 442; x_wconf 84' lang='lat' dir='ltr'><strong>Graecos,</strong></span> <span class='ocrx_word' id='word_1_12' title='bbox 2028 374 2178 431; x_wconf 87' lang='lat' dir='ltr'><strong>ideo-</strong></span> <span class='ocrx_word' id='word_1_13' title='bbox 2202 375 2259 438; x_wconf 78' lang='grc' dir='ltr'><strong>Α</strong></span> <span class='ocrx_word' id='word_1_14' title='bbox 2282 375 2633 446; x_wconf 85' lang='lat' dir='ltr'><strong>recipiuntur.</strong></span> <span class='ocrx_word' id='word_1_15' title='bbox 2687 393 2708 428; x_wconf 81' lang='grc' dir='ltr'><strong>ι</strong></span> <span class='ocrx_word' id='word_1_16' title='bbox 2762 372 2830 429; x_wconf 82' lang='lat' dir='ltr'><strong>Et</strong></span> <span class='ocrx_word' id='word_1_17' title='bbox 2853 372 2949 444; x_wconf 86' lang='lat' dir='ltr'><strong>qui</strong></span> <span class='ocrx_word' id='word_1_18' title='bbox 2978 371 3318 444; x_wconf 78' lang='lat' dir='ltr'><strong>baptizantur</strong></span> <span class='ocrx_word' id='word_1_19' title='bbox 3356 371 3597 443; x_wconf 86' lang='lat' dir='ltr'><strong>quidem,</strong></span> <span class='ocrx_word' id='word_1_20' title='bbox 3643 383 3769 428; x_wconf 88' lang='lat' dir='ltr'><strong>sunt</strong></span> <span class='ocrx_word' id='word_1_21' title='bbox 3798 374 3880 443; x_wconf 82' lang='lat' dir='ltr'><strong>hi,</strong></span> 
     </span>
    </p>
   </div>
   <div class='ocr_carea' id='block_1_5' title="bbox 580 465 2181 540">
    <p class='ocr_par' dir='ltr' id='par_1_5' title="bbox 580 465 2181 540">
     <span class='ocr_line' id='line_1_5' title="bbox 580 465 2181 540; baseline 0.001 -17"><span class='ocrx_word' id='word_1_22' title='bbox 580 483 688 539; x_wconf 89' lang='lat' dir='ltr'><strong>que</strong></span> <span class='ocrx_word' id='word_1_23' title='bbox 734 465 1029 537; x_wconf 85' lang='lat' dir='ltr'><strong>plenariam</strong></span> <span class='ocrx_word' id='word_1_24' title='bbox 1075 465 1219 521; x_wconf 85' lang='lat' dir='ltr'><strong>illam</strong></span> <span class='ocrx_word' id='word_1_25' title='bbox 1266 465 1406 523; x_wconf 81' lang='lat' dir='ltr'><strong>forte</strong></span> <span class='ocrx_word' id='word_1_26' title='bbox 1453 468 1522 525; x_wconf 91' lang='lat' dir='ltr'><strong>ab</strong></span> <span class='ocrx_word' id='word_1_27' title='bbox 1570 471 1873 540; x_wconf 78' lang='lat' dir='ltr'><strong>Augustino</strong></span> <span class='ocrx_word' id='word_1_28' title='bbox 1915 471 2041 533; x_wconf 88' lang='lat' dir='ltr'><strong>dici,</strong></span> <span class='ocrx_word' id='word_1_29' title='bbox 2074 486 2181 524; x_wconf 90' lang='lat' dir='ltr'><strong>non</strong></span> 
     </span>
    </p>
   </div>
   <div class='ocr_carea' id='block_1_6' title="bbox 582 557 2183 636">
    <p class='ocr_par' dir='ltr' id='par_1_6' title="bbox 582 557 2183 636">
     <span class='ocr_line' id='line_1_6' title="bbox 582 557 2183 636; baseline 0.002 -20"><span class='ocrx_word' id='word_1_30' title='bbox 582 562 732 634; x_wconf 88' lang='lat' dir='ltr'><strong>quasi</strong></span> <span class='ocrx_word' id='word_1_31' title='bbox 759 557 1170 625; x_wconf 71' lang='lat' dir='ltr'><strong>meumcnicam,</strong></span> <span class='ocrx_word' id='word_1_32' title='bbox 1205 558 1298 615; x_wconf 91' lang='lat' dir='ltr'><strong>sed</strong></span> <span class='ocrx_word' id='word_1_33' title='bbox 1331 568 1389 615; x_wconf 90' lang='lat' dir='ltr'><strong>ut</strong></span> <span class='ocrx_word' id='word_1_34' title='bbox 1419 558 1516 632; x_wconf 82' lang='lat' dir='ltr'><strong>ipsi</strong></span> <span class='ocrx_word' id='word_1_35' title='bbox 1550 564 1717 617; x_wconf 84' lang='lat' dir='ltr'><strong>moris</strong></span> <span class='ocrx_word' id='word_1_36' title='bbox 1741 574 1848 629; x_wconf 87' lang='lat' dir='ltr'><strong>est,</strong></span> <span class='ocrx_word' id='word_1_37' title='bbox 1880 565 2028 636; x_wconf 87' lang='lat' dir='ltr'><strong>quasi</strong></span> <span class='ocrx_word' id='word_1_38' title='bbox 2060 564 2183 619; x_wconf 88' lang='lat' dir='ltr'><strong>uni-</strong></span> 
     </span>
    </p>
   </div>
   <div class='ocr_carea' id='block_1_7' title="bbox 582 650 2185 728">
    <p class='ocr_par' dir='ltr' id='par_1_7' title="bbox 582 650 2185 728">
     <span class='ocr_line' id='line_1_7' title="bbox 582 650 2185 728; baseline 0.002 -19"><span class='ocrx_word' id='word_1_39' title='bbox 582 650 870 720; x_wconf 84' lang='lat' dir='ltr'><strong>versalem,</strong></span> <span class='ocrx_word' id='word_1_40' title='bbox 904 654 1008 710; x_wconf 92' lang='lat' dir='ltr'><strong>hoc</strong></span> <span class='ocrx_word' id='word_1_41' title='bbox 1035 662 1138 722; x_wconf 85' lang='lat' dir='ltr'><strong>est,</strong></span> <span class='ocrx_word' id='word_1_42' title='bbox 1170 652 1413 726; x_wconf 77' lang='lat' dir='ltr'><strong>pluribus</strong></span> <span class='ocrx_word' id='word_1_43' title='bbox 1456 672 1521 711; x_wconf 81' lang='lat' dir='ltr'><strong>ex</strong></span> <span class='ocrx_word' id='word_1_44' title='bbox 1567 658 1858 727; x_wconf 80' lang='lat' dir='ltr'><strong>provinciis</strong></span> <span class='ocrx_word' id='word_1_45' title='bbox 1889 673 2185 728; x_wconf 80' lang='lat' dir='ltr'><strong>congrega-</strong></span> 
     </span>
    </p>
   </div>
   <div class='ocr_carea' id='block_1_8' title="bbox 584 746 2181 819">
    <p class='ocr_par' dir='ltr' id='par_1_8' title="bbox 584 746 2181 819">
     <span class='ocr_line' id='line_1_8' title="bbox 584 746 2181 819; baseline 0 -13"><span class='ocrx_word' id='word_1_46' title='bbox 584 758 714 816; x_wconf 90' lang='lat' dir='ltr'><strong>tam,</strong></span> <span class='ocrx_word' id='word_1_47' title='bbox 749 746 891 803; x_wconf 87' lang='lat' dir='ltr'><strong>velut</strong></span> <span class='ocrx_word' id='word_1_48' title='bbox 924 747 1251 819; x_wconf 85' lang='lat' dir='ltr'><strong>regionalem</strong></span> <span class='ocrx_word' id='word_1_49' title='bbox 1274 794 1288 815; x_wconf 94' lang='lat'><strong>,</strong></span> <span class='ocrx_word' id='word_1_50' title='bbox 1336 758 1429 806; x_wconf 89' lang='lat' dir='ltr'><strong>aut</strong></span> <span class='ocrx_word' id='word_1_51' title='bbox 1461 751 1809 809; x_wconf 78' lang='lat' dir='ltr'><strong>nationalem.</strong></span> <span class='ocrx_word' id='word_1_52' title='bbox 1854 751 2010 810; x_wconf 84' lang='lat' dir='ltr'><strong>Unde</strong></span> <span class='ocrx_word' id='word_1_53' title='bbox 2044 752 2181 808; x_wconf 90' lang='lat' dir='ltr'><strong>idem</strong></span> 
     </span>
    </p>
   </div>
   <div class='ocr_carea' id='block_1_9' title="bbox 585 837 2182 919">
    <p class='ocr_par' dir='ltr' id='par_1_9' title="bbox 585 837 2182 919">
     <span class='ocr_line' id='line_1_9' title="bbox 585 837 2182 919; baseline 0.001 -22"><span class='ocrx_word' id='word_1_54' title='bbox 585 842 745 913; x_wconf 88' lang='lat' dir='ltr'><strong>paulo</strong></span> <span class='ocrx_word' id='word_1_55' title='bbox 776 837 915 896; x_wconf 79' lang='lat' dir='ltr'><strong>infra</strong></span> <span class='ocrx_word' id='word_1_56' title='bbox 944 840 1240 897; x_wconf 80' lang='lat' dir='ltr'><strong>enodandis</strong></span> <span class='ocrx_word' id='word_1_57' title='bbox 1268 841 1390 898; x_wconf 87' lang='lat' dir='ltr'><strong>aliis</strong></span> <span class='ocrx_word' id='word_1_58' title='bbox 1433 843 1753 919; x_wconf 85' lang='lat' dir='ltr'><strong>quilmsdam</strong></span> <span class='ocrx_word' id='word_1_59' title='bbox 1799 846 1867 900; x_wconf 90' lang='lat' dir='ltr'><strong>de</strong></span> <span class='ocrx_word' id='word_1_60' title='bbox 1903 845 2182 912; x_wconf 82' lang='lat' dir='ltr'><strong>Baptismo</strong></span> 
     </span>
    </p>
   </div>
   <div class='ocr_carea' id='block_1_10' title="bbox 583 932 2176 1005">
    <p class='ocr_par' dir='ltr' id='par_1_10' title="bbox 583 932 2176 1005">
     <span class='ocr_line' id='line_1_10' title="bbox 583 932 2176 1005; baseline 0.002 -14"><span class='ocrx_word' id='word_1_61' title='bbox 583 932 1028 999; x_wconf 85' lang='lat' dir='ltr'><strong>dubitationibus,</strong></span> <span class='ocrx_word' id='word_1_62' title='bbox 1060 935 1267 1005; x_wconf 90' lang='lat' dir='ltr'><strong>optabit</strong></span> <span class='ocrx_word' id='word_1_63' title='bbox 1297 953 1316 987; x_wconf 83' lang='grc' dir='ltr'><strong>ι</strong></span> <span class='ocrx_word' id='word_1_64' title='bbox 1365 937 1737 992; x_wconf 87' lang='lat' dir='ltr'><strong>auctoritatem</strong></span> <span class='ocrx_word' id='word_1_65' title='bbox 1772 937 1986 992; x_wconf 91' lang='lat' dir='ltr'><strong>concilii</strong></span> <span class='ocrx_word' id='word_1_66' title='bbox 2024 939 2176 1004; x_wconf 90' lang='lat' dir='ltr'><strong>tanti,</strong></span> 
     </span>
    </p>
   </div>
   <div class='ocr_carea' id='block_1_11' title="bbox 583 1025 2181 1102">
    <p class='ocr_par' dir='ltr' id='par_1_11' title="bbox 583 1025 2181 1102">
     <span class='ocr_line' id='line_1_11' title="bbox 583 1025 2181 1102; baseline -0.001 -18"><span class='ocrx_word' id='word_1_67' title='bbox 583 1038 845 1100; x_wconf 91' lang='lat' dir='ltr'><strong>quantum</strong></span> <span class='ocrx_word' id='word_1_68' title='bbox 885 1037 1047 1083; x_wconf 75' lang='lat' dir='ltr'><strong>tanta:</strong></span> <span class='ocrx_word' id='word_1_69' title='bbox 1079 1027 1154 1083; x_wconf 85' lang='lat' dir='ltr'><strong>rei</strong></span> <span class='ocrx_word' id='word_1_70' title='bbox 1187 1025 1443 1083; x_wconf 83' lang='lat' dir='ltr'><strong>sufllciat.</strong></span> <span class='ocrx_word' id='word_1_71' title='bbox 1481 1049 1500 1082; x_wconf 79' lang='grc' dir='ltr'><strong>ι</strong></span> <span class='ocrx_word' id='word_1_72' title='bbox 1537 1028 1756 1099; x_wconf 80' lang='lat' dir='ltr'><strong>Optabit</strong></span> <span class='ocrx_word' id='word_1_73' title='bbox 1787 1030 1912 1086; x_wconf 87' lang='lat' dir='ltr'><strong>item</strong></span> <span class='ocrx_word' id='word_1_74' title='bbox 1946 1050 1964 1084; x_wconf 79' lang='grc' dir='ltr'><strong>ι</strong></span> <span class='ocrx_word' id='word_1_75' title='bbox 2004 1032 2181 1102; x_wconf 85' lang='lat' dir='ltr'><strong>regio-</strong></span> 
     </span>
    </p>
   </div>
   <div class='ocr_carea' id='block_1_12' title="bbox 585 1118 2175 1191">
    <p class='ocr_par' dir='ltr' id='par_1_12' title="bbox 585 1118 2175 1191">
     <span class='ocr_line' id='line_1_12' title="bbox 585 1118 2175 1191; baseline -0.003 -12"><span class='ocrx_word' id='word_1_76' title='bbox 585 1120 690 1180; x_wconf 82' lang='lat' dir='ltr'><strong>nali</strong></span> <span class='ocrx_word' id='word_1_77' title='bbox 743 1130 918 1191; x_wconf 66' lang='lat' dir='ltr'><strong>empta</strong></span> <span class='ocrx_word' id='word_1_78' title='bbox 962 1118 1215 1189; x_wconf 72' lang='lat' dir='ltr'><strong>concilio,</strong></span> <span class='ocrx_word' id='word_1_79' title='bbox 1251 1121 1492 1191; x_wconf 87' lang='lat' dir='ltr'><strong>plenarin</strong></span> <span class='ocrx_word' id='word_1_80' title='bbox 1542 1124 1772 1177; x_wconf 86' lang='lat' dir='ltr'><strong>concilio</strong></span> <span class='ocrx_word' id='word_1_81' title='bbox 1821 1120 2119 1177; x_wconf 84' lang='lat' dir='ltr'><strong>terminari.</strong></span> <span class='ocrx_word' id='word_1_82' title='bbox 2157 1142 2175 1175; x_wconf 74' lang='grc' dir='ltr'><strong>ι</strong></span> 
     </span>
    </p>
   </div>
   <div class='ocr_carea' id='block_1_13' title="bbox 584 1212 2181 1286">
    <p class='ocr_par' dir='ltr' id='par_1_13' title="bbox 584 1212 2181 1286">
     <span class='ocr_line' id='line_1_13' title="bbox 584 1212 2181 1286; baseline -0.003 -11"><span class='ocrx_word' id='word_1_83' title='bbox 584 1216 730 1275; x_wconf 91' lang='lat' dir='ltr'><strong>Idem</strong></span> <span class='ocrx_word' id='word_1_84' title='bbox 773 1212 902 1271; x_wconf 88' lang='lat' dir='ltr'><strong>alibi</strong></span> <span class='ocrx_word' id='word_1_85' title='bbox 930 1216 1286 1271; x_wconf 90' lang='lat' dir='ltr'><strong>transmarina</strong></span> <span class='ocrx_word' id='word_1_86' title='bbox 1327 1215 1552 1272; x_wconf 89' lang='lat' dir='ltr'><strong>concilia</strong></span> <span class='ocrx_word' id='word_1_87' title='bbox 1604 1217 1779 1286; x_wconf 80' lang='lat' dir='ltr'><strong>magni</strong></span> <span class='ocrx_word' id='word_1_88' title='bbox 1826 1213 2004 1271; x_wconf 79' lang='lat' dir='ltr'><strong>facere</strong></span> <span class='ocrx_word' id='word_1_89' title='bbox 2036 1218 2181 1271; x_wconf 83' lang='lat' dir='ltr'><strong>visus</strong></span> 
     </span>
    </p>
   </div>
   <div class='ocr_carea' id='block_1_14' title="bbox 584 1308 2182 1382">
    <p class='ocr_par' dir='ltr' id='par_1_14' title="bbox 584 1308 2182 1382">
     <span class='ocr_line' id='line_1_14' title="bbox 584 1308 2182 1382; baseline -0.003 -13"><span class='ocrx_word' id='word_1_90' title='bbox 584 1318 686 1370; x_wconf 88' lang='lat' dir='ltr'><strong>est.</strong></span> <span class='ocrx_word' id='word_1_91' title='bbox 745 1308 898 1369; x_wconf 87' lang='lat' dir='ltr'><strong>Unde</strong></span> <span class='ocrx_word' id='word_1_92' title='bbox 951 1321 1128 1365; x_wconf 90' lang='lat' dir='ltr'><strong>autem</strong></span> <span class='ocrx_word' id='word_1_93' title='bbox 1191 1311 1484 1382; x_wconf 77' lang='lat' dir='ltr'><strong>Augustino</strong></span> <span class='ocrx_word' id='word_1_94' title='bbox 1538 1310 1604 1367; x_wconf 85' lang='lat' dir='ltr'><strong>de</strong></span> <span class='ocrx_word' id='word_1_95' title='bbox 1659 1310 2009 1367; x_wconf 76' lang='lat' dir='ltr'><strong>(eettmenicis</strong></span> <span class='ocrx_word' id='word_1_96' title='bbox 2048 1326 2182 1365; x_wconf 89' lang='lat' dir='ltr'><strong>con—</strong></span> 
     </span>
    </p>
   </div>
   <div class='ocr_carea' id='block_1_15' title="bbox 583 1400 2184 1474">
    <p class='ocr_par' dir='ltr' id='par_1_15' title="bbox 583 1400 2184 1474">
     <span class='ocr_line' id='line_1_15' title="bbox 583 1400 2184 1474; baseline -0.002 -13"><span class='ocrx_word' id='word_1_97' title='bbox 583 1400 720 1461; x_wconf 86' lang='lat' dir='ltr'><strong>ciliis</strong></span> <span class='ocrx_word' id='word_1_98' title='bbox 776 1401 889 1459; x_wconf 73' lang='lat' dir='ltr'><strong>bzec</strong></span> <span class='ocrx_word' id='word_1_99' title='bbox 933 1403 1194 1459; x_wconf 85' lang='lat' dir='ltr'><strong>sententia</strong></span> <span class='ocrx_word' id='word_1_100' title='bbox 1263 1404 1609 1473; x_wconf 72' lang='lat' dir='ltr'><strong>obrepsisset,</strong></span> <span class='ocrx_word' id='word_1_101' title='bbox 1662 1404 1749 1473; x_wconf 89' lang='lat' dir='ltr'><strong>qui</strong></span> <span class='ocrx_word' id='word_1_102' title='bbox 1818 1405 1992 1457; x_wconf 90' lang='lat' dir='ltr'><strong>solum</strong></span> <span class='ocrx_word' id='word_1_103' title='bbox 2045 1418 2184 1474; x_wconf 80' lang='lat' dir='ltr'><strong>pene</strong></span> 
     </span>
    </p>
   </div>
   <div class='ocr_carea' id='block_1_16' title="bbox 585 1492 2182 1565">
    <p class='ocr_par' dir='ltr' id='par_1_16' title="bbox 585 1492 2182 1565">
     <span class='ocr_line' id='line_1_16' title="bbox 585 1492 2182 1565; baseline -0.003 -12"><span class='ocrx_word' id='word_1_104' title='bbox 585 1494 859 1553; x_wconf 69' lang='lat' dir='ltr'><strong>Nicmnutn</strong></span> <span class='ocrx_word' id='word_1_105' title='bbox 888 1494 1125 1565; x_wconf 84' lang='lat' dir='ltr'><strong>audivit,</strong></span> <span class='ocrx_word' id='word_1_106' title='bbox 1170 1492 1519 1551; x_wconf 87' lang='lat' dir='ltr'><strong>CPolitanum</strong></span> <span class='ocrx_word' id='word_1_107' title='bbox 1543 1494 1628 1551; x_wconf 76' lang='lat' dir='ltr'><strong>vix</strong></span> <span class='ocrx_word' id='word_1_108' title='bbox 1650 1494 1827 1563; x_wconf 82' lang='lat' dir='ltr'><strong>scivit,</strong></span> <span class='ocrx_word' id='word_1_109' title='bbox 1851 1495 2182 1565; x_wconf 79' lang='lat' dir='ltr'><strong>Ephesinum</strong></span> 
     </span>
    </p>
   </div>
   <div class='ocr_carea' id='block_1_17' title="bbox 591 1586 2184 1658">
    <p class='ocr_par' dir='ltr' id='par_1_17' title="bbox 591 1586 2184 1658">
     <span class='ocr_line' id='line_1_17' title="bbox 591 1586 2184 1658; baseline -0.003 -13"><span class='ocrx_word' id='word_1_110' title='bbox 591 1598 766 1646; x_wconf 92' lang='lat' dir='ltr'><strong>morte</strong></span> <span class='ocrx_word' id='word_1_111' title='bbox 811 1588 1136 1645; x_wconf 86' lang='lat' dir='ltr'><strong>antevertit?</strong></span> <span class='ocrx_word' id='word_1_112' title='bbox 1182 1586 1251 1643; x_wconf 78' lang='lat' dir='ltr'><strong>Et</strong></span> <span class='ocrx_word' id='word_1_113' title='bbox 1297 1588 1387 1643; x_wconf 89' lang='lat' dir='ltr'><strong>ille</strong></span> <span class='ocrx_word' id='word_1_114' title='bbox 1437 1598 1613 1644; x_wconf 90' lang='lat' dir='ltr'><strong>tamen</strong></span> <span class='ocrx_word' id='word_1_115' title='bbox 1665 1588 1913 1655; x_wconf 82' lang='lat' dir='ltr'><strong>frequens</strong></span> <span class='ocrx_word' id='word_1_116' title='bbox 1945 1587 2184 1658; x_wconf 87' lang='lat' dir='ltr'><strong>plenaria</strong></span> 
     </span>
    </p>
   </div>
   <div class='ocr_carea' id='block_1_18' title="bbox 594 1680 2184 1753">
    <p class='ocr_par' dir='ltr' id='par_1_18' title="bbox 594 1680 2184 1753">
     <span class='ocr_line' id='line_1_18' title="bbox 594 1680 2184 1753; baseline -0.003 -13"><span class='ocrx_word' id='word_1_117' title='bbox 594 1680 820 1740; x_wconf 89' lang='lat' dir='ltr'><strong>concilia</strong></span> <span class='ocrx_word' id='word_1_118' title='bbox 847 1691 1054 1752; x_wconf 87' lang='lat' dir='ltr'><strong>crepat,</strong></span> <span class='ocrx_word' id='word_1_119' title='bbox 1085 1681 1296 1753; x_wconf 85' lang='lat' dir='ltr'><strong>aliaque</strong></span> <span class='ocrx_word' id='word_1_120' title='bbox 1323 1682 1442 1737; x_wconf 89' lang='lat' dir='ltr'><strong>aliis</strong></span> <span class='ocrx_word' id='word_1_121' title='bbox 1469 1681 1741 1737; x_wconf 88' lang='lat' dir='ltr'><strong>emendari</strong></span> <span class='ocrx_word' id='word_1_122' title='bbox 1770 1690 2029 1736; x_wconf 87' lang='lat' dir='ltr'><strong>autumat.</strong></span> <span class='ocrx_word' id='word_1_123' title='bbox 2073 1681 2184 1735; x_wconf 75' lang='lat' dir='ltr'><strong>Nec</strong></span> 
     </span>
    </p>
   </div>
   <div class='ocr_carea' id='block_1_19' title="bbox 2287 465 3880 541">
    <p class='ocr_par' dir='ltr' id='par_1_19' title="bbox 2287 465 3880 541">
     <span class='ocr_line' id='line_1_19' title="bbox 2287 465 3880 541; baseline -0.001 -16"><span class='ocrx_word' id='word_1_124' title='bbox 2287 470 2638 541; x_wconf 73' lang='lat' dir='ltr'><strong>Tascndrugi,</strong></span> <span class='ocrx_word' id='word_1_125' title='bbox 2688 468 3078 534; x_wconf 73' lang='lat' dir='ltr'><strong>Marcionistte,</strong></span> <span class='ocrx_word' id='word_1_126' title='bbox 3124 467 3472 539; x_wconf 72' lang='lat' dir='ltr'><strong>Artotyritte,</strong></span> <span class='ocrx_word' id='word_1_127' title='bbox 3521 465 3880 537; x_wconf 76' lang='lat' dir='ltr'><strong>Sacmphori.</strong></span> 
     </span>
    </p>
   </div>
   <div class='ocr_carea' id='block_1_20' title="bbox 2286 561 3880 635">
    <p class='ocr_par' dir='ltr' id='par_1_20' title="bbox 2286 561 3880 635">
     <span class='ocr_line' id='line_1_20' title="bbox 2286 561 3880 635; baseline -0.002 -12"><span class='ocrx_word' id='word_1_128' title='bbox 2286 566 2625 635; x_wconf 67' lang='lat' dir='ltr'><strong>Apotactitte.</strong></span> <span class='ocrx_word' id='word_1_129' title='bbox 2658 564 2949 627; x_wconf 78' lang='lat' dir='ltr'><strong>Valentini,</strong></span> <span class='ocrx_word' id='word_1_130' title='bbox 2977 564 3068 634; x_wconf 89' lang='lat' dir='ltr'><strong>qui</strong></span> <span class='ocrx_word' id='word_1_131' title='bbox 3108 564 3270 617; x_wconf 84' lang='lat' dir='ltr'><strong>etiam</strong></span> <span class='ocrx_word' id='word_1_132' title='bbox 3302 561 3541 617; x_wconf 75' lang='lat' dir='ltr'><strong>Basilidii</strong></span> <span class='ocrx_word' id='word_1_133' title='bbox 3564 572 3620 618; x_wconf 84' lang='lat' dir='ltr'><strong>et</strong></span> <span class='ocrx_word' id='word_1_134' title='bbox 3645 562 3880 620; x_wconf 69' lang='lat' dir='ltr'><strong>Berntmi</strong></span> 
     </span>
    </p>
   </div>
   <div class='ocr_carea' id='block_1_21' title="bbox 2284 656 3878 728">
    <p class='ocr_par' dir='ltr' id='par_1_21' title="bbox 2284 656 3878 728">
     <span class='ocr_line' id='line_1_21' title="bbox 2284 656 3878 728; baseline 0.001 -17"><span class='ocrx_word' id='word_1_135' title='bbox 2284 659 2638 728; x_wconf 82' lang='lat' dir='ltr'><strong>appellantur,</strong></span> <span class='ocrx_word' id='word_1_136' title='bbox 2673 657 2963 722; x_wconf 80' lang='lat' dir='ltr'><strong>Nicolaitae,</strong></span> <span class='ocrx_word' id='word_1_137' title='bbox 2989 656 3342 723; x_wconf 70' lang='lat' dir='ltr'><strong>)Ioutanistte,</strong></span> <span class='ocrx_word' id='word_1_138' title='bbox 3374 656 3666 726; x_wconf 79' lang='lat' dir='ltr'><strong>Pepuzeni,</strong></span> <span class='ocrx_word' id='word_1_139' title='bbox 3700 657 3878 713; x_wconf 79' lang='lat' dir='ltr'><strong>Mani-</strong></span> 
     </span>
    </p>
   </div>
   <div class='ocr_carea' id='block_1_22' title="bbox 2286 750 3881 817">
    <p class='ocr_par' dir='ltr' id='par_1_22' title="bbox 2286 750 3881 817">
     <span class='ocr_line' id='line_1_22' title="bbox 2286 750 3881 817; baseline 0.001 -10"><span class='ocrx_word' id='word_1_140' title='bbox 2286 752 2442 813; x_wconf 67' lang='lat' dir='ltr'><strong>cbtei,</strong></span> <span class='ocrx_word' id='word_1_141' title='bbox 2474 751 2812 815; x_wconf 85' lang='lat' dir='ltr'><strong>Ennomiani,</strong></span> <span class='ocrx_word' id='word_1_142' title='bbox 2845 750 3206 817; x_wconf 75' lang='lat' dir='ltr'><strong>Paulianistze,</strong></span> <span class='ocrx_word' id='word_1_143' title='bbox 3235 750 3662 811; x_wconf 69' lang='lat' dir='ltr'><strong>thiniauistae.</strong></span> <span class='ocrx_word' id='word_1_144' title='bbox 3693 750 3881 808; x_wconf 87' lang='lat' dir='ltr'><strong>Sabel-</strong></span> 
     </span>
    </p>
   </div>
   <div class='ocr_carea' id='block_1_23' title="bbox 2284 843 3874 914">
    <p class='ocr_par' dir='ltr' id='par_1_23' title="bbox 2284 843 3874 914">
     <span class='ocr_line' id='line_1_23' title="bbox 2284 843 3874 914; baseline -0.001 -13"><span class='ocrx_word' id='word_1_145' title='bbox 2284 846 2435 906; x_wconf 87' lang='lat' dir='ltr'><strong>liani,</strong></span> <span class='ocrx_word' id='word_1_146' title='bbox 2459 844 2815 905; x_wconf 88' lang='lat' dir='ltr'><strong>Cerinthiani.</strong></span> <span class='ocrx_word' id='word_1_147' title='bbox 2842 843 3235 911; x_wconf 78' lang='lat' dir='ltr'><strong>Menandriani,</strong></span> <span class='ocrx_word' id='word_1_148' title='bbox 3265 843 3531 911; x_wconf 70' lang='lat' dir='ltr'><strong>Ebionmi,</strong></span> <span class='ocrx_word' id='word_1_149' title='bbox 3562 844 3874 914; x_wconf 89' lang='lat' dir='ltr'><strong>Simoniani,</strong></span> 
     </span>
    </p>
   </div>
   <div class='ocr_carea' id='block_1_24' title="bbox 2286 939 3875 1009">
    <p class='ocr_par' dir='ltr' id='par_1_24' title="bbox 2286 939 3875 1009">
     <span class='ocr_line' id='line_1_24' title="bbox 2286 939 3875 1009; baseline -0.002 -12"><span class='ocrx_word' id='word_1_150' title='bbox 2286 940 2712 1009; x_wconf 86' lang='lat' dir='ltr'><strong>Carpocratiani,</strong></span> <span class='ocrx_word' id='word_1_151' title='bbox 2746 939 3077 1005; x_wconf 85' lang='lat' dir='ltr'><strong>Saturniaui,</strong></span> <span class='ocrx_word' id='word_1_152' title='bbox 3126 949 3182 993; x_wconf 83' lang='lat' dir='ltr'><strong>et</strong></span> <span class='ocrx_word' id='word_1_153' title='bbox 3228 940 3318 1009; x_wconf 92' lang='lat' dir='ltr'><strong>qui</strong></span> <span class='ocrx_word' id='word_1_154' title='bbox 3362 939 3431 993; x_wconf 90' lang='lat' dir='ltr'><strong>ab</strong></span> <span class='ocrx_word' id='word_1_155' title='bbox 3479 939 3641 1009; x_wconf 89' lang='lat' dir='ltr'><strong>impio</strong></span> <span class='ocrx_word' id='word_1_156' title='bbox 3675 939 3875 1006; x_wconf 80' lang='lat' dir='ltr'><strong>Marco,</strong></span> 
     </span>
    </p>
   </div>
   <div class='ocr_carea' id='block_1_25' title="bbox 2286 1029 3882 1106">
    <p class='ocr_par' dir='ltr' id='par_1_25' title="bbox 2286 1029 3882 1106">
     <span class='ocr_line' id='line_1_25' title="bbox 2286 1029 3882 1106; baseline -0.003 -16"><span class='ocrx_word' id='word_1_157' title='bbox 2286 1036 2376 1106; x_wconf 87' lang='lat' dir='ltr'><strong>qui</strong></span> <span class='ocrx_word' id='word_1_158' title='bbox 2407 1033 2475 1087; x_wconf 84' lang='lat' dir='ltr'><strong>ab</strong></span> <span class='ocrx_word' id='word_1_159' title='bbox 2505 1033 2695 1102; x_wconf 84' lang='lat' dir='ltr'><strong>Apelle</strong></span> <span class='ocrx_word' id='word_1_160' title='bbox 2718 1075 2731 1099; x_wconf 94' lang='lat'><strong>,</strong></span> <span class='ocrx_word' id='word_1_161' title='bbox 2762 1035 2853 1103; x_wconf 84' lang='lat' dir='ltr'><strong>qui</strong></span> <span class='ocrx_word' id='word_1_162' title='bbox 2884 1049 2911 1085; x_wconf 87' lang='lat' dir='ltr'><strong>a</strong></span> <span class='ocrx_word' id='word_1_163' title='bbox 2936 1030 3222 1087; x_wconf 85' lang='lat' dir='ltr'><strong>Theodoto</strong></span> <span class='ocrx_word' id='word_1_164' title='bbox 3251 1029 3515 1096; x_wconf 85' lang='lat' dir='ltr'><strong>Coriario,</strong></span> <span class='ocrx_word' id='word_1_165' title='bbox 3545 1030 3882 1097; x_wconf 69' lang='lat' dir='ltr'><strong>Hclcesaitte,</strong></span> 
     </span>
    </p>
   </div>
   <div class='ocr_carea' id='block_1_26' title="bbox 2285 1120 3888 1196">
    <p class='ocr_par' dir='ltr' id='par_1_26' title="bbox 2285 1120 3888 1196">
     <span class='ocr_line' id='line_1_26' title="bbox 2285 1120 3888 1196; baseline 0 -18"><span class='ocrx_word' id='word_1_166' title='bbox 2285 1128 2374 1196; x_wconf 85' lang='lat' dir='ltr'><strong>qui</strong></span> <span class='ocrx_word' id='word_1_167' title='bbox 2404 1142 2431 1179; x_wconf 87' lang='lat' dir='ltr'><strong>a</strong></span> <span class='ocrx_word' id='word_1_168' title='bbox 2456 1124 2683 1195; x_wconf 85' lang='lat' dir='ltr'><strong>Nepote,</strong></span> <span class='ocrx_word' id='word_1_169' title='bbox 2718 1125 2808 1195; x_wconf 85' lang='lat' dir='ltr'><strong>qui</strong></span> <span class='ocrx_word' id='word_1_170' title='bbox 2836 1140 2865 1179; x_wconf 83' lang='lat' dir='ltr'><strong>a</strong></span> <span class='ocrx_word' id='word_1_171' title='bbox 2896 1124 3112 1192; x_wconf 79' lang='lat' dir='ltr'><strong>Pelagio</strong></span> <span class='ocrx_word' id='word_1_172' title='bbox 3136 1134 3193 1178; x_wconf 87' lang='lat' dir='ltr'><strong>et</strong></span> <span class='ocrx_word' id='word_1_173' title='bbox 3220 1120 3494 1183; x_wconf 69' lang='lat' dir='ltr'><strong>Ctelestio.</strong></span> <span class='ocrx_word' id='word_1_174' title='bbox 3520 1133 3574 1177; x_wconf 85' lang='lat' dir='ltr'><strong>et</strong></span> <span class='ocrx_word' id='word_1_175' title='bbox 3600 1122 3888 1179; x_wconf 81' lang='lat' dir='ltr'><strong>Melchise-</strong></span> 
     </span>
    </p>
   </div>
   <div class='ocr_carea' id='block_1_27' title="bbox 2286 1218 3885 1286">
    <p class='ocr_par' dir='ltr' id='par_1_27' title="bbox 2286 1218 3885 1286">
     <span class='ocr_line' id='line_1_27' title="bbox 2286 1218 3885 1286; baseline -0.002 -11"><span class='ocrx_word' id='word_1_176' title='bbox 2286 1220 2500 1276; x_wconf 78' lang='lat' dir='ltr'><strong>decitze.</strong></span> <span class='ocrx_word' id='word_1_177' title='bbox 2527 1218 2628 1285; x_wconf 85' lang='lat' dir='ltr'><strong>Qui</strong></span> <span class='ocrx_word' id='word_1_178' title='bbox 2668 1228 2846 1273; x_wconf 83' lang='lat' dir='ltr'><strong>autem</strong></span> <span class='ocrx_word' id='word_1_179' title='bbox 2873 1227 3059 1272; x_wconf 71' lang='lat' dir='ltr'><strong>sancto</strong></span> <span class='ocrx_word' id='word_1_180' title='bbox 3082 1218 3389 1274; x_wconf 68' lang='lat' dir='ltr'><strong>Christnate</strong></span> <span class='ocrx_word' id='word_1_181' title='bbox 3419 1226 3711 1286; x_wconf 82' lang='lat' dir='ltr'><strong>unguntur,</strong></span> <span class='ocrx_word' id='word_1_182' title='bbox 3758 1227 3885 1272; x_wconf 84' lang='lat' dir='ltr'><strong>sunt</strong></span> 
     </span>
    </p>
   </div>
   <div class='ocr_carea' id='block_1_28' title="bbox 2289 1308 3885 1375">
    <p class='ocr_par' dir='ltr' id='par_1_28' title="bbox 2289 1308 3885 1375">
     <span class='ocr_line' id='line_1_28' title="bbox 2289 1308 3885 1375; baseline -0.002 -9"><span class='ocrx_word' id='word_1_183' title='bbox 2289 1312 2367 1375; x_wconf 86' lang='lat' dir='ltr'><strong>hi.</strong></span> <span class='ocrx_word' id='word_1_184' title='bbox 2408 1312 2696 1368; x_wconf 68' lang='lat' dir='ltr'><strong>Tetraditzc</strong></span> <span class='ocrx_word' id='word_1_185' title='bbox 2738 1328 2833 1368; x_wconf 84' lang='lat' dir='ltr'><strong>seu</strong></span> <span class='ocrx_word' id='word_1_186' title='bbox 2874 1310 3412 1375; x_wconf 75' lang='lat' dir='ltr'><strong>Tessaresdecatitm,</strong></span> <span class='ocrx_word' id='word_1_187' title='bbox 3465 1308 3746 1364; x_wconf 81' lang='lat' dir='ltr'><strong>Novatiani</strong></span> <span class='ocrx_word' id='word_1_188' title='bbox 3788 1324 3885 1364; x_wconf 85' lang='lat' dir='ltr'><strong>seu</strong></span> 
     </span>
    </p>
   </div>
   <div class='ocr_carea' id='block_1_29' title="bbox 2289 1400 3888 1470">
    <p class='ocr_par' dir='ltr' id='par_1_29' title="bbox 2289 1400 3888 1470">
     <span class='ocr_line' id='line_1_29' title="bbox 2289 1400 3888 1470; baseline -0.003 -10"><span class='ocrx_word' id='word_1_189' title='bbox 2289 1403 2625 1465; x_wconf 84' lang='lat' dir='ltr'><strong>Sabbatiani.</strong></span> <span class='ocrx_word' id='word_1_190' title='bbox 2660 1405 2869 1465; x_wconf 85' lang='lat' dir='ltr'><strong>Ariani,</strong></span> <span class='ocrx_word' id='word_1_191' title='bbox 2900 1402 3292 1466; x_wconf 77' lang='lat' dir='ltr'><strong>Macedoniaui,</strong></span> <span class='ocrx_word' id='word_1_192' title='bbox 3328 1402 3783 1470; x_wconf 64' lang='lat' dir='ltr'><strong>Apollinaristm.»</strong></span> <span class='ocrx_word' id='word_1_193' title='bbox 3817 1400 3888 1456; x_wconf 82' lang='lat' dir='ltr'><strong>Et</strong></span> 
     </span>
    </p>
   </div>
   <div class='ocr_carea' id='block_1_30' title="bbox 2288 1493 3884 1566">
    <p class='ocr_par' dir='ltr' id='par_1_30' title="bbox 2288 1493 3884 1566">
     <span class='ocr_line' id='line_1_30' title="bbox 2288 1493 3884 1566; baseline 0.001 -17"><span class='ocrx_word' id='word_1_194' title='bbox 2288 1495 2447 1565; x_wconf 88' lang='lat' dir='ltr'><strong>paulo</strong></span> <span class='ocrx_word' id='word_1_195' title='bbox 2474 1506 2597 1566; x_wconf 79' lang='lat' dir='ltr'><strong>post</strong></span> <span class='ocrx_word' id='word_1_196' title='bbox 2644 1494 2841 1551; x_wconf 81' lang='lat' dir='ltr'><strong>ibidem</strong></span> <span class='ocrx_word' id='word_1_197' title='bbox 2885 1495 3165 1563; x_wconf 77' lang='lat' dir='ltr'><strong>subjicitur</strong></span> <span class='ocrx_word' id='word_1_198' title='bbox 3209 1502 3264 1548; x_wconf 84' lang='lat' dir='ltr'><strong>et</strong></span> <span class='ocrx_word' id='word_1_199' title='bbox 3303 1493 3443 1549; x_wconf 84' lang='lat' dir='ltr'><strong>istud</strong></span> <span class='ocrx_word' id='word_1_200' title='bbox 3487 1509 3555 1549; x_wconf 80' lang='lat' dir='ltr'><strong>ex</strong></span> <span class='ocrx_word' id='word_1_201' title='bbox 3593 1494 3824 1564; x_wconf 80' lang='lat' dir='ltr'><strong>epistola</strong></span> <span class='ocrx_word' id='word_1_202' title='bbox 3849 1495 3884 1550; x_wconf 71' lang='grc'>4</span> 
     </span>
    </p>
   </div>
   <div class='ocr_carea' id='block_1_31' title="bbox 2288 1585 3888 1656">
    <p class='ocr_par' dir='ltr' id='par_1_31' title="bbox 2288 1585 3888 1656">
     <span class='ocr_line' id='line_1_31' title="bbox 2288 1585 3888 1656; baseline -0.001 -13"><span class='ocrx_word' id='word_1_203' title='bbox 2288 1588 2561 1645; x_wconf 85' lang='lat' dir='ltr'><strong>Theodori</strong></span> <span class='ocrx_word' id='word_1_204' title='bbox 2590 1588 2815 1644; x_wconf 73' lang='lat' dir='ltr'><strong>Studita:</strong></span> <span class='ocrx_word' id='word_1_205' title='bbox 2843 1588 2910 1642; x_wconf 87' lang='lat' dir='ltr'><strong>ad</strong></span> <span class='ocrx_word' id='word_1_206' title='bbox 2940 1586 3286 1642; x_wconf 80' lang='lat' dir='ltr'><strong>Naucratium</strong></span> <span class='ocrx_word' id='word_1_207' title='bbox 3309 1596 3623 1656; x_wconf 80' lang='lat' dir='ltr'><strong>excerptum</strong></span> <span class='ocrx_word' id='word_1_208' title='bbox 3654 1603 3669 1639; x_wconf 88' lang='lat'><strong>:</strong></span> <span class='ocrx_word' id='word_1_209' title='bbox 3706 1604 3725 1637; x_wconf 82' lang='grc' dir='ltr'><strong>ι</strong></span> <span class='ocrx_word' id='word_1_210' title='bbox 3757 1585 3888 1653; x_wconf 68' lang='lat' dir='ltr'><strong>Qua:</strong></span> 
     </span>
    </p>
   </div>
   <div class='ocr_carea' id='block_1_32' title="bbox 2288 1678 3887 1753">
    <p class='ocr_par' dir='ltr' id='par_1_32' title="bbox 2288 1678 3887 1753">
     <span class='ocr_line' id='line_1_32' title="bbox 2288 1678 3887 1753; baseline -0.001 -17"><span class='ocrx_word' id='word_1_211' title='bbox 2288 1698 2318 1736; x_wconf 90' lang='lat' dir='ltr'><strong>a</strong></span> <span class='ocrx_word' id='word_1_212' title='bbox 2346 1698 2434 1740; x_wconf 86' lang='lat' dir='ltr'><strong>me</strong></span> <span class='ocrx_word' id='word_1_213' title='bbox 2480 1682 2736 1753; x_wconf 84' lang='lat' dir='ltr'><strong>petivisti,</strong></span> <span class='ocrx_word' id='word_1_214' title='bbox 2786 1692 2841 1737; x_wconf 90' lang='lat' dir='ltr'><strong>ut</strong></span> <span class='ocrx_word' id='word_1_215' title='bbox 2883 1681 3155 1752; x_wconf 84' lang='lat' dir='ltr'><strong>sigillatitu</strong></span> <span class='ocrx_word' id='word_1_216' title='bbox 3188 1679 3574 1750; x_wconf 84' lang='lat' dir='ltr'><strong>responderem</strong></span> <span class='ocrx_word' id='word_1_217' title='bbox 3603 1678 3673 1733; x_wconf 88' lang='lat' dir='ltr'><strong>de</strong></span> <span class='ocrx_word' id='word_1_218' title='bbox 3699 1679 3887 1746; x_wconf 87' lang='lat' dir='ltr'><strong>sectis,</strong></span> 
     </span>
    </p>
   </div>
   <div class='ocr_carea' id='block_1_33' title="bbox 588 1770 3889 1846">
    <p class='ocr_par' dir='ltr' id='par_1_33' title="bbox 588 1770 3889 1846">
     <span class='ocr_line' id='line_1_33' title="bbox 588 1770 3889 1846; baseline -0.002 -13"><span class='ocrx_word' id='word_1_219' title='bbox 588 1775 817 1833; x_wconf 84' lang='lat' dir='ltr'><strong>Basilius</strong></span> <span class='ocrx_word' id='word_1_220' title='bbox 857 1788 1018 1846; x_wconf 87' lang='lat' dir='ltr'><strong>supra</strong></span> <span class='ocrx_word' id='word_1_221' title='bbox 1051 1770 1118 1829; x_wconf 85' lang='lat' dir='ltr'><strong>de</strong></span> <span class='ocrx_word' id='word_1_222' title='bbox 1145 1774 1481 1831; x_wconf 79' lang='lat' dir='ltr'><strong>(ecumenico</strong></span> <span class='ocrx_word' id='word_1_223' title='bbox 1504 1772 1734 1828; x_wconf 91' lang='lat' dir='ltr'><strong>concilio</strong></span> <span class='ocrx_word' id='word_1_224' title='bbox 1760 1773 2058 1843; x_wconf 82' lang='lat' dir='ltr'><strong>satagebat,</strong></span> <span class='ocrx_word' id='word_1_225' title='bbox 2091 1772 2184 1827; x_wconf 89' lang='lat' dir='ltr'><strong>sed</strong></span> <span class='ocrx_word' id='word_1_226' title='bbox 2217 1776 2264 1837; x_wconf 92' lang='lat' dir='ltr'><strong>B</strong></span> <span class='ocrx_word' id='word_1_227' title='bbox 2294 1785 2349 1832; x_wconf 90' lang='lat' dir='ltr'><strong>et</strong></span> <span class='ocrx_word' id='word_1_228' title='bbox 2379 1776 2688 1846; x_wconf 87' lang='lat' dir='ltr'><strong>Baptismis,</strong></span> <span class='ocrx_word' id='word_1_229' title='bbox 2717 1789 2823 1831; x_wconf 89' lang='lat' dir='ltr'><strong>etc.</strong></span> <span class='ocrx_word' id='word_1_230' title='bbox 2852 1774 3062 1831; x_wconf 80' lang='lat' dir='ltr'><strong>Accede</strong></span> <span class='ocrx_word' id='word_1_231' title='bbox 3084 1774 3151 1831; x_wconf 86' lang='lat' dir='ltr'><strong>ad</strong></span> <span class='ocrx_word' id='word_1_232' title='bbox 3173 1790 3384 1831; x_wconf 84' lang='lat' dir='ltr'><strong>sacrum</strong></span> <span class='ocrx_word' id='word_1_233' title='bbox 3418 1773 3612 1828; x_wconf 90' lang='lat' dir='ltr'><strong>librum</strong></span> <span class='ocrx_word' id='word_1_234' title='bbox 3647 1773 3889 1843; x_wconf 85' lang='lat' dir='ltr'><strong>Epipha-</strong></span> 
     </span>
    </p>
   </div>
   <div class='ocr_carea' id='block_1_34' title="bbox 588 1865 2185 1935">
    <p class='ocr_par' dir='ltr' id='par_1_34' title="bbox 588 1865 2185 1935">
     <span class='ocr_line' id='line_1_34' title="bbox 588 1865 2185 1935; baseline -0.006 -8"><span class='ocrx_word' id='word_1_235' title='bbox 588 1869 657 1927; x_wconf 86' lang='lat' dir='ltr'><strong>de</strong></span> <span class='ocrx_word' id='word_1_236' title='bbox 681 1868 915 1923; x_wconf 89' lang='lat' dir='ltr'><strong>concilio</strong></span> <span class='ocrx_word' id='word_1_237' title='bbox 943 1876 1169 1930; x_wconf 64' lang='lat' dir='ltr'><strong>emtum,</strong></span> <span class='ocrx_word' id='word_1_238' title='bbox 1219 1876 1277 1921; x_wconf 90' lang='lat' dir='ltr'><strong>ut</strong></span> <span class='ocrx_word' id='word_1_239' title='bbox 1318 1865 1382 1921; x_wconf 92' lang='lat' dir='ltr'><strong>lis</strong></span> <span class='ocrx_word' id='word_1_240' title='bbox 1414 1866 1512 1921; x_wconf 90' lang='lat' dir='ltr'><strong>ista</strong></span> <span class='ocrx_word' id='word_1_241' title='bbox 1543 1866 1910 1922; x_wconf 85' lang='lat' dir='ltr'><strong>dirimeretnr.</strong></span> <span class='ocrx_word' id='word_1_242' title='bbox 1941 1865 2185 1935; x_wconf 84' lang='lat' dir='ltr'><strong>Epipha-</strong></span> 
     </span>
    </p>
   </div>
   <div class='ocr_carea' id='block_1_35' title="bbox 591 1957 2189 2032">
    <p class='ocr_par' dir='ltr' id='par_1_35' title="bbox 591 1957 2189 2032">
     <span class='ocr_line' id='line_1_35' title="bbox 591 1957 2189 2032; baseline -0.003 -16"><span class='ocrx_word' id='word_1_243' title='bbox 591 1960 712 2016; x_wconf 87' lang='lat' dir='ltr'><strong>nius</strong></span> <span class='ocrx_word' id='word_1_244' title='bbox 753 1959 1106 2015; x_wconf 74' lang='lat' dir='ltr'><strong>mcumenicze</strong></span> <span class='ocrx_word' id='word_1_245' title='bbox 1135 1957 1328 2032; x_wconf 83' lang='lat' dir='ltr'><strong>synodi</strong></span> <span class='ocrx_word' id='word_1_246' title='bbox 1357 1972 1577 2029; x_wconf 79' lang='lat' dir='ltr'><strong>operam</strong></span> <span class='ocrx_word' id='word_1_247' title='bbox 1619 1957 1908 2023; x_wconf 79' lang='lat' dir='ltr'><strong>desiderat,</strong></span> <span class='ocrx_word' id='word_1_248' title='bbox 1966 1958 2189 2028; x_wconf 83' lang='lat' dir='ltr'><strong>peritior</strong></span> 
     </span>
    </p>
   </div>
   <div class='ocr_carea' id='block_1_36' title="bbox 588 2047 2189 2124">
    <p class='ocr_par' dir='ltr' id='par_1_36' title="bbox 588 2047 2189 2124">
     <span class='ocr_line' id='line_1_36' title="bbox 588 2047 2189 2124; baseline -0.004 -12"><span class='ocrx_word' id='word_1_249' title='bbox 588 2055 824 2112; x_wconf 82' lang='lat' dir='ltr'><strong>fortasse</strong></span> <span class='ocrx_word' id='word_1_250' title='bbox 851 2048 1059 2109; x_wconf 83' lang='lat' dir='ltr'><strong>dissidii</strong></span> <span class='ocrx_word' id='word_1_251' title='bbox 1088 2068 1195 2124; x_wconf 91' lang='lat' dir='ltr'><strong>quo</strong></span> <span class='ocrx_word' id='word_1_252' title='bbox 1217 2047 1521 2107; x_wconf 83' lang='lat' dir='ltr'><strong>Orientales</strong></span> <span class='ocrx_word' id='word_1_253' title='bbox 1551 2050 1795 2107; x_wconf 89' lang='lat' dir='ltr'><strong>nonnulli</strong></span> <span class='ocrx_word' id='word_1_254' title='bbox 1828 2051 1896 2106; x_wconf 92' lang='lat' dir='ltr'><strong>ab</strong></span> <span class='ocrx_word' id='word_1_255' title='bbox 1920 2049 2189 2107; x_wconf 88' lang='lat' dir='ltr'><strong>Occiden-</strong></span> 
     </span>
    </p>
   </div>
   <div class='ocr_carea' id='block_1_37' title="bbox 592 2142 1383 2205">
    <p class='ocr_par' dir='ltr' id='par_1_37' title="bbox 592 2142 1383 2205">
     <span class='ocr_line' id='line_1_37' title="bbox 592 2142 1383 2205; baseline -0.008 0"><span class='ocrx_word' id='word_1_256' title='bbox 592 2146 795 2205; x_wconf 82' lang='lat' dir='ltr'><strong>talibus</strong></span> <span class='ocrx_word' id='word_1_257' title='bbox 822 2145 1001 2202; x_wconf 87' lang='lat' dir='ltr'><strong>adbuc</strong></span> <span class='ocrx_word' id='word_1_258' title='bbox 1026 2142 1383 2201; x_wconf 87' lang='lat' dir='ltr'><strong>dissidebant.</strong></span> 
     </span>
    </p>
   </div>
   <div class='ocr_carea' id='block_1_38' title="bbox 807 2258 1969 2323">
    <p class='ocr_par' dir='ltr' id='par_1_38' title="bbox 807 2258 1969 2323">
     <span class='ocr_line' id='line_1_38' title="bbox 807 2258 1969 2323; baseline -0.003 -6"><span class='ocrx_word' id='word_1_259' title='bbox 807 2258 985 2317; x_wconf 86' lang='lat' dir='ltr'><strong>XLIII.</strong></span> <span class='ocrx_word' id='word_1_260' title='bbox 1028 2277 1097 2317; x_wconf 77' lang='lat' dir='ltr'><strong>sx</strong></span> <span class='ocrx_word' id='word_1_261' title='bbox 1123 2276 1359 2323; x_wconf 71' lang='lat' dir='ltr'><strong>saeuum</strong></span> <span class='ocrx_word' id='word_1_262' title='bbox 1392 2275 1594 2317; x_wconf 75' lang='lat' dir='ltr'><strong>svnono</strong></span> <span class='ocrx_word' id='word_1_263' title='bbox 1619 2275 1969 2317; x_wconf 72' lang='lat' dir='ltr'><strong>(ECUIIENICA.</strong></span> 
     </span>
    </p>
   </div>
   <div class='ocr_carea' id='block_1_39' title="bbox 664 2400 2189 2471">
    <p class='ocr_par' dir='ltr' id='par_1_39' title="bbox 664 2400 2189 2471">
     <span class='ocr_line' id='line_1_39' title="bbox 664 2400 2189 2471; baseline -0.002 -14"><span class='ocrx_word' id='word_1_264' title='bbox 664 2401 739 2457; x_wconf 76' lang='lat' dir='ltr'><strong>Ita</strong></span> <span class='ocrx_word' id='word_1_265' title='bbox 771 2400 1075 2457; x_wconf 81' lang='lat' dir='ltr'><strong>sentiebant</strong></span> <span class='ocrx_word' id='word_1_266' title='bbox 1102 2400 1293 2456; x_wconf 78' lang='lat' dir='ltr'><strong>Patres</strong></span> <span class='ocrx_word' id='word_1_267' title='bbox 1320 2409 1537 2457; x_wconf 87' lang='lat' dir='ltr'><strong>centum</strong></span> <span class='ocrx_word' id='word_1_268' title='bbox 1588 2400 1974 2471; x_wconf 82' lang='lat' dir='ltr'><strong>quinquaginta</strong></span> <span class='ocrx_word' id='word_1_269' title='bbox 2009 2400 2061 2455; x_wconf 93' lang='lat' dir='ltr'><strong>in</strong></span> <span class='ocrx_word' id='word_1_270' title='bbox 2091 2414 2189 2471; x_wconf 89' lang='lat' dir='ltr'><strong>sy-</strong></span> 
     </span>
    </p>
   </div>
   <div class='ocr_carea' id='block_1_40' title="bbox 595 2492 2185 2553">
    <p class='ocr_par' dir='ltr' id='par_1_40' title="bbox 595 2492 2185 2553">
     <span class='ocr_line' id='line_1_40' title="bbox 595 2492 2185 2553; baseline -0.003 0"><span class='ocrx_word' id='word_1_271' title='bbox 595 2495 739 2553; x_wconf 86' lang='lat' dir='ltr'><strong>nodo</strong></span> <span class='ocrx_word' id='word_1_272' title='bbox 759 2494 995 2551; x_wconf 74' lang='lat' dir='ltr'><strong>secunda</strong></span> <span class='ocrx_word' id='word_1_273' title='bbox 1021 2494 1377 2550; x_wconf 72' lang='lat' dir='ltr'><strong>meumenica.</strong></span> <span class='ocrx_word' id='word_1_274' title='bbox 1402 2492 1534 2548; x_wconf 78' lang='lat' dir='ltr'><strong>Nam</strong></span> <span class='ocrx_word' id='word_1_275' title='bbox 1565 2508 1690 2549; x_wconf 85' lang='lat' dir='ltr'><strong>can.</strong></span> <span class='ocrx_word' id='word_1_276' title='bbox 1721 2509 1792 2548; x_wconf 87' lang='lat' dir='ltr'><strong>vn</strong></span> <span class='ocrx_word' id='word_1_277' title='bbox 1825 2495 1896 2549; x_wconf 89' lang='lat' dir='ltr'><strong>ita</strong></span> <span class='ocrx_word' id='word_1_278' title='bbox 1922 2493 2141 2549; x_wconf 82' lang='lat' dir='ltr'><strong>edicunt</strong></span> <span class='ocrx_word' id='word_1_279' title='bbox 2170 2507 2185 2549; x_wconf 90' lang='lat'>:</span> 
     </span>
    </p>
   </div>
   <div class='ocr_carea' id='block_1_41' title="bbox 602 2586 2191 2662">
    <p class='ocr_par' dir='ltr' id='par_1_41' title="bbox 602 2586 2191 2662">
     <span class='ocr_line' id='line_1_41' title="bbox 602 2586 2191 2662; baseline -0.003 -17"><span class='ocrx_word' id='word_1_280' title='bbox 602 2610 627 2645; x_wconf 74' lang='grc' dir='ltr'><strong>ι</strong></span> <span class='ocrx_word' id='word_1_281' title='bbox 661 2589 771 2647; x_wconf 81' lang='lat' dir='ltr'><strong>Eos</strong></span> <span class='ocrx_word' id='word_1_282' title='bbox 799 2589 893 2662; x_wconf 86' lang='lat' dir='ltr'><strong>qui</strong></span> <span class='ocrx_word' id='word_1_283' title='bbox 925 2598 1089 2644; x_wconf 74' lang='lat' dir='ltr'><strong>rectze</strong></span> <span class='ocrx_word' id='word_1_284' title='bbox 1116 2586 1239 2643; x_wconf 82' lang='lat' dir='ltr'><strong>lidei</strong></span> <span class='ocrx_word' id='word_1_285' title='bbox 1262 2587 1612 2658; x_wconf 73' lang='lat' dir='ltr'><strong>adjiciuntur,</strong></span> <span class='ocrx_word' id='word_1_286' title='bbox 1642 2597 1697 2643; x_wconf 89' lang='lat' dir='ltr'><strong>et</strong></span> <span class='ocrx_word' id='word_1_287' title='bbox 1722 2588 1859 2659; x_wconf 88' lang='lat' dir='ltr'><strong>parti</strong></span> <span class='ocrx_word' id='word_1_288' title='bbox 1885 2602 2072 2643; x_wconf 84' lang='lat' dir='ltr'><strong>eorum</strong></span> <span class='ocrx_word' id='word_1_289' title='bbox 2098 2588 2191 2657; x_wconf 89' lang='lat' dir='ltr'><strong>qui</strong></span> 
     </span>
    </p>
   </div>
   <div class='ocr_carea' id='block_1_42' title="bbox 595 2681 2195 2752">
    <p class='ocr_par' dir='ltr' id='par_1_42' title="bbox 595 2681 2195 2752">
     <span class='ocr_line' id='line_1_42' title="bbox 595 2681 2195 2752; baseline -0.002 -12"><span class='ocrx_word' id='word_1_290' title='bbox 595 2700 662 2741; x_wconf 82' lang='lat' dir='ltr'><strong>ex</strong></span> <span class='ocrx_word' id='word_1_291' title='bbox 687 2683 959 2740; x_wconf 63' lang='lat' dir='ltr'><strong>haereticis</strong></span> <span class='ocrx_word' id='word_1_292' title='bbox 985 2691 1290 2749; x_wconf 79' lang='lat' dir='ltr'><strong>servantur,</strong></span> <span class='ocrx_word' id='word_1_293' title='bbox 1323 2682 1614 2750; x_wconf 86' lang='lat' dir='ltr'><strong>recipimus</strong></span> <span class='ocrx_word' id='word_1_294' title='bbox 1652 2681 1948 2737; x_wconf 82' lang='lat' dir='ltr'><strong>secundum</strong></span> <span class='ocrx_word' id='word_1_295' title='bbox 1977 2681 2195 2752; x_wconf 78' lang='lat' dir='ltr'><strong>subjec-</strong></span> 
     </span>
    </p>
   </div>
   <div class='ocr_carea' id='block_1_43' title="bbox 595 2776 2194 2846">
    <p class='ocr_par' dir='ltr' id='par_1_43' title="bbox 595 2776 2194 2846">
     <span class='ocr_line' id='line_1_43' title="bbox 595 2776 2194 2846; baseline -0.002 -11"><span class='ocrx_word' id='word_1_296' title='bbox 595 2790 703 2835; x_wconf 73' lang='lat' dir='ltr'><strong>tum</strong></span> <span class='ocrx_word' id='word_1_297' title='bbox 732 2778 822 2835; x_wconf 87' lang='lat' dir='ltr'><strong>hic</strong></span> <span class='ocrx_word' id='word_1_298' title='bbox 863 2777 1307 2846; x_wconf 83' lang='lat' dir='ltr'><strong>consequentiam</strong></span> <span class='ocrx_word' id='word_1_299' title='bbox 1346 2785 1401 2832; x_wconf 89' lang='lat' dir='ltr'><strong>et</strong></span> <span class='ocrx_word' id='word_1_300' title='bbox 1448 2776 1913 2844; x_wconf 70' lang='lat' dir='ltr'><strong>consuetudinarii,</strong></span> <span class='ocrx_word' id='word_1_301' title='bbox 1964 2777 2194 2832; x_wconf 84' lang='lat' dir='ltr'><strong>Arianos</strong></span> 
     </span>
    </p>
   </div>
   <div class='ocr_carea' id='block_1_44' title="bbox 595 2869 2195 2944">
    <p class='ocr_par' dir='ltr' id='par_1_44' title="bbox 595 2869 2195 2944">
     <span class='ocr_line' id='line_1_44' title="bbox 595 2869 2195 2944; baseline -0.001 -17"><span class='ocrx_word' id='word_1_302' title='bbox 595 2871 832 2944; x_wconf 86' lang='lat' dir='ltr'><strong>quidem,</strong></span> <span class='ocrx_word' id='word_1_303' title='bbox 886 2880 992 2926; x_wconf 90' lang='lat' dir='ltr'><strong>etc.</strong></span> <span class='ocrx_word' id='word_1_304' title='bbox 1036 2869 1404 2925; x_wconf 72' lang='lat' dir='ltr'><strong>Eunomianos</strong></span> <span class='ocrx_word' id='word_1_305' title='bbox 1435 2885 1586 2937; x_wconf 88' lang='lat' dir='ltr'><strong>vero,</strong></span> <span class='ocrx_word' id='word_1_306' title='bbox 1618 2879 1726 2926; x_wconf 91' lang='lat' dir='ltr'><strong>etc.</strong></span> <span class='ocrx_word' id='word_1_307' title='bbox 1777 2888 1796 2923; x_wconf 77' lang='grc' dir='ltr'><strong>ι</strong></span> <span class='ocrx_word' id='word_1_308' title='bbox 1830 2870 1956 2925; x_wconf 86' lang='lat' dir='ltr'><strong>Illos</strong></span> <span class='ocrx_word' id='word_1_309' title='bbox 2002 2885 2195 2939; x_wconf 90' lang='lat' dir='ltr'><strong>nempe</strong></span> 
     </span>
    </p>
   </div>
   <div class='ocr_carea' id='block_1_45' title="bbox 597 2962 2197 3034">
    <p class='ocr_par' dir='ltr' id='par_1_45' title="bbox 597 2962 2197 3034">
     <span class='ocr_line' id='line_1_45' title="bbox 597 2962 2197 3034; baseline -0.001 -15"><span class='ocrx_word' id='word_1_310' title='bbox 597 2965 851 3020; x_wconf 85' lang='lat' dir='ltr'><strong>unctione</strong></span> <span class='ocrx_word' id='word_1_311' title='bbox 881 2962 1224 3029; x_wconf 89' lang='lat' dir='ltr'><strong>Chrismatis,</strong></span> <span class='ocrx_word' id='word_1_312' title='bbox 1259 2964 1356 3017; x_wconf 87' lang='lat' dir='ltr'><strong>hos</strong></span> <span class='ocrx_word' id='word_1_313' title='bbox 1380 2962 1675 3034; x_wconf 89' lang='lat' dir='ltr'><strong>Baptismo.</strong></span> <span class='ocrx_word' id='word_1_314' title='bbox 1703 2964 1867 3018; x_wconf 86' lang='lat' dir='ltr'><strong>Suum</strong></span> <span class='ocrx_word' id='word_1_315' title='bbox 1909 2963 2197 3033; x_wconf 85' lang='lat' dir='ltr'><strong>simplicis-</strong></span> 
     </span>
    </p>
   </div>
   <div class='ocr_carea' id='block_1_46' title="bbox 596 3055 2195 3131">
    <p class='ocr_par' dir='ltr' id='par_1_46' title="bbox 596 3055 2195 3131">
     <span class='ocr_line' id='line_1_46' title="bbox 596 3055 2195 3131; baseline -0.002 -20"><span class='ocrx_word' id='word_1_316' title='bbox 596 3056 734 3111; x_wconf 88' lang='lat' dir='ltr'><strong>sime</strong></span> <span class='ocrx_word' id='word_1_317' title='bbox 762 3070 965 3110; x_wconf 90' lang='lat' dir='ltr'><strong>morem</strong></span> <span class='ocrx_word' id='word_1_318' title='bbox 983 3055 1735 3131; x_wconf 29' lang='lat' dir='ltr'><strong>enarrant.‘consuetudinem</strong></span> <span class='ocrx_word' id='word_1_319' title='bbox 1760 3056 1897 3111; x_wconf 85' lang='lat' dir='ltr'><strong>hanc</strong></span> <span class='ocrx_word' id='word_1_320' title='bbox 1927 3070 2046 3109; x_wconf 87' lang='lat' dir='ltr'><strong>esse</strong></span> <span class='ocrx_word' id='word_1_321' title='bbox 2069 3069 2195 3124; x_wconf 84' lang='lat' dir='ltr'><strong>per-</strong></span> 
     </span>
    </p>
   </div>
   <div class='ocr_carea' id='block_1_47' title="bbox 2299 1865 3893 1938">
    <p class='ocr_par' dir='ltr' id='par_1_47' title="bbox 2299 1865 3893 1938">
     <span class='ocr_line' id='line_1_47' title="bbox 2299 1865 3893 1938; baseline -0.003 -15"><span class='ocrx_word' id='word_1_322' title='bbox 2299 1869 2395 1935; x_wconf 90' lang='lat' dir='ltr'><strong>nii,</strong></span> <span class='ocrx_word' id='word_1_323' title='bbox 2413 1879 2517 1923; x_wconf 79' lang='lat' dir='ltr'><strong>etc.</strong></span> <span class='ocrx_word' id='word_1_324' title='bbox 2541 1869 2933 1938; x_wconf 83' lang='lat' dir='ltr'><strong>Contemplatio</strong></span> <span class='ocrx_word' id='word_1_325' title='bbox 2952 1867 3228 1938; x_wconf 86' lang='lat' dir='ltr'><strong>tripliciter</strong></span> <span class='ocrx_word' id='word_1_326' title='bbox 3247 1866 3523 1921; x_wconf 85' lang='lat' dir='ltr'><strong>dividitur.</strong></span> <span class='ocrx_word' id='word_1_327' title='bbox 3544 1865 3893 1935; x_wconf 84' lang='lat' dir='ltr'><strong>Baptizantut&#39;</strong></span> 
     </span>
    </p>
   </div>
   <div class='ocr_carea' id='block_1_48' title="bbox 2293 1957 3887 2031">
    <p class='ocr_par' dir='ltr' id='par_1_48' title="bbox 2293 1957 3887 2031">
     <span class='ocr_line' id='line_1_48' title="bbox 2293 1957 3887 2031; baseline -0.003 -16"><span class='ocrx_word' id='word_1_328' title='bbox 2293 1970 2473 2017; x_wconf 87' lang='lat' dir='ltr'><strong>autem</strong></span> <span class='ocrx_word' id='word_1_329' title='bbox 2521 1961 2901 2027; x_wconf 76' lang='lat' dir='ltr'><strong>Marcionistm,</strong></span> <span class='ocrx_word' id='word_1_330' title='bbox 2949 1958 3301 2031; x_wconf 85' lang='lat' dir='ltr'><strong>Tascodrugi,</strong></span> <span class='ocrx_word' id='word_1_331' title='bbox 3351 1958 3652 2018; x_wconf 67' lang='lat' dir='ltr'><strong>Manichari,</strong></span> <span class='ocrx_word' id='word_1_332' title='bbox 3702 1969 3756 2012; x_wconf 92' lang='lat' dir='ltr'><strong>et</strong></span> <span class='ocrx_word' id='word_1_333' title='bbox 3796 1957 3887 2027; x_wconf 89' lang='lat' dir='ltr'><strong>qui</strong></span> 
     </span>
    </p>
   </div>
   <div class='ocr_carea' id='block_1_49' title="bbox 2293 2051 3883 2125">
    <p class='ocr_par' dir='ltr' id='par_1_49' title="bbox 2293 2051 3883 2125">
     <span class='ocr_line' id='line_1_49' title="bbox 2293 2051 3883 2125; baseline -0.003 -16"><span class='ocrx_word' id='word_1_334' title='bbox 2293 2063 2419 2109; x_wconf 91' lang='lat' dir='ltr'><strong>sunt</strong></span> <span class='ocrx_word' id='word_1_335' title='bbox 2465 2052 2707 2125; x_wconf 87' lang='lat' dir='ltr'><strong>ejusdem</strong></span> <span class='ocrx_word' id='word_1_336' title='bbox 2739 2053 2966 2119; x_wconf 71' lang='lat' dir='ltr'><strong>ordinis,</strong></span> <span class='ocrx_word' id='word_1_337' title='bbox 3024 2066 3193 2123; x_wconf 88' lang='lat' dir='ltr'><strong>usque</strong></span> <span class='ocrx_word' id='word_1_338' title='bbox 3241 2051 3309 2107; x_wconf 91' lang='lat' dir='ltr'><strong>ad</strong></span> <span class='ocrx_word' id='word_1_339' title='bbox 3360 2051 3883 2116; x_wconf 81' lang='lat' dir='ltr'><strong>Melchisedechitas,</strong></span> 
     </span>
    </p>
   </div>
   <div class='ocr_carea' id='block_1_50' title="bbox 2297 2146 3882 2219">
    <p class='ocr_par' dir='ltr' id='par_1_50' title="bbox 2297 2146 3882 2219">
     <span class='ocr_line' id='line_1_50' title="bbox 2297 2146 3882 2219; baseline 0 -17"><span class='ocrx_word' id='word_1_340' title='bbox 2297 2146 2483 2219; x_wconf 75' lang='lat' dir='ltr'><strong>viginti</strong></span> <span class='ocrx_word' id='word_1_341' title='bbox 2524 2148 2760 2219; x_wconf 87' lang='lat' dir='ltr'><strong>quinque</strong></span> <span class='ocrx_word' id='word_1_342' title='bbox 2810 2147 3065 2203; x_wconf 76' lang='lat' dir='ltr'><strong>haereses.</strong></span> <span class='ocrx_word' id='word_1_343' title='bbox 3120 2147 3459 2219; x_wconf 78' lang='lat' dir='ltr'><strong>lnungnntur</strong></span> <span class='ocrx_word' id='word_1_344' title='bbox 3506 2158 3677 2202; x_wconf 89' lang='lat' dir='ltr'><strong>autem</strong></span> <span class='ocrx_word' id='word_1_345' title='bbox 3723 2159 3882 2202; x_wconf 79' lang='lat' dir='ltr'><strong>sacro</strong></span> 
     </span>
    </p>
   </div>
   <div class='ocr_carea' id='block_1_51' title="bbox 2294 2238 3879 2307">
    <p class='ocr_par' dir='ltr' id='par_1_51' title="bbox 2294 2238 3879 2307">
     <span class='ocr_line' id='line_1_51' title="bbox 2294 2238 3879 2307; baseline -0.001 -12"><span class='ocrx_word' id='word_1_346' title='bbox 2294 2238 2596 2295; x_wconf 89' lang='lat' dir='ltr'><strong>Chrismate</strong></span> <span class='ocrx_word' id='word_1_347' title='bbox 2612 2239 2928 2306; x_wconf 79' lang='lat' dir='ltr'><strong>Tetraditac,</strong></span> <span class='ocrx_word' id='word_1_348' title='bbox 2946 2241 3250 2303; x_wconf 80' lang='lat' dir='ltr'><strong>Novatiani,</strong></span> <span class='ocrx_word' id='word_1_349' title='bbox 3264 2240 3472 2307; x_wconf 90' lang='lat' dir='ltr'><strong>Ariani,</strong></span> <span class='ocrx_word' id='word_1_350' title='bbox 3493 2239 3879 2304; x_wconf 78' lang='lat' dir='ltr'><strong>Macedoniaui,</strong></span> 
     </span>
    </p>
   </div>
   <div class='ocr_carea' id='block_1_52' title="bbox 2295 2332 3898 2404">
    <p class='ocr_par' dir='ltr' id='par_1_52' title="bbox 2295 2332 3898 2404">
     <span class='ocr_line' id='line_1_52' title="bbox 2295 2332 3898 2404; baseline -0.001 -15"><span class='ocrx_word' id='word_1_351' title='bbox 2295 2332 2711 2402; x_wconf 69' lang='lat' dir='ltr'><strong>Apollinaristai,</strong></span> <span class='ocrx_word' id='word_1_352' title='bbox 2735 2333 2892 2388; x_wconf 88' lang='lat' dir='ltr'><strong>simul</strong></span> <span class='ocrx_word' id='word_1_353' title='bbox 2916 2334 3171 2404; x_wconf 92' lang='lat' dir='ltr'><strong>quinque.</strong></span> <span class='ocrx_word' id='word_1_354' title='bbox 3199 2334 3300 2401; x_wconf 83' lang='lat' dir='ltr'><strong>Qui</strong></span> <span class='ocrx_word' id='word_1_355' title='bbox 3332 2350 3461 2389; x_wconf 87' lang='lat' dir='ltr'><strong>vero</strong></span> <span class='ocrx_word' id='word_1_356' title='bbox 3488 2351 3589 2389; x_wconf 89' lang='lat' dir='ltr'><strong>nec</strong></span> <span class='ocrx_word' id='word_1_357' title='bbox 3618 2334 3898 2404; x_wconf 76' lang='lat' dir='ltr'><strong>baptizan-</strong></span> 
     </span>
    </p>
   </div>
   <div class='ocr_carea' id='block_1_53' title="bbox 2295 2425 3894 2498">
    <p class='ocr_par' dir='ltr' id='par_1_53' title="bbox 2295 2425 3894 2498">
     <span class='ocr_line' id='line_1_53' title="bbox 2295 2425 3894 2498; baseline 0.003 -21"><span class='ocrx_word' id='word_1_358' title='bbox 2295 2432 2404 2490; x_wconf 88' lang='lat' dir='ltr'><strong>tur,</strong></span> <span class='ocrx_word' id='word_1_359' title='bbox 2440 2438 2538 2480; x_wconf 89' lang='lat' dir='ltr'><strong>nec</strong></span> <span class='ocrx_word' id='word_1_360' title='bbox 2567 2434 2862 2493; x_wconf 83' lang='lat' dir='ltr'><strong>unguntur,</strong></span> <span class='ocrx_word' id='word_1_361' title='bbox 2908 2425 3003 2481; x_wconf 90' lang='lat' dir='ltr'><strong>sed</strong></span> <span class='ocrx_word' id='word_1_362' title='bbox 3044 2426 3215 2482; x_wconf 87' lang='lat' dir='ltr'><strong>solam</strong></span> <span class='ocrx_word' id='word_1_363' title='bbox 3258 2427 3527 2498; x_wconf 85' lang='lat' dir='ltr'><strong>propriam</strong></span> <span class='ocrx_word' id='word_1_364' title='bbox 3573 2436 3629 2482; x_wconf 88' lang='lat' dir='ltr'><strong>et</strong></span> <span class='ocrx_word' id='word_1_365' title='bbox 3671 2442 3894 2483; x_wconf 87' lang='lat' dir='ltr'><strong>omnem</strong></span> 
     </span>
    </p>
   </div>
   <div class='ocr_carea' id='block_1_54' title="bbox 2296 2515 3894 2587">
    <p class='ocr_par' dir='ltr' id='par_1_54' title="bbox 2296 2515 3894 2587">
     <span class='ocr_line' id='line_1_54' title="bbox 2296 2515 3894 2587; baseline 0.003 -18"><span class='ocrx_word' id='word_1_366' title='bbox 2296 2515 2456 2570; x_wconf 90' lang='lat' dir='ltr'><strong>aliam</strong></span> <span class='ocrx_word' id='word_1_367' title='bbox 2485 2515 2717 2572; x_wconf 79' lang='lat' dir='ltr'><strong>haeresiu</strong></span> <span class='ocrx_word' id='word_1_368' title='bbox 2740 2518 3219 2587; x_wconf 84' lang='lat' dir='ltr'><strong>anathematizant,</strong></span> <span class='ocrx_word' id='word_1_369' title='bbox 3247 2519 3540 2585; x_wconf 81' lang='lat' dir='ltr'><strong>Melctiani,</strong></span> <span class='ocrx_word' id='word_1_370' title='bbox 3565 2518 3894 2583; x_wconf 77' lang='lat' dir='ltr'><strong>Nestoriani,</strong></span> 
     </span>
    </p>
   </div>
   <div class='ocr_carea' id='block_1_55' title="bbox 2297 2611 3895 2685">
    <p class='ocr_par' dir='ltr' id='par_1_55' title="bbox 2297 2611 3895 2685">
     <span class='ocr_line' id='line_1_55' title="bbox 2297 2611 3895 2685; baseline -0.001 -17"><span class='ocrx_word' id='word_1_371' title='bbox 2297 2611 2737 2685; x_wconf 70' lang='lat' dir='ltr'><strong>Eutychianistte,</strong></span> <span class='ocrx_word' id='word_1_372' title='bbox 2769 2622 2873 2668; x_wconf 89' lang='lat' dir='ltr'><strong>etc.</strong></span> <span class='ocrx_word' id='word_1_373' title='bbox 2915 2630 2934 2665; x_wconf 79' lang='grc' dir='ltr'><strong>ι</strong></span> <span class='ocrx_word' id='word_1_374' title='bbox 2970 2612 3100 2679; x_wconf 69' lang='lat' dir='ltr'><strong>Qua:</strong></span> <span class='ocrx_word' id='word_1_375' title='bbox 3130 2614 3390 2684; x_wconf 78' lang='lat' dir='ltr'><strong>prolixior</strong></span> <span class='ocrx_word' id='word_1_376' title='bbox 3416 2613 3529 2669; x_wconf 84' lang='lat' dir='ltr'><strong>fere</strong></span> <span class='ocrx_word' id='word_1_377' title='bbox 3555 2623 3642 2669; x_wconf 89' lang='lat' dir='ltr'><strong>est</strong></span> <span class='ocrx_word' id='word_1_378' title='bbox 3671 2614 3895 2668; x_wconf 78' lang='lat' dir='ltr'><strong>canonis</strong></span> 
     </span>
    </p>
   </div>
   <div class='ocr_carea' id='block_1_56' title="bbox 2298 2703 3890 2777">
    <p class='ocr_par' dir='ltr' id='par_1_56' title="bbox 2298 2703 3890 2777">
     <span class='ocr_line' id='line_1_56' title="bbox 2298 2703 3890 2777; baseline 0.001 -17"><span class='ocrx_word' id='word_1_379' title='bbox 2298 2704 2512 2777; x_wconf 87' lang='lat' dir='ltr'><strong>septimi</strong></span> <span class='ocrx_word' id='word_1_380' title='bbox 2553 2705 2745 2777; x_wconf 84' lang='lat' dir='ltr'><strong>synodi</strong></span> <span class='ocrx_word' id='word_1_381' title='bbox 2770 2703 3075 2762; x_wconf 70' lang='lat' dir='ltr'><strong>Ci’olitanae</strong></span> <span class='ocrx_word' id='word_1_382' title='bbox 3106 2707 3495 2776; x_wconf 84' lang='lat' dir='ltr'><strong>interpretatio.</strong></span> <span class='ocrx_word' id='word_1_383' title='bbox 3531 2706 3697 2762; x_wconf 84' lang='lat' dir='ltr'><strong>Vides</strong></span> <span class='ocrx_word' id='word_1_384' title='bbox 3716 2720 3890 2762; x_wconf 88' lang='lat' dir='ltr'><strong>autem</strong></span> 
     </span>
    </p>
   </div>
   <div class='ocr_carea' id='block_1_57' title="bbox 2297 2796 3894 2869">
    <p class='ocr_par' dir='ltr' id='par_1_57' title="bbox 2297 2796 3894 2869">
     <span class='ocr_line' id='line_1_57' title="bbox 2297 2796 3894 2869; baseline 0.001 -17"><span class='ocrx_word' id='word_1_385' title='bbox 2297 2814 2457 2869; x_wconf 85' lang='lat' dir='ltr'><strong>quam</strong></span> <span class='ocrx_word' id='word_1_386' title='bbox 2486 2796 2793 2853; x_wconf 88' lang='lat' dir='ltr'><strong>immaniter</strong></span> <span class='ocrx_word' id='word_1_387' title='bbox 2824 2796 2942 2853; x_wconf 65' lang='lat' dir='ltr'><strong>haec</strong></span> <span class='ocrx_word' id='word_1_388' title='bbox 2979 2797 3277 2854; x_wconf 68' lang='lat' dir='ltr'><strong>dissideant</strong></span> <span class='ocrx_word' id='word_1_389' title='bbox 3303 2816 3333 2853; x_wconf 85' lang='lat' dir='ltr'><strong>a</strong></span> <span class='ocrx_word' id='word_1_390' title='bbox 3360 2800 3757 2856; x_wconf 87' lang='lat' dir='ltr'><strong>consuetudine</strong></span> <span class='ocrx_word' id='word_1_391' title='bbox 3781 2799 3894 2853; x_wconf 55' lang='lat' dir='ltr'><strong>Ro.</strong></span> 
     </span>
    </p>
   </div>
   <div class='ocr_carea' id='block_1_58' title="bbox 2300 2890 3901 2964">
    <p class='ocr_par' dir='ltr' id='par_1_58' title="bbox 2300 2890 3901 2964">
     <span class='ocr_line' id='line_1_58' title="bbox 2300 2890 3901 2964; baseline 0.003 -20"><span class='ocrx_word' id='word_1_392' title='bbox 2300 2906 2471 2945; x_wconf 69' lang='lat' dir='ltr'><strong>mante</strong></span> <span class='ocrx_word' id='word_1_393' title='bbox 2496 2890 2777 2954; x_wconf 66' lang='lat' dir='ltr'><strong>Ecclesiae,</strong></span> <span class='ocrx_word' id='word_1_394' title='bbox 2806 2907 2927 2961; x_wconf 65' lang='lat' dir='ltr'><strong>qua:</strong></span> <span class='ocrx_word' id='word_1_395' title='bbox 2950 2908 3222 2962; x_wconf 83' lang='lat' dir='ltr'><strong>nunquam</strong></span> <span class='ocrx_word' id='word_1_396' title='bbox 3246 2893 3506 2964; x_wconf 85' lang='lat' dir='ltr'><strong>deinceps</strong></span> <span class='ocrx_word' id='word_1_397' title='bbox 3531 2903 3711 2950; x_wconf 87' lang='lat' dir='ltr'><strong>tamen</strong></span> <span class='ocrx_word' id='word_1_398' title='bbox 3740 2910 3802 2951; x_wconf 85' lang='lat' dir='ltr'><strong>ea</strong></span> <span class='ocrx_word' id='word_1_399' title='bbox 3829 2894 3901 2949; x_wconf 86' lang='lat' dir='ltr'><strong>de</strong></span> 
     </span>
    </p>
   </div>
   <div class='ocr_carea' id='block_1_59' title="bbox 2300 2984 3896 3047">
    <p class='ocr_par' dir='ltr' id='par_1_59' title="bbox 2300 2984 3896 3047">
     <span class='ocr_line' id='line_1_59' title="bbox 2300 2984 3896 3047; baseline 0.002 -8"><span class='ocrx_word' id='word_1_400' title='bbox 2300 3001 2360 3041; x_wconf 89' lang='lat' dir='ltr'><strong>re</strong></span> <span class='ocrx_word' id='word_1_401' title='bbox 2392 2984 2538 3039; x_wconf 88' lang='lat' dir='ltr'><strong>litem</strong></span> <span class='ocrx_word' id='word_1_402' title='bbox 2572 2985 2737 3039; x_wconf 90' lang='lat' dir='ltr'><strong>movit</strong></span> <span class='ocrx_word' id='word_1_403' title='bbox 2768 2984 2993 3047; x_wconf 84' lang='lat' dir='ltr'><strong>Graecis.</strong></span> <span class='ocrx_word' id='word_1_404' title='bbox 3043 2984 3318 3041; x_wconf 86' lang='lat' dir='ltr'><strong>Canoncm</strong></span> <span class='ocrx_word' id='word_1_405' title='bbox 3367 2988 3517 3043; x_wconf 88' lang='lat' dir='ltr'><strong>illum</strong></span> <span class='ocrx_word' id='word_1_406' title='bbox 3545 2985 3896 3042; x_wconf 81' lang='lat' dir='ltr'><strong>CPnlitanum</strong></span> 
     </span>
    </p>
   </div>
   <div class='ocr_carea' id='block_1_60' title="bbox 2299 3078 3899 3151">
    <p class='ocr_par' dir='ltr' id='par_1_60' title="bbox 2299 3078 3899 3151">
     <span class='ocr_line' id='line_1_60' title="bbox 2299 3078 3899 3151; baseline 0.001 -17"><span class='ocrx_word' id='word_1_407' title='bbox 2299 3093 2397 3134; x_wconf 90' lang='lat' dir='ltr'><strong>suo</strong></span> <span class='ocrx_word' id='word_1_408' title='bbox 2428 3094 2494 3133; x_wconf 83' lang='lat' dir='ltr'><strong>ex</strong></span> <span class='ocrx_word' id='word_1_409' title='bbox 2521 3078 2707 3134; x_wconf 87' lang='lat' dir='ltr'><strong>codice</strong></span> <span class='ocrx_word' id='word_1_410' title='bbox 2735 3078 2987 3149; x_wconf 88' lang='lat' dir='ltr'><strong>rejecisse</strong></span> <span class='ocrx_word' id='word_1_411' title='bbox 3033 3079 3505 3135; x_wconf 82' lang='lat' dir='ltr'><strong>contenta..Vides</strong></span> <span class='ocrx_word' id='word_1_412' title='bbox 3547 3096 3706 3151; x_wconf 88' lang='lat' dir='ltr'><strong>quam</strong></span> <span class='ocrx_word' id='word_1_413' title='bbox 3734 3080 3899 3136; x_wconf 89' lang='lat' dir='ltr'><strong>rudes</strong></span> 
     </span>
    </p>
   </div>
   <div class='ocr_carea' id='block_1_61' title="bbox 598 3145 3903 3243">
    <p class='ocr_par' dir='ltr' id='par_1_61' title="bbox 598 3145 3903 3243">
     <span class='ocr_line' id='line_1_61' title="bbox 598 3145 3903 3243; baseline 0.001 -16"><span class='ocrx_word' id='word_1_414' title='bbox 598 3147 815 3243; x_wconf 48' lang='lat' dir='ltr'><strong>hi&#39;fePtﬁ</strong></span> <span class='ocrx_word' id='word_1_415' title='bbox 840 3145 967 3200; x_wconf 68' lang='lat' dir='ltr'><strong>&quot;&quot;“l</strong></span> <span class='ocrx_word' id='word_1_416' title='bbox 1000 3146 1389 3243; x_wconf 56' lang='lat' dir='ltr'><strong>“mamlef&#39;uus</strong></span> <span class='ocrx_word' id='word_1_417' title='bbox 1435 3161 1487 3198; x_wconf 80' lang='grc'><strong>¹¹¹</strong></span> <span class='ocrx_word' id='word_1_418' title='bbox 1515 3159 1697 3243; x_wconf 58' lang='lat' dir='ltr'><strong>fec“</strong></span> <span class='ocrx_word' id='word_1_419' title='bbox 1740 3145 2193 3243; x_wconf 61' lang='lat' dir='ltr'><strong>vel__s°&quot;“e_mesv</strong></span> <span class='ocrx_word' id='word_1_420' title='bbox 2223 3179 2268 3242; x_wconf 82' lang='lat' dir='ltr'>C</span> <span class='ocrx_word' id='word_1_421' title='bbox 2302 3170 2501 3227; x_wconf 85' lang='lat' dir='ltr'><strong>fuerint</strong></span> <span class='ocrx_word' id='word_1_422' title='bbox 2527 3172 2722 3237; x_wconf 68' lang='lat' dir='ltr'><strong>Grmei,</strong></span> <span class='ocrx_word' id='word_1_423' title='bbox 2745 3182 2841 3228; x_wconf 87' lang='lat' dir='ltr'><strong>aut</strong></span> <span class='ocrx_word' id='word_1_424' title='bbox 2869 3173 3123 3228; x_wconf 86' lang='lat' dir='ltr'><strong>incuriosi</strong></span> <span class='ocrx_word' id='word_1_425' title='bbox 3154 3173 3295 3228; x_wconf 90' lang='lat' dir='ltr'><strong>illius</strong></span> <span class='ocrx_word' id='word_1_426' title='bbox 3319 3173 3545 3243; x_wconf 88' lang='lat' dir='ltr'><strong>pleuarii</strong></span> <span class='ocrx_word' id='word_1_427' title='bbox 3573 3173 3809 3238; x_wconf 89' lang='lat' dir='ltr'><strong>concilii,</strong></span> <span class='ocrx_word' id='word_1_428' title='bbox 3843 3183 3903 3230; x_wconf 83' lang='lat' dir='ltr'><strong>et</strong></span> 
     </span>
    </p>
   </div>
   <div class='ocr_carea' id='block_1_62' title="bbox 598 3234 2195 3307">
    <p class='ocr_par' dir='ltr' id='par_1_62' title="bbox 598 3234 2195 3307">
     <span class='ocr_line' id='line_1_62' title="bbox 598 3234 2195 3307; baseline -0.001 -16"><span class='ocrx_word' id='word_1_429' title='bbox 598 3236 684 3295; x_wconf 85' lang='lat' dir='ltr'><strong>vel</strong></span> <span class='ocrx_word' id='word_1_430' title='bbox 717 3236 975 3295; x_wconf 85' lang='lat' dir='ltr'><strong>facientes</strong></span> <span class='ocrx_word' id='word_1_431' title='bbox 1022 3236 1449 3293; x_wconf 76' lang='lat' dir='ltr'><strong>stomachantnr.</strong></span> <span class='ocrx_word' id='word_1_432' title='bbox 1507 3235 1775 3292; x_wconf 68' lang='lat' dir='ltr'><strong>Caeterum</strong></span> <span class='ocrx_word' id='word_1_433' title='bbox 1820 3234 2195 3307; x_wconf 81' lang='lat' dir='ltr'><strong>Montanistas,</strong></span> 
     </span>
    </p>
   </div>
   <div class='ocr_carea' id='block_1_63' title="bbox 598 3332 2200 3407">
    <p class='ocr_par' dir='ltr' id='par_1_63' title="bbox 598 3332 2200 3407">
     <span class='ocr_line' id='line_1_63' title="bbox 598 3332 2200 3407; baseline 0 -17"><span class='ocrx_word' id='word_1_434' title='bbox 598 3350 693 3391; x_wconf 88' lang='lat' dir='ltr'><strong>seu</strong></span> <span class='ocrx_word' id='word_1_435' title='bbox 744 3333 1129 3407; x_wconf 84' lang='lat' dir='ltr'><strong>Cataphrygas,</strong></span> <span class='ocrx_word' id='word_1_436' title='bbox 1174 3332 1571 3396; x_wconf 86' lang='lat' dir='ltr'><strong>Eunomianos.</strong></span> <span class='ocrx_word' id='word_1_437' title='bbox 1620 3335 1860 3406; x_wconf 89' lang='lat' dir='ltr'><strong>aliosque</strong></span> <span class='ocrx_word' id='word_1_438' title='bbox 1915 3334 2200 3390; x_wconf 85' lang='lat' dir='ltr'><strong>nonnullos</strong></span> 
     </span>
    </p>
   </div>
   <div class='ocr_carea' id='block_1_64' title="bbox 599 3428 2201 3502">
    <p class='ocr_par' dir='ltr' id='par_1_64' title="bbox 599 3428 2201 3502">
     <span class='ocr_line' id='line_1_64' title="bbox 599 3428 2201 3502; baseline 0.001 -16"><span class='ocrx_word' id='word_1_439' title='bbox 599 3429 859 3501; x_wconf 83' lang='lat' dir='ltr'><strong>baptizari</strong></span> <span class='ocrx_word' id='word_1_440' title='bbox 912 3428 1105 3485; x_wconf 89' lang='lat' dir='ltr'><strong>iterum</strong></span> <span class='ocrx_word' id='word_1_441' title='bbox 1147 3429 1359 3501; x_wconf 90' lang='lat' dir='ltr'><strong>jubent,</strong></span> <span class='ocrx_word' id='word_1_442' title='bbox 1406 3446 1539 3502; x_wconf 88' lang='lat' dir='ltr'><strong>quos</strong></span> <span class='ocrx_word' id='word_1_443' title='bbox 1584 3429 1826 3485; x_wconf 84' lang='lat' dir='ltr'><strong>Romana</strong></span> <span class='ocrx_word' id='word_1_444' title='bbox 1874 3430 1923 3485; x_wconf 92' lang='lat' dir='ltr'><strong>in</strong></span> <span class='ocrx_word' id='word_1_445' title='bbox 1956 3428 2201 3488; x_wconf 80' lang='lat' dir='ltr'><strong>Ecclesia</strong></span> 
     </span>
    </p>
   </div>
   <div class='ocr_carea' id='block_1_65' title="bbox 600 3522 2199 3595">
    <p class='ocr_par' dir='ltr' id='par_1_65' title="bbox 600 3522 2199 3595">
     <span class='ocr_line' id='line_1_65' title="bbox 600 3522 2199 3595; baseline -0.001 -14"><span class='ocrx_word' id='word_1_446' title='bbox 600 3524 959 3595; x_wconf 86' lang='lat' dir='ltr'><strong>rebaptizatos</strong></span> <span class='ocrx_word' id='word_1_447' title='bbox 1006 3540 1112 3579; x_wconf 91' lang='lat' dir='ltr'><strong>non</strong></span> <span class='ocrx_word' id='word_1_448' title='bbox 1144 3522 1308 3580; x_wconf 76' lang='lat' dir='ltr'><strong>fuisse</strong></span> <span class='ocrx_word' id='word_1_449' title='bbox 1328 3524 1543 3580; x_wconf 90' lang='lat' dir='ltr'><strong>elicitur</strong></span> <span class='ocrx_word' id='word_1_450' title='bbox 1566 3540 1630 3580; x_wconf 80' lang='lat' dir='ltr'><strong>ex</strong></span> <span class='ocrx_word' id='word_1_451' title='bbox 1662 3539 1823 3595; x_wconf 87' lang='lat' dir='ltr'><strong>supra</strong></span> <span class='ocrx_word' id='word_1_452' title='bbox 1853 3523 2042 3595; x_wconf 79' lang='lat' dir='ltr'><strong>positis</strong></span> <span class='ocrx_word' id='word_1_453' title='bbox 2071 3524 2199 3580; x_wconf 84' lang='lat' dir='ltr'><strong>Ilie-</strong></span> 
     </span>
    </p>
   </div>
   <div class='ocr_carea' id='block_1_66' title="bbox 600 3616 2202 3692">
    <p class='ocr_par' dir='ltr' id='par_1_66' title="bbox 600 3616 2202 3692">
     <span class='ocr_line' id='line_1_66' title="bbox 600 3616 2202 3692; baseline -0.001 -17"><span class='ocrx_word' id='word_1_454' title='bbox 600 3618 814 3692; x_wconf 88' lang='lat' dir='ltr'><strong>ronymi</strong></span> <span class='ocrx_word' id='word_1_455' title='bbox 865 3616 1200 3689; x_wconf 88' lang='lat' dir='ltr'><strong>aliorumque</strong></span> <span class='ocrx_word' id='word_1_456' title='bbox 1250 3618 1594 3674; x_wconf 82' lang='lat' dir='ltr'><strong>testimoniis.</strong></span> <span class='ocrx_word' id='word_1_457' title='bbox 1637 3617 1797 3673; x_wconf 89' lang='lat' dir='ltr'><strong>Solos</strong></span> <span class='ocrx_word' id='word_1_458' title='bbox 1845 3618 2202 3675; x_wconf 79' lang='lat' dir='ltr'><strong>Paulianistas</strong></span> 
     </span>
    </p>
   </div>
   <div class='ocr_carea' id='block_1_67' title="bbox 599 3709 2202 3785">
    <p class='ocr_par' dir='ltr' id='par_1_67' title="bbox 599 3709 2202 3785">
     <span class='ocr_line' id='line_1_67' title="bbox 599 3709 2202 3785; baseline -0.002 -17"><span class='ocrx_word' id='word_1_459' title='bbox 599 3709 819 3768; x_wconf 77' lang='lat' dir='ltr'><strong>Nicaeus</strong></span> <span class='ocrx_word' id='word_1_460' title='bbox 866 3711 1108 3785; x_wconf 84' lang='lat' dir='ltr'><strong>synodus</strong></span> <span class='ocrx_word' id='word_1_461' title='bbox 1148 3711 1384 3782; x_wconf 91' lang='lat' dir='ltr'><strong>jusserat</strong></span> <span class='ocrx_word' id='word_1_462' title='bbox 1413 3711 1606 3766; x_wconf 88' lang='lat' dir='ltr'><strong>iterum</strong></span> <span class='ocrx_word' id='word_1_463' title='bbox 1639 3709 1791 3783; x_wconf 86' lang='lat' dir='ltr'><strong>tingi,</strong></span> <span class='ocrx_word' id='word_1_464' title='bbox 1842 3726 1948 3766; x_wconf 91' lang='lat' dir='ltr'><strong>non</strong></span> <span class='ocrx_word' id='word_1_465' title='bbox 1996 3710 2202 3765; x_wconf 83' lang='lat' dir='ltr'><strong>Monta-</strong></span> 
     </span>
    </p>
   </div>
   <div class='ocr_carea' id='block_1_68' title="bbox 602 3801 2202 3861">
    <p class='ocr_par' dir='ltr' id='par_1_68' title="bbox 602 3801 2202 3861">
     <span class='ocr_line' id='line_1_68' title="bbox 602 3801 2202 3861; baseline 0.001 -2"><span class='ocrx_word' id='word_1_466' title='bbox 602 3805 791 3860; x_wconf 88' lang='lat' dir='ltr'><strong>nistas.</strong></span> <span class='ocrx_word' id='word_1_467' title='bbox 833 3804 890 3860; x_wconf 91' lang='lat' dir='ltr'><strong>In</strong></span> <span class='ocrx_word' id='word_1_468' title='bbox 923 3801 1182 3860; x_wconf 81' lang='lat' dir='ltr'><strong>Ecclesia:</strong></span> <span class='ocrx_word' id='word_1_469' title='bbox 1218 3802 1477 3860; x_wconf 72' lang='lat' dir='ltr'><strong>Romana:</strong></span> <span class='ocrx_word' id='word_1_470' title='bbox 1517 3802 1705 3860; x_wconf 88' lang='lat' dir='ltr'><strong>codice</strong></span> <span class='ocrx_word' id='word_1_471' title='bbox 1744 3820 2011 3860; x_wconf 87' lang='lat' dir='ltr'><strong>canonum</strong></span> <span class='ocrx_word' id='word_1_472' title='bbox 2051 3804 2202 3861; x_wconf 84' lang='lat' dir='ltr'><strong>deest</strong></span> 
     </span>
    </p>
   </div>
   <div class='ocr_carea' id='block_1_69' title="bbox 602 3896 937 3955">
    <p class='ocr_par' dir='ltr' id='par_1_69' title="bbox 602 3896 937 3955">
     <span class='ocr_line' id='line_1_69' title="bbox 602 3896 937 3955; baseline -0.003 -2"><span class='ocrx_word' id='word_1_473' title='bbox 602 3911 777 3953; x_wconf 88' lang='lat' dir='ltr'><strong>canon</strong></span> <span class='ocrx_word' id='word_1_474' title='bbox 816 3896 937 3955; x_wconf 85' lang='lat' dir='ltr'><strong>istc.</strong></span> 
     </span>
    </p>
   </div>
   <div class='ocr_carea' id='block_1_70' title="bbox 962 4032 1837 4091">
    <p class='ocr_par' dir='ltr' id='par_1_70' title="bbox 962 4032 1837 4091">
     <span class='ocr_line' id='line_1_70' title="bbox 962 4032 1837 4091; baseline 0 -1"><span class='ocrx_word' id='word_1_475' title='bbox 962 4032 1145 4091; x_wconf 81' lang='lat' dir='ltr'><strong>XLIV.</strong></span> <span class='ocrx_word' id='word_1_476' title='bbox 1194 4049 1265 4091; x_wconf 71' lang='lat' dir='ltr'><strong>ex</strong></span> <span class='ocrx_word' id='word_1_477' title='bbox 1302 4048 1503 4091; x_wconf 69' lang='grc' dir='ltr'><strong>δηιουο</strong></span> <span class='ocrx_word' id='word_1_478' title='bbox 1530 4046 1837 4091; x_wconf 63' lang='grc' dir='ltr'>τιιυιιλιιλ.</span> 
     </span>
    </p>
   </div>
   <div class='ocr_carea' id='block_1_71' title="bbox 675 4170 2202 4243">
    <p class='ocr_par' dir='ltr' id='par_1_71' title="bbox 675 4170 2202 4243">
     <span class='ocr_line' id='line_1_71' title="bbox 675 4170 2202 4243; baseline -0.001 -14"><span class='ocrx_word' id='word_1_479' title='bbox 675 4172 751 4229; x_wconf 84' lang='lat' dir='ltr'><strong>ita</strong></span> <span class='ocrx_word' id='word_1_480' title='bbox 777 4171 1083 4229; x_wconf 88' lang='lat' dir='ltr'><strong>sentiebant</strong></span> <span class='ocrx_word' id='word_1_481' title='bbox 1110 4180 1165 4228; x_wconf 90' lang='lat' dir='ltr'><strong>et</strong></span> <span class='ocrx_word' id='word_1_482' title='bbox 1191 4171 1432 4230; x_wconf 85' lang='lat' dir='ltr'><strong>Trullani</strong></span> <span class='ocrx_word' id='word_1_483' title='bbox 1464 4170 1670 4237; x_wconf 88' lang='lat' dir='ltr'><strong>Patres,</strong></span> <span class='ocrx_word' id='word_1_484' title='bbox 1713 4171 1803 4243; x_wconf 90' lang='lat' dir='ltr'><strong>qui</strong></span> <span class='ocrx_word' id='word_1_485' title='bbox 1835 4187 1956 4227; x_wconf 87' lang='lat' dir='ltr'><strong>can.</strong></span> <span class='ocrx_word' id='word_1_486' title='bbox 2001 4188 2034 4226; x_wconf 86' lang='grc' dir='ltr'><strong>ιι</strong></span> <span class='ocrx_word' id='word_1_487' title='bbox 2061 4172 2202 4227; x_wconf 88' lang='lat' dir='ltr'><strong>reci-</strong></span> 
     </span>
    </p>
   </div>
   <div class='ocr_carea' id='block_1_72' title="bbox 601 4264 2203 4343">
    <p class='ocr_par' dir='ltr' id='par_1_72' title="bbox 601 4264 2203 4343">
     <span class='ocr_line' id='line_1_72' title="bbox 601 4264 2203 4343; baseline -0.002 -19"><span class='ocrx_word' id='word_1_488' title='bbox 601 4270 755 4343; x_wconf 89' lang='lat' dir='ltr'><strong>piunt</strong></span> <span class='ocrx_word' id='word_1_489' title='bbox 781 4284 902 4324; x_wconf 89' lang='lat' dir='ltr'><strong>cum</strong></span> <span class='ocrx_word' id='word_1_490' title='bbox 937 4266 1056 4322; x_wconf 89' lang='lat' dir='ltr'><strong>aliis</strong></span> <span class='ocrx_word' id='word_1_491' title='bbox 1085 4266 1472 4338; x_wconf 82' lang='lat' dir='ltr'><strong>receptissimis</strong></span> <span class='ocrx_word' id='word_1_492' title='bbox 1501 4265 1745 4337; x_wconf 88' lang='lat' dir='ltr'><strong>synodis,</strong></span> <span class='ocrx_word' id='word_1_493' title='bbox 1775 4265 1936 4335; x_wconf 85' lang='lat' dir='ltr'><strong>etiam</strong></span> <span class='ocrx_word' id='word_1_494' title='bbox 1986 4285 2003 4317; x_wconf 83' lang='grc' dir='ltr'><strong>ι</strong></span> <span class='ocrx_word' id='word_1_495' title='bbox 2039 4283 2069 4320; x_wconf 91' lang='lat' dir='ltr'><strong>a</strong></span> <span class='ocrx_word' id='word_1_496' title='bbox 2095 4264 2203 4339; x_wconf 80' lang='lat' dir='ltr'><strong>Cy-</strong></span> 
     </span>
    </p>
   </div>
   <div class='ocr_carea' id='block_1_73' title="bbox 604 4348 2205 4435">
    <p class='ocr_par' dir='ltr' id='par_1_73' title="bbox 604 4348 2205 4435">
     <span class='ocr_line' id='line_1_73' title="bbox 604 4348 2205 4435; baseline -0.002 -16"><span class='ocrx_word' id='word_1_497' title='bbox 604 4364 791 4435; x_wconf 89' lang='lat' dir='ltr'><strong>priano</strong></span> <span class='ocrx_word' id='word_1_498' title='bbox 829 4362 919 4435; x_wconf 90' lang='lat' dir='ltr'><strong>qui</strong></span> <span class='ocrx_word' id='word_1_499' title='bbox 949 4360 1197 4416; x_wconf 84' lang='lat' dir='ltr'><strong>Afrorum</strong></span> <span class='ocrx_word' id='word_1_500' title='bbox 1246 4360 1481 4431; x_wconf 88' lang='lat' dir='ltr'><strong>regionis</strong></span> <span class='ocrx_word' id='word_1_501' title='bbox 1526 4348 1621 4414; x_wconf 81' lang='lat' dir='ltr'><strong>fuit</strong></span> <span class='ocrx_word' id='word_1_502' title='bbox 1651 4360 2100 4432; x_wconf 68' lang='lat' dir='ltr'><strong>Archicpiscolms</strong></span> <span class='ocrx_word' id='word_1_503' title='bbox 2151 4370 2205 4416; x_wconf 89' lang='lat' dir='ltr'><strong>et</strong></span> 
     </span>
    </p>
   </div>
   <div class='ocr_carea' id='block_1_74' title="bbox 602 4452 2202 4527">
    <p class='ocr_par' dir='ltr' id='par_1_74' title="bbox 602 4452 2202 4527">
     <span class='ocr_line' id='line_1_74' title="bbox 602 4452 2202 4527; baseline -0.003 -17"><span class='ocrx_word' id='word_1_504' title='bbox 602 4453 824 4527; x_wconf 81' lang='lat' dir='ltr'><strong>Martyr,</strong></span> <span class='ocrx_word' id='word_1_505' title='bbox 875 4462 931 4509; x_wconf 90' lang='lat' dir='ltr'><strong>et</strong></span> <span class='ocrx_word' id='word_1_506' title='bbox 957 4452 1162 4526; x_wconf 88' lang='lat' dir='ltr'><strong>synodo</strong></span> <span class='ocrx_word' id='word_1_507' title='bbox 1193 4469 1314 4523; x_wconf 63' lang='lat' dir='ltr'><strong>qua:</strong></span> <span class='ocrx_word' id='word_1_508' title='bbox 1339 4452 1441 4507; x_wconf 90' lang='lat' dir='ltr'><strong>sub</strong></span> <span class='ocrx_word' id='word_1_509' title='bbox 1469 4468 1534 4507; x_wconf 89' lang='lat' dir='ltr'><strong>eo</strong></span> <span class='ocrx_word' id='word_1_510' title='bbox 1567 4452 1685 4515; x_wconf 83' lang='lat' dir='ltr'><strong>fuit,</strong></span> <span class='ocrx_word' id='word_1_511' title='bbox 1727 4454 1984 4508; x_wconf 91' lang='lat' dir='ltr'><strong>emissum</strong></span> <span class='ocrx_word' id='word_1_512' title='bbox 2035 4468 2202 4507; x_wconf 86' lang='lat' dir='ltr'><strong>cano-</strong></span> 
     </span>
    </p>
   </div>
   <div class='ocr_carea' id='block_1_75' title="bbox 2303 3265 3900 3338">
    <p class='ocr_par' dir='ltr' id='par_1_75' title="bbox 2303 3265 3900 3338">
     <span class='ocr_line' id='line_1_75' title="bbox 2303 3265 3900 3338; baseline -0.001 -15"><span class='ocrx_word' id='word_1_513' title='bbox 2303 3266 2527 3323; x_wconf 91' lang='lat' dir='ltr'><strong>canonis</strong></span> <span class='ocrx_word' id='word_1_514' title='bbox 2566 3265 2896 3322; x_wconf 87' lang='lat' dir='ltr'><strong>Arelatensis</strong></span> <span class='ocrx_word' id='word_1_515' title='bbox 2936 3267 3003 3322; x_wconf 90' lang='lat' dir='ltr'><strong>de</strong></span> <span class='ocrx_word' id='word_1_516' title='bbox 3028 3265 3304 3336; x_wconf 85' lang='lat' dir='ltr'><strong>Baptismo</strong></span> <span class='ocrx_word' id='word_1_517' title='bbox 3329 3268 3399 3321; x_wconf 87' lang='lat' dir='ltr'><strong>ab</strong></span> <span class='ocrx_word' id='word_1_518' title='bbox 3420 3267 3720 3338; x_wconf 77' lang='lat' dir='ltr'><strong>Augustino</strong></span> <span class='ocrx_word' id='word_1_519' title='bbox 3747 3266 3900 3322; x_wconf 87' lang='lat' dir='ltr'><strong>cele-</strong></span> 
     </span>
    </p>
   </div>
   <div class='ocr_carea' id='block_1_76' title="bbox 2304 3358 3897 3431">
    <p class='ocr_par' dir='ltr' id='par_1_76' title="bbox 2304 3358 3897 3431">
     <span class='ocr_line' id='line_1_76' title="bbox 2304 3358 3897 3431; baseline 0.001 -17"><span class='ocrx_word' id='word_1_520' title='bbox 2304 3359 2464 3415; x_wconf 89' lang='lat' dir='ltr'><strong>brati.</strong></span> <span class='ocrx_word' id='word_1_521' title='bbox 2501 3358 2663 3414; x_wconf 82' lang='lat' dir='ltr'><strong>Vides</strong></span> <span class='ocrx_word' id='word_1_522' title='bbox 2691 3375 2848 3429; x_wconf 89' lang='lat' dir='ltr'><strong>quam</strong></span> <span class='ocrx_word' id='word_1_523' title='bbox 2876 3359 2998 3429; x_wconf 88' lang='lat' dir='ltr'><strong>jure</strong></span> <span class='ocrx_word' id='word_1_524' title='bbox 3028 3360 3331 3431; x_wconf 87' lang='lat' dir='ltr'><strong>tneritoqne</strong></span> <span class='ocrx_word' id='word_1_525' title='bbox 3361 3375 3527 3414; x_wconf 83' lang='lat' dir='ltr'><strong>canon</strong></span> <span class='ocrx_word' id='word_1_526' title='bbox 3558 3359 3897 3415; x_wconf 72' lang='lat' dir='ltr'><strong>Arelatensis</strong></span> 
     </span>
    </p>
   </div>
   <div class='ocr_carea' id='block_1_77' title="bbox 2304 3451 3893 3527">
    <p class='ocr_par' dir='ltr' id='par_1_77' title="bbox 2304 3451 3893 3527">
     <span class='ocr_line' id='line_1_77' title="bbox 2304 3451 3893 3527; baseline 0.002 -20"><span class='ocrx_word' id='word_1_527' title='bbox 2304 3451 2371 3508; x_wconf 89' lang='lat' dir='ltr'><strong>ad</strong></span> <span class='ocrx_word' id='word_1_528' title='bbox 2401 3452 2556 3507; x_wconf 80' lang='lat' dir='ltr'><strong>Afros</strong></span> <span class='ocrx_word' id='word_1_529' title='bbox 2598 3452 2917 3520; x_wconf 88' lang='lat' dir='ltr'><strong>destinetur,</strong></span> <span class='ocrx_word' id='word_1_530' title='bbox 2960 3468 3187 3526; x_wconf 90' lang='lat' dir='ltr'><strong>quorum</strong></span> <span class='ocrx_word' id='word_1_531' title='bbox 3222 3457 3438 3527; x_wconf 78' lang='lat' dir='ltr'><strong>propria</strong></span> <span class='ocrx_word' id='word_1_532' title='bbox 3465 3454 3544 3513; x_wconf 75' lang='lat' dir='ltr'><strong>lex</strong></span> <span class='ocrx_word' id='word_1_533' title='bbox 3573 3466 3688 3510; x_wconf 83' lang='lat' dir='ltr'><strong>erat</strong></span> <span class='ocrx_word' id='word_1_534' title='bbox 3716 3462 3773 3508; x_wconf 92' lang='lat' dir='ltr'><strong>ut</strong></span> <span class='ocrx_word' id='word_1_535' title='bbox 3799 3469 3893 3510; x_wconf 83' lang='lat' dir='ltr'><strong>re-</strong></span> 
     </span>
    </p>
   </div>
   <div class='ocr_carea' id='block_1_78' title="bbox 2304 3545 3393 3649">
    <p class='ocr_par' dir='ltr' id='par_1_78' title="bbox 2304 3545 3393 3649">
     <span class='ocr_line' id='line_1_78' title="bbox 2304 3545 3393 3649; baseline 0.004 -48"><span class='ocrx_word' id='word_1_536' title='bbox 2304 3545 2658 3618; x_wconf 83' lang='lat' dir='ltr'><strong>baptizareut.</strong></span> <span class='ocrx_word' id='word_1_537' title='bbox 3360 3614 3393 3649; x_wconf 53' lang='lat'><strong><em>.</em></strong></span> 
     </span>
    </p>
   </div>
   <div class='ocr_carea' id='block_1_79' title="bbox 2790 3680 3410 3740">
    <p class='ocr_par' dir='ltr' id='par_1_79' title="bbox 2790 3680 3410 3740">
     <span class='ocr_line' id='line_1_79' title="bbox 2790 3680 3410 3740; baseline 0.003 -4"><span class='ocrx_word' id='word_1_538' title='bbox 2790 3680 2972 3739; x_wconf 84' lang='lat' dir='ltr'><strong>XLVI.</strong></span> <span class='ocrx_word' id='word_1_539' title='bbox 3015 3698 3083 3739; x_wconf 76' lang='lat' dir='ltr'><strong>ex</strong></span> <span class='ocrx_word' id='word_1_540' title='bbox 3126 3699 3410 3740; x_wconf 79' lang='lat' dir='ltr'><strong>GENNADIO.</strong></span> 
     </span>
    </p>
   </div>
   <div class='ocr_carea' id='block_1_80' title="bbox 2378 3812 3904 3889">
    <p class='ocr_par' dir='ltr' id='par_1_80' title="bbox 2378 3812 3904 3889">
     <span class='ocr_line' id='line_1_80' title="bbox 2378 3812 3904 3889; baseline 0.007 -22"><span class='ocrx_word' id='word_1_541' title='bbox 2378 3812 2453 3869; x_wconf 90' lang='lat' dir='ltr'><strong>Ita</strong></span> <span class='ocrx_word' id='word_1_542' title='bbox 2502 3815 2785 3881; x_wconf 87' lang='lat' dir='ltr'><strong>sentiebat,</strong></span> <span class='ocrx_word' id='word_1_543' title='bbox 2826 3825 2883 3871; x_wconf 92' lang='lat' dir='ltr'><strong>ut</strong></span> <span class='ocrx_word' id='word_1_544' title='bbox 2924 3818 2990 3872; x_wconf 92' lang='lat' dir='ltr'><strong>ad</strong></span> <span class='ocrx_word' id='word_1_545' title='bbox 3033 3817 3254 3882; x_wconf 83' lang='lat' dir='ltr'><strong>Latinos</strong></span> <span class='ocrx_word' id='word_1_546' title='bbox 3296 3836 3487 3875; x_wconf 84' lang='lat' dir='ltr'><strong>rursus</strong></span> <span class='ocrx_word' id='word_1_547' title='bbox 3529 3836 3616 3877; x_wconf 90' lang='lat' dir='ltr'><strong>me</strong></span> <span class='ocrx_word' id='word_1_548' title='bbox 3643 3821 3904 3889; x_wconf 77' lang='lat' dir='ltr'><strong>referam,</strong></span> 
     </span>
    </p>
   </div>
   <div class='ocr_carea' id='block_1_81' title="bbox 2305 3906 3904 3987">
    <p class='ocr_par' dir='ltr' id='par_1_81' title="bbox 2305 3906 3904 3987">
     <span class='ocr_line' id='line_1_81' title="bbox 2305 3906 3904 3987; baseline 0.004 -22"><span class='ocrx_word' id='word_1_549' title='bbox 2305 3906 2616 3965; x_wconf 87' lang='lat' dir='ltr'><strong>Gennadius</strong></span> <span class='ocrx_word' id='word_1_550' title='bbox 2644 3911 2708 3966; x_wconf 86' lang='lat' dir='ltr'><strong>de</strong></span> <span class='ocrx_word' id='word_1_551' title='bbox 2727 3909 2969 3982; x_wconf 83' lang='lat' dir='ltr'><strong>Dogmat.</strong></span> <span class='ocrx_word' id='word_1_552' title='bbox 3001 3910 3225 3979; x_wconf 62' lang='grc' dir='ltr'><strong>Εεειεςη</strong></span> <span class='ocrx_word' id='word_1_553' title='bbox 3257 3929 3303 3968; x_wconf 93' lang='lat' dir='ltr'><strong>c.</strong></span> <span class='ocrx_word' id='word_1_554' title='bbox 3332 3913 3405 3970; x_wconf 73' lang='lat'>52</span> <span class='ocrx_word' id='word_1_555' title='bbox 3430 3932 3442 3965; x_wconf 87' lang='lat'>:</span> <span class='ocrx_word' id='word_1_556' title='bbox 3476 3933 3494 3966; x_wconf 84' lang='grc' dir='ltr'><strong>ι</strong></span> <span class='ocrx_word' id='word_1_557' title='bbox 3526 3914 3652 3971; x_wconf 87' lang='lat' dir='ltr'><strong>Illos</strong></span> <span class='ocrx_word' id='word_1_558' title='bbox 3677 3916 3773 3987; x_wconf 89' lang='lat' dir='ltr'><strong>qui</strong></span> <span class='ocrx_word' id='word_1_559' title='bbox 3794 3932 3904 3971; x_wconf 86' lang='lat' dir='ltr'><strong>non</strong></span> 
     </span>
    </p>
   </div>
   <div class='ocr_carea' id='block_1_82' title="bbox 2305 4002 3905 4080">
    <p class='ocr_par' dir='ltr' id='par_1_82' title="bbox 2305 4002 3905 4080">
     <span class='ocr_line' id='line_1_82' title="bbox 2305 4002 3905 4080; baseline 0.003 -23"><span class='ocrx_word' id='word_1_560' title='bbox 2305 4011 2505 4057; x_wconf 66' lang='lat' dir='ltr'><strong>sanctae</strong></span> <span class='ocrx_word' id='word_1_561' title='bbox 2533 4002 2808 4059; x_wconf 86' lang='lat' dir='ltr'><strong>Trinitatis</strong></span> <span class='ocrx_word' id='word_1_562' title='bbox 2850 4004 3188 4061; x_wconf 89' lang='lat' dir='ltr'><strong>invocatione</strong></span> <span class='ocrx_word' id='word_1_563' title='bbox 3216 4006 3357 4078; x_wconf 90' lang='lat' dir='ltr'><strong>apud</strong></span> <span class='ocrx_word' id='word_1_564' title='bbox 3392 4006 3683 4063; x_wconf 62' lang='lat' dir='ltr'><strong>haereticos</strong></span> <span class='ocrx_word' id='word_1_565' title='bbox 3724 4009 3905 4080; x_wconf 88' lang='lat' dir='ltr'><strong>bapti-</strong></span> 
     </span>
    </p>
   </div>
   <div class='ocr_carea' id='block_1_83' title="bbox 2305 4095 3906 4174">
    <p class='ocr_par' dir='ltr' id='par_1_83' title="bbox 2305 4095 3906 4174">
     <span class='ocr_line' id='line_1_83' title="bbox 2305 4095 3906 4174; baseline 0.003 -22"><span class='ocrx_word' id='word_1_566' title='bbox 2305 4095 2409 4152; x_wconf 82' lang='lat' dir='ltr'><strong>zati</strong></span> <span class='ocrx_word' id='word_1_567' title='bbox 2450 4104 2594 4164; x_wconf 90' lang='lat' dir='ltr'><strong>sunt,</strong></span> <span class='ocrx_word' id='word_1_568' title='bbox 2648 4105 2703 4151; x_wconf 92' lang='lat' dir='ltr'><strong>et</strong></span> <span class='ocrx_word' id='word_1_569' title='bbox 2747 4096 2970 4153; x_wconf 88' lang='lat' dir='ltr'><strong>veniunt</strong></span> <span class='ocrx_word' id='word_1_570' title='bbox 2997 4098 3064 4152; x_wconf 92' lang='lat' dir='ltr'><strong>ad</strong></span> <span class='ocrx_word' id='word_1_571' title='bbox 3096 4114 3214 4165; x_wconf 90' lang='lat' dir='ltr'><strong>nos,</strong></span> <span class='ocrx_word' id='word_1_572' title='bbox 3249 4100 3509 4172; x_wconf 81' lang='lat' dir='ltr'><strong>baptizari</strong></span> <span class='ocrx_word' id='word_1_573' title='bbox 3538 4101 3742 4159; x_wconf 88' lang='lat' dir='ltr'><strong>debere</strong></span> <span class='ocrx_word' id='word_1_574' title='bbox 3771 4117 3906 4174; x_wconf 74' lang='lat' dir='ltr'><strong>pro~</strong></span> 
     </span>
    </p>
   </div>
   <div class='ocr_carea' id='block_1_84' title="bbox 2307 4191 3906 4266">
    <p class='ocr_par' dir='ltr' id='par_1_84' title="bbox 2307 4191 3906 4266">
     <span class='ocr_line' id='line_1_84' title="bbox 2307 4191 3906 4266; baseline 0.004 -21"><span class='ocrx_word' id='word_1_575' title='bbox 2307 4191 2646 4260; x_wconf 90' lang='lat' dir='ltr'><strong>nunciamus,</strong></span> <span class='ocrx_word' id='word_1_576' title='bbox 2672 4207 2779 4249; x_wconf 89' lang='lat' dir='ltr'><strong>non</strong></span> <span class='ocrx_word' id='word_1_577' title='bbox 2806 4193 3151 4265; x_wconf 86' lang='lat' dir='ltr'><strong>rcbaptizari.</strong></span> <span class='ocrx_word' id='word_1_578' title='bbox 3175 4194 3359 4266; x_wconf 85' lang='lat' dir='ltr'><strong>Neque</strong></span> <span class='ocrx_word' id='word_1_579' title='bbox 3390 4197 3536 4251; x_wconf 88' lang='lat' dir='ltr'><strong>enim</strong></span> <span class='ocrx_word' id='word_1_580' title='bbox 3570 4196 3906 4253; x_wconf 87' lang='lat' dir='ltr'><strong>credendum</strong></span> 
     </span>
    </p>
   </div>
   <div class='ocr_carea' id='block_1_85' title="bbox 2306 4285 3907 4360">
    <p class='ocr_par' dir='ltr' id='par_1_85' title="bbox 2306 4285 3907 4360">
     <span class='ocr_line' id='line_1_85' title="bbox 2306 4285 3907 4360; baseline 0.004 -21"><span class='ocrx_word' id='word_1_581' title='bbox 2306 4295 2391 4339; x_wconf 89' lang='lat' dir='ltr'><strong>est</strong></span> <span class='ocrx_word' id='word_1_582' title='bbox 2434 4299 2529 4340; x_wconf 88' lang='lat' dir='ltr'><strong>eos</strong></span> <span class='ocrx_word' id='word_1_583' title='bbox 2556 4285 2722 4341; x_wconf 77' lang='lat' dir='ltr'><strong>fuisse</strong></span> <span class='ocrx_word' id='word_1_584' title='bbox 2749 4286 3070 4356; x_wconf 83' lang='lat' dir='ltr'><strong>baptizatos,</strong></span> <span class='ocrx_word' id='word_1_585' title='bbox 3101 4289 3189 4360; x_wconf 91' lang='lat' dir='ltr'><strong>qui</strong></span> <span class='ocrx_word' id='word_1_586' title='bbox 3220 4304 3327 4344; x_wconf 90' lang='lat' dir='ltr'><strong>non</strong></span> <span class='ocrx_word' id='word_1_587' title='bbox 3362 4290 3412 4343; x_wconf 94' lang='lat' dir='ltr'><strong>in</strong></span> <span class='ocrx_word' id='word_1_588' title='bbox 3445 4290 3666 4347; x_wconf 89' lang='lat' dir='ltr'><strong>nomine</strong></span> <span class='ocrx_word' id='word_1_589' title='bbox 3703 4290 3907 4360; x_wconf 84' lang='lat' dir='ltr'><strong>Patris,</strong></span> 
     </span>
    </p>
   </div>
   <div class='ocr_carea' id='block_1_86' title="bbox 2309 4377 3910 4454">
    <p class='ocr_par' dir='ltr' id='par_1_86' title="bbox 2309 4377 3910 4454">
     <span class='ocr_line' id='line_1_86' title="bbox 2309 4377 3910 4454; baseline 0.004 -21"><span class='ocrx_word' id='word_1_590' title='bbox 2309 4388 2365 4433; x_wconf 92' lang='lat' dir='ltr'><strong>et</strong></span> <span class='ocrx_word' id='word_1_591' title='bbox 2393 4377 2535 4444; x_wconf 89' lang='lat' dir='ltr'><strong>Filii,</strong></span> <span class='ocrx_word' id='word_1_592' title='bbox 2564 4390 2617 4433; x_wconf 89' lang='lat' dir='ltr'><strong>et</strong></span> <span class='ocrx_word' id='word_1_593' title='bbox 2650 4379 2880 4450; x_wconf 90' lang='lat' dir='ltr'><strong>Spiritus</strong></span> <span class='ocrx_word' id='word_1_594' title='bbox 2925 4381 3097 4436; x_wconf 84' lang='lat' dir='ltr'><strong>sancti</strong></span> <span class='ocrx_word' id='word_1_595' title='bbox 3141 4380 3295 4452; x_wconf 77' lang='lat' dir='ltr'><strong>juxta</strong></span> <span class='ocrx_word' id='word_1_596' title='bbox 3340 4383 3581 4454; x_wconf 83' lang='lat' dir='ltr'><strong>regulam</strong></span> <span class='ocrx_word' id='word_1_597' title='bbox 3612 4402 3642 4439; x_wconf 90' lang='lat' dir='ltr'><strong>a</strong></span> <span class='ocrx_word' id='word_1_598' title='bbox 3674 4384 3910 4442; x_wconf 90' lang='lat' dir='ltr'><strong>Domino</strong></span> 
     </span>
    </p>
   </div>
   <div class='ocr_carea' id='block_1_87' title="bbox 2310 4472 3911 4543">
    <p class='ocr_par' dir='ltr' id='par_1_87' title="bbox 2310 4472 3911 4543">
     <span class='ocr_line' id='line_1_87' title="bbox 2310 4472 3911 4543; baseline 0.004 -16"><span class='ocrx_word' id='word_1_599' title='bbox 2310 4473 2537 4543; x_wconf 88' lang='lat' dir='ltr'><strong>positam</strong></span> <span class='ocrx_word' id='word_1_600' title='bbox 2570 4473 2719 4528; x_wconf 90' lang='lat' dir='ltr'><strong>tincti</strong></span> <span class='ocrx_word' id='word_1_601' title='bbox 2746 4483 2891 4529; x_wconf 88' lang='lat' dir='ltr'><strong>sunt.</strong></span> <span class='ocrx_word' id='word_1_602' title='bbox 2925 4472 2995 4530; x_wconf 88' lang='lat' dir='ltr'><strong>Ut</strong></span> <span class='ocrx_word' id='word_1_603' title='bbox 3023 4484 3147 4529; x_wconf 92' lang='lat' dir='ltr'><strong>sunt</strong></span> <span class='ocrx_word' id='word_1_604' title='bbox 3182 4474 3412 4542; x_wconf 84' lang='lat' dir='ltr'><strong>Paulini,</strong></span> <span class='ocrx_word' id='word_1_605' title='bbox 3445 4476 3738 4541; x_wconf 88' lang='lat' dir='ltr'><strong>Procliani,</strong></span> <span class='ocrx_word' id='word_1_606' title='bbox 3768 4476 3911 4534; x_wconf 81' lang='lat' dir='ltr'><strong>Bur-</strong></span> 
     </span>
    </p>
   </div>
   <div class='ocr_carea' id='block_1_88' title="bbox 604 4543 3913 4646">
    <p class='ocr_par' dir='ltr' id='par_1_88' title="bbox 604 4543 3913 4646">
     <span class='ocr_line' id='line_1_88' title="bbox 604 4543 3913 4646; baseline 0.004 -29"><span class='ocrx_word' id='word_1_607' title='bbox 604 4562 727 4602; x_wconf 72' lang='lat' dir='ltr'><strong>&quot;em</strong></span> <span class='ocrx_word' id='word_1_608' title='bbox 754 4546 889 4646; x_wconf 61' lang='lat' dir='ltr'><strong>ifilli</strong></span> <span class='ocrx_word' id='word_1_609' title='bbox 920 4546 972 4600; x_wconf 80' lang='grc' dir='ltr'><strong>ίη</strong></span> <span class='ocrx_word' id='word_1_610' title='bbox 1006 4543 1383 4646; x_wconf 56' lang='grc' dir='ltr'><strong>ιξιςθεάῖοιξπυηι</strong></span> <span class='ocrx_word' id='word_1_611' title='bbox 1416 4543 1707 4646; x_wconf 39' lang='grc' dir='ltr'><strong>Ρηθδυλυίη</strong></span> <span class='ocrx_word' id='word_1_612' title='bbox 1756 4544 1909 4611; x_wconf 68' lang='grc' dir='ltr'><strong>Ῑοείεν</strong></span> <span class='ocrx_word' id='word_1_613' title='bbox 1941 4553 1997 4600; x_wconf 70' lang='grc' dir='ltr'>εί</span> <span class='ocrx_word' id='word_1_614' title='bbox 2026 4544 2200 4600; x_wconf 70' lang='grc' dir='ltr'><strong>δυῘυῐη</strong></span> <span class='ocrx_word' id='word_1_615' title='bbox 2227 4582 2283 4646; x_wconf 76' lang='grc' dir='ltr'>ι)</span> <span class='ocrx_word' id='word_1_616' title='bbox 2309 4565 2519 4631; x_wconf 69' lang='lat' dir='ltr'><strong>boritte,</strong></span> <span class='ocrx_word' id='word_1_617' title='bbox 2550 4564 2787 4637; x_wconf 90' lang='lat' dir='ltr'><strong>Sipbori,</strong></span> <span class='ocrx_word' id='word_1_618' title='bbox 2815 4566 2907 4638; x_wconf 93' lang='lat' dir='ltr'><strong>qui</strong></span> <span class='ocrx_word' id='word_1_619' title='bbox 2937 4583 3079 4623; x_wconf 90' lang='lat' dir='ltr'><strong>nunc</strong></span> <span class='ocrx_word' id='word_1_620' title='bbox 3122 4579 3382 4623; x_wconf 83' lang='lat' dir='ltr'><strong>vocantur</strong></span> <span class='ocrx_word' id='word_1_621' title='bbox 3412 4569 3723 4635; x_wconf 86' lang='lat' dir='ltr'><strong>Bonosiani,</strong></span> <span class='ocrx_word' id='word_1_622' title='bbox 3757 4570 3913 4628; x_wconf 78' lang='lat' dir='ltr'><strong>Pho-</strong></span> 
     </span>
    </p>
   </div>
   <div class='ocr_carea' id='block_1_89' title="bbox 604 4635 2196 4693">
    <p class='ocr_par' dir='ltr' id='par_1_89' title="bbox 604 4635 2196 4693">
     <span class='ocr_line' id='line_1_89' title="bbox 604 4635 2196 4693; baseline -0.002 0"><span class='ocrx_word' id='word_1_623' title='bbox 604 4636 899 4693; x_wconf 88' lang='lat' dir='ltr'><strong>secundum</strong></span> <span class='ocrx_word' id='word_1_624' title='bbox 929 4635 1177 4691; x_wconf 90' lang='lat' dir='ltr'><strong>traditam</strong></span> <span class='ocrx_word' id='word_1_625' title='bbox 1200 4635 1278 4690; x_wconf 90' lang='lat' dir='ltr'><strong>eis</strong></span> <span class='ocrx_word' id='word_1_626' title='bbox 1304 4635 1751 4691; x_wconf 87' lang='lat' dir='ltr'><strong>consuetudinem</strong></span> <span class='ocrx_word' id='word_1_627' title='bbox 1784 4648 2028 4692; x_wconf 89' lang='lat' dir='ltr'><strong>servatus</strong></span> <span class='ocrx_word' id='word_1_628' title='bbox 2054 4644 2196 4693; x_wconf 68' lang='lat' dir='ltr'><strong>est.»</strong></span> 
     </span>
    </p>
   </div>
   <div class='ocr_carea' id='block_1_90' title="bbox 604 4728 2201 4803">
    <p class='ocr_par' dir='ltr' id='par_1_90' title="bbox 604 4728 2201 4803">
     <span class='ocr_line' id='line_1_90' title="bbox 604 4728 2201 4803; baseline -0.001 -16"><span class='ocrx_word' id='word_1_629' title='bbox 604 4728 715 4787; x_wconf 82' lang='lat' dir='ltr'><strong>Etsi</strong></span> <span class='ocrx_word' id='word_1_630' title='bbox 746 4747 773 4784; x_wconf 91' lang='lat' dir='ltr'><strong>a</strong></span> <span class='ocrx_word' id='word_1_631' title='bbox 802 4731 1069 4803; x_wconf 82' lang='lat' dir='ltr'><strong>Cypriane</strong></span> <span class='ocrx_word' id='word_1_632' title='bbox 1091 4729 1441 4786; x_wconf 86' lang='lat' dir='ltr'><strong>dissentirent</strong></span> <span class='ocrx_word' id='word_1_633' title='bbox 1474 4739 1599 4785; x_wconf 91' lang='lat' dir='ltr'><strong>tunc</strong></span> <span class='ocrx_word' id='word_1_634' title='bbox 1628 4729 1825 4798; x_wconf 70' lang='lat' dir='ltr'><strong>Graeci,</strong></span> <span class='ocrx_word' id='word_1_635' title='bbox 1859 4730 1998 4785; x_wconf 86' lang='lat' dir='ltr'><strong>hanc</strong></span> <span class='ocrx_word' id='word_1_636' title='bbox 2022 4738 2201 4786; x_wconf 59' lang='lat' dir='ltr'><strong>tamen</strong></span> 
     </span>
    </p>
   </div>
   <div class='ocr_carea' id='block_1_91' title="bbox 603 4821 2205 4895">
    <p class='ocr_par' dir='ltr' id='par_1_91' title="bbox 603 4821 2205 4895">
     <span class='ocr_line' id='line_1_91' title="bbox 603 4821 2205 4895; baseline 0 -15"><span class='ocrx_word' id='word_1_637' title='bbox 603 4824 722 4895; x_wconf 85' lang='lat' dir='ltr'><strong>ejus</strong></span> <span class='ocrx_word' id='word_1_638' title='bbox 767 4821 1215 4880; x_wconf 84' lang='lat' dir='ltr'><strong>consuetudinem</strong></span> <span class='ocrx_word' id='word_1_639' title='bbox 1269 4837 1367 4879; x_wconf 90' lang='lat' dir='ltr'><strong>suo</strong></span> <span class='ocrx_word' id='word_1_640' title='bbox 1412 4824 1531 4879; x_wconf 90' lang='lat' dir='ltr'><strong>loco</strong></span> <span class='ocrx_word' id='word_1_641' title='bbox 1574 4832 1627 4880; x_wconf 89' lang='lat' dir='ltr'><strong>et</strong></span> <span class='ocrx_word' id='word_1_642' title='bbox 1674 4830 1919 4895; x_wconf 86' lang='lat' dir='ltr'><strong>tempore</strong></span> <span class='ocrx_word' id='word_1_643' title='bbox 1971 4821 2205 4895; x_wconf 82' lang='lat' dir='ltr'><strong>viguisse</strong></span> 
     </span>
    </p>
   </div>
   <div class='ocr_carea' id='block_1_92' title="bbox 605 4928 851 4977">
    <p class='ocr_par' dir='ltr' id='par_1_92' title="bbox 605 4928 851 4977">
     <span class='ocr_line' id='line_1_92' title="bbox 605 4928 851 4977; baseline -0.012 0"><span class='ocrx_word' id='word_1_644' title='bbox 605 4928 851 4977; x_wconf 88' lang='lat' dir='ltr'><strong>censent.</strong></span> 
     </span>
    </p>
   </div>
   <div class='ocr_carea' id='block_1_93' title="bbox 604 5033 2206 5103">
    <p class='ocr_par' dir='ltr' id='par_1_93' title="bbox 604 5033 2206 5103">
     <span class='ocr_line' id='line_1_93' title="bbox 604 5033 2206 5103; baseline -0.004 -8"><span class='ocrx_word' id='word_1_645' title='bbox 604 5033 769 5095; x_wconf 81' lang='lat' dir='ltr'><strong>XLV.</strong></span> <span class='ocrx_word' id='word_1_646' title='bbox 826 5049 897 5091; x_wconf 78' lang='lat' dir='ltr'><strong>sx</strong></span> <span class='ocrx_word' id='word_1_647' title='bbox 948 5047 1212 5091; x_wconf 69' lang='lat' dir='ltr'><strong>consensu</strong></span> <span class='ocrx_word' id='word_1_648' title='bbox 1270 5049 1608 5103; x_wconf 63' lang='lat' dir='ltr'><strong>GRAECOBUII,</strong></span> <span class='ocrx_word' id='word_1_649' title='bbox 1680 5051 1886 5093; x_wconf 72' lang='lat' dir='ltr'><strong>IAXIIIE</strong></span> <span class='ocrx_word' id='word_1_650' title='bbox 1937 5048 2206 5092; x_wconf 73' lang='lat' dir='ltr'><strong>THEODORI</strong></span> 
     </span>
    </p>
   </div>
   <div class='ocr_carea' id='block_1_94' title="bbox 1274 5140 1540 5186">
    <p class='ocr_par' dir='ltr' id='par_1_94' title="bbox 1274 5140 1540 5186">
     <span class='ocr_line' id='line_1_94' title="bbox 1274 5140 1540 5186; baseline 0.019 -5"><span class='ocrx_word' id='word_1_651' title='bbox 1274 5140 1540 5186; x_wconf 68' lang='lat' dir='ltr'><strong>STUDI‘I&#39;E.</strong></span> 
     </span>
    </p>
   </div>
   <div class='ocr_carea' id='block_1_95' title="bbox 677 5243 2207 5316">
    <p class='ocr_par' dir='ltr' id='par_1_95' title="bbox 677 5243 2207 5316">
     <span class='ocr_line' id='line_1_95' title="bbox 677 5243 2207 5316; baseline -0.003 -12"><span class='ocrx_word' id='word_1_652' title='bbox 677 5247 756 5304; x_wconf 85' lang='lat' dir='ltr'><strong>Ita</strong></span> <span class='ocrx_word' id='word_1_653' title='bbox 786 5244 1096 5303; x_wconf 88' lang='lat' dir='ltr'><strong>sentiebant</strong></span> <span class='ocrx_word' id='word_1_654' title='bbox 1124 5243 1296 5302; x_wconf 69' lang='lat' dir='ltr'><strong>Graeci</strong></span> <span class='ocrx_word' id='word_1_655' title='bbox 1344 5244 1473 5300; x_wconf 90' lang='lat' dir='ltr'><strong>olim</strong></span> <span class='ocrx_word' id='word_1_656' title='bbox 1520 5259 1733 5310; x_wconf 88' lang='lat' dir='ltr'><strong>omnes,</strong></span> <span class='ocrx_word' id='word_1_657' title='bbox 1760 5244 1956 5316; x_wconf 84' lang='lat' dir='ltr'><strong>quibus</strong></span> <span class='ocrx_word' id='word_1_658' title='bbox 1993 5257 2207 5300; x_wconf 88' lang='lat' dir='ltr'><strong>summo</strong></span> 
     </span>
    </p>
   </div>
   <div class='ocr_carea' id='block_1_96' title="bbox 602 5336 2206 5413">
    <p class='ocr_par' dir='ltr' id='par_1_96' title="bbox 602 5336 2206 5413">
     <span class='ocr_line' id='line_1_96' title="bbox 602 5336 2206 5413; baseline -0.004 -14"><span class='ocrx_word' id='word_1_659' title='bbox 602 5355 821 5413; x_wconf 86' lang='lat' dir='ltr'><strong>semper</strong></span> <span class='ocrx_word' id='word_1_660' title='bbox 866 5341 919 5394; x_wconf 91' lang='lat' dir='ltr'><strong>in</strong></span> <span class='ocrx_word' id='word_1_661' title='bbox 954 5339 1160 5394; x_wconf 86' lang='lat' dir='ltr'><strong>honore</strong></span> <span class='ocrx_word' id='word_1_662' title='bbox 1194 5336 1296 5393; x_wconf 80' lang='lat' dir='ltr'><strong>fuit</strong></span> <span class='ocrx_word' id='word_1_663' title='bbox 1334 5337 1423 5393; x_wconf 88' lang='lat' dir='ltr'><strong>illa</strong></span> <span class='ocrx_word' id='word_1_664' title='bbox 1450 5337 1632 5395; x_wconf 89' lang='lat' dir='ltr'><strong>Basilii</strong></span> <span class='ocrx_word' id='word_1_665' title='bbox 1664 5337 1899 5409; x_wconf 87' lang='lat' dir='ltr'><strong>Epistola</strong></span> <span class='ocrx_word' id='word_1_666' title='bbox 1947 5337 2206 5392; x_wconf 88' lang='lat' dir='ltr'><strong>canonica</strong></span> 
     </span>
    </p>
   </div>
   <div class='ocr_carea' id='block_1_97' title="bbox 601 5432 2208 5505">
    <p class='ocr_par' dir='ltr' id='par_1_97' title="bbox 601 5432 2208 5505">
     <span class='ocr_line' id='line_1_97' title="bbox 601 5432 2208 5505; baseline -0.004 -11"><span class='ocrx_word' id='word_1_667' title='bbox 601 5436 670 5494; x_wconf 91' lang='lat' dir='ltr'><strong>ad</strong></span> <span class='ocrx_word' id='word_1_668' title='bbox 701 5432 1162 5505; x_wconf 84' lang='lat' dir='ltr'><strong>Amphilochium,</strong></span> <span class='ocrx_word' id='word_1_669' title='bbox 1221 5434 1273 5488; x_wconf 90' lang='lat' dir='ltr'><strong>in</strong></span> <span class='ocrx_word' id='word_1_670' title='bbox 1320 5432 1509 5489; x_wconf 86' lang='lat' dir='ltr'><strong>codice</strong></span> <span class='ocrx_word' id='word_1_671' title='bbox 1558 5448 1824 5488; x_wconf 79' lang='lat' dir='ltr'><strong>canonum</strong></span> <span class='ocrx_word' id='word_1_672' title='bbox 1870 5448 2049 5505; x_wconf 69' lang='lat' dir='ltr'><strong>graeco</strong></span> <span class='ocrx_word' id='word_1_673' title='bbox 2093 5447 2208 5504; x_wconf 61' lang='lat' dir='ltr'><strong>prae</strong></span> 
     </span>
    </p>
   </div>
   <div class='ocr_carea' id='block_1_98' title="bbox 601 5524 2197 5596">
    <p class='ocr_par' dir='ltr' id='par_1_98' title="bbox 601 5524 2197 5596">
     <span class='ocr_line' id='line_1_98' title="bbox 601 5524 2197 5596; baseline -0.005 -9"><span class='ocrx_word' id='word_1_674' title='bbox 601 5528 820 5587; x_wconf 62' lang='lat' dir='ltr'><strong>emeris</strong></span> <span class='ocrx_word' id='word_1_675' title='bbox 849 5525 1085 5581; x_wconf 83' lang='lat' dir='ltr'><strong>radians.</strong></span> <span class='ocrx_word' id='word_1_676' title='bbox 1121 5524 1440 5596; x_wconf 87' lang='lat' dir='ltr'><strong>Specialitcr</strong></span> <span class='ocrx_word' id='word_1_677' title='bbox 1486 5534 1664 5581; x_wconf 86' lang='lat' dir='ltr'><strong>autem</strong></span> <span class='ocrx_word' id='word_1_678' title='bbox 1697 5525 2009 5581; x_wconf 80' lang='lat' dir='ltr'><strong>Timotheus</strong></span> <span class='ocrx_word' id='word_1_679' title='bbox 2045 5525 2197 5580; x_wconf 85' lang='lat' dir='ltr'><strong>Pres-</strong></span> 
     </span>
    </p>
   </div>
   <div class='ocr_carea' id='block_1_99' title="bbox 601 5615 2211 5692">
    <p class='ocr_par' dir='ltr' id='par_1_99' title="bbox 601 5615 2211 5692">
     <span class='ocr_line' id='line_1_99' title="bbox 601 5615 2211 5692; baseline -0.004 -14"><span class='ocrx_word' id='word_1_680' title='bbox 601 5623 765 5692; x_wconf 84' lang='lat' dir='ltr'><strong>byter</strong></span> <span class='ocrx_word' id='word_1_681' title='bbox 808 5619 963 5688; x_wconf 89' lang='lat' dir='ltr'><strong>cujus</strong></span> <span class='ocrx_word' id='word_1_682' title='bbox 992 5619 1349 5689; x_wconf 78' lang='lat' dir='ltr'><strong>fragmentum</strong></span> <span class='ocrx_word' id='word_1_683' title='bbox 1391 5618 1681 5674; x_wconf 76' lang='lat' dir='ltr'><strong>refertnra</strong></span> <span class='ocrx_word' id='word_1_684' title='bbox 1724 5618 2065 5683; x_wconf 83' lang='lat' dir='ltr'><strong>Balsamone,</strong></span> <span class='ocrx_word' id='word_1_685' title='bbox 2117 5615 2211 5672; x_wconf 84' lang='lat' dir='ltr'><strong>ubi</strong></span> 
     </span>
    </p>
   </div>
   <div class='ocr_carea' id='block_1_100' title="bbox 599 5710 2214 5785">
    <p class='ocr_par' dir='ltr' id='par_1_100' title="bbox 599 5710 2214 5785">
     <span class='ocr_line' id='line_1_100' title="bbox 599 5710 2214 5785; baseline 0.001 -21"><span class='ocrx_word' id='word_1_686' title='bbox 599 5726 720 5772; x_wconf 69' lang='lat' dir='ltr'><strong>tres</strong></span> <span class='ocrx_word' id='word_1_687' title='bbox 749 5711 969 5771; x_wconf 85' lang='lat' dir='ltr'><strong>ordines</strong></span> <span class='ocrx_word' id='word_1_688' title='bbox 993 5723 1238 5771; x_wconf 83' lang='lat' dir='ltr'><strong>recenset</strong></span> <span class='ocrx_word' id='word_1_689' title='bbox 1263 5710 1632 5771; x_wconf 86' lang='lat' dir='ltr'><strong>accedentium</strong></span> <span class='ocrx_word' id='word_1_690' title='bbox 1661 5713 1727 5769; x_wconf 85' lang='lat' dir='ltr'><strong>ad</strong></span> <span class='ocrx_word' id='word_1_691' title='bbox 1772 5713 2087 5775; x_wconf 85' lang='lat' dir='ltr'><strong>Ecclesiam,</strong></span> <span class='ocrx_word' id='word_1_692' title='bbox 2118 5714 2214 5785; x_wconf 80' lang='lat' dir='ltr'><strong>qui</strong></span> 
     </span>
    </p>
   </div>
   <div class='ocr_carea' id='block_1_101' title="bbox 2312 4659 3912 4741">
    <p class='ocr_par' dir='ltr' id='par_1_101' title="bbox 2312 4659 3912 4741">
     <span class='ocr_line' id='line_1_101' title="bbox 2312 4659 3912 4741; baseline 0.006 -27"><span class='ocrx_word' id='word_1_693' title='bbox 2312 4660 2520 4741; x_wconf 85' lang='lat' dir='ltr'><strong>tiniani,</strong></span> <span class='ocrx_word' id='word_1_694' title='bbox 2550 4659 2809 4725; x_wconf 84' lang='lat' dir='ltr'><strong>Montani,</strong></span> <span class='ocrx_word' id='word_1_695' title='bbox 2862 4670 2919 4716; x_wconf 89' lang='lat' dir='ltr'><strong>et</strong></span> <span class='ocrx_word' id='word_1_696' title='bbox 2963 4660 3266 4727; x_wconf 71' lang='lat' dir='ltr'><strong>Manichtei,</strong></span> <span class='ocrx_word' id='word_1_697' title='bbox 3310 4663 3567 4733; x_wconf 87' lang='lat' dir='ltr'><strong>variaque</strong></span> <span class='ocrx_word' id='word_1_698' title='bbox 3612 4664 3912 4735; x_wconf 83' lang='lat' dir='ltr'><strong>impietatis</strong></span> 
     </span>
    </p>
   </div>
   <div class='ocr_carea' id='block_1_102' title="bbox 2310 4756 3912 4828">
    <p class='ocr_par' dir='ltr' id='par_1_102' title="bbox 2310 4756 3912 4828">
     <span class='ocr_line' id='line_1_102' title="bbox 2310 4756 3912 4828; baseline 0.004 -17"><span class='ocrx_word' id='word_1_699' title='bbox 2310 4756 2572 4827; x_wconf 78' lang='lat' dir='ltr'><strong>germina,</strong></span> <span class='ocrx_word' id='word_1_700' title='bbox 2618 4756 2699 4811; x_wconf 92' lang='lat' dir='ltr'><strong>vel</strong></span> <span class='ocrx_word' id='word_1_701' title='bbox 2728 4765 2941 4812; x_wconf 63' lang='lat' dir='ltr'><strong>caeterte</strong></span> <span class='ocrx_word' id='word_1_702' title='bbox 2988 4757 3212 4812; x_wconf 85' lang='lat' dir='ltr'><strong>istorum</strong></span> <span class='ocrx_word' id='word_1_703' title='bbox 3264 4758 3493 4828; x_wconf 86' lang='lat' dir='ltr'><strong>originis</strong></span> <span class='ocrx_word' id='word_1_704' title='bbox 3532 4759 3649 4814; x_wconf 87' lang='lat' dir='ltr'><strong>sive</strong></span> <span class='ocrx_word' id='word_1_705' title='bbox 3698 4760 3912 4818; x_wconf 80' lang='lat' dir='ltr'><strong>ordinis</strong></span> 
     </span>
    </p>
   </div>
   <div class='ocr_carea' id='block_1_103' title="bbox 2312 4849 3916 4922">
    <p class='ocr_par' dir='ltr' id='par_1_103' title="bbox 2312 4849 3916 4922">
     <span class='ocr_line' id='line_1_103' title="bbox 2312 4849 3916 4922; baseline 0.004 -17"><span class='ocrx_word' id='word_1_706' title='bbox 2312 4861 2513 4920; x_wconf 83' lang='lat' dir='ltr'><strong>pestes,</strong></span> <span class='ocrx_word' id='word_1_707' title='bbox 2542 4866 2663 4922; x_wconf 72' lang='lat' dir='ltr'><strong>quas</strong></span> <span class='ocrx_word' id='word_1_708' title='bbox 2692 4850 2799 4905; x_wconf 90' lang='lat' dir='ltr'><strong>duo</strong></span> <span class='ocrx_word' id='word_1_709' title='bbox 2823 4849 3082 4920; x_wconf 86' lang='lat' dir='ltr'><strong>principia</strong></span> <span class='ocrx_word' id='word_1_710' title='bbox 3110 4851 3215 4905; x_wconf 90' lang='lat' dir='ltr'><strong>sibi</strong></span> <span class='ocrx_word' id='word_1_711' title='bbox 3241 4851 3425 4922; x_wconf 83' lang='lat' dir='ltr'><strong>ignota</strong></span> <span class='ocrx_word' id='word_1_712' title='bbox 3458 4853 3827 4922; x_wconf 88' lang='lat' dir='ltr'><strong>introducunt,</strong></span> <span class='ocrx_word' id='word_1_713' title='bbox 3855 4864 3916 4913; x_wconf 77' lang='lat' dir='ltr'><strong>ut</strong></span> 
     </span>
    </p>
   </div>
   <div class='ocr_carea' id='block_1_104' title="bbox 2311 4943 3915 5015">
    <p class='ocr_par' dir='ltr' id='par_1_104' title="bbox 2311 4943 3915 5015">
     <span class='ocr_line' id='line_1_104' title="bbox 2311 4943 3915 5015; baseline 0.002 -14"><span class='ocrx_word' id='word_1_714' title='bbox 2311 4943 2522 5003; x_wconf 86' lang='lat' dir='ltr'><strong>Ccrdon</strong></span> <span class='ocrx_word' id='word_1_715' title='bbox 2550 4955 2603 5001; x_wconf 90' lang='lat' dir='ltr'><strong>et</strong></span> <span class='ocrx_word' id='word_1_716' title='bbox 2625 4944 2898 5012; x_wconf 84' lang='lat' dir='ltr'><strong>Marcion;</strong></span> <span class='ocrx_word' id='word_1_717' title='bbox 2927 4945 3012 4999; x_wconf 90' lang='lat' dir='ltr'><strong>vel</strong></span> <span class='ocrx_word' id='word_1_718' title='bbox 3041 4946 3332 5004; x_wconf 86' lang='lat' dir='ltr'><strong>contraria.</strong></span> <span class='ocrx_word' id='word_1_719' title='bbox 3357 4953 3416 5000; x_wconf 93' lang='lat' dir='ltr'><strong>ut</strong></span> <span class='ocrx_word' id='word_1_720' title='bbox 3436 4944 3764 5003; x_wconf 80' lang='lat' dir='ltr'><strong>Maniclneus</strong></span> <span class='ocrx_word' id='word_1_721' title='bbox 3785 4966 3801 5015; x_wconf 90' lang='lat'><strong>;</strong></span> <span class='ocrx_word' id='word_1_722' title='bbox 3825 4948 3915 5005; x_wconf 81' lang='lat' dir='ltr'><strong>vel</strong></span> 
     </span>
    </p>
   </div>
   <div class='ocr_carea' id='block_1_105' title="bbox 2311 5038 3915 5109">
    <p class='ocr_par' dir='ltr' id='par_1_105' title="bbox 2311 5038 3915 5109">
     <span class='ocr_line' id='line_1_105' title="bbox 2311 5038 3915 5109; baseline 0.001 -12"><span class='ocrx_word' id='word_1_723' title='bbox 2311 5042 2411 5098; x_wconf 91' lang='lat' dir='ltr'><strong>tria</strong></span> <span class='ocrx_word' id='word_1_724' title='bbox 2440 5051 2496 5098; x_wconf 91' lang='lat' dir='ltr'><strong>et</strong></span> <span class='ocrx_word' id='word_1_725' title='bbox 2525 5040 2777 5109; x_wconf 84' lang='lat' dir='ltr'><strong>barbara,</strong></span> <span class='ocrx_word' id='word_1_726' title='bbox 2830 5050 2887 5096; x_wconf 90' lang='lat' dir='ltr'><strong>ut</strong></span> <span class='ocrx_word' id='word_1_727' title='bbox 2933 5038 3242 5107; x_wconf 86' lang='lat' dir='ltr'><strong>Setbianus,</strong></span> <span class='ocrx_word' id='word_1_728' title='bbox 3297 5049 3351 5094; x_wconf 90' lang='lat' dir='ltr'><strong>et</strong></span> <span class='ocrx_word' id='word_1_729' title='bbox 3394 5038 3771 5107; x_wconf 88' lang='lat' dir='ltr'><strong>Theodosius;</strong></span> <span class='ocrx_word' id='word_1_730' title='bbox 3825 5041 3915 5099; x_wconf 83' lang='lat' dir='ltr'><strong>vel</strong></span> 
     </span>
    </p>
   </div>
   <div class='ocr_carea' id='block_1_106' title="bbox 2310 5134 3917 5201">
    <p class='ocr_par' dir='ltr' id='par_1_106' title="bbox 2310 5134 3917 5201">
     <span class='ocr_line' id='line_1_106' title="bbox 2310 5134 3917 5201; baseline 0 -8"><span class='ocrx_word' id='word_1_731' title='bbox 2310 5137 2477 5194; x_wconf 90' lang='lat' dir='ltr'><strong>multa</strong></span> <span class='ocrx_word' id='word_1_732' title='bbox 2522 5149 2573 5191; x_wconf 94' lang='lat' dir='ltr'><strong>ut</strong></span> <span class='ocrx_word' id='word_1_733' title='bbox 2627 5135 2983 5201; x_wconf 87' lang='lat' dir='ltr'><strong>Valentinus;</strong></span> <span class='ocrx_word' id='word_1_734' title='bbox 3017 5135 3100 5191; x_wconf 91' lang='lat' dir='ltr'><strong>vel</strong></span> <span class='ocrx_word' id='word_1_735' title='bbox 3131 5134 3401 5189; x_wconf 78' lang='lat' dir='ltr'><strong>Christum</strong></span> <span class='ocrx_word' id='word_1_736' title='bbox 3435 5135 3707 5191; x_wconf 79' lang='lat' dir='ltr'><strong>hominem</strong></span> <span class='ocrx_word' id='word_1_737' title='bbox 3741 5135 3917 5193; x_wconf 81' lang='lat' dir='ltr'><strong>fuisse</strong></span> 
     </span>
    </p>
   </div>
   <div class='ocr_carea' id='block_1_107' title="bbox 2309 5225 3919 5303">
    <p class='ocr_par' dir='ltr' id='par_1_107' title="bbox 2309 5225 3919 5303">
     <span class='ocr_line' id='line_1_107' title="bbox 2309 5225 3919 5303; baseline -0.002 -16"><span class='ocrx_word' id='word_1_738' title='bbox 2309 5232 2511 5303; x_wconf 86' lang='lat' dir='ltr'><strong>absque</strong></span> <span class='ocrx_word' id='word_1_739' title='bbox 2541 5230 2672 5297; x_wconf 89' lang='lat' dir='ltr'><strong>Deo,</strong></span> <span class='ocrx_word' id='word_1_740' title='bbox 2706 5239 2762 5284; x_wconf 86' lang='lat' dir='ltr'><strong>ut</strong></span> <span class='ocrx_word' id='word_1_741' title='bbox 2789 5227 3099 5290; x_wconf 89' lang='lat' dir='ltr'><strong>Cerinthus,</strong></span> <span class='ocrx_word' id='word_1_742' title='bbox 3133 5225 3331 5291; x_wconf 86' lang='lat' dir='ltr'><strong>Ebion,</strong></span> <span class='ocrx_word' id='word_1_743' title='bbox 3361 5227 3621 5283; x_wconf 79' lang='lat' dir='ltr'><strong>Artemon</strong></span> <span class='ocrx_word' id='word_1_744' title='bbox 3649 5238 3707 5283; x_wconf 92' lang='lat' dir='ltr'><strong>et</strong></span> <span class='ocrx_word' id='word_1_745' title='bbox 3730 5227 3919 5284; x_wconf 83' lang='lat' dir='ltr'><strong>Photi-</strong></span> 
     </span>
    </p>
   </div>
   <div class='ocr_carea' id='block_1_108' title="bbox 2313 5319 3918 5394">
    <p class='ocr_par' dir='ltr' id='par_1_108' title="bbox 2313 5319 3918 5394">
     <span class='ocr_line' id='line_1_108' title="bbox 2313 5319 3918 5394; baseline -0.002 -12"><span class='ocrx_word' id='word_1_746' title='bbox 2313 5343 2433 5383; x_wconf 90' lang='lat' dir='ltr'><strong>nus.</strong></span> <span class='ocrx_word' id='word_1_747' title='bbox 2466 5324 2546 5380; x_wconf 78' lang='lat' dir='ltr'><strong>Ex</strong></span> <span class='ocrx_word' id='word_1_748' title='bbox 2574 5325 2728 5393; x_wconf 89' lang='lat' dir='ltr'><strong>ipsis,</strong></span> <span class='ocrx_word' id='word_1_749' title='bbox 2762 5322 3003 5394; x_wconf 88' lang='lat' dir='ltr'><strong>inquam,</strong></span> <span class='ocrx_word' id='word_1_750' title='bbox 3049 5320 3093 5374; x_wconf 89' lang='lat' dir='ltr'><strong>si</strong></span> <span class='ocrx_word' id='word_1_751' title='bbox 3125 5321 3217 5391; x_wconf 86' lang='lat' dir='ltr'><strong>qui</strong></span> <span class='ocrx_word' id='word_1_752' title='bbox 3256 5319 3323 5375; x_wconf 87' lang='lat' dir='ltr'><strong>ad</strong></span> <span class='ocrx_word' id='word_1_753' title='bbox 3370 5335 3471 5375; x_wconf 91' lang='lat' dir='ltr'><strong>nos</strong></span> <span class='ocrx_word' id='word_1_754' title='bbox 3500 5322 3768 5389; x_wconf 86' lang='lat' dir='ltr'><strong>venerint,</strong></span> <span class='ocrx_word' id='word_1_755' title='bbox 3802 5337 3918 5379; x_wconf 86' lang='lat' dir='ltr'><strong>non</strong></span> 
     </span>
    </p>
   </div>
   <div class='ocr_carea' id='block_1_109' title="bbox 2309 5412 3916 5492">
    <p class='ocr_par' dir='ltr' id='par_1_109' title="bbox 2309 5412 3916 5492">
     <span class='ocr_line' id='line_1_109' title="bbox 2309 5412 3916 5492; baseline -0.004 -15"><span class='ocrx_word' id='word_1_756' title='bbox 2309 5416 2691 5492; x_wconf 86' lang='lat' dir='ltr'><strong>requirendum</strong></span> <span class='ocrx_word' id='word_1_757' title='bbox 2738 5418 2806 5471; x_wconf 91' lang='lat' dir='ltr'><strong>ab</strong></span> <span class='ocrx_word' id='word_1_758' title='bbox 2833 5415 2913 5470; x_wconf 90' lang='lat' dir='ltr'><strong>eis</strong></span> <span class='ocrx_word' id='word_1_759' title='bbox 2957 5422 3135 5469; x_wconf 89' lang='lat' dir='ltr'><strong>utrum</strong></span> <span class='ocrx_word' id='word_1_760' title='bbox 3183 5412 3439 5483; x_wconf 81' lang='lat' dir='ltr'><strong>baptizati</strong></span> <span class='ocrx_word' id='word_1_761' title='bbox 3480 5412 3612 5480; x_wconf 88' lang='lat' dir='ltr'><strong>sint,</strong></span> <span class='ocrx_word' id='word_1_762' title='bbox 3654 5430 3723 5468; x_wconf 92' lang='lat' dir='ltr'><strong>an</strong></span> <span class='ocrx_word' id='word_1_763' title='bbox 3766 5428 3916 5481; x_wconf 88' lang='lat' dir='ltr'><strong>non;</strong></span> 
     </span>
    </p>
   </div>
   <div class='ocr_carea' id='block_1_110' title="bbox 2311 5508 3923 5579">
    <p class='ocr_par' dir='ltr' id='par_1_110' title="bbox 2311 5508 3923 5579">
     <span class='ocr_line' id='line_1_110' title="bbox 2311 5508 3923 5579; baseline -0.004 -8"><span class='ocrx_word' id='word_1_764' title='bbox 2311 5517 2406 5573; x_wconf 86' lang='lat' dir='ltr'><strong>sed</strong></span> <span class='ocrx_word' id='word_1_765' title='bbox 2434 5516 2534 5571; x_wconf 88' lang='lat' dir='ltr'><strong>hoc</strong></span> <span class='ocrx_word' id='word_1_766' title='bbox 2564 5521 2790 5575; x_wconf 88' lang='lat' dir='ltr'><strong>tantum,</strong></span> <span class='ocrx_word' id='word_1_767' title='bbox 2823 5511 2869 5566; x_wconf 91' lang='lat' dir='ltr'><strong>si</strong></span> <span class='ocrx_word' id='word_1_768' title='bbox 2897 5509 3119 5566; x_wconf 89' lang='lat' dir='ltr'><strong>credant</strong></span> <span class='ocrx_word' id='word_1_769' title='bbox 3150 5508 3408 5564; x_wconf 67' lang='lat' dir='ltr'><strong>Ecclesia:</strong></span> <span class='ocrx_word' id='word_1_770' title='bbox 3439 5508 3622 5577; x_wconf 83' lang='lat' dir='ltr'><strong>ﬁdem,</strong></span> <span class='ocrx_word' id='word_1_771' title='bbox 3656 5519 3712 5564; x_wconf 89' lang='lat' dir='ltr'><strong>et</strong></span> <span class='ocrx_word' id='word_1_772' title='bbox 3740 5509 3923 5579; x_wconf 58' lang='lat' dir='ltr'><strong>baptic</strong></span> 
     </span>
    </p>
   </div>
   <div class='ocr_carea' id='block_1_111' title="bbox 2310 5601 3921 5673">
    <p class='ocr_par' dir='ltr' id='par_1_111' title="bbox 2310 5601 3921 5673">
     <span class='ocr_line' id='line_1_111' title="bbox 2310 5601 3921 5673; baseline -0.005 -8"><span class='ocrx_word' id='word_1_773' title='bbox 2310 5618 2500 5667; x_wconf 85' lang='lat' dir='ltr'><strong>zentur</strong></span> <span class='ocrx_word' id='word_1_774' title='bbox 2553 5604 2917 5662; x_wconf 82' lang='lat' dir='ltr'><strong>ecclesiastico</strong></span> <span class='ocrx_word' id='word_1_775' title='bbox 2977 5603 3328 5673; x_wconf 84' lang='lat' dir='ltr'><strong>Baptismatc.</strong></span> <span class='ocrx_word' id='word_1_776' title='bbox 3366 5620 3386 5654; x_wconf 71' lang='grc' dir='ltr'><strong>ι</strong></span> <span class='ocrx_word' id='word_1_777' title='bbox 3444 5601 3619 5656; x_wconf 81' lang='lat' dir='ltr'><strong>Minus</strong></span> <span class='ocrx_word' id='word_1_778' title='bbox 3670 5601 3921 5672; x_wconf 82' lang='lat' dir='ltr'><strong>stupebis</strong></span> 
     </span>
    </p>
   </div>
   <div class='ocr_carea' id='block_1_112' title="bbox 2307 5694 3921 5775">
    <p class='ocr_par' dir='ltr' id='par_1_112' title="bbox 2307 5694 3921 5775">
     <span class='ocr_line' id='line_1_112' title="bbox 2307 5694 3921 5775; baseline -0.005 -17"><span class='ocrx_word' id='word_1_779' title='bbox 2307 5704 2419 5775; x_wconf 90' lang='lat' dir='ltr'><strong>jam</strong></span> <span class='ocrx_word' id='word_1_780' title='bbox 2449 5702 2668 5761; x_wconf 65' lang='lat' dir='ltr'><strong>Graecos</strong></span> <span class='ocrx_word' id='word_1_781' title='bbox 2705 5700 2773 5756; x_wconf 89' lang='lat' dir='ltr'><strong>ab</strong></span> <span class='ocrx_word' id='word_1_782' title='bbox 2799 5697 3105 5757; x_wconf 86' lang='lat' dir='ltr'><strong>Arelatensi</strong></span> <span class='ocrx_word' id='word_1_783' title='bbox 3153 5710 3387 5763; x_wconf 78' lang='lat' dir='ltr'><strong>canone,</strong></span> <span class='ocrx_word' id='word_1_784' title='bbox 3441 5704 3494 5751; x_wconf 90' lang='lat' dir='ltr'><strong>et</strong></span> <span class='ocrx_word' id='word_1_785' title='bbox 3540 5694 3610 5749; x_wconf 86' lang='lat' dir='ltr'><strong>ab</strong></span> <span class='ocrx_word' id='word_1_786' title='bbox 3652 5694 3921 5750; x_wconf 67' lang='lat' dir='ltr'><strong>Ecclesia:</strong></span> 
     </span>
    </p>
   </div>
   <div class='ocr_carea' id='block_1_113' title="bbox 599 5793 3918 5881">
    <p class='ocr_par' dir='ltr' id='par_1_113' title="bbox 599 5793 3918 5881">
     <span class='ocr_line' id='line_1_113' title="bbox 599 5793 3918 5881; baseline -0.001 -28"><span class='ocrx_word' id='word_1_787' title='bbox 599 5801 903 5870; x_wconf 81' lang='lat' dir='ltr'><strong>Baptismo,</strong></span> <span class='ocrx_word' id='word_1_788' title='bbox 932 5808 1025 5881; x_wconf 82' lang='lat' dir='ltr'><strong>qui</strong></span> <span class='ocrx_word' id='word_1_789' title='bbox 1053 5805 1374 5873; x_wconf 82' lang='lat' dir='ltr'><strong>Clu-ismatc,</strong></span> <span class='ocrx_word' id='word_1_790' title='bbox 1408 5802 1498 5869; x_wconf 74' lang='lat' dir='ltr'><strong>qui</strong></span> <span class='ocrx_word' id='word_1_791' title='bbox 1527 5808 1643 5865; x_wconf 85' lang='lat' dir='ltr'><strong>sola</strong></span> <span class='ocrx_word' id='word_1_792' title='bbox 1671 5808 1875 5866; x_wconf 88' lang='lat' dir='ltr'><strong>erroris</strong></span> <span class='ocrx_word' id='word_1_793' title='bbox 1904 5803 2221 5875; x_wconf 63' lang='lat' dir='ltr'><strong>ejurationo</strong></span> <span class='ocrx_word' id='word_1_794' title='bbox 2317 5797 2571 5853; x_wconf 71' lang='lat' dir='ltr'><strong>Romana:</strong></span> <span class='ocrx_word' id='word_1_795' title='bbox 2602 5796 2703 5853; x_wconf 90' lang='lat' dir='ltr'><strong>ritu</strong></span> <span class='ocrx_word' id='word_1_796' title='bbox 2733 5795 2999 5866; x_wconf 85' lang='lat' dir='ltr'><strong>deviasse,</strong></span> <span class='ocrx_word' id='word_1_797' title='bbox 3029 5812 3152 5853; x_wconf 90' lang='lat' dir='ltr'><strong>cum</strong></span> <span class='ocrx_word' id='word_1_798' title='bbox 3192 5796 3379 5853; x_wconf 87' lang='lat' dir='ltr'><strong>videas</strong></span> <span class='ocrx_word' id='word_1_799' title='bbox 3406 5793 3609 5853; x_wconf 84' lang='lat' dir='ltr'><strong>civitati</strong></span> <span class='ocrx_word' id='word_1_800' title='bbox 3636 5802 3695 5852; x_wconf 90' lang='lat' dir='ltr'><strong>et</strong></span> <span class='ocrx_word' id='word_1_801' title='bbox 3723 5793 3918 5851; x_wconf 79' lang='lat' dir='ltr'><strong>Arela-</strong></span> 
     </span>
    </p>
   </div>
  </div>
