4262 6236
358 276 504 333 1245

1226 271 1291 328 ΙΝ
1330 268 1667 339 SYNODOS,
1702 272 1788 328 DE
1826 268 2165 330 BAPTISMO
2205 271 2757 331 HIERETICORUM.

3510 267 3651 326 19.46

356 390 499 449 tensi
530 398 585 447 et
608 388 865 445 Romanae
914 384 1221 457 adjacentes
1263 388 1519 444 ecclesias
1567 387 1632 442 ab
1678 389 1756 443 eis
1801 402 1955 457 aeque
1981 390 2028 450 Α
2060 405 2275 461 semper
2310 398 2578 445 retentum
2627 400 2709 445 est
2743 389 2956 445 nonnisi
2993 388 3313 446 auctoritate
3357 384 3653 460 apostolica

356 488 665 545 deﬂexisse.
695 484 886 541 Multos
908 486 1049 539 enim
1080 482 1292 543 borum.
1320 499 1452 554 quos
1483 481 1794 537 Gennadius
1823 482 1950 551 tingi

357 599 549 640 rursus
592 581 846 650 imperat,
897 579 947 632 in
991 577 1229 633 Ecclesia
1260 576 1502 631 Romana
1531 577 1647 631 sine
1679 592 1817 630 novo
1848 575 1952 629 Ba-

360 676 557 747 ptismo
586 682 835 741 receptos
869 668 1033 725 fuisse
1064 685 1222 739 supra
1254 683 1508 737 estpresse
1550 684 1647 722 nos
1675 668 1954 722 admonuit

358 769 715 838 Hieronymus
762 763 908 819 Siieo
932 772 1115 818 nostro
1135 765 1235 816 hoc
1258 777 1374 815 aevo
1396 760 1635 815 novellos
1663 760 1951 814 hit‘l‘elICOS

357 878 387 917 a
407 860 592 915 multis
606 857 900 911 Catholicis
916 856 1016 911 sub
1038 855 1343 910 conditione
1373 854 1731 921 rebaptizatos
1763 852 1785 906 Γ
1787 854 1943 917 uisse,

356 953 517 1023 idque
546 950 832 1005 velandum
867 948 1049 1012 fuisse,
1096 962 1249 1003 conc.
1285 947 1501 1002 Rolom.
1544 961 1610 1000 au
1647 945 1810 1002 1581.
1843 944 1951 999 Re-

358 1046 531 1103 mensi
580 1062 667 1101 an.
724 1044 885 1100 1585.
928 1043 1184 1113 Aqniensi
1226 1057 1314 1097 an.
1349 1040 1509 1097 1585.
1543 1040 1813 1095 Tolosano
1857 1056 1948 1094 an.

357 1140 515 1196 1590.
548 1137 786 1193 Narbon.
830 1153 918 1191 an.
952 1136 1109 1193 1609.
1142 1134 1216 1189 Ita
1249 1136 1390 1189 enim
1414 1134 1698 1189 deﬁnierat
1729 1133 1853 1188 Pius
1880 1133 1947 1201 ν,

357 1243 417 1287 ut
441 1232 607 1288 fcrtur
634 1233 687 1285 in
725 1229 934 1303 synodo
980 1228 1296 1287 Ebroicensi
1326 1243 1416 1285 an.
1460 1227 1603 1284 1576
1651 1226 1791 1297 apud
1842 1227 1946 1281 Bo-

356 1326 591 1383 chellum
613 1340 733 1396 pag.
756 1325 880 1381 171.

815 1460 1020 1519 XLVII.
1065 1477 1133 1516 sx
1158 1474 1468 1518 sucosa-mo.

427 1604 505 1659 Ita
532 1601 796 1659 sentiebat
824 1600 1057 1669 denique
1088 1598 1417 1669 Augustinus
1446 1597 1695 1666 ipsemet,
1721 1611 1945 1651 sexcen-

355 1700 458 1754 ties
486 1698 624 1753 hanc
654 1694 1069 1750 consuetudinem
1100 1692 1440 1762 appellitans,
1466 1690 1599 1744 locis
1648 1700 1755 1742 tum
1787 1704 1946 1758 supra

2062 482 2312 536 traditum
2340 484 2640 538 rectissime
2664 484 2921 539 creditur.
2952 502 2971 535 ι
3003 480 3069 538 Ει
3097 484 3134 537 1.
3160 497 3218 547 ιι,
3251 496 3299 537 c.
3328 480 3360 535 7
3389 499 3401 536 :
3431 498 3452 533 ι
3477 481 3650 550 Quam

2058 575 2501 631 consuetudinem
2561 593 2665 631 non
2714 576 3081 647 rebaptizandi
3128 574 3434 639 luereticos,
3481 571 3649 627 credo

2056 683 2122 723 ex
2164 670 2455 738 apostolica
2490 670 2777 725 traditione
2805 670 3128 734 venientem,
3150 668 3290 724 sicut
3339 666 3502 720 multa
3539 679 3647 720 non

2058 766 2402 820 inveniuntur
2445 766 2495 819 in
2540 765 2735 819 litteris
2794 781 3002 831 corum,
3051 776 3228 834 neque
3274 764 3326 817 in
3401 760 3647 815 conciliis

2056 859 2435 928 posteriorum,
2459 869 2511 913 et
2538 868 2713 913 tamen
2740 860 2863 927 quia
2894 874 2988 928 per
3008 857 3308 912 universam
3332 854 3645 911 custodiun-

2054 961 2140 1006 tur
2171 951 2488 1017 Eccle-iam,
2518 952 2731 1006 nonnisi
2768 951 2835 1005 ab
2866 952 2995 1022 ipsis
3044 950 3237 1005 tradita
3269 959 3323 1004 et
3363 962 3646 1003 commen-

2053 1048 2173 1101 data
2200 1048 2514 1103 creduntur.
2553 1066 2572 1100 ι
2610 1048 2668 1102 Ει
2710 1062 2895 1103 rursus
2948 1045 3089 1101 idem
3133 1045 3491 1115 Augustinus,
3546 1043 3582 1098 l.
3608 1056 3647 1097 tl

2052 1150 2184 1195 cont.
2220 1140 2388 1212 Epist.
2447 1140 2715 1209 Parmam,
2744 1156 2795 1196 c.
2832 1142 2936 1197 13:
2988 1158 3007 1192 ι
3041 1139 3104 1193 Ει
3144 1140 3257 1193 lucc
3282 1137 3497 1208 quidem
3541 1136 3647 1191 alia

2052 1237 2280 1306 quaestio
2311 1244 2410 1303 est,
2444 1244 2624 1290 utrum
2655 1245 2707 1290 et
2740 1235 2807 1289 ab
2839 1235 2945 1289 illis
2972 1234 3060 1303 qui
3096 1246 3386 1302 numquam
3433 1230 3649 1284 fuerunt

2053 1330 2332 1386 christiani
2368 1330 2535 1400 possit
2560 1328 2866 1399 Baptismus
2897 1328 3034 1381 dari.
3061 1327 3168 1381 Nec
3196 1324 3397 1395 aliquid
3444 1334 3647 1378 temere

2052 1424 2177 1479 inde
2203 1422 2577 1479 ai‘ﬁrmaudum
2605 1431 2707 1489 est,
2750 1426 2865 1478 sine
2895 1422 3210 1477 auctoritate
3243 1422 3374 1475 tanti
3406 1418 3642 1487 concilii,

2053 1522 2309 1588 quantum
2337 1524 2496 1571 tanta:
2520 1518 2594 1572 rei
2626 1516 2875 1570 sufﬁciat.
2918 1532 2937 1567 ι
2978 1515 3046 1569 Et
3078 1515 3111 1568 l.
3156 1528 3227 1568 vlt
3261 1514 3322 1568 de
3339 1511 3493 1582 Bupl.
3527 1528 3640 1566 con.

2051 1607 2267 1675 Donat.,
2308 1622 2357 1664 c.
2404 1610 2506 1675 53,
2567 1608 2844 1678 inquirens
2886 1623 2951 1659 an
3012 1606 3314 1675 Baptismus
3356 1620 3385 1659 a
3438 1616 3645 1674 pagano

2052 1704 2296 1769 collatus,
2322 1703 2407 1756 vel
2457 1702 2599 1772 joco,
2656 1702 2738 1754 vel
2795 1700 3029 1764 mimice,
3073 1710 3219 1752 ratus
3265 1694 3371 1751 sit:
3422 1715 3441 1747 ι
3479 1696 3644 1751 Nobis

350 1792 615 1863 aneﬁmisc
649 1800 759 1845 lum
798 1789 918 1844 aliis
947 1786 1262 1851 innumeris,
1296 1786 1488 1854 ﬁ“ilms
1516 1783 1619 1839 11"“
1641 1798 1941 1853 0""83ren'
1972 1801 2019 1862 B
2050 1798 2240 1867 inquit,
2273 1806 2443 1851 tutum
2473 1796 2630 1850 estin
2686 1810 2747 1848 ea
2787 1796 2891 1849 non
2924 1791 3174 1861 progredi
3207 1791 3381 1861 aliqua
3426 1790 3643 1844 temeri-

355 1887 441 1942 dis
470 1885 821 1955 supersedeo.
852 1882 1009 1943 Addo
1050 1882 1190 1935 hunc
1217 1896 1382 1935 unum
1408 1880 1607 1944 locum,
1637 1877 1674 1931 l.
1700 1878 1761 1931 de
1788 1878 1938 1931 unico

348 1978 633 2050 Baptisms.
665 1986 804 2031 cont.
838 1974 1020 2038 Petit.,
1052 1989 1101 2027 c.
1131 1973 1198 2027 15
1227 1989 1240 2025 :
1281 1990 1299 2022 ι
1339 1972 1449 2039 Ego
1496 1982 1675 2025 autem
1717 1978 1774 2022 ut
1801 1968 1942 2039 quod

345 2076 414 2130 de
444 2074 544 2128 hac
570 2088 629 2127 re
649 2072 848 2137 sentio,
879 2068 1115 2124 breviter
1148 2067 1357 2121 dicam:
1401 2064 1736 2133 rebaptizare
1764 2063 1940 2117 luere-

345 2172 498 2233 ticos,
524 2166 669 2238 quod
719 2165 795 2220 illi
848 2164 1043 2219 fecisse
1071 2163 1341 2226 dicuntur,
1396 2171 1524 2227 tunc
1572 2158 1670 2211 fuit
1720 2157 1939 2212 humani

350 2266 573 2328 erroris;
604 2260 940 2331 rebaptizare
996 2267 1172 2312 autem
1203 2253 1528 2318 Catlwlicos,
1582 2251 1724 2321 quod
1765 2249 1941 2306 adhuc

344 2360 432 2414 isti
462 2356 683 2413 faciunt.
718 2370 934 2422 semper
958 2361 1041 2406 est
1085 2349 1367 2406 diabolica:
1418 2346 1876 2418 przesumptionis.
1913 2364 1932 2397 ι

341 2452 527 2522 Itaque
554 2465 616 2504 ea
649 2449 747 2503 fuit
775 2446 985 2517 propria
1013 2454 1067 2499 et
1092 2444 1343 2498 haeretica
1378 2440 1776 2495 Donatistarum
1809 2454 1935 2508 per-

336 2545 583 2610 versitas,
616 2552 672 2597 ut
702 2542 1096 2610 rebaptizarent
1122 2552 1237 2602 eos,
1261 2536 1349 2605 qui
1383 2535 1436 2588 in
1464 2533 1708 2589 Ecclesia
1746 2531 1935 2587 catho-

334 2638 436 2693 lica
460 2638 569 2707 jam
591 2634 756 2690 abluti
784 2648 937 2689 sacro
968 2630 1116 2685 fatue
1148 2629 1378 2684 fuerant.

336 2772 562 2831 XLVIII.
615 2788 857 2828 CONCILIA
888 2785 1149 2825 PLENABIA
1201 2781 1529 2824 AUGUSTINUS
1582 2778 1931 2828 roseus-arca

532 2882 600 2921 AD
641 2878 1068 2919 CONSUETUDINES
1096 2874 1427 2916 ORDINANDAS
1455 2873 1727 2923 BEQUIRIT.

401 3001 633 3057 Plenarii
665 3009 843 3055 autem
874 2997 1090 3053 concilii
1121 2996 1497 3051 auctoritatem
1531 2994 1598 3048 ab
1623 2993 1922 3063 Augustino

329 3096 621 3166 expetitam
646 3094 831 3155 fuisse,
863 3107 967 3149 non
1000 3090 1067 3145 ad
1112 3090 1259 3155 ﬁdei,
1293 3089 1385 3142 sed
1409 3087 1475 3141 ad
1511 3086 1923 3141 consuetudinis

2049 1901 2156 1946 tate
2178 1890 2480 1954 sententia:,
2507 1906 2625 1959 qua:
2650 1888 2796 1941 nullo
2823 1889 2873 1941 in
2904 1880 3185 1940 Catholico
3222 1883 3479 1954 regiunali
3508 1898 3641 1954 con-

2044 1986 2169 2041 cilio
2189 1995 2379 2055 empta,
2415 1982 2563 2037 nullo
2589 1981 2833 2052 plcnario
2853 1979 3087 2035 concilio
3115 1978 3400 2033 terminata
3436 1984 3581 2031 sunt.
3616 1994 3636 2027 ι

2044 2079 2112 2133 Et
2136 2078 2294 2148 epist.
2322 2076 2447 2141 119,
2472 2090 2523 2130 c.
2550 2075 2649 2131 Ii)”:
2679 2092 2699 2126 ι
2737 2072 2817 2129 Ad
2845 2071 3110 2143 agendum
3135 2070 3337 2126 Pascha
3368 2084 3434 2123 ex
3467 2068 3642 2122 Evan-

2042 2173 2184 2243 gelio
2232 2171 2359 2241 quia
2399 2171 2511 2240 jam
2570 2166 2913 2223 manifestqu
2954 2176 3057 2229 est,
3088 2180 3196 2235 quo
3239 2164 3329 2219 die
3384 2162 3641 2218 Dominus

2040 2268 2356 2328 resurrexit,
2381 2263 2631 2334 adiuncta
2655 2272 2739 2315 est
2759 2262 2921 2317 etiam
2942 2261 3182 2331 ipsorum
3210 2258 3419 2314 dierum
3454 2256 3641 2313 obser-

2040 2362 2185 2415 vatio
2213 2375 2308 2430 per
2343 2358 2561 2413 Patrum
2618 2356 2845 2411 concilia
2882 2372 2895 2408 :
2945 2363 3001 2408 et
3043 2353 3162 2408 orbi
3195 2354 3449 2407 universo
3495 2351 3641 2406 chri-

2038 2455 2215 2509 stiano
2264 2464 2581 2522 persuasum
2630 2459 2734 2515 est,
2785 2463 2851 2504 eo
2896 2446 3059 2502 modo
3115 2445 3320 2501 Pascha
3375 2444 3638 2499 celebrari

2037 2558 2309 2621 oportere.
2350 2547 2449 2601 »Ιιι
2484 2545 2606 2600 ﬁdei
2630 2554 2808 2600 autem
2835 2544 3103 2614 dogmatis
3142 2544 3229 2597 vix
3270 2557 3523 2611 nunquam
3565 2541 3638 2597 ita

2040 2640 2273 2712 pendere
2322 2639 2484 2694 animi
2532 2638 2753 2693 dubium
2782 2637 3023 2691 invenies
3069 2636 3475 2705 Augustinuma
3502 2650 3635 2690 con-

2035 2737 2287 2791 ciliorum
2338 2732 2680 2798 deﬁnitione,
2737 2731 2875 2786 atlde
2914 2730 3274 2801 Epiphaniam
3317 2744 3477 2800 supra
3528 2730 3636 2784 Itltl-

2030 2829 2239 2893 datum,
2268 2844 2337 2883 an
2384 2828 2578 2881 iterum
2616 2825 2822 2880 lustrali
2847 2823 2993 2878 fonte
3021 2823 3200 2893 piandi
3241 2831 3442 2886 essent,
3496 2837 3635 2891 quos

2030 2923 2321 2978 tinxissent
2350 2919 2555 2979 Ariani.
2585 2920 2647 2975 ob
2684 2918 2991 2973 meumcnico
3034 2917 3248 2971 concilio
3292 2914 3632 2971 statuendum

2029 3029 2150 3070 esse
2178 3014 2507 3084 opinantem.
2537 3010 2689 3067 Adde
2720 3011 2974 3066 Basiliam
3013 3010 3261 3064 similiter
3287 3008 3498 3065 concilii
3539 3007 3634 3062 de-

2029 3107 2228 3163 siderio
2250 3114 2593 3170 testuantem,
2622 3106 2674 3158 in
2701 3105 2797 3159 ista
2824 3103 2894 3159 de
2923 3103 3201 3172 Baptisuto
3252 3101 3628 3157 haereticorum

329 3200 386 3245 et
416 3189 712 3258 disciplina:
736 3187 995 3241 unitatem
1027 3185 1288 3239 universae
1348 3183 1599 3237 Ecclesiae
1626 3180 1917 3236 concilian-
1946 3207 1991 3271 ρ
2026 3201 2393 3258 (ιηοιωιίοηθ,
2421 3199 2555 3255 Cum
2597 3199 2860 3253 adversus
2887 3197 3219 3266 Origemsms
3264 3206 3317 3253 οε
3372 3203 3451 3250 tot
3495 3196 3629 3250 alias

326 3283 474 3347 dam,
503 3281 623 3351 quia
651 3279 984 3334 consuetudo
1011 3293 1104 3332 sua
1163 3285 1355 3345 sponte
1387 3276 1556 3332 libera
1600 3283 1655 3329 ct
1711 3274 1922 3329 indiiico

324 3391 477 3438 rens,
505 3383 574 3428 tta
595 3370 931 3427 commodius
953 3370 1265 3439 astringilur
1291 3368 1357 3423 ad
1406 3384 1569 3423 unum
1612 3367 1808 3435 ubique
1849 3367 1920 3419 ri-

321 3481 469 3525 tum:
502 3467 668 3537 liquet
691 3482 757 3520 ex
787 3467 944 3533 epist.
965 3464 1068 3520 118
1086 3482 1098 3517 :
1119 3463 1214 3518 Illa
1236 3473 1411 3518 autem
1435 3479 1553 3532 qum
1571 3477 1677 3517 non
1696 3462 1916 3531 scripta,

320 3562 419 3618 sed
451 3560 641 3615 tradita
672 3559 1033 3624 custodimus,
1059 3574 1178 3629 qua:
1218 3557 1434 3626 quidem
1485 3567 1596 3611 toto
1653 3568 1915 3611 terrarum

320 3659 455 3713 orbe
483 3658 861 3715 observantur.
895 3656 1094 3709 dantur
1123 3654 1371 3725 intelligi,
1405 3655 1490 3708 vel
1521 3655 1589 3709 ab
1612 3654 1744 3722 ipsis
1769 3654 1913 3722 Apo-

317 3751 498 3815 stolis,
530 3749 613 3803 vel
642 3748 898 3819 plenariis
921 3748 1186 3809 conciliis,
1220 3763 1447 3817 quorum
1475 3754 1558 3803 est
1585 3747 1635 3800 in
1674 3746 1915 3801 Ecclesia

317 3844 669 3900 saluberrima
713 3843 1027 3905 auctoritas,
1081 3842 1449 3897 commendata
1504 3824 1689 3909 atque;
1719 3849 1916 3896 statuta

318 3938 567 4001 retineri,
599 3938 754 3992 sicuti
777 3937 917 4006 quod
947 3937 1152 3991 Domini
1182 3935 1380 4005 passio,
1410 3946 1461 3990 et
1484 3935 1830 4000 resurrectio,
1864 3943 1919 3988 ct

316 4030 564 4086 ascensio
608 4029 662 4084 in
719 4028 940 4095 cadum,
971 4038 1025 4083 et
1070 4029 1334 4083 adventus
1382 4027 1449 4083 de
1492 4027 1631 4082 coelo
1686 4026 1916 4096 Spiritus

320 4125 497 4181 sancti
550 4123 916 4178 anniversaria
963 4122 1303 4179 solemnitate
1364 4122 1725 4177 celebrantur.
1757 4120 1825 4175 Et
1870 4120 1916 4174 si

314 4218 447 4289 quid
487 4216 630 4272 aliud
675 4217 780 4271 tale
818 4217 1136 4280 occurrerit,
1191 4216 1334 4284 quod
1379 4226 1622 4269 servatur
1675 4215 1744 4269 ab
1790 4215 1912 4268 uni-

310 4325 495 4375 versa,
524 4324 858 4381 quacumque
907 4324 965 4363 se
1017 4308 1302 4373 diﬁ'undit,
1335 4309 1585 4363 ecclesia.
1621 4308 1736 4361 Alia
1787 4322 1914 4361 vero

311 4418 438 4476 qua:
463 4418 557 4473 per
580 4403 694 4457 loca
729 4411 993 4456 terrarum
1024 4402 1377 4470 regionesque
1408 4401 1700 4466 variantur,
1755 4400 1912 4455 sicuti

310 4495 569 4567 estquod
614 4495 703 4549 alii
732 4494 977 4564 jejunant
1029 4493 1281 4559 Sabbato,
1312 4494 1400 4548 alii
1443 4509 1571 4549 vero
1612 4510 1741 4560 non,
1777 4503 1909 4558 etc.,

2027 3307 2153 3351 tunc
2180 3304 2484 3363 grassantes
2516 3295 2767 3361 hrcreses,
2796 3308 2895 3347 nec
2930 3293 3280 3361 Epiphanius,
3339 3306 3438 3347 nec
3477 3290 3630 3345 Basi-

2025 3390 2304 3445 Iius'tanta
2331 3388 2606 3457 ﬁagrarint
2633 3389 2845 3442 concilii
2874 3388 3184 3458 cupiditate.
3220 3385 3459 3456 Denique
3488 3401 3628 3439 tecu-

2024 3486 2271 3538 menicam
2316 3496 2467 3537 suam
2528 3484 2673 3537 illam
2721 3483 3191 3549 constitutionem,
3235 3490 3295 3535 ut
3334 3496 3362 3534 a
3422 3480 3625 3552 Cyrillo

2027 3578 2515 3649 Ilierosoiymitano
2563 3585 2786 3630 vocatur
2823 3575 3032 3631 catech.
3071 3577 3156 3630 18.
3212 3574 3467 3645 synodico
3512 3573 3629 3628 edi-

2021 3674 2220 3729 derunt
2250 3672 2515 3742 Apostoli,
2549 3686 2653 3725 non
2688 3671 2757 3725 de
2793 3670 2939 3736 ﬁdei,
2970 3671 3063 3725 sed
3096 3670 3164 3724 de
3192 3670 3493 3739 disciplinae
3537 3684 3628 3723 ca-

2022 3765 2223 3836 pitibus
2247 3781 2260 3816 :
2293 3774 2346 3817 et
2375 3764 2730 3832 provinciales
2752 3763 2941 3834 synodi
2967 3763 3133 3817 semel
3158 3773 3212 3815 et
3238 3764 3431 3816 iterum
3462 3772 3623 3830 quot-

2021 3858 2177 3912 annis
2204 3856 2457 3927 cogenda:
2479 3857 2609 3912 olim
2637 3867 2825 3922 erant,
2860 3873 2963 3910 non
2996 3866 3101 3909 tam
3127 3865 3182 3908 ut
3226 3856 3294 3909 de
3345 3855 3450 3909 ﬁde
3496 3855 3623 3925 quid

2021 3951 2334 4015 sciscerent,
2368 3964 2525 4019 quam
2551 3961 2607 4005 ut
2629 3951 2926 4018 disciplinac
2955 3949 3330 4004 castimoniam
3383 3958 3626 4002 tutaren-

2023 4053 2127 4098 tur.
2175 4044 2511 4099 Etiamnunc
2542 4059 2672 4099 sane
2708 4044 2775 4097 de
2802 4041 3247 4108 Conﬁrmatione,
3294 4042 3361 4096 de
3396 4040 3619 4108 Ordine,

2020 4135 2087 4191 de
2108 4134 2483 4193 Absolutione.
2517 4135 2585 4189 de
2613 4135 2954 4190 lilatrimonio
2980 4149 3086 4189 non
3123 4149 3287 4203 pauca
3311 4142 3625 4187 controver-

2021 4238 2207 4283 tuntur
2235 4230 2372 4283 inter
2396 4228 2598 4285 schola:
2629 4233 2939 4300 eptimates,
2971 4227 3148 4297 aliqua
3193 4229 3333 4282 inter
3358 4226 3620 4282 ecclesias

2019 4321 2164 4390 ipsas
2189 4321 2496 4392 discrepant
2526 4341 2545 4381 :_
2565 4339 2685 4393 quae
2726 4323 2809 4377 bis
2834 4333 2972 4386 rata,
3017 4322 3100 4376 his
3129 4321 3380 4377 videnlur
3428 4323 3576 4376 irrita
3604 4340 3621 4377 :

2017 4414 2115 4468 sed
2136 4415 2307 4468 civilis
2335 4423 2390 4469 et
2416 4415 2483 4469 ad
2523 4415 2823 4482 disciplinas
2855 4414 3124 4485 ingenium
3168 4425 3457 4483 temperata
3505 4414 3619 4469 lucc

2016 4507 2344 4562 conﬂictatio
2374 4517 2495 4562 est:
2529 4509 2743 4564 tametsi
2767 4508 2833 4563 dc
2881 4508 2982 4573 his,
3039 4516 3096 4562 ut
3123 4507 3191 4563 de
3236 4506 3621 4576 complusculis

312 4601 487 4646 totum
522 4590 624 4645 hoc
650 4605 822 4660 genus
849 4605 1028 4644 rerum
1058 4591 1251 4644 liberas
1276 4589 1435 4644 habet
1482 4591 1907 4645 observationes.
1935 4628 1989 4690 Β
2018 4602 2140 4657 aliis
2170 4614 2390 4672 posse";
2418 4602 2539 4657 cudi
2566 4602 2933 4669 deﬁnitiones,
2958 4610 3013 4656 et
3037 4602 3103 4656 ad
3148 4602 3268 4658 nde;
3322 4603 3616 4657 ιιθοεεεηει..

306 4684 427 4741 Nec
454 4684 733 4753 disciplina
759 4684 863 4738 ulla
893 4691 978 4739 est
1010 4684 1063 4738 in
1096 4686 1179 4739 bis
1221 4685 1412 4739 melior
1445 4685 1593 4755 gravi
1628 4686 1906 4755 prudenti-

303 4795 418 4850 que
455 4778 788 4843 Christiano,
818 4794 976 4848 quam
1031 4788 1087 4833 ut
1130 4794 1195 4834 eo
1227 4781 1386 4835 modo
1411 4790 1552 4851 agat,
1598 4796 1705 4851 quo
1748 4796 1907 4852 agere

299 4872 509 4928 viderit
532 4874 840 4939 ecclesiam,
864 4873 930 4927 ad
960 4889 1352 4944 quamcumque
1381 4875 1515 4930 forte
1542 4875 1839 4932 devenerit.
1879 4897 1898 4928 ›

298 4965 416 5023 Ubi
444 4968 781 5037 perspicuum
815 4976 915 5032 est,
943 4984 1047 5021 non
1093 4967 1166 5021 uti
1221 4968 1399 5033 ﬁdem,
1452 4970 1520 5023 ita
1558 4970 1900 5040 disciplinam

294 5068 367 5114 et
395 5060 807 5115 consuetudines
828 5060 913 5114 'ad
960 5076 1118 5114 unam
1168 5062 1450 5116 formulam
1506 5062 1558 5117 in
1605 5064 1750 5118 omni
1799 5065 1902 5119 Ec.

292 5154 476 5209 clesia
506 5156 755 5225 resuingi
779 5166 833 5208 et
860 5155 1083 5210 adunari
1116 5158 1421 5212 necessario
1443 5157 1642 5213 debere
1667 5175 1681 5211 :
1709 5158 1803 5212 sed
1848 5160 1901 5212 in

290 5248 403 5302 illa
425 5261 610 5303 omnes
634 5247 945 5313 convenire,
975 5247 1029 5302 in
1051 5247 1149 5302 hac
1173 5248 1305 5303 alias
1334 5249 1400 5302 ab
1429 5249 1549 5302 aliis
1592 5250 1904 5318 inculpatis-

290 5341 453 5395 sime
480 5340 751 5395 Ecclesias
776 5339 1105 5409 discrepare.
1137 5341 1320 5396 Sicubi
1353 5352 1528 5395 autem
1559 5343 1720 5396 etiam
1767 5358 1902 5397 con-

287 5434 542 5489 suetudo
567 5436 742 5505 aliqua
772 5436 854 5490 vel
885 5435 1144 5499 obtineat,
1181 5437 1266 5491 vel
1316 5435 1565 5490 obtinere
1617 5436 1810 5492 debeat
1853 5439 1904 5492 in

280 5527 455 5581 omni
499 5526 738 5582 Ecclesia
773 5529 910 5582 hanc
935 5528 1107 5598 legem
1140 5530 1219 5583 vel
1264 5542 1292 5580 a
1347 5528 1659 5596 Scripturis,
1710 5530 1793 5585 vel
1839 5532 1905 5585 ab

276 5620 607 5689 apostolica
657 5621 961 5686 traditione,
999 5621 1135 5676 vela
1169 5620 1421 5687 plenariis
1459 5622 1704 5676 conciliis
1741 5624 1903 5692 proii-

278 5710 465 5768 cisci.
490 5714 553 5767 Et
582 5715 617 5765 l.
654 5729 704 5767 IV
731 5713 794 5765 de
823 5711 975 5780 Bapt.
1002 5722 1137 5768 cant.
1160 5710 1375 5775 Donat,
1406 5728 1527 5784 cap.
1558 5713 1661 5769 ‘24:
1698 5734 1715 5767 ς
1752 5716 1904 5782 Quod

283 5802 579 5861 universa
613 5816 769 5862 tenet
795 5805 1055 5874 Ecclesia,
1086 5822 1183 5863 nec
1204 5806 1447 5863 conciliis
1468 5809 1789 5878 institutum,
1812 5810 1907 5867 sed

2016 4706 2120 4751 tem
2151 4697 2307 4751 trahi.
2340 4694 2451 4752 Nec
2476 4706 2653 4753 tamen
2699 4696 2954 4767 quamdiu
2973 4705 3026 4751 et
3069 4697 3351 4751 sententiis
3376 4705 3430 4752 et
3455 4695 3618 4751 mori-

2013 4790 2113 4845 bus
2142 4800 2379 4845 certatur
2409 4791 2532 4846 hiuc
2558 4800 2613 4845 ct
2640 4792 2764 4844 hinc
2794 4790 3041 4853 diversis,
3076 4791 3321 4860 utristh
3365 4807 3430 4845 ex
3461 4804 3616 4861 mquo

2009 4886 2337 4954 applaudere
2359 4885 2623 4955 integrant
2654 4895 2752 4939 est.
2780 4884 2962 4954 Longe
2990 4883 3336 4938 anteferenda
3362 4894 3443 4938 est
3465 4884 3610 4938 enim

2007 4979 2174 5035 altera
2197 4981 2485 5043 sententia,
2519 4979 2666 5034 verbi
2690 4978 2882 5048 gratia,
2915 4978 3186 5045 Baptisma
3226 4977 3602 5031 haereticorum

2011 5086 2116 5124 non
2175 5071 2480 5125 iterantium
2534 5080 2718 5141 utpote
2757 5079 2809 5124 et
2862 5068 3184 5123 sacramenti
3235 5068 3512 5138 dignitati,
3562 5076 3616 5123 et

2008 5161 2278 5217 traditioni
2334 5163 2755 5228 eccle~iasticae,
2806 5172 2857 5217 et
2925 5161 3243 5217 Pontilicum
3315 5160 3611 5215 deﬁnitioni

2008 5266 2388 5312 consentanea.
2446 5255 2552 5311 Sed
2607 5272 2674 5310 ex
2730 5256 2983 5310 Ecclesia:
3027 5265 3079 5309 et
3126 5254 3441 5310 Pontiﬁcum
3485 5262 3612 5309 ante

2006 5349 2269 5417 synodum
2304 5350 2657 5404 universalem
2689 5348 3028 5404 conniventia
3059 5364 3122 5401 ac
3160 5348 3567 5417 dispensatione
3587 5388 3603 5414 ,

2008 5443 2096 5511 qui
2150 5458 2307 5499 secus
2356 5446 2598 5498 sentiunt
2637 5459 2698 5497 ac
2748 5444 2988 5507 faciunt,
3044 5443 3212 5498 videri
3266 5443 3483 5497 interim
3534 5442 3610 5495 illi

2012 5547 2254 5607 possunt,
2279 5554 2465 5592 errore
2487 5538 2700 5607 quidem
2733 5537 2931 5607 aliquo,
2959 5536 3051 5593 sed
3082 5534 3343 5592 materiali
3379 5546 3608 5601 tanttnn,

2011 5638 2065 5682 ut
2095 5630 2263 5691 aiunt,
2326 5631 2589 5685 laborare.
2645 5630 2753 5684 llac
2789 5640 2966 5684 autem
3014 5632 3164 5684 venia
3226 5630 3485 5697 prolixius
3537 5628 3610 5682 uti

2008 5723 2306 5779 Ecclesium
2332 5732 2383 5778 ct
2413 5722 2728 5779 Pontiﬁccm
2756 5738 2860 5776 non
2903 5722 3167 5794 improbat
3193 5721 3471 5789 Bellartu.,
3504 5720 3541 5772 l.
3593 5731 3613 5774 ι

2008 5817 2072 5871 de
2098 5816 2279 5884 (Iona,
2314 5833 2362 5873 c.
2395 5820 2462 5875 10
2491 5816 2811 5872 :Probahiie
2844 5823 2897 5870 ct
2922 5814 3240 5871 auctoritate
3283 5814 3439 5871 Sedis
3467 5815 3616 5883 Λῃοο
