4262 6236
654 239 790 295 1247

1368 237 1708 297 THOMASS.
1765 238 2216 298 DISSERTATIO
2257 238 2321 295 IN
2358 236 2507 295 SYN.
2555 238 2639 295 DE
2684 236 2882 295 BAPT.
2926 233 3199 294 HIERET.

3799 237 3943 295 1243

648 357 855 415 Stolicte
901 357 1255 429 quaestionem
1301 356 1447 412 illam
1496 357 1634 429 apud
1691 372 1877 412 omnes
1930 354 2231 411 Catholicos
2260 354 2308 415 Α
2340 364 2641 424 pervertere
2671 362 2963 424 nequeunt.
2998 353 3186 408 saltem
3215 364 3558 411 commovere
3588 360 3870 407 conantur.
3906 372 3924 404 ι

651 452 817 510 fuisse
843 452 1063 508 ﬁnitam.
1088 450 1194 507 Sed
1224 452 1433 508 etiamsi
1455 454 1679 524 quaastio
1708 452 1851 507 ﬁnita
1883 468 1987 506 non
2014 452 2233 516 fuisset,

650 562 824 617 usque
853 548 921 602 ad
952 546 1164 602 concilii
1208 546 1431 618 plenarii
1460 546 1984 612 determinationcm,
2019 556 2076 601 ut
2128 545 2235 601 Au-

652 641 894 711 gustinus
935 640 1105 695 dicit:
1148 655 1253 696 non
1288 649 1467 696 tamen
1506 641 1629 696 inde
1682 641 1930 711 colligere
1969 648 2240 709 oporteret

651 749 757 790 non
786 734 1022 801 potuisse
1049 733 1207 789 ﬁniri.
1238 733 1369 789 Nam
1394 734 1519 789 licet
1552 734 1869 804 Apostolica'.
1892 732 2019 790 Sedi
2048 747 2239 801 coope-

653 825 896 881 rantibus
919 824 1329 897 provincialibus
1350 827 1591 882 conciliis
1628 828 2048 882 controversiam
2091 826 2236 881 illam

650 921 871 978 ﬁniendi
915 922 1204 977 auctoritas
1258 938 1361 978 non
1396 923 1644 979 deesset:
1710 924 2015 978 maluerunt
2064 934 2239 978 tamen

650 1017 820 1075 sancti
850 1017 926 1072 illi
959 1017 1247 1073 Pontiﬁces
1276 1018 1491 1073 differre
1531 1020 1582 1074 in
1625 1031 1837 1090 tempus
1880 1019 2022 1074 aliud
2072 1018 2239 1087 magis

649 1118 1007 1180 opportunum
1035 1110 1334 1165 absolutam
1365 1111 1867 1167 determinationem
1909 1112 2025 1182 ejus
2068 1127 2241 1182 quaes-

650 1203 832 1269 tionis,
863 1218 1020 1273 quam
1054 1213 1130 1258 tot
1151 1189 1370 1273 magnos
1398 1206 1541 1260 viros
1568 1206 1634 1259 ab
1655 1206 1889 1261 Ecclesia
1922 1220 2190 1277 separare.
2216 1226 2235 1259 ι

650 1295 808 1352 Certe
850 1306 953 1355 act.
1005 1300 1023 1351 Ι
1085 1298 1329 1367 septimae.
1376 1298 1562 1369 synodi
1618 1300 1862 1355 laudatur
1924 1300 2242 1354 EuStochius

652 1389 958 1450 Patriarcha
1000 1391 1513 1464 llierosolymitanus
1542 1396 1630 1463 qui
1680 1394 1957 1448 monachis
1998 1393 2242 1463 Origenis

652 1484 837 1541 deliria
867 1485 1231 1541 osculantibus
1259 1498 1381 1541 octo
1407 1487 1735 1541 induciarum
1765 1502 1978 1541 menses
2010 1486 2242 1541 indulse-

651 1585 736 1631 rat
759 1578 824 1631 ad
853 1578 1292 1646 resipiscendum,
1327 1589 1380 1635 et
1423 1581 1620 1651 quintae
1649 1582 1996 1637 tecumcnica:
2035 1580 2243 1652 synodo

651 1669 1121 1728 subscribendum.

865 1805 1052 1863 XLIX.
1083 1823 1403 1877 nequaquam
1424 1827 1491 1865 Αι)
1506 1825 1842 1876 QUESTIONES
1865 1828 2026 1867 FIDE].

721 1961 779 2017 In
800 1964 1187 2033 quaestionibus
1212 1976 1389 2023 autem
1414 1968 1537 2024 ﬁdei
1568 1985 1905 2042 nequaquam
1944 1987 2079 2043 opus
2123 1987 2245 2029 esse

654 2059 996 2130 congregari,
1024 2075 1361 2132 nequaquam
1390 2063 1473 2118 fas
1502 2080 1623 2120 esse
1652 2068 1907 2136 appellari
1951 2068 2247 2123 oecumeni-

652 2168 745 2208 cas
767 2155 853 2210 vel
885 2155 1151 2225 plenarias
1192 2157 1452 2229 synodos,
1502 2161 1624 2215 vide
1651 2170 1706 2215 ut
1729 2161 1867 2217 idem
1918 2164 2245 2232 Augustinus

653 2263 753 2303 nos
778 2249 985 2303 doceat.
1014 2250 1248 2319 Etenim,
1272 2252 1310 2306 Ι.
1345 2270 1383 2319 ι,
1416 2262 1550 2308 cont.
1582 2253 1723 2324 λιιι,
1746 2256 1871 2321 (2.4,
1903 2272 2024 2311 cum
2055 2258 2243 2313 latino-

654 2355 771 2395 rum
809 2340 1023 2397 Patrum
1071 2346 1418 2401 auctoritates
1466 2346 1909 2419 deprompsisset,
1960 2352 2069 2405 ait:
2106 2371 2124 2403 ι
2162 2352 2245 2408 Αη

655 2434 777 2491 ideo
811 2437 1237 2493 contemnendos
1261 2449 1437 2509 putas,
1489 2448 1612 2512 quia
1659 2444 2016 2499 Occidentalis
2056 2446 2245 2501 Eccle-

653 2529 749 2584 siae
785 2540 910 2584 sunt
936 2545 1144 2599 omnes,
1174 2548 1273 2587 nec
1312 2534 1450 2590 ullus
1472 2545 1556 2591 est
1584 2537 1635 2591 in
1667 2538 1747 2592 eis
1794 2551 2247 2597 commemoratus

653 2641 683 2681 a
717 2626 871 2680 nobis
894 2626 1129 2684 Orientis
1157 2630 1481 2700 episcopus?
1503 2632 1640 2701 Quid
1672 2649 1802 2705 ergo
1820 2635 2095 2701 faciemus,
2124 2652 2244 2691 cum

654 2720 728 2776 illi
758 2722 928 2777 Graeci
980 2724 1106 2786 sint.
1161 2740 1260 2779 nos
1311 2724 1527 2780 Latini?
1560 2726 1692 2781 Puto
1724 2728 1816 2781 tibi
1866 2744 1982 2782 eam
2042 2738 2247 2798 partem

654 2813 799 2869 orbis
826 2814 1076 2872 sufﬁcere
1106 2818 1324 2881 debere.
1366 2822 1416 2872 in
1450 2835 1553 2890 qua
1582 2822 1808 2889 primum
1862 2825 2245 2892 Apostolorum

654 2920 872 2963 suorum
906 2909 1076 2965 voluit
1100 2912 1353 2967 Dominus
1372 2914 1758 2984 gloriosissimo
1804 2921 2062 2990 martyrio
2092 2934 2247 2973 coro-

656 3014 805 3054 nare.
838 2999 1213 3059 CuiEcclesire
1259 3008 1633 3074 prmsidentem
1687 3010 1745 3064 Β.
1805 3011 2171 3066 Innocentium
2203 3013 2247 3066 si

662 3093 848 3149 audire
877 3096 1161 3165 voluisses,
1197 3099 1310 3168 jam
1345 3112 1469 3156 tunc
1516 3105 1873 3172 periculosam
1910 3107 2243 3175 juventutem

658 3197 800 3243 luam
825 3189 1121 3261 Pelagianis
1154 3193 1356 3263 laqueis
1412 3198 1674 3252 exuisses.
1722 3198 1859 3266 Quid
1900 3201 2042 3253 enim
2076 3201 2247 3269 potuit

654 3282 737 3337 vir
769 3282 854 3338 ille
901 3296 1117 3340 sanctus
1144 3286 1411 3343 Africanis
1442 3291 1771 3359 reSpondere
1835 3292 2096 3356 conciliis,
2145 3292 2245 3346 nisi

655 3375 797 3443 quod
836 3377 1129 3446 antiquitus
1176 3380 1482 3447 Apostolica
1517 3380 1686 3436 Sedes
1737 3391 1791 3437 et
1842 3382 2084 3438 Romana
2124 3398 2247 3438 cum

654 3468 863 3523 exteris
912 3479 1060 3524 tenet
1102 3482 1513 3540 perseveranter
1558 3474 1833 3529 Ecclesia?
1880 3495 1899 3527 ι
1940 3475 2006 3529 Et
2052 3475 2187 3530 infra
2234 3496 2246 3531 :

663 3579 681 3612 ι
716 3560 830 3614 Non
876 3570 956 3616 est
994 3578 1122 3633 ergo
1149 3578 1243 3618 cur
1272 3580 1527 3635 provoces
1566 3567 1631 3621 ad
1678 3569 1912 3623 Orientis
1941 3570 2206 3625 antisﬁtes
2232 3614 2246 3633 ,

656 3656 779 3725 quia
830 3665 884 3711 et
931 3658 1028 3727 ipsi
1084 3659 1265 3730 utique
1314 3660 1591 3717 christiani
1650 3675 1810 3730 sunt,
1864 3673 1918 3719 et
1968 3666 2245 3737 utriusque

658 3750 824 3817 partis
881 3758 1142 3807 terrarum
1201 3754 1335 3809 ﬁdes
1390 3756 1487 3809 ista
1542 3772 1644 3810 una
1700 3767 1812 3820 est;
1862 3760 1982 3828 quia
2020 3769 2074 3814 et
2112 3760 2244 3814 ﬁdes

656 3839 755 3895 ista
804 3841 1095 3899 christiana
1146 3857 1261 3911 est;
1313 3859 1367 3903 et
1414 3859 1466 3905 te
1510 3862 1658 3907 certe
1702 3852 2057 3908 Occidentalis
2104 3865 2243 3910 terra

656 3939 934 4005 generavit
987 3939 1399 3998 :Oecidentalis
1479 3947 1814 4015 regeneravit
1892 3948 2155 4004 Ecclesia.
2222 3970 2240 4002 ι

658 4028 790 4095 Quia
845 4045 975 4100 ergo
1032 4030 1166 4088 ﬁdes
1213 4050 1321 4089 non
1373 4035 1475 4090 alia
1532 4037 1698 4104 alibi,
1772 4038 1907 4093 sicut
1961 4050 2245 4096 consuetu-

655 4120 839 4177 dinum
886 4122 1165 4195 disciplina
1196 4169 1212 4193 ,
1263 4129 1357 4183 sed
1412 4144 1514 4183 una
1575 4131 1769 4203 ubique
1819 4143 2081 4188 terrarum
2122 4145 2242 4203 est,

655 4215 898 4287 adeoque
923 4217 976 4271 in
998 4218 1218 4276 Oriente
1265 4222 1452 4279 eadem
1491 4236 1650 4296 atque
1706 4228 1757 4281 in
1801 4226 2100 4295 Occidente.
2138 4241 2240 4297 est,

656 4323 848 4377 nempe
881 4326 983 4365 una
1025 4312 1317 4368 christiana
1361 4315 1516 4381 ﬁdes,
1551 4334 1657 4373 non
1715 4320 1839 4374 licet
1885 4322 1951 4376 ad
2006 4320 2243 4378 Orientis

656 4403 924 4459 antistites
954 4420 1048 4459 seu
1080 4406 1146 4462 ad
1182 4412 1568 4465 tecumenieam
1614 4414 1878 4485 synodum
1915 4431 2244 4483 provocare;

2271 1764 2319 1823 B

2341 446 2453 501 Non
2490 447 2573 501 hic
2602 445 3037 513 consuetudines,
3069 446 3162 499 sed
3205 444 3441 499 haereses
3473 453 3749 513 resonant,
3807 443 3941 505 fides

2343 540 2715 610 ittgemittntur,
2752 538 2872 592 ideo
2928 537 3280 593 (ecumenica:
3326 535 3519 607 synodi
3563 546 3789 606 negatur
3837 538 3939 593 im-

2342 633 2545 685 minere
2573 631 2883 699 necessitas,
2915 646 3035 686 cum
3076 630 3234 700 longe
3272 628 3514 700 plurima:
3570 628 3804 691 haereses
3853 629 3939 689 of.

2343 722 2532 777 focatae
2559 723 2664 777 sint
2687 724 2803 777 sine
2826 721 3131 778 istiusmodi
3162 721 3410 795 synodis.

2485 837 2545 892 L.
2590 854 2769 894 suum
2795 852 3214 893 commovens”:
3247 850 3409 892 unius
3434 851 3785 893 ros'rsntoats.

2420 955 2653 1011 lnaniter
2681 971 2809 1026 ergo
2837 955 3117 1025 ganniunt,
3165 953 3413 1024 exemplo
3444 952 3762 1016 Firmiliani,
3810 953 3936 1009 Dio-

2346 1049 2503 1121 nysii.
2535 1050 2785 1120 Cypriani
2818 1092 2831 1115 ,
2866 1065 2971 1103 non
3003 1047 3311 1102 necessario
3340 1047 3587 1101 standum
3638 1062 3758 1103 esse
3803 1046 3938 1103 deﬁ-

2346 1144 2634 1199 nitionibus
2663 1144 2821 1199 Sedis
2848 1144 3193 1212 Apostolicaa.
3229 1141 3427 1196 Contra
3456 1142 3623 1202 enim.
3656 1152 3713 1195 ut
3740 1157 3805 1195 ex
3841 1156 3937 1195 suo

2352 1235 2653 1305 perioribus
2682 1244 2909 1299 constat,
2941 1235 2985 1289 1.
3020 1234 3245 1289 Errasse
3271 1232 3621 1288 demonstrati
3653 1244 3801 1297 sunt,
3851 1234 3940 1304 qui

2348 1327 2455 1381 illis
2510 1344 2614 1381 non
2657 1343 2891 1392 cessere,
2925 1336 2977 1382 et
3027 1326 3171 1381 hunc
3223 1342 3463 1381 errorem
3522 1326 3811 1383 eluendum
3856 1326 3941 1382 vel

2346 1431 2591 1488 cruento,
2627 1423 2706 1477 vel
2732 1424 3013 1477 incruento
3043 1420 3293 1491 quopiam
3352 1423 3609 1493 martyrio
3664 1420 3940 1477 habuisse.

2346 1516 2397 1569 2.
2427 1516 2664 1570 Cessisse
2687 1516 3037 1587 Cyprianum,
3064 1514 3178 1570 veri
3206 1531 3311 1570 non
3342 1514 3604 1570 dissimile
3645 1514 3806 1570 duxit
3836 1517 3944 1569 Au-

2345 1607 2606 1678 gustinus.
2645 1608 2694 1662 3.
2732 1610 2830 1674 Qui
2853 1607 3125 1679 Stephano
3154 1623 3259 1661 non
3293 1607 3581 1663 obaudiere
3604 1648 3618 1670 ,
3677 1622 3778 1662 nec
3830 1618 3942 1662 tra-

2347 1700 2534 1755 ditioni
2590 1702 2933 1771 apostolicae,
2982 1718 3081 1756 nec
3110 1702 3425 1756 universalis
3466 1701 3719 1756 Ecclesia:
3760 1708 3949 1755 aucto-

2348 1796 2491 1850 ritati
2520 1805 2570 1850 et
2596 1794 2970 1850 consuetudini
3016 1810 3221 1850 morem
3264 1804 3583 1865 gesserunt:
3630 1808 3698 1849 ex
3754 1809 3949 1849 eorum

2347 1904 2476 1959 ergo
2506 1888 2772 1942 sententia
2824 1903 2931 1942 non
2987 1888 3113 1944 licet
3150 1888 3441 1959 quidquant
3497 1888 3549 1942 in
3576 1887 3665 1957 jus
3708 1886 3945 1942 trahere.

2346 1981 2399 2035 4.
2434 1979 2541 2034 Nec
2571 1978 2869 2034 Arelatensi
2902 1980 2984 2033 vel
3015 1979 3230 2033 Niczeno
3259 1988 3445 2049 postea
3468 1978 3699 2033 concilio
3727 1978 3799 2032 illi
3844 1978 3948 2049 ipsi

2348 2074 2434 2129 vel
2460 2089 2646 2128 eorum
2681 2074 2878 2143 posteri
2907 2072 3300 2127 auscultarunt.
3354 2066 3675 2127 Arelatense
3715 2071 3944 2125 fortasse

2349 2168 2658 2223 nescierunt
2698 2165 3018 2221 :Nicacnum
3078 2164 3487 2220 accommodate
3546 2165 3779 2235 pristina:
3824 2179 3941 2219 sua:

2349 2262 2629 2316 sententia:
2652 2260 2982 2330 interpretati
3013 2271 3136 2313 sunt
3162 2277 3174 2311 :
3203 2267 3261 2312 ut
3278 2258 3533 2313 Basilium
3556 2273 3715 2328 supra
3734 2257 3948 2325 experti

2348 2371 2555 2411 sumus.
2584 2354 2690 2411 Nec
2746 2363 2928 2409 eontra
2966 2353 3246 2425 generales
3297 2365 3473 2409 tamen
3520 2355 3761 2426 synodos
3812 2353 3945 2409 hinc

2352 2448 2474 2503 licet
2490 2449 2786 2517 insurgere.
2802 2448 2858 2502 5.
2879 2447 3026 2502 Ultra
3052 2447 3222 2501 minas
3241 2457 3465 2501 evectus
3488 2461 3590 2501 non
3614 2447 3947 2516 estStepba-

2350 2556 2470 2606 nus,
2521 2552 2575 2596 et
2624 2542 2892 2610 acquievit
2942 2541 3078 2611 ipse,
3128 2540 3554 2611 dispensationis
3602 2551 3659 2596 et
3730 2541 3951 2596 unitatis

2353 2636 2560 2690 tuenthe
2592 2652 2790 2701 causre,
2810 2650 2930 2689 cum
2964 2638 3173 2690 diversa
3197 2644 3252 2689 et
3277 2636 3636 2691 sentientibus
3662 2645 3718 2691 et
3741 2636 3946 2690 facien-

2353 2728 2493 2783 tibus
2519 2728 2937 2783 communicare.
2972 2729 3085 2795 Qua
3116 2729 3167 2782 in
3194 2743 3251 2782 re
3282 2742 3385 2782 non
3415 2726 3571 2796 paulo
3620 2726 3949 2801 Cyprianum

2351 2822 2637 2876 antecessit
2666 2822 2965 2875 intervallo.
2998 2820 3096 2875 llic
3147 2822 3291 2874 enim
3336 2834 3578 2876 errorem
3612 2835 3769 2877 suum
3817 2822 3949 2874 cha-

2352 2918 2524 2971 ritatis
2551 2916 2703 2986 copia
2734 2926 2787 2971 et
2814 2915 3089 2987 sanguinis
3118 2913 3392 2985 impendio
3434 2916 3728 2969 abstersit:
3777 2915 3867 2969 ille
3919 2931 3951 2969 a

2354 3010 2482 3062 recti
2506 3012 2692 3061 semita
2718 3023 2815 3063 nec
2844 3018 3212 3062 transversum
3230 3022 3457 3075 unguem
3475 3004 3729 3062 deﬂexit:
3757 3007 3948 3060 stricto

2349 3102 2453 3171 juri
2487 3103 2738 3171 primum,
2769 3110 2823 3153 ut
2843 3115 2936 3170 par
2959 3109 3063 3163 est,
3093 3099 3295 3153 studuit
3325 3116 3339 3153 :
3372 3099 3459 3152 ubi
3488 3100 3657 3153 sensit
3679 3098 3947 3153 schisma-

2272 3160 2319 3225 θ’
2355 3195 2419 3248 tis
2453 3197 2742 3249 innncnere
2768 3194 3081 3263 periculum,
3110 3205 3238 3245 usus
3264 3201 3349 3245 est
3383 3200 3699 3260 temperato.
3748 3190 3805 3244 (ἶ.
3832 3190 3947 3244 Etsi

2349 3288 2574 3357 quaestio
2605 3287 2718 3340 lucc
2742 3285 2808 3340 ad
2838 3284 2996 3339 ﬁdem
3031 3283 3165 3338 trahi
3197 3292 3398 3353 posset,
3446 3291 3501 3335 ut
3548 3283 3803 3352 pleraque
3841 3283 3946 3336 alia

2351 3381 2796 3436 consuetudinum
2850 3382 3057 3449 Capita;
3092 3389 3215 3432 tunc
3259 3394 3322 3431 ea
3381 3386 3550 3431 tamen
3588 3376 3843 3444 civiliter,
3892 3386 3949 3429 ut

2352 3475 2651 3544 disciplime
2692 3473 2887 3544 portio,
2918 3472 3237 3543 agitabatur.
3265 3469 3376 3525 Nec
3404 3486 3433 3524 a
3458 3470 3745 3542 Cypriano,
3788 3484 3884 3523 nec
3913 3484 3941 3520 a

2353 3569 2627 3639 Stephano
2684 3569 2946 3637 primum,
2982 3580 3080 3619 nec
3110 3574 3291 3634 postea
3320 3579 3350 3617 a
3388 3562 3604 3617 Nica-no
3650 3576 3746 3616 nec
3794 3560 3943 3615 CPo-

2349 3664 2515 3719 litano
2534 3662 2779 3725 concilio,
2800 3676 2895 3715 nec
2910 3679 2936 3711 a
2956 3658 3261 3725 Basilio,vel
3284 3673 3312 3710 a
3337 3657 3717 3727 p0sterioribus
3734 3654 3947 3711 Grtecis

2350 3757 2433 3811 vel
2459 3755 2731 3817 Romanis,
2756 3755 2964 3807 tametsi
2983 3750 3226 3805 nonnihil
3248 3749 3949 3805 dissonantibusanathema

2351 3853 2402 3906 in
2436 3851 2773 3905 adversarios
2803 3848 3069 3902 vibratum
3098 3856 3200 3900 est.
3228 3844 3286 3899 ln
3331 3846 3637 3912 huiusmodi
3689 3861 3819 3916 ergo
3859 3861 3949 3900 re-

2353 3944 2450 3999 bus
2472 3958 2593 3999 cum
2629 3943 2979 4012 proﬁteantur
3003 3938 3228 3992 Romani
3276 3938 3543 3992 Praesules
3570 3938 3815 3991 diversas
3858 3953 3945 3992 ec-

2350 4039 2637 4095 clesiarum
2688 4033 3105 4091 consuetudines
3152 4049 3180 4086 a
3224 4048 3282 4087 se
3313 4035 3394 4087 vel
3444 4032 3674 4097 laudari,
3724 4033 3807 4087 vel
3829 4034 3946 4097 [non

2347 4132 2577 4202 culpari,
2612 4131 2697 4185 vel
2732 4128 2952 4185 tolerari
2986 4146 2999 4180 :
3046 4126 3169 4197 quid
3214 4128 3406 4179 mirum
3435 4128 3481 4180 si
3520 4126 3706 4182 carteri
3730 4128 3947 4181 antisti-

2350 4236 2433 4281 tes
2455 4225 2554 4280 hac
2584 4234 2800 4279 utantur
2841 4222 3121 4284 libertate,
3173 4220 3257 4275 vel
3286 4222 3609 4275 abutantur?
3656 4219 3949 4291 Gregorius

2353 4319 2403 4373 in
2429 4320 2584 4388 epist.
2615 4318 2682 4369 ad
2731 4318 2942 4386 August.
3000 4314 3155 4385 Angt.
3199 4313 3355 4384 episc.
3419 4331 3437 4364 ι
3482 4312 3611 4367 Mihi
3666 4317 3841 4384 placet
3894 4325 3953 4369 ut

2350 4412 2468 4466 sive
2498 4412 2547 4464 iit
2573 4410 2835 4475 Romana,
2866 4408 2980 4461 sive
3029 4408 3079 4460 in
3132 4404 3428 4472 Gallicana,
3459 4408 3572 4460 sive
3604 4407 3656 4459 in
3705 4407 3951 4475 qualibet

654 4495 749 4550 sed
773 4498 1179 4554 auscultandum
1207 4511 1290 4555 est
1333 4517 1444 4557 sure
1471 4505 1661 4574 cuique
1688 4507 1930 4562 ecclesia?
1958 4509 2247 4577 episc0pis.
2274 4496 2328 4556 ἶ)
2354 4504 2581 4561 ecclesia
2612 4504 2853 4557 invenisti
2883 4501 3024 4571 quod
3051 4502 3169 4570 plus
3206 4501 3560 4570 omnipotenti
3597 4501 3705 4555 Deo
3736 4502 3950 4571 placere

654 4592 1062 4647 auscultandum
1101 4606 1184 4649 est
1239 4598 1470 4652 maxime
1517 4599 1759 4656 Romano
1818 4602 2055 4657 Pontiﬁci
2113 4606 2250 4659 anti-

656 4698 816 4753 quam
848 4685 1105 4741 Ecclesia:
1127 4702 1238 4742 sua:
1270 4689 1428 4744 fiderit
1458 4690 1705 4746 dictanti.
1742 4693 1807 4746 Et
1840 4694 1877 4747 l.
1902 4710 1953 4747 tv
1979 4694 2046 4747 ad
2088 4694 2249 4750 Bani-

654 4778 846 4847 farium
899 4778 1120 4851 Papam,
1175 4798 1219 4837 ε.
1267 4783 1409 4837 vlt..:
1461 4802 1479 4835 ι
1515 4784 1622 4839 Alit
1660 4801 1787 4839 vero
1835 4788 2249 4859 congregatione

655 4872 842 4938 synodi
873 4888 1008 4945 opus
1054 4887 1190 4943 erat,
1244 4888 1507 4949 utaperta
1566 4881 1832 4950 pernicies
1880 4882 2244 4939 damnaretur.

654 4966 818 5032 Quasi
851 4969 994 5024 nulla
1027 4970 1249 5027 lneresis
1297 4972 1586 5043 aliquando
1629 4976 1729 5030 nisi
1785 4976 1974 5047 synodi
2020 4992 2246 5048 congre-

655 5065 869 5132 gatione
904 5065 1156 5121 damnata
1214 5068 1303 5121 sit.
1350 5069 1493 5125 ,Cum
1530 5071 1706 5139 potius
1765 5072 2039 5137 rarissime
2095 5072 2248 5127 inve-

657 5160 893 5227 niantur,
938 5172 1152 5231 prepter
1197 5179 1329 5233 quas
1348 5166 1682 5221 damnandas
1699 5167 1989 5221 necessitas
2007 5168 2127 5221 talis
2146 5181 2249 5220 ex-

655 5253 847 5307 stiterit
884 5273 896 5309 :
932 5256 1206 5327 multoque
1225 5259 1333 5312 sint
1355 5270 1515 5330 atque
1544 5260 2029 5329 incomparabiliter
2046 5260 2247 5331 plures,

657 5364 776 5417 qua:
810 5349 895 5403 ubi
922 5350 1267 5413 exstiterunt.
1292 5352 1396 5407 illic
1428 5352 1741 5422 improbari,
1761 5353 2113 5423 damnarique
2140 5368 2253 5407 me-

659 5457 900 5512 ruerunt,
924 5458 1084 5519 atque
1110 5449 1236 5506 inde
1265 5462 1362 5517 per
1382 5459 1608 5505 creteras
1641 5457 1811 5503 terras
1838 5448 2138 5503 devitandze
2167 5449 2253 5502 in-

657 5547 942 5596 notescere
975 5552 1283 5612 potueront.
1332 5542 1526 5597 Verum
1560 5542 1781 5597 istorum
1824 5541 2073 5612 superbia
2116 5540 2257 5595 hanc

656 5631 819 5686 etiam
872 5636 1097 5705 gloriam
1127 5646 1345 5707 captare
1379 5635 1718 5707 intelligitur,
1750 5644 1810 5691 ut
1859 5644 2078 5706 propter
2135 5634 2257 5691 illos

656 5715 891 5782 Orientis
921 5740 972 5784 et
1002 5729 1313 5785 Occidentis
1342 5729 1590 5799 synodus
1629 5740 2008 5801 congregetur.
2055 5728 2262 5793 Orbem

658 5807 856 5880 ηηίιηιρ
891 5820 1231 5887 catholicum,
1264 5816 1523 5890 quoniam
1580 5820 1808 5877 Domino
1847 5821 1924 5876 eis
1966 5820 2269 5898 resistente

2356 4599 2541 4669 possit,
2595 4598 2820 4651 sollicite
2841 4595 3025 4665 eligas.
3068 4613 3085 4645 9
3139 4594 3203 4646 lit
3248 4603 3304 4646 ut
3354 4594 3421 4648 ad
3478 4596 3821 4649 Sacramenta
3867 4605 3954 4649 ut-

2354 4706 2588 4759 cumque
2619 4692 2731 4742 tneo
2758 4687 2918 4741 etiam
2952 4698 3200 4756 speetare
3229 4703 3294 4740 ne
3348 4686 3583 4751 dubites,
3636 4688 3953 4743 Alexander

2353 4783 2416 4837 lli
2446 4783 2497 4835 in
2524 4782 2747 4852 append.
2777 4780 2973 4835 Concit.
3002 4779 3198 4846 Later.,
3222 4798 3270 4835 c.
3304 4780 3357 4833 2.
3387 4781 3455 4836 de
3484 4780 3689 4852 frigidis
3715 4803 3728 4835 :
3768 4783 3953 4839 «Licet

2352 4875 2592 4931 Ecclesia
2644 4874 2884 4928 Romana
2942 4885 3161 4943 propter
3202 4875 3487 4941 maleﬁcia,
3543 4875 3779 4945 legitime
3820 4893 3953 4931 con-

2349 4970 2568 5037 junctos
2604 4965 2845 5021 dividere
2879 4981 2985 5018 non
3015 4966 3391 5030 consueverit;
3424 4969 3468 5019 si
3498 4976 3675 5021 tamen
3716 4983 3951 5024 consue-

2356 5062 2483 5117 tudo
2508 5061 2774 5130 generalis
2807 5060 3064 5115 Ecclesire
3115 5060 3406 5115 Gallicana:
3439 5061 3619 5129 habet,
3652 5075 3708 5115 ut
3754 5063 3950 5132 hujus-

2356 5154 2498 5211 modi
2540 5155 2940 5209 matrimonium
2965 5154 3312 5221 dissolvatur,
3341 5170 3437 5208 nos
3456 5160 3721 5225 patienter
3750 5159 3950 5212 tolera-

2356 5251 2550 5307 bimus.
2583 5270 2602 5301 ι
2629 5251 2891 5305 Sescenta
2911 5250 3013 5303 alia
3032 5250 3251 5304 inferius
3267 5251 3377 5305 suis
3396 5251 3527 5305 locis
3547 5253 3953 5309 annotabuntur

2355 5345 2621 5413 exempla,
2679 5354 2735 5396 ιιι
2781 5342 3009 5397 Romani
3054 5344 3341 5399 Pontiﬁces
3382 5346 3447 5398 ad
3497 5347 3947 5401 consuetudinum

2357 5439 2515 5496 etiam
2546 5438 2953 5491 consonantiam
2986 5454 3174 5493 omnes
3201 5439 3574 5504 cohortentur,
3619 5440 3837 5495 interim
3868 5451 3952 5494 to-

2360 5536 2532 5589 lercnt
2560 5532 2967 5587 (Ιίεεωιιειιιῑὶιιιιι.
2995 5533 3231 5603 Denique
3260 5535 3341 5587 his
3368 5535 3480 5603 ipse
3503 5538 3833 5606 Augustinus
3857 5539 3947 5607 qui

2360 5626 2585 5683 concilio
2611 5625 2848 5698 generali
2875 5641 3011 5695 opus
3050 5626 3214 5683 fuisse
3260 5628 3573 5694 inculcarat,
3606 5630 3674 5684 ad
3725 5645 3949 5685 consue—

2365 5724 2593 5787 tudines,
2629 5736 2732 5775 non
2760 5720 2827 5775 ad
2857 5718 3091 5776 hilfl'eSES
3117 5721 3450 5779 damnandas
3476 5725 3753 5780 restrinxit
3780 5740 3946 5797 synoo

2366 5817 2551 5871 dorum
2579 5814 2714 5865 hanc
2745 5814 3135 5869 necessitatem.
