4262 6236
368 224 511 284 1-349

824 398 1239 412 -Ἥ-
1667 411 1671 413 λ
1688 406 2617 417 Www—
3442 408 3443 411 ‘

380 397 3665 473 Ἢ

1068 228 1306 286 STEPH.
1359 229 1380 286 l
1423 224 1628 288 PAP/E
1669 225 2057 291 SENTENTIA
2098 226 2304 291 CIRCA
2344 226 2643 293 RECEPT.
2688 232 2972 291 H/ERET.

1802 448 2558 457 ~~——-.———o—-¢*__n——

1342 580 2697 734 DISSERTATIO

3522 231 3664 291 i250

2201 408 2319 415 Ἤ

2323 408 2575 417 ι--ι--Α

361 842 582 933 QUA
628 842 933 919 VERA
978 843 1543 919 STEPHANI
1594 845 1920 919 CIRCA
1969 848 2763 935 RECEPTIONEM
2825 854 3673 932 HZERETICORUM

1313 995 1921 1071 SENTENTIA
1977 998 2728 1075 EXPLICATUR.

1678 1182 2377 1238 «arceor-eo

362 1348 400 1388 t.
435 1344 771 1389 semesum
796 1345 968 1387 lLLlUS
997 1344 1232 1386 RATIONE
1263 1344 1597 1385 DESTITUTAM
1623 1342 1723 1383 non
1752 1341 1949 1415 ruisse.
1982 1325 2036 1386 A
2064 1325 2161 1397 ipsi
2196 1329 2378 1399 potius
2418 1331 2658 1389 hmretici
2680 1378 2694 1402 ,
2738 1350 2862 1389 cum
2907 1334 2973 1390 ad
3013 1350 3072 1391 se
3114 1336 3182 1392 ab
3212 1338 3332 1393 aliis
3372 1338 3533 1395 sectis
3572 1355 3676 1395 ve-

436 1515 490 1570 1.
534 1513 683 1570 Licet
707 1529 769 1569 ea
788 1556 803 1580 ,
833 1529 954 1585 quae
979 1510 1285 1584 Stephanus
1312 1528 1475 1583 super
1500 1511 1872 1567 controversia
1902 1509 1970 1563 de

358 1605 635 1677 Baptismo
665 1606 1049 1662 lnereticorum
1081 1607 1389 1677 scripserit,
1430 1604 1733 1677 Cyprianus
1764 1601 1849 1656 vel
1879 1617 1971 1654 su-

361 1701 561 1771 perba,
610 1699 695 1754 vel
740 1699 806 1753 ad
849 1715 964 1754 rem
1008 1715 1115 1754 non
1166 1697 1482 1769 pertinentia
1522 1739 1535 1761 ,
1583 1695 1667 1751 vel
1718 1694 1819 1749 sibi
1868 1691 1969 1762 ipsi

359 1794 628 1850 contraria
672 1802 725 1848 et
764 1794 1010 1862 imperite
1049 1802 1208 1864 atque
1247 1791 1550 1862 improvide
1592 1789 1794 1858 scripta
1836 1803 1967 1843 cen-

360 1896 507 1949 seat,
554 1887 605 1941 in
647 1886 712 1940 iis
744 1893 951 1952 tamen,
994 1900 1114 1955 qua:
1154 1900 1275 1939 cum
1318 1884 1431 1954 ipse
1470 1882 1805 1955 Cyprianus,
1852 1890 1963 1933 tum

364 1976 709 2033 Firmilianus
739 1986 997 2033 notarunt
1025 1986 1081 2032 ut
1105 1993 1132 2030 a
1160 1978 1368 2032 ratione
1395 1974 1565 2045 magis
1592 1973 1789 2038 aliena,
1824 1971 1963 2026 nihil

360 2072 503 2144 quod
552 2087 835 2128 censuram
896 2070 1204 2142 hujusmodi
1259 2078 1571 2135 mereatur,
1623 2066 1965 2122 oll‘endimus.

365 2166 536 2222 Immo
566 2166 968 2222 Donastitarum
1016 2165 1273 2219 adversus
1312 2162 1610 2217 Ecclesiam
1652 2166 1967 2230 argumenta

365 2262 635 2331 sapienter
685 2260 749 2314 iis
802 2259 1051 2329 prmverti
1105 2255 1583 2327 deprehendimus.
1635 2253 1727 2309 His
1776 2270 1970 2324 nempe

282 2384 283 2391 η
373 2352 748 2423 przeludebant
797 2351 1230 2420 rebaptizantes,
1281 2349 1408 2403 dum
1470 2348 1701 2401 humana
1755 2347 1965 2402 ratione

370 2444 503 2509 nixi,
535 2444 803 2498 neminem
832 2442 961 2497 dare
986 2440 1130 2512 quod
1160 2456 1264 2495 non
1294 2439 1475 2505 habet,
1510 2436 1754 2508 adeoque
1786 2438 1960 2493 btcre-

371 2539 508 2594 ticos
539 2539 800 2609 gratiam,
840 2552 943 2607 qua
986 2545 1200 2597 carent,
1232 2535 1363 2589 dare
1403 2548 1508 2588 non
1550 2548 1709 2604 posse
1747 2541 1969 2587 conten-

2078 1420 2289 1477 nientes
2320 1440 2424 1479 non
2460 1427 2836 1495 baptizabant,
2870 1427 2920 1483 id
2953 1429 3094 1500 quod
3125 1430 3177 1485 in
3212 1431 3487 1500 Ecclesia,
3521 1443 3679 1488 ante—

2075 1530 2236 1583 quam
2285 1527 2673 1586 separarentur
2723 1521 2790 1574 ab
2838 1537 2935 1586 ea,
2988 1523 3240 1577 usitatum
3290 1539 3353 1579 ac
3401 1535 3680 1596 receptum

2073 1606 2351 1674 viderant,
2379 1612 2743 1667 sectabantur.

2145 1700 2198 1753 3.
2240 1698 2427 1767 Neque
2457 1702 2815 1759 diSsimulavit
2849 1705 3158 1773 Stephanus
3187 1707 3452 1763 rationem
3478 1751 3492 1775 ,
3522 1724 3683 1780 quam

2072 1789 2173 1860 ipsi
2200 1791 2503 1862 Cyprianus
2532 1811 2594 1849 ac
2628 1798 2758 1851 socii
2791 1807 2847 1851 ut
2878 1798 3132 1854 invictam
3163 1802 3541 1870 opponebaut,
3576 1818 3673 1871 pro

2073 1895 2225 1940 certo
2256 1898 2528 1956 ponentes
2567 1889 2770 1959 Spiritu
2812 1890 2999 1947 sancto
3027 1893 3319 1950 destitutos
3364 1895 3512 1950 illum
3557 1895 3687 1952 dare

2075 1993 2182 2032 non
2215 1994 2375 2049 posse
2395 2022 2410 2047 ,
2443 1981 2690 2053 adeoque
2730 2000 2829 2039 nec
2857 1985 3121 2056 Baptismi
3153 1991 3378 2057 gratiam
3416 1989 3686 2044 conferre.

2077 2069 2188 2125 Illis
2230 2072 2373 2126 enim
2398 2072 2538 2155 (haec
2573 2074 2695 2130 ideo
2728 2077 2925 2132 invicta
2971 2079 3281 2146 videbatur,
3315 2081 3437 2152 quia
3479 2089 3535 2137 et
3572 2098 3687 2137 rem

2074 2168 2399 2220 Sacramenti
2442 2181 2470 2219 a
2512 2180 2894 2238 Sacramento,
2925 2182 2978 2227 et
3007 2173 3315 2228 ministrum
3354 2188 3450 2229 seu
3494 2175 3692 2231 instru-

2079 2267 2321 2311 mentum
2350 2274 2380 2311 a
2415 2259 2641 2315 Domino
2681 2264 2772 2332 qui
2815 2264 2906 2318 illo
2950 2265 3141 2331 utitur,
3185 2266 3520 2337 distinguere
3560 2283 3689 2323 nes-

2078 2348 2314 2404 ciebant.
2345 2349 2551 2407 Verum
2580 2356 2693 2409 hazc
2719 2357 2965 2425 apprime
2987 2357 3329 2430 distinguens
3356 2360 3689 2431 Stephanus,

2074 2458 2181 2497 non
2226 2444 2476 2514 imperite
2506 2462 2606 2502 nec
2646 2447 2976 2519 improvide,
3010 2451 3105 2506 sed
3145 2464 3271 2522 apte
3311 2468 3377 2508 ac
3416 2457 3691 2524 sapienter

2074 2534 2328 2604 docebat,
2360 2538 2479 2594 this
2503 2540 2593 2609 qui
2622 2541 2764 2610 apud
2791 2541 3080 2600 haereticos
3108 2546 3471 2617 baptizantur,
3499 2547 3693 2604 adesse

365 2630 587 2687 debaut.
614 2630 808 2685 Verum
830 2628 1022 2683 rationi
1043 2628 1166 2683 huic
1191 2626 1497 2696 Stephanus
1521 2625 1965 2680 consuetudinem
1997 2646 2044 2705 Β
2075 2631 2415 2696 praesentiam
2457 2640 2512 2685 et
2555 2633 2977 2689 sanctimoniam
3032 2635 3229 2692 Christi
3273 2639 3465 2709 (Apud
3510 2640 3695 2710 Cypr.,

365 2725 713 2798 opponebat,
760 2741 867 2779 non
910 2725 1389 2793 qualemcumque,
1437 2722 1531 2777 sed
1579 2721 1648 2776 ab
1688 2722 1978 2791 apostolica

368 2820 659 2875 traditione
688 2826 966 2888 acceptam
998 2834 1013 2870 :
1040 2817 1167 2887 quid
1204 2814 1535 2886 sapientius?
1560 2814 1615 2868 In
1648 2814 1807 2869 rebus
1832 2814 1975 2869 enim

369 2913 574 2970 divinis
621 2913 800 2967 omnis
851 2913 1082 2965 humana
1134 2910 1269 2965 ratio
1321 2902 1415 2965 Dei
1462 2908 1762 2963 concedere
1819 2907 1982 2963 debet

366 3005 703 3061 auctoritati.
735 3003 861 3058 Plus
892 3004 1053 3073 igitur
1084 3017 1241 3071 aequo
1270 3000 1465 3055 rationi
1498 3016 1609 3054 suae
1648 2999 1831 3054 tribuit
1868 2999 1977 3070 Cy—

373 3098 619 3168 prianus,
650 3111 771 3150 cum
791 3094 948 3160 dixit,
979 3113 997 3146 (
1028 3093 1248 3148 Frustra
1271 3092 1488 3164 quidam
1512 3094 1599 3164 qui
1624 3093 1833 3147 ratione
1857 3094 1971 3147 vin-

372 3204 591 3257 cuntur,
606 3189 1057 3247 consuetudinem
1080 3187 1237 3243 nobis
1249 3195 1529 3258 opponunt
1546 3184 1717 3260 (Epist
1756 3202 1878 3241 uxr
1898 3183 1968 3257 ;)›

369 3289 571 3346 frustra
602 3287 771 3343 noluit
804 3302 834 3341 a
862 3284 1137 3355 Stephano
1162 3284 1352 3348 dici,~c
1388 3282 1540 3350 Quod
1571 3281 1882 3350 accepimus
1908 3281 1976 3336 ab

374 3383 676 3455 Apostolis,
707 3382 811 3437 hoc
838 3380 1113 3450 sequimur
1144 3376 1355 3451 (Epist.
1403 3374 1628 3448 Lxxut).
1661 3393 1680 3427 ι
1715 3375 1975 3443 SUSpecta

382 3496 510 3537 csse
549 3479 711 3535 debet
754 3492 817 3534 ea
864 3476 1035 3541 ratio,
1068 3489 1189 3546 quae
1232 3482 1393 3527 tanta:
1436 3471 1744 3528 auctoritati
1786 3468 1977 3524 adver-
2030 3484 2031 3487 ‘

381 3584 557 3630 531111⁸.

454 3666 509 3720 2.
557 3636 747 3721 Rideat
774 3664 902 3719 licet
938 3662 1078 3718 idem
1112 3659 1310 3733 praesul
1340 3674 1404 3714 ac
1441 3673 1663 3729 prorsus
1694 3658 1978 3713 absurdam

376 3770 603 3817 censeat
632 3760 934 3825 rationem,
963 3773 1066 3827 qua
1108 3754 1449 3810 traditionem
1481 3752 1635 3807 istaut
1677 3750 1983 3822 Stephanus

379 3852 771 3916 conﬁrmabat,
800 3868 863 3906 ac
892 3850 1037 3905 dicat
1067 3868 1080 3903 :
1117 3866 1135 3900 ι
1172 3846 1438 3903 Prteclara
1480 3860 1610 3899 sane
1650 3853 1705 3901 et
1745 3844 1983 3914 legitima

379 3946 603 4003 traditio
645 3946 923 4017 Stephano
955 3944 1120 3999 fratre
1157 3951 1343 3997 nostro
1378 3941 1607 3996 docente
1648 3940 1983 4011 proponitur,

374 4056 506 4112 qua:
532 4038 913 4095 auctoritatem
942 4036 1096 4090 nobis
1126 4034 1383 4105 praebeat.
1410 4033 1543 4088 Nam
1570 4034 1622 4087 in
1649 4032 1841 4087 eodem
1868 4032 1987 4087 loco

377 4132 629 4204 epistola:
657 4148 767 4185 sua:
785 4128 991 4185 addidit
1012 4138 1066 4185 et
1097 4127 1315 4198 adjecit,
1344 4142 1465 4182 cum
1493 4126 1590 4197 ipsi
1618 4125 1853 4180 ha-rctici
1870 4139 1990 4193 pro-

379 4226 506 4298 prie
544 4227 866 4280 alterutrum
899 4223 967 4277 ad
996 4238 1057 4279 se
1093 4223 1375 4277 venientes
1430 4238 1535 4275 non
1566 4221 1863 4291 baptizent,
1897 4218 1990 4273 sed

383 4316 793 4373 communicent
836 4324 1042 4370 tantum
1077 4334 1089 4367 :
1127 4336 1145 4367 ›
1180 4314 1247 4369 de
1290 4314 1376 4368 illa
1421 4322 1599 4367 tamen
1638 4314 1798 4382 longe
1837 4312 1993 4367 aliter

377 4410 722 4483 iudicabunt,
750 4410 839 4479 qui
863 4426 980 4465 eam
1007 4410 1263 4465 attentius
1287 4407 1664 4475 expenderint.
1688 4405 1821 4461 Cum
1848 4408 1992 4462 enim

382 4504 461 4559 ab
489 4502 731 4558 Ecclesia
764 4502 1089 4558 recesserint
1115 4515 1304 4556 omnes
1344 4498 1615 4563 haeretici,
1648 4500 1841 4553 mirum
1887 4514 1993 4554 non

384 4604 482 4652 est
524 4610 621 4650 eos
658 4593 726 4648 de
755 4593 1000 4648 doctrina
1046 4593 1189 4647 illius
1231 4591 1478 4646 nonnihil
1526 4592 1781 4647 retinere.
1826 4590 1998 4646 Immo

384 4689 580 4746 nullus
610 4704 669 4743 re
710 4688 825 4758 ipsa
857 4697 973 4752 est,
1021 4687 1110 4757 qui
1144 4702 1252 4740 non
1294 4684 1493 4756 aliquid
1534 4702 1598 4741 ex
1640 4702 1701 4740 ea
1745 4686 1993 4740 retineat.

384 4780 530 4837 Cum
564 4780 746 4851 igitur,
780 4778 1127 4849 quantumvis
1156 4778 1297 4832 inter
1321 4793 1380 4833 se
1418 4776 1778 4844 dissidentes,
1814 4776 1865 4831 iu
1898 4778 1999 4831 ali-

384 4890 506 4947 quo
533 4890 657 4930 cum
701 4874 942 4929 Ecclesia
977 4875 1358 4937 consentiunt,
1389 4872 1491 4928 hoc
1518 4872 1586 4926 ab
1619 4872 1860 4927 Ecclesia
1902 4873 2004 4928 sibi

386 4968 655 5023 traditum
687 4967 980 5023 retinuisse
1021 4967 1216 5022 merito
1248 4965 1606 5021 afﬂrmantur.
1647 4966 1910 5031 Quocirca
1952 4974 2006 5021 et

387 5063 678 5127 haeretici,
722 5062 813 5132 qui
855 5077 1042 5117 verum
1084 5060 1286 5115 Christi
1326 5076 1524 5131 corpus
1567 5061 1618 5115 in
1666 5059 2005 5116 Eucharistia

391 5168 638 5225 negant,
673 5160 742 5214 ab
782 5159 998 5227 antiqua
1039 5166 1093 5212 et
1136 5156 1403 5213 constanti
1446 5155 1709 5211 Ecclesia:
1751 5154 1855 5209 ﬁde
1899 5154 2011 5209 dis-

390 5254 639 5312 cessisse
668 5253 796 5308 hinc
825 5253 1242 5315 convincuntur,
1273 5249 1415 5319 quod
1451 5250 1615 5303 variae.
1655 5259 1852 5313 sectae,
1888 5263 2009 5315 qua:

390 5364 432 5403 a
478 5347 656 5402 multis
676 5346 788 5417 jam
823 5346 1058 5411 smculis,
1092 5344 1215 5399 aliis
1243 5342 1295 5397 in
1324 5344 1509 5407 rebus,
1543 5359 1568 5393 a
1598 5340 1862 5397 catholica
1893 5339 2005 5395 dis-

392 5438 638 5496 col-dant
666 5439 943 5505 Ecclesia,
978 5438 1079 5493 hoc
1120 5437 1171 5491 in
1208 5435 1461 5500 degmatc
1490 5450 1611 5488 cum
1656 5434 1740 5486 illa
1779 5447 2008 5487 concor-

393 5535 565 5590 dent.
598 5533 713 5590 Non
744 5534 925 5604 igitur,
960 5541 1019 5586 ut
1060 5530 1332 5586 scribebat
1361 5527 1698 5599 Cyprianus,
1730 5535 1855 5580 tunc.
1890 5545 1907 5575 ι
1943 5524 2008 5579 ad

392 5626 525 5685 hoc
568 5627 827 5682 malorum
875 5625 1125 5680 devoluta
1168 5630 1253 5677 est
1297 5618 1539 5675 Ecclesia
1585 5619 1676 5674 Dei
1716 5629 1771 5675 et
1814 5633 2011 5687 Sponsa

395 5716 647 5785 Christi,
677 5728 735 5775 ut
762 5717 1140 5774 haereticorum
1179 5712 1428 5784 exempla
1468 5720 1816 5768 sectaretur:
1855 5729 1873 5763 ›
1918 5710 2014 5768 sed

2083 2719 2185 2789 Ep.
2211 2721 2400 2793 ωηεν),
2426 2724 2517 2793 qui
2539 2724 2792 2782 videlicet
2815 2728 3197 2784 haereticorum
3223 2730 3529 2787 ministerio
3548 2731 3695 2802 quod

2083 2813 2201 2868 vult
2240 2824 2517 2885 operatur.
2554 2817 2660 2888 Ipsi
2690 2820 2892 2890 quippe
2934 2824 3130 2877 merito
3176 2839 3495 2894 persuasum
3544 2835 3693 2895 erat,

2081 2907 2227 2976 quod
2260 2909 2487 2963 multum
2524 2913 2736 2980 proiicit
2765 2929 2963 2969 nomen
3003 2909 3335 2976 (auctoritas
3376 2934 3442 2975 ac
3484 2919 3696 2992 virtus)

2082 2997 2283 3056 Christi
2309 3044 2323 3067 ,
2355 3005 2489 3072 (quo
2515 3016 2777 3074 Operante
2804 3005 2896 3078 ﬁt)
2930 3020 2986 3062 ut
3015 3010 3343 3082 quicumque
3368 3021 3425 3068 et
3452 3012 3697 3068 ubicum-

2084 3110 2191 3163 que
2220 3097 2271 3149 in
2302 3098 2519 3151 nomine
2550 3098 2748 3153 Christi
2780 3100 3081 3171 baptizatus
3112 3102 3305 3171 fuerit,
3333 3119 3699 3178 consequatur

2083 3189 2265 3244 statim
2295 3192 2522 3261 gratiam
2550 3192 2771 3249 Christi.
2806 3196 2916 3250 Hoc
2946 3197 3108 3266 igitur
3135 3200 3525 3271 propugnabat,
3551 3200 3697 3271 quod

2078 3278 2340 3337 Joannem
2370 3300 2401 3337 a
2428 3285 2678 3342 colmnba
2725 3287 2987 3345 didicisse
3035 3307 3143 3345 non
3178 3308 3286 3347 uno
3326 3294 3446 3350 loco
3489 3294 3702 3366 Augus-

2078 3376 2221 3433 tinus
2262 3377 2521 3443 inculcat,
2554 3395 2749 3451 nempe
2789 3390 2847 3436 ut
2873 3382 2996 3438 aliis
3019 3385 3199 3441 verbis
3228 3387 3314 3441 hic
3365 3386 3557 3443 doctor
3596 3406 3697 3447 ex-

2084 3472 2268 3540 ponit,
2328 3492 2347 3523 ‹
2396 3476 2686 3543 quamdam
2734 3480 3120 3549 proprietatem
3172 3481 3225 3537 in
3269 3482 3490 3539 Christo
3537 3485 3702 3542 talem

2085 3565 2354 3629 futuram,
2403 3578 2463 3621 ut
2500 3570 2752 3639 quamvis
2785 3572 2937 3626 inulti
2979 3574 3213 3629 ministri
3252 3574 3577 3645 baptizaturi
3615 3595 3705 3634 es-

2087 3668 2230 3724 sent,
2264 3658 2380 3714 sive
2405 3659 2538 3727 justi
2564 3664 2680 3717 sive
2711 3662 2918 3733 injusti,
2949 3680 3055 3719 non
3087 3666 3417 3724 tribueretur
3442 3671 3704 3726 sanctitas

2088 3749 2385 3819 Baptismi,
2422 3752 2525 3806 nisi
2568 3753 2646 3807 illi
2692 3770 2859 3825 super
2900 3772 3062 3827 quem
3106 3758 3389 3817 descendit
3417 3763 3698 3831 columba,

2091 3840 2159 3896 de
2214 3858 2322 3912 quo
2364 3843 2568 3899 dictum
2598 3856 2682 3900 est
2711 3865 2724 3900 :
2758 3847 2855 3903 llic
2884 3860 2968 3905 est
3008 3852 3098 3921 qui
3130 3852 3367 3923 baptizat
3404 3855 3458 3910 in
3501 3858 3705 3926 Spiritu

2015 3967 2059 4029 ρ
2092 3947 2301 3993 sancto.
2334 3939 2527 3995 Petrus
2558 3940 2823 4011 baptizet,
2852 3943 2939 3999 hic
2967 3956 3050 4000 est
3080 3948 3171 4016 qui
3198 3949 3435 4019 baptizat
3464 3966 3479 4005 :
3509 3951 3706 4007 Paulus

2093 4026 2365 4098 baptizet,
2414 4030 2501 4086 hic
2540 4042 2625 4087 est
2662 4035 2751 4104 qui
2799 4035 3038 4106 baptizat
3068 4056 3080 4091 :
3112 4037 3280 4093 Judas
3324 4040 3588 4110 baptizet,
3622 4043 3707 4099 hic

2095 4132 2178 4176 cst
2226 4125 2317 4194 qui
2371 4124 2623 4195 baptizat.
2689 4147 2706 4179 ι
2754 4128 2891 4183 Hinc
2938 4130 3212 4199 quomodo
3257 4140 3314 4187 et
3360 4133 3416 4188 in
3462 4134 3706 4191 Ecclesia

2094 4225 2151 4269 et
2196 4216 2337 4285 apud
2395 4219 2680 4274 haereticos
2728 4238 2890 4276 unum
2958 4221 3159 4279 Christi
3244 4227 3513 4297 Baptisma
3585 4244 3710 4286 esse

2101 4311 2304 4380 possit,
2380 4313 2525 4383 quod
2601 4331 2628 4367 a
2702 4313 2976 4385 Stephano
3029 4318 3310 4386 praedicari
3368 4319 3710 4379 Firmilianus

2101 4408 2284 4480 iniquo
2312 4415 2496 4466 animo
2528 4410 2764 4476 ferebat,
2808 4424 2955 4469 recte
2998 4416 3309 4486 percipitur.

2173 4528 2225 4582 4.
2270 4528 2488 4585 Frustra
2520 4528 2679 4599 igitur
2707 4529 3009 4602 Cyprianus
3033 4533 3098 4588 ad
3124 4534 3499 4593 defensionem
3531 4553 3710 4596 causa:

2102 4635 2213 4677 sua:
2242 4623 2417 4678 locum
2442 4624 2805 4685 Ecclesiastici
2829 4642 3009 4690 xxxrv.
3041 4629 3131 4688 50.
3163 4632 3468 4701 proferebat
3488 4635 3540 4690 in
3566 4635 3708 4691 hunc

2107 4714 2321 4768 modum
2354 4734 2366 4769 :
2398 4734 2418 4767 ι
2461 4715 2562 4784 Qui
2618 4718 2909 4785 baptizatur
2959 4738 2990 4774 a
3046 4733 3267 4790 mortuo,
3323 4726 3448 4789 quid
3506 4728 3712 4799 proﬁcit

2107 4806 2294 4861 lavatio
2343 4810 2454 4879 ejus
2501 4810 2698 4882 (Epist.
2731 4812 2925 4883 Lxxt)?
2959 4814 3137 4871 Primo
3163 4818 3380 4887 quidem
3423 4836 3547 4875 eum
3571 4863 3585 4888 ,
3620 4820 3710 4891 qui

2110 4900 2439 4971 Baptismum
2467 4905 2534 4959 ab
2563 4905 2819 4962 haeretico
2846 4908 3103 4979 suscipit,
3134 4926 3165 4965 a
3204 4922 3415 4967 mortuo
3447 4913 3707 4984 baptizari

2112 4991 2247 5049 falso
2272 5004 2355 5049 est
2397 4995 2705 5052 arbitratus.
2740 4999 2882 5054 Vivit
2923 5001 3122 5070 quippe
3166 5001 3414 5059 Christus
3438 5046 3454 5073 ,
3492 5008 3581 5078 qui
3614 5023 3712 5078 per

2112 5084 2422 5141 hmreticnm
2452 5088 2706 5157 baptizat.
2737 5090 2985 5161 adeoque
3009 5093 3100 5164 qui
3132 5094 3464 5165 Baptismum
3495 5099 3564 5155 ab
3594 5099 3710 5156 ba:-

2113 5180 2281 5236 retico
2343 5182 2605 5251 suscipit,
2660 5201 3000 5258 nequaquam
3048 5205 3078 5244 a
3129 5201 3343 5246 mortuo
3391 5192 3713 5262 baptizatur.

2036 5284 2087 5345 D
2116 5273 2316 5328 Deinde
2340 5274 2625 5331 teSIimonii
2655 5277 2799 5332 allati
2822 5280 2961 5336 sicut
2983 5297 3082 5337 nec
3111 5282 3471 5354 integritatem
3505 5286 3709 5355 habuit,

2114 5368 2183 5421 ita
2213 5382 2312 5423 nec
2338 5380 2616 5424 assecutus
2644 5380 2725 5425 est
2745 5386 2986 5429 sensum.
3019 5374 3073 5429 In
3100 5376 3324 5431 sinceris
3350 5379 3493 5435 enim
3524 5379 3714 5437 Eccle-

2115 5461 2314 5517 siastici
2353 5462 2626 5519 codicibus
2658 5464 2787 5518 illud
2816 5466 2885 5519 ita
2917 5467 3157 5537 legimus.
3192 5488 3212 5521 c
3248 5470 3350 5537 Qui
3371 5472 3661 5541 baptizatur
3685 5490 3717 5529 a

2116 5563 2346 5619 mortuo,
2402 5564 2449 5609 et
2495 5555 2676 5610 iterum
2729 5560 2889 5623 tangit
2942 5576 3075 5627 eum,
3137 5562 3223 5633 qui
3278 5565 3479 5633 proﬁcit
3530 5565 3718 5622 lavatio

2116 5647 2251 5717 ejus.
2289 5666 2308 5699 ι
2341 5645 2543 5714 Quibus
2570 5647 2750 5705 verbis
2787 5648 3001 5708 inanem
3025 5667 3148 5711 esse
3172 5652 3432 5713 docemur
3460 5656 3598 5727 ejus,
3627 5659 3719 5730 qui
