  <div class='ocr_page' id='page_1' title='image "/cluster/home/n/w/nwhite01/storage/ocr_20150623/3/hvd.32044054086798/675.png"; bbox 0 0 4262 6236; ppageno 0'>
   <div class='ocr_carea' id='block_1_1' title="bbox 612 233 748 291">
    <p class='ocr_par' dir='ltr' id='par_1_1' title="bbox 612 233 748 291">
     <span class='ocr_line' id='line_1_1' title="bbox 612 233 748 291; baseline -0.007 0"><span class='ocrx_word' id='word_1_1' title='bbox 612 233 748 291; x_wconf 65' lang='grc' dir='ltr'><strong>(ΞΜ</strong></span> 
     </span>
    </p>
   </div>
   <div class='ocr_carea' id='block_1_2' title="bbox 1703 231 2780 300">
    <p class='ocr_par' dir='ltr' id='par_1_2' title="bbox 1703 231 2780 300">
     <span class='ocr_line' id='line_1_2' title="bbox 1703 231 2780 300; baseline 0 -6"><span class='ocrx_word' id='word_1_2' title='bbox 1703 231 2046 296; x_wconf 76' lang='lat' dir='ltr'><strong>STEPHANI</strong></span> <span class='ocrx_word' id='word_1_3' title='bbox 2081 235 2104 294; x_wconf 86' lang='grc' dir='ltr'><strong>Ι</strong></span> <span class='ocrx_word' id='word_1_4' title='bbox 2142 235 2348 300; x_wconf 70' lang='grc' dir='ltr'><strong>ΡΑΡΑΞ</strong></span> <span class='ocrx_word' id='word_1_5' title='bbox 2390 232 2780 298; x_wconf 76' lang='lat' dir='ltr'><strong>SENTENTIA</strong></span> 
     </span>
    </p>
   </div>
   <div class='ocr_carea' id='block_1_3' title="bbox 3765 230 3914 291">
    <p class='ocr_par' dir='ltr' id='par_1_3' title="bbox 3765 230 3914 291">
     <span class='ocr_line' id='line_1_3' title="bbox 3765 230 3914 291; baseline -0.02 0"><span class='ocrx_word' id='word_1_6' title='bbox 3765 230 3914 291; x_wconf 68' lang='grc'><strong>1252</strong></span> 
     </span>
    </p>
   </div>
   <div class='ocr_carea' id='block_1_4' title="bbox 609 355 3912 434">
    <p class='ocr_par' dir='ltr' id='par_1_4' title="bbox 609 355 3912 434">
     <span class='ocr_line' id='line_1_4' title="bbox 609 355 3912 434; baseline -0.001 -21"><span class='ocrx_word' id='word_1_7' title='bbox 609 368 879 416; x_wconf 86' lang='lat' dir='ltr'><strong>mortuum</strong></span> <span class='ocrx_word' id='word_1_8' title='bbox 909 358 1174 430; x_wconf 84' lang='lat' dir='ltr'><strong>tetigerat,</strong></span> <span class='ocrx_word' id='word_1_9' title='bbox 1210 357 1465 416; x_wconf 81' lang='lat' dir='ltr'><strong>lationem</strong></span> <span class='ocrx_word' id='word_1_10' title='bbox 1495 402 1508 428; x_wconf 94' lang='lat'><strong>,</strong></span> <span class='ocrx_word' id='word_1_11' title='bbox 1542 359 1584 414; x_wconf 91' lang='lat' dir='ltr'><strong>si</strong></span> <span class='ocrx_word' id='word_1_12' title='bbox 1622 360 1763 415; x_wconf 90' lang='lat' dir='ltr'><strong>lotus</strong></span> <span class='ocrx_word' id='word_1_13' title='bbox 1788 361 2034 416; x_wconf 90' lang='lat' dir='ltr'><strong>eumdem</strong></span> <span class='ocrx_word' id='word_1_14' title='bbox 2063 377 2204 415; x_wconf 82' lang='lat' dir='ltr'><strong>mor-</strong></span> <span class='ocrx_word' id='word_1_15' title='bbox 2232 368 2280 428; x_wconf 76' lang='grc' dir='ltr'><strong>Α</strong></span> <span class='ocrx_word' id='word_1_16' title='bbox 2312 365 2477 427; x_wconf 98' lang='lat' dir='ltr'><strong>tione,</strong></span> <span class='ocrx_word' id='word_1_17' title='bbox 2509 378 2672 434; x_wconf 89' lang='lat' dir='ltr'><strong>quam</strong></span> <span class='ocrx_word' id='word_1_18' title='bbox 2690 359 3036 432; x_wconf 73' lang='lat' dir='ltr'><strong>prmvaluisse</strong></span> <span class='ocrx_word' id='word_1_19' title='bbox 3061 355 3462 414; x_wconf 90' lang='lat' dir='ltr'><strong>contenduntin</strong></span> <span class='ocrx_word' id='word_1_20' title='bbox 3490 355 3752 425; x_wconf 89' lang='lat' dir='ltr'><strong>Baptismi</strong></span> <span class='ocrx_word' id='word_1_21' title='bbox 3784 371 3912 409; x_wconf 90' lang='lat' dir='ltr'><strong>san-</strong></span> 
     </span>
    </p>
   </div>
   <div class='ocr_carea' id='block_1_5' title="bbox 613 453 2198 526">
    <p class='ocr_par' dir='ltr' id='par_1_5' title="bbox 613 453 2198 526">
     <span class='ocr_line' id='line_1_5' title="bbox 613 453 2198 526; baseline 0 -18"><span class='ocrx_word' id='word_1_22' title='bbox 613 465 760 508; x_wconf 90' lang='lat' dir='ltr'><strong>tunm</strong></span> <span class='ocrx_word' id='word_1_23' title='bbox 787 470 972 508; x_wconf 86' lang='lat' dir='ltr'><strong>rursus</strong></span> <span class='ocrx_word' id='word_1_24' title='bbox 1005 461 1202 526; x_wconf 77' lang='lat' dir='ltr'><strong>tangat.</strong></span> <span class='ocrx_word' id='word_1_25' title='bbox 1241 453 1438 508; x_wconf 85' lang='lat' dir='ltr'><strong>Eodem</strong></span> <span class='ocrx_word' id='word_1_26' title='bbox 1469 455 1584 509; x_wconf 82' lang='lat' dir='ltr'><strong>loco</strong></span> <span class='ocrx_word' id='word_1_27' title='bbox 1626 457 1704 511; x_wconf 91' lang='lat' dir='ltr'><strong>sic</strong></span> <span class='ocrx_word' id='word_1_28' title='bbox 1736 466 1975 510; x_wconf 88' lang='lat' dir='ltr'><strong>truncato</strong></span> <span class='ocrx_word' id='word_1_29' title='bbox 2013 456 2198 509; x_wconf 88' lang='lat' dir='ltr'><strong>simili-</strong></span> 
     </span>
    </p>
   </div>
   <div class='ocr_carea' id='block_1_6' title="bbox 608 547 2201 618">
    <p class='ocr_par' dir='ltr' id='par_1_6' title="bbox 608 547 2201 618">
     <span class='ocr_line' id='line_1_6' title="bbox 608 547 2201 618; baseline 0.004 -19"><span class='ocrx_word' id='word_1_30' title='bbox 608 565 711 616; x_wconf 92' lang='lat' dir='ltr'><strong>que</strong></span> <span class='ocrx_word' id='word_1_31' title='bbox 741 549 944 602; x_wconf 90' lang='lat' dir='ltr'><strong>ratione</strong></span> <span class='ocrx_word' id='word_1_32' title='bbox 972 549 1021 600; x_wconf 94' lang='lat' dir='ltr'><strong>in</strong></span> <span class='ocrx_word' id='word_1_33' title='bbox 1045 551 1267 618; x_wconf 89' lang='lat' dir='ltr'><strong>gratiam</strong></span> <span class='ocrx_word' id='word_1_34' title='bbox 1299 547 1519 604; x_wconf 79' lang='lat' dir='ltr'><strong>lueresis</strong></span> <span class='ocrx_word' id='word_1_35' title='bbox 1547 566 1656 606; x_wconf 67' lang='lat' dir='ltr'><strong>suae</strong></span> <span class='ocrx_word' id='word_1_36' title='bbox 1682 566 1802 613; x_wconf 86' lang='lat' dir='ltr'><strong>cum</strong></span> <span class='ocrx_word' id='word_1_37' title='bbox 1829 551 2026 612; x_wconf 82' lang='lat' dir='ltr'><strong>abttsus</strong></span> <span class='ocrx_word' id='word_1_38' title='bbox 2057 558 2201 610; x_wconf 84' lang='lat' dir='ltr'><strong>esset</strong></span> 
     </span>
    </p>
   </div>
   <div class='ocr_carea' id='block_1_7' title="bbox 608 639 2195 714">
    <p class='ocr_par' dir='ltr' id='par_1_7' title="bbox 608 639 2195 714">
     <span class='ocr_line' id='line_1_7' title="bbox 608 639 2195 714; baseline 0.001 -21"><span class='ocrx_word' id='word_1_39' title='bbox 608 639 861 704; x_wconf 81' lang='lat' dir='ltr'><strong>Donatus,</strong></span> <span class='ocrx_word' id='word_1_40' title='bbox 889 643 1028 696; x_wconf 92' lang='lat' dir='ltr'><strong>hunc</strong></span> <span class='ocrx_word' id='word_1_41' title='bbox 1049 642 1374 710; x_wconf 72' lang='lat' dir='ltr'><strong>Augustinus</strong></span> <span class='ocrx_word' id='word_1_42' title='bbox 1398 651 1451 695; x_wconf 92' lang='lat' dir='ltr'><strong>ut</strong></span> <span class='ocrx_word' id='word_1_43' title='bbox 1477 641 1639 698; x_wconf 70' lang='lat' dir='ltr'><strong>divini</strong></span> <span class='ocrx_word' id='word_1_44' title='bbox 1663 641 1860 714; x_wconf 85' lang='lat' dir='ltr'><strong>eloquii</strong></span> <span class='ocrx_word' id='word_1_45' title='bbox 1886 643 2195 700; x_wconf 84' lang='lat' dir='ltr'><strong>violatorem</strong></span> 
     </span>
    </p>
   </div>
   <div class='ocr_carea' id='block_1_8' title="bbox 604 732 2198 804">
    <p class='ocr_par' dir='ltr' id='par_1_8' title="bbox 604 732 2198 804">
     <span class='ocr_line' id='line_1_8' title="bbox 604 732 2198 804; baseline 0.001 -20"><span class='ocrx_word' id='word_1_46' title='bbox 604 733 950 788; x_wconf 75' lang='lat' dir='ltr'><strong>vehementer</strong></span> <span class='ocrx_word' id='word_1_47' title='bbox 997 736 1188 804; x_wconf 89' lang='lat' dir='ltr'><strong>arguit.</strong></span> <span class='ocrx_word' id='word_1_48' title='bbox 1240 736 1308 788; x_wconf 81' lang='lat' dir='ltr'><strong>At</strong></span> <span class='ocrx_word' id='word_1_49' title='bbox 1353 751 1472 788; x_wconf 90' lang='lat' dir='ltr'><strong>cum</strong></span> <span class='ocrx_word' id='word_1_50' title='bbox 1519 734 1658 788; x_wconf 91' lang='lat' dir='ltr'><strong>idem</strong></span> <span class='ocrx_word' id='word_1_51' title='bbox 1707 734 1903 788; x_wconf 79' lang='lat' dir='ltr'><strong>Doctor</strong></span> <span class='ocrx_word' id='word_1_52' title='bbox 1932 733 1983 787; x_wconf 96' lang='lat' dir='ltr'><strong>in</strong></span> <span class='ocrx_word' id='word_1_53' title='bbox 2035 732 2198 788; x_wconf 84' lang='lat' dir='ltr'><strong>libros</strong></span> 
     </span>
    </p>
   </div>
   <div class='ocr_carea' id='block_1_9' title="bbox 605 827 2198 902">
    <p class='ocr_par' dir='ltr' id='par_1_9' title="bbox 605 827 2198 902">
     <span class='ocr_line' id='line_1_9' title="bbox 605 827 2198 902; baseline -0.002 -18"><span class='ocrx_word' id='word_1_54' title='bbox 605 827 944 898; x_wconf 81' lang='lat' dir='ltr'><strong>postmodum</strong></span> <span class='ocrx_word' id='word_1_55' title='bbox 994 828 1268 890; x_wconf 79' lang='lat' dir='ltr'><strong>incidisset</strong></span> <span class='ocrx_word' id='word_1_56' title='bbox 1315 829 1503 888; x_wconf 79' lang='lat' dir='ltr'><strong>Donati</strong></span> <span class='ocrx_word' id='word_1_57' title='bbox 1549 837 1698 902; x_wconf 84' lang='lat' dir='ltr'><strong>parte</strong></span> <span class='ocrx_word' id='word_1_58' title='bbox 1733 828 2100 900; x_wconf 75' lang='lat' dir='ltr'><strong>antiquiores,</strong></span> <span class='ocrx_word' id='word_1_59' title='bbox 2143 827 2198 884; x_wconf 91' lang='lat' dir='ltr'><strong>in</strong></span> 
     </span>
    </p>
   </div>
   <div class='ocr_carea' id='block_1_10' title="bbox 601 920 2199 992">
    <p class='ocr_par' dir='ltr' id='par_1_10' title="bbox 601 920 2199 992">
     <span class='ocr_line' id='line_1_10' title="bbox 601 920 2199 992; baseline -0.001 -17"><span class='ocrx_word' id='word_1_60' title='bbox 601 922 793 992; x_wconf 82' lang='lat' dir='ltr'><strong>quibus</strong></span> <span class='ocrx_word' id='word_1_61' title='bbox 825 920 961 975; x_wconf 88' lang='lat' dir='ltr'><strong>idem</strong></span> <span class='ocrx_word' id='word_1_62' title='bbox 990 924 1172 975; x_wconf 87' lang='lat' dir='ltr'><strong>vitium</strong></span> <span class='ocrx_word' id='word_1_63' title='bbox 1201 920 1309 991; x_wconf 87' lang='lat' dir='ltr'><strong>jam</strong></span> <span class='ocrx_word' id='word_1_64' title='bbox 1349 931 1499 987; x_wconf 90' lang='lat' dir='ltr'><strong>erat,</strong></span> <span class='ocrx_word' id='word_1_65' title='bbox 1535 937 1654 975; x_wconf 92' lang='lat' dir='ltr'><strong>eum</strong></span> <span class='ocrx_word' id='word_1_66' title='bbox 1701 930 1993 974; x_wconf 88' lang='lat' dir='ltr'><strong>retractare</strong></span> <span class='ocrx_word' id='word_1_67' title='bbox 2037 927 2199 989; x_wconf 89' lang='lat' dir='ltr'><strong>atque</strong></span> 
     </span>
    </p>
   </div>
   <div class='ocr_carea' id='block_1_11' title="bbox 601 1010 2198 1085">
    <p class='ocr_par' dir='ltr' id='par_1_11' title="bbox 601 1010 2198 1085">
     <span class='ocr_line' id='line_1_11' title="bbox 601 1010 2198 1085; baseline -0.001 -16"><span class='ocrx_word' id='word_1_68' title='bbox 601 1014 888 1070; x_wconf 89' lang='lat' dir='ltr'><strong>emendare</strong></span> <span class='ocrx_word' id='word_1_69' title='bbox 911 1031 1014 1068; x_wconf 92' lang='lat' dir='ltr'><strong>non</strong></span> <span class='ocrx_word' id='word_1_70' title='bbox 1038 1014 1253 1085; x_wconf 83' lang='lat' dir='ltr'><strong>puduit;</strong></span> <span class='ocrx_word' id='word_1_71' title='bbox 1278 1013 1420 1084; x_wconf 90' lang='lat' dir='ltr'><strong>quod</strong></span> <span class='ocrx_word' id='word_1_72' title='bbox 1437 1013 1692 1072; x_wconf 76' lang='lat' dir='ltr'><strong>adversus</strong></span> <span class='ocrx_word' id='word_1_73' title='bbox 1710 1012 2021 1072; x_wconf 81' lang='lat' dir='ltr'><strong>h:oreticum</strong></span> <span class='ocrx_word' id='word_1_74' title='bbox 2046 1010 2198 1072; x_wconf 88' lang='lat' dir='ltr'><strong>illum</strong></span> 
     </span>
    </p>
   </div>
   <div class='ocr_carea' id='block_1_12' title="bbox 599 1104 2194 1179">
    <p class='ocr_par' dir='ltr' id='par_1_12' title="bbox 599 1104 2194 1179">
     <span class='ocr_line' id='line_1_12' title="bbox 599 1104 2194 1179; baseline -0.002 -16"><span class='ocrx_word' id='word_1_75' title='bbox 599 1108 736 1163; x_wconf 81' lang='lat' dir='ltr'><strong>bona</strong></span> <span class='ocrx_word' id='word_1_76' title='bbox 767 1107 868 1162; x_wconf 83' lang='lat' dir='ltr'><strong>ﬁde</strong></span> <span class='ocrx_word' id='word_1_77' title='bbox 896 1109 1184 1177; x_wconf 82' lang='lat' dir='ltr'><strong>scripserat</strong></span> <span class='ocrx_word' id='word_1_78' title='bbox 1212 1106 1500 1179; x_wconf 83' lang='lat' dir='ltr'><strong>(Retract.,</strong></span> <span class='ocrx_word' id='word_1_79' title='bbox 1533 1109 1622 1162; x_wconf 86' lang='lat' dir='ltr'><strong>lib.</strong></span> <span class='ocrx_word' id='word_1_80' title='bbox 1658 1125 1706 1174; x_wconf 87' lang='grc' dir='ltr'><strong>ι,</strong></span> <span class='ocrx_word' id='word_1_81' title='bbox 1738 1124 1853 1177; x_wconf 88' lang='lat' dir='ltr'><strong>cap.</strong></span> <span class='ocrx_word' id='word_1_82' title='bbox 1885 1107 1974 1170; x_wconf 74' lang='grc'><strong>21,</strong></span> <span class='ocrx_word' id='word_1_83' title='bbox 2010 1124 2062 1160; x_wconf 82' lang='lat' dir='ltr'><strong>tt.</strong></span> <span class='ocrx_word' id='word_1_84' title='bbox 2099 1104 2194 1177; x_wconf 80' lang='lat'><strong>5).</strong></span> 
     </span>
    </p>
   </div>
   <div class='ocr_carea' id='block_1_13' title="bbox 599 1200 2200 1271">
    <p class='ocr_par' dir='ltr' id='par_1_13' title="bbox 599 1200 2200 1271">
     <span class='ocr_line' id='line_1_13' title="bbox 599 1200 2200 1271; baseline 0.001 -19"><span class='ocrx_word' id='word_1_85' title='bbox 599 1201 767 1270; x_wconf 88' lang='lat' dir='ltr'><strong>Quam</strong></span> <span class='ocrx_word' id='word_1_86' title='bbox 793 1210 940 1256; x_wconf 89' lang='lat' dir='ltr'><strong>recte</strong></span> <span class='ocrx_word' id='word_1_87' title='bbox 965 1211 1142 1256; x_wconf 88' lang='lat' dir='ltr'><strong>autem</strong></span> <span class='ocrx_word' id='word_1_88' title='bbox 1172 1201 1238 1256; x_wconf 90' lang='lat' dir='ltr'><strong>de</strong></span> <span class='ocrx_word' id='word_1_89' title='bbox 1265 1201 1507 1258; x_wconf 79' lang='lat' dir='ltr'><strong>codicum</strong></span> <span class='ocrx_word' id='word_1_90' title='bbox 1532 1202 1742 1256; x_wconf 87' lang='lat' dir='ltr'><strong>illorqu</strong></span> <span class='ocrx_word' id='word_1_91' title='bbox 1775 1200 2090 1271; x_wconf 90' lang='lat' dir='ltr'><strong>antiquitate</strong></span> <span class='ocrx_word' id='word_1_92' title='bbox 2114 1200 2200 1269; x_wconf 82' lang='lat' dir='ltr'><strong>ju-</strong></span> 
     </span>
    </p>
   </div>
   <div class='ocr_carea' id='block_1_14' title="bbox 597 1293 2196 1366">
    <p class='ocr_par' dir='ltr' id='par_1_14' title="bbox 597 1293 2196 1366">
     <span class='ocr_line' id='line_1_14' title="bbox 597 1293 2196 1366; baseline -0.001 -19"><span class='ocrx_word' id='word_1_93' title='bbox 597 1294 806 1358; x_wconf 89' lang='lat' dir='ltr'><strong>dicarit,</strong></span> <span class='ocrx_word' id='word_1_94' title='bbox 842 1296 1093 1350; x_wconf 83' lang='lat' dir='ltr'><strong>evincunt</strong></span> <span class='ocrx_word' id='word_1_95' title='bbox 1122 1294 1370 1366; x_wconf 80' lang='lat' dir='ltr'><strong>Cypriani</strong></span> <span class='ocrx_word' id='word_1_96' title='bbox 1400 1295 1551 1361; x_wconf 89' lang='lat' dir='ltr'><strong>libri,</strong></span> <span class='ocrx_word' id='word_1_97' title='bbox 1584 1294 1635 1350; x_wconf 92' lang='lat' dir='ltr'><strong>in</strong></span> <span class='ocrx_word' id='word_1_98' title='bbox 1659 1294 1854 1366; x_wconf 84' lang='lat' dir='ltr'><strong>quibus</strong></span> <span class='ocrx_word' id='word_1_99' title='bbox 1880 1293 2196 1360; x_wconf 85' lang='lat' dir='ltr'><strong>versiculus,</strong></span> 
     </span>
    </p>
   </div>
   <div class='ocr_carea' id='block_1_15' title="bbox 596 1385 2196 1460">
    <p class='ocr_par' dir='ltr' id='par_1_15' title="bbox 596 1385 2196 1460">
     <span class='ocr_line' id='line_1_15' title="bbox 596 1385 2196 1460; baseline -0.003 -18"><span class='ocrx_word' id='word_1_100' title='bbox 596 1397 649 1442; x_wconf 91' lang='lat' dir='ltr'><strong>ct</strong></span> <span class='ocrx_word' id='word_1_101' title='bbox 677 1389 866 1442; x_wconf 72' lang='lat' dir='ltr'><strong>iterum</strong></span> <span class='ocrx_word' id='word_1_102' title='bbox 899 1390 1065 1458; x_wconf 90' lang='lat' dir='ltr'><strong>tangit</strong></span> <span class='ocrx_word' id='word_1_103' title='bbox 1091 1404 1235 1455; x_wconf 90' lang='lat' dir='ltr'><strong>eum,</strong></span> <span class='ocrx_word' id='word_1_104' title='bbox 1260 1387 1368 1460; x_wconf 86' lang='lat' dir='ltr'><strong>jam</strong></span> <span class='ocrx_word' id='word_1_105' title='bbox 1399 1386 1602 1442; x_wconf 78' lang='lat' dir='ltr'><strong>deerat.</strong></span> <span class='ocrx_word' id='word_1_106' title='bbox 1630 1385 1781 1455; x_wconf 86' lang='lat' dir='ltr'><strong>Quod</strong></span> <span class='ocrx_word' id='word_1_107' title='bbox 1815 1386 1866 1440; x_wconf 94' lang='lat' dir='ltr'><strong>in</strong></span> <span class='ocrx_word' id='word_1_108' title='bbox 1891 1395 2196 1440; x_wconf 86' lang='lat' dir='ltr'><strong>transcursu</strong></span> 
     </span>
    </p>
   </div>
   <div class='ocr_carea' id='block_1_16' title="bbox 595 1477 2194 1551">
    <p class='ocr_par' dir='ltr' id='par_1_16' title="bbox 595 1477 2194 1551">
     <span class='ocr_line' id='line_1_16' title="bbox 595 1477 2194 1551; baseline -0.001 -18"><span class='ocrx_word' id='word_1_109' title='bbox 595 1480 933 1535; x_wconf 87' lang='lat' dir='ltr'><strong>observatmn</strong></span> <span class='ocrx_word' id='word_1_110' title='bbox 966 1481 1053 1534; x_wconf 90' lang='lat' dir='ltr'><strong>sit.</strong></span> <span class='ocrx_word' id='word_1_111' title='bbox 1079 1479 1158 1534; x_wconf 77' lang='lat' dir='ltr'><strong>Ad</strong></span> <span class='ocrx_word' id='word_1_112' title='bbox 1189 1480 1517 1551; x_wconf 83' lang='lat' dir='ltr'><strong>Stephanum</strong></span> <span class='ocrx_word' id='word_1_113' title='bbox 1545 1479 1686 1550; x_wconf 91' lang='lat' dir='ltr'><strong>quod</strong></span> <span class='ocrx_word' id='word_1_114' title='bbox 1717 1480 1926 1545; x_wconf 88' lang='lat' dir='ltr'><strong>attinet,</strong></span> <span class='ocrx_word' id='word_1_115' title='bbox 1960 1495 2082 1534; x_wconf 92' lang='lat' dir='ltr'><strong>cum</strong></span> <span class='ocrx_word' id='word_1_116' title='bbox 2109 1477 2194 1532; x_wconf 90' lang='lat' dir='ltr'><strong>di-</strong></span> 
     </span>
    </p>
   </div>
   <div class='ocr_carea' id='block_1_17' title="bbox 597 1572 2195 1645">
    <p class='ocr_par' dir='ltr' id='par_1_17' title="bbox 597 1572 2195 1645">
     <span class='ocr_line' id='line_1_17' title="bbox 597 1572 2195 1645; baseline -0.001 -18"><span class='ocrx_word' id='word_1_117' title='bbox 597 1573 710 1640; x_wconf 76' lang='lat' dir='ltr'><strong>xit,</strong></span> <span class='ocrx_word' id='word_1_118' title='bbox 745 1593 763 1626; x_wconf 84' lang='lat'><strong>(</strong></span> <span class='ocrx_word' id='word_1_119' title='bbox 801 1573 854 1629; x_wconf 91' lang='lat' dir='ltr'><strong>Si</strong></span> <span class='ocrx_word' id='word_1_120' title='bbox 885 1575 1003 1644; x_wconf 87' lang='lat' dir='ltr'><strong>quis</strong></span> <span class='ocrx_word' id='word_1_121' title='bbox 1045 1590 1172 1645; x_wconf 87' lang='lat' dir='ltr'><strong>ergo</strong></span> <span class='ocrx_word' id='word_1_122' title='bbox 1209 1591 1238 1628; x_wconf 90' lang='lat' dir='ltr'><strong>a</strong></span> <span class='ocrx_word' id='word_1_123' title='bbox 1269 1589 1604 1644; x_wconf 89' lang='lat' dir='ltr'><strong>quacumque</strong></span> <span class='ocrx_word' id='word_1_124' title='bbox 1651 1573 1846 1628; x_wconf 64' lang='lat' dir='ltr'><strong>barresi</strong></span> <span class='ocrx_word' id='word_1_125' title='bbox 1884 1572 2088 1628; x_wconf 78' lang='lat' dir='ltr'><strong>venerit</strong></span> <span class='ocrx_word' id='word_1_126' title='bbox 2128 1572 2195 1626; x_wconf 91' lang='lat' dir='ltr'><strong>ad</strong></span> 
     </span>
    </p>
   </div>
   <div class='ocr_carea' id='block_1_18' title="bbox 592 1664 2193 1738">
    <p class='ocr_par' dir='ltr' id='par_1_18' title="bbox 592 1664 2193 1738">
     <span class='ocr_line' id='line_1_18' title="bbox 592 1664 2193 1738; baseline -0.003 -17"><span class='ocrx_word' id='word_1_127' title='bbox 592 1683 709 1734; x_wconf 88' lang='lat' dir='ltr'><strong>nos,</strong></span> <span class='ocrx_word' id='word_1_128' title='bbox 749 1669 876 1722; x_wconf 88' lang='lat' dir='ltr'><strong>nihil</strong></span> <span class='ocrx_word' id='word_1_129' title='bbox 903 1670 1205 1734; x_wconf 90' lang='lat' dir='ltr'><strong>innovetur,</strong></span> <span class='ocrx_word' id='word_1_130' title='bbox 1234 1667 1334 1720; x_wconf 85' lang='lat' dir='ltr'><strong>nisi</strong></span> <span class='ocrx_word' id='word_1_131' title='bbox 1359 1665 1496 1738; x_wconf 94' lang='lat' dir='ltr'><strong>quod</strong></span> <span class='ocrx_word' id='word_1_132' title='bbox 1523 1664 1771 1718; x_wconf 90' lang='lat' dir='ltr'><strong>traditum</strong></span> <span class='ocrx_word' id='word_1_133' title='bbox 1800 1673 1900 1730; x_wconf 85' lang='lat' dir='ltr'><strong>est,</strong></span> <span class='ocrx_word' id='word_1_134' title='bbox 1935 1683 1951 1714; x_wconf 74' lang='grc' dir='ltr'><strong>ι</strong></span> <span class='ocrx_word' id='word_1_135' title='bbox 1989 1674 2193 1720; x_wconf 88' lang='lat' dir='ltr'><strong>tantum</strong></span> 
     </span>
    </p>
   </div>
   <div class='ocr_carea' id='block_1_19' title="bbox 2303 450 3912 525">
    <p class='ocr_par' dir='ltr' id='par_1_19' title="bbox 2303 450 3912 525">
     <span class='ocr_line' id='line_1_19' title="bbox 2303 450 3912 525; baseline -0.004 -16"><span class='ocrx_word' id='word_1_136' title='bbox 2303 456 2627 509; x_wconf 71' lang='lat' dir='ltr'><strong>ctilieatione</strong></span> <span class='ocrx_word' id='word_1_137' title='bbox 2663 453 2841 525; x_wconf 79' lang='lat' dir='ltr'><strong>(Cy-p.,</strong></span> <span class='ocrx_word' id='word_1_138' title='bbox 2883 454 3031 524; x_wconf 80' lang='lat' dir='ltr'><strong>epist.</strong></span> <span class='ocrx_word' id='word_1_139' title='bbox 3061 453 3279 524; x_wconf 76' lang='lat' dir='ltr'><strong>Lxxn&#39;)?</strong></span> <span class='ocrx_word' id='word_1_140' title='bbox 3332 473 3349 504; x_wconf 68' lang='grc' dir='ltr'><strong><em>ι</em></strong></span> <span class='ocrx_word' id='word_1_141' title='bbox 3383 452 3472 506; x_wconf 86' lang='lat' dir='ltr'><strong>Sic</strong></span> <span class='ocrx_word' id='word_1_142' title='bbox 3494 450 3912 506; x_wconf 87' lang='lat' dir='ltr'><strong>ratiocinabatur</strong></span> 
     </span>
    </p>
   </div>
   <div class='ocr_carea' id='block_1_20' title="bbox 2301 543 3911 619">
    <p class='ocr_par' dir='ltr' id='par_1_20' title="bbox 2301 543 3911 619">
     <span class='ocr_line' id='line_1_20' title="bbox 2301 543 3911 619; baseline -0.002 -17"><span class='ocrx_word' id='word_1_143' title='bbox 2301 547 2599 619; x_wconf 77' lang='lat' dir='ltr'><strong>Cyprianus</strong></span> <span class='ocrx_word' id='word_1_144' title='bbox 2625 547 2884 604; x_wconf 88' lang='lat' dir='ltr'><strong>adversus</strong></span> <span class='ocrx_word' id='word_1_145' title='bbox 2901 546 3257 616; x_wconf 86' lang='lat' dir='ltr'><strong>Stephanum,</strong></span> <span class='ocrx_word' id='word_1_146' title='bbox 3285 554 3478 615; x_wconf 83' lang='lat' dir='ltr'><strong>putans</strong></span> <span class='ocrx_word' id='word_1_147' title='bbox 3493 560 3614 600; x_wconf 90' lang='lat' dir='ltr'><strong>eum</strong></span> <span class='ocrx_word' id='word_1_148' title='bbox 3643 547 3715 598; x_wconf 91' lang='lat' dir='ltr'><strong>ita</strong></span> <span class='ocrx_word' id='word_1_149' title='bbox 3741 543 3911 598; x_wconf 76' lang='lat' dir='ltr'><strong>luere-</strong></span> 
     </span>
    </p>
   </div>
   <div class='ocr_carea' id='block_1_21' title="bbox 2305 641 3911 714">
    <p class='ocr_par' dir='ltr' id='par_1_21' title="bbox 2305 641 3911 714">
     <span class='ocr_line' id='line_1_21' title="bbox 2305 641 3911 714; baseline -0.001 -18"><span class='ocrx_word' id='word_1_150' title='bbox 2305 642 2528 700; x_wconf 84' lang='lat' dir='ltr'><strong>tleorum</strong></span> <span class='ocrx_word' id='word_1_151' title='bbox 2547 643 2874 714; x_wconf 84' lang='lat' dir='ltr'><strong>Baptismnm</strong></span> <span class='ocrx_word' id='word_1_152' title='bbox 2893 641 3198 705; x_wconf 70' lang='lat' dir='ltr'><strong>admittere,</strong></span> <span class='ocrx_word' id='word_1_153' title='bbox 3225 649 3281 694; x_wconf 92' lang='lat' dir='ltr'><strong>ut</strong></span> <span class='ocrx_word' id='word_1_154' title='bbox 3305 641 3701 710; x_wconf 82' lang='lat' dir='ltr'><strong>impositiOnem</strong></span> <span class='ocrx_word' id='word_1_155' title='bbox 3719 654 3911 694; x_wconf 90' lang='lat' dir='ltr'><strong>manus</strong></span> 
     </span>
    </p>
   </div>
   <div class='ocr_carea' id='block_1_22' title="bbox 2302 733 3906 806">
    <p class='ocr_par' dir='ltr' id='par_1_22' title="bbox 2302 733 3906 806">
     <span class='ocr_line' id='line_1_22' title="bbox 2302 733 3906 806; baseline -0.001 -18"><span class='ocrx_word' id='word_1_156' title='bbox 2302 736 2368 788; x_wconf 89' lang='lat' dir='ltr'><strong>ad</strong></span> <span class='ocrx_word' id='word_1_157' title='bbox 2393 735 2761 806; x_wconf 77' lang='lat' dir='ltr'><strong>accipiendum</strong></span> <span class='ocrx_word' id='word_1_158' title='bbox 2791 735 3052 803; x_wconf 76' lang='lat' dir='ltr'><strong>Spiritum</strong></span> <span class='ocrx_word' id='word_1_159' title='bbox 3083 745 3330 789; x_wconf 87' lang='lat' dir='ltr'><strong>sanctqu</strong></span> <span class='ocrx_word' id='word_1_160' title='bbox 3375 733 3443 789; x_wconf 92' lang='lat' dir='ltr'><strong>ab</strong></span> <span class='ocrx_word' id='word_1_161' title='bbox 3472 734 3551 790; x_wconf 88' lang='lat' dir='ltr'><strong>eis</strong></span> <span class='ocrx_word' id='word_1_162' title='bbox 3582 745 3906 804; x_wconf 85' lang='lat' dir='ltr'><strong>susceptam,</strong></span> 
     </span>
    </p>
   </div>
   <div class='ocr_carea' id='block_1_23' title="bbox 2304 829 3907 894">
    <p class='ocr_par' dir='ltr' id='par_1_23' title="bbox 2304 829 3907 894">
     <span class='ocr_line' id='line_1_23' title="bbox 2304 829 3907 894; baseline 0.001 -12"><span class='ocrx_word' id='word_1_163' title='bbox 2304 829 2406 886; x_wconf 88' lang='lat' dir='ltr'><strong>hoc</strong></span> <span class='ocrx_word' id='word_1_164' title='bbox 2442 839 2524 888; x_wconf 83' lang='lat' dir='ltr'><strong>est</strong></span> <span class='ocrx_word' id='word_1_165' title='bbox 2553 830 2986 888; x_wconf 70' lang='lat' dir='ltr'><strong>Conlirntationis</strong></span> <span class='ocrx_word' id='word_1_166' title='bbox 3014 838 3412 890; x_wconf 80' lang='lat' dir='ltr'><strong>sacramentum</strong></span> <span class='ocrx_word' id='word_1_167' title='bbox 3444 830 3525 887; x_wconf 78' lang='lat' dir='ltr'><strong>eis</strong></span> <span class='ocrx_word' id='word_1_168' title='bbox 3556 829 3907 894; x_wconf 75' lang='lat' dir='ltr'><strong>collocantur,</strong></span> 
     </span>
    </p>
   </div>
   <div class='ocr_carea' id='block_1_24' title="bbox 2303 921 3907 992">
    <p class='ocr_par' dir='ltr' id='par_1_24' title="bbox 2303 921 3907 992">
     <span class='ocr_line' id='line_1_24' title="bbox 2303 921 3907 992; baseline 0.001 -17"><span class='ocrx_word' id='word_1_169' title='bbox 2303 933 2583 990; x_wconf 76' lang='lat' dir='ltr'><strong>reSpueret</strong></span> <span class='ocrx_word' id='word_1_170' title='bbox 2609 965 2622 988; x_wconf 98' lang='lat'><strong>,</strong></span> <span class='ocrx_word' id='word_1_171' title='bbox 2656 933 2815 992; x_wconf 91' lang='lat' dir='ltr'><strong>atque</strong></span> <span class='ocrx_word' id='word_1_172' title='bbox 2848 924 3088 978; x_wconf 89' lang='lat' dir='ltr'><strong>innovari</strong></span> <span class='ocrx_word' id='word_1_173' title='bbox 3117 931 3172 977; x_wconf 89' lang='lat' dir='ltr'><strong>et</strong></span> <span class='ocrx_word' id='word_1_174' title='bbox 3199 921 3380 978; x_wconf 88' lang='lat' dir='ltr'><strong>iterari</strong></span> <span class='ocrx_word' id='word_1_175' title='bbox 3412 923 3766 992; x_wconf 84' lang='lat' dir='ltr'><strong>permitteret.</strong></span> <span class='ocrx_word' id='word_1_176' title='bbox 3791 922 3907 989; x_wconf 85' lang='lat' dir='ltr'><strong>Qua</strong></span> 
     </span>
    </p>
   </div>
   <div class='ocr_carea' id='block_1_25' title="bbox 2303 1012 3905 1079">
    <p class='ocr_par' dir='ltr' id='par_1_25' title="bbox 2303 1012 3905 1079">
     <span class='ocr_line' id='line_1_25' title="bbox 2303 1012 3905 1079; baseline 0 -13"><span class='ocrx_word' id='word_1_177' title='bbox 2303 1012 2355 1067; x_wconf 93' lang='lat' dir='ltr'><strong>in</strong></span> <span class='ocrx_word' id='word_1_178' title='bbox 2381 1029 2437 1074; x_wconf 85' lang='lat' dir='ltr'><strong>re</strong></span> <span class='ocrx_word' id='word_1_179' title='bbox 2463 1029 2532 1073; x_wconf 87' lang='lat' dir='ltr'><strong>an</strong></span> <span class='ocrx_word' id='word_1_180' title='bbox 2561 1012 2774 1074; x_wconf 71' lang='lat' dir='ltr'><strong>fallatur</strong></span> <span class='ocrx_word' id='word_1_181' title='bbox 2795 1029 2987 1079; x_wconf 84' lang='lat' dir='ltr'><strong>necne,</strong></span> <span class='ocrx_word' id='word_1_182' title='bbox 3018 1015 3241 1068; x_wconf 78' lang='lat' dir='ltr'><strong>inferius</strong></span> <span class='ocrx_word' id='word_1_183' title='bbox 3268 1014 3635 1076; x_wconf 80' lang='lat' dir='ltr'><strong>excutiemus;</strong></span> <span class='ocrx_word' id='word_1_184' title='bbox 3665 1012 3756 1068; x_wconf 90' lang='lat' dir='ltr'><strong>sed</strong></span> <span class='ocrx_word' id='word_1_185' title='bbox 3776 1012 3905 1066; x_wconf 86' lang='lat' dir='ltr'><strong>hinc</strong></span> 
     </span>
    </p>
   </div>
   <div class='ocr_carea' id='block_1_26' title="bbox 2305 1106 3896 1178">
    <p class='ocr_par' dir='ltr' id='par_1_26' title="bbox 2305 1106 3896 1178">
     <span class='ocr_line' id='line_1_26' title="bbox 2305 1106 3896 1178; baseline 0 -19"><span class='ocrx_word' id='word_1_186' title='bbox 2305 1107 2506 1160; x_wconf 85' lang='lat' dir='ltr'><strong>nemini</strong></span> <span class='ocrx_word' id='word_1_187' title='bbox 2537 1107 2755 1160; x_wconf 90' lang='lat' dir='ltr'><strong>dubium</strong></span> <span class='ocrx_word' id='word_1_188' title='bbox 2809 1109 3150 1178; x_wconf 88' lang='lat' dir='ltr'><strong>relinquitur,</strong></span> <span class='ocrx_word' id='word_1_189' title='bbox 3205 1107 3333 1177; x_wconf 91' lang='lat' dir='ltr'><strong>quin</strong></span> <span class='ocrx_word' id='word_1_190' title='bbox 3358 1122 3548 1162; x_wconf 88' lang='lat' dir='ltr'><strong>eorum</strong></span> <span class='ocrx_word' id='word_1_191' title='bbox 3594 1106 3896 1174; x_wconf 77' lang='lat' dir='ltr'><strong>dumtaxat,</strong></span> 
     </span>
    </p>
   </div>
   <div class='ocr_carea' id='block_1_27' title="bbox 2302 1201 3908 1273">
    <p class='ocr_par' dir='ltr' id='par_1_27' title="bbox 2302 1201 3908 1273">
     <span class='ocr_line' id='line_1_27' title="bbox 2302 1201 3908 1273; baseline 0.003 -19"><span class='ocrx_word' id='word_1_192' title='bbox 2302 1201 2391 1271; x_wconf 91' lang='lat' dir='ltr'><strong>qui</strong></span> <span class='ocrx_word' id='word_1_193' title='bbox 2424 1202 2477 1255; x_wconf 94' lang='lat' dir='ltr'><strong>in</strong></span> <span class='ocrx_word' id='word_1_194' title='bbox 2504 1203 2723 1257; x_wconf 88' lang='lat' dir='ltr'><strong>nomine</strong></span> <span class='ocrx_word' id='word_1_195' title='bbox 2749 1201 2874 1256; x_wconf 85' lang='lat' dir='ltr'><strong>Jcsu</strong></span> <span class='ocrx_word' id='word_1_196' title='bbox 2907 1203 3102 1257; x_wconf 78' lang='lat' dir='ltr'><strong>Christi</strong></span> <span class='ocrx_word' id='word_1_197' title='bbox 3133 1203 3492 1272; x_wconf 88' lang='lat' dir='ltr'><strong>baptizantur,</strong></span> <span class='ocrx_word' id='word_1_198' title='bbox 3523 1205 3847 1273; x_wconf 90' lang='lat' dir='ltr'><strong>Baptismum</strong></span> <span class='ocrx_word' id='word_1_199' title='bbox 3876 1220 3908 1259; x_wconf 85' lang='lat' dir='ltr'><strong>a</strong></span> 
     </span>
    </p>
   </div>
   <div class='ocr_carea' id='block_1_28' title="bbox 2304 1292 3912 1369">
    <p class='ocr_par' dir='ltr' id='par_1_28' title="bbox 2304 1292 3912 1369">
     <span class='ocr_line' id='line_1_28' title="bbox 2304 1292 3912 1369; baseline 0.002 -21"><span class='ocrx_word' id='word_1_200' title='bbox 2304 1292 2581 1364; x_wconf 84' lang='lat' dir='ltr'><strong>Stephano</strong></span> <span class='ocrx_word' id='word_1_201' title='bbox 2614 1295 2779 1363; x_wconf 91' lang='lat' dir='ltr'><strong>recipi</strong></span> <span class='ocrx_word' id='word_1_202' title='bbox 2811 1295 2968 1369; x_wconf 88' lang='lat' dir='ltr'><strong>plane</strong></span> <span class='ocrx_word' id='word_1_203' title='bbox 2997 1306 3256 1368; x_wconf 73' lang='lat' dir='ltr'><strong>agnoscat</strong></span> <span class='ocrx_word' id='word_1_204' title='bbox 3297 1296 3436 1350; x_wconf 90' lang='lat' dir='ltr'><strong>idem</strong></span> <span class='ocrx_word' id='word_1_205' title='bbox 3480 1297 3678 1367; x_wconf 64' lang='lat' dir='ltr'><strong>praesul</strong></span> <span class='ocrx_word' id='word_1_206' title='bbox 3719 1313 3781 1352; x_wconf 87' lang='lat' dir='ltr'><strong>ac</strong></span> <span class='ocrx_word' id='word_1_207' title='bbox 3813 1314 3912 1367; x_wconf 87' lang='lat' dir='ltr'><strong>pro</strong></span> 
     </span>
    </p>
   </div>
   <div class='ocr_carea' id='block_1_29' title="bbox 2301 1386 3912 1460">
    <p class='ocr_par' dir='ltr' id='par_1_29' title="bbox 2301 1386 3912 1460">
     <span class='ocr_line' id='line_1_29' title="bbox 2301 1386 3912 1460; baseline 0.002 -18"><span class='ocrx_word' id='word_1_208' title='bbox 2301 1397 2450 1443; x_wconf 89' lang='lat' dir='ltr'><strong>certo</strong></span> <span class='ocrx_word' id='word_1_209' title='bbox 2482 1386 2695 1442; x_wconf 87' lang='lat' dir='ltr'><strong>habeat.</strong></span> <span class='ocrx_word' id='word_1_210' title='bbox 2725 1387 2834 1443; x_wconf 85' lang='lat' dir='ltr'><strong>Nec</strong></span> <span class='ocrx_word' id='word_1_211' title='bbox 2864 1404 3081 1443; x_wconf 86' lang='lat' dir='ltr'><strong>movere</strong></span> <span class='ocrx_word' id='word_1_212' title='bbox 3107 1406 3429 1460; x_wconf 91' lang='lat' dir='ltr'><strong>quemquam</strong></span> <span class='ocrx_word' id='word_1_213' title='bbox 3461 1390 3621 1445; x_wconf 86' lang='lat' dir='ltr'><strong>debet</strong></span> <span class='ocrx_word' id='word_1_214' title='bbox 3649 1391 3700 1444; x_wconf 91' lang='lat' dir='ltr'><strong>in</strong></span> <span class='ocrx_word' id='word_1_215' title='bbox 3733 1391 3912 1446; x_wconf 86' lang='lat' dir='ltr'><strong>allatis</strong></span> 
     </span>
    </p>
   </div>
   <div class='ocr_carea' id='block_1_30' title="bbox 2301 1479 3911 1552">
    <p class='ocr_par' dir='ltr' id='par_1_30' title="bbox 2301 1479 3911 1552">
     <span class='ocr_line' id='line_1_30' title="bbox 2301 1479 3911 1552; baseline 0.002 -18"><span class='ocrx_word' id='word_1_216' title='bbox 2301 1479 2556 1552; x_wconf 79' lang='lat' dir='ltr'><strong>Cypriani</strong></span> <span class='ocrx_word' id='word_1_217' title='bbox 2585 1481 2894 1550; x_wconf 57' lang='lat' dir='ltr'><strong>verbisjvox</strong></span> <span class='ocrx_word' id='word_1_218' title='bbox 2923 1481 3395 1552; x_wconf 86' lang='lat' dir='ltr'><strong>quomodocumque</strong></span> <span class='ocrx_word' id='word_1_219' title='bbox 3421 1497 3578 1536; x_wconf 89' lang='lat' dir='ltr'><strong>:cum</strong></span> <span class='ocrx_word' id='word_1_220' title='bbox 3612 1483 3680 1536; x_wconf 91' lang='lat' dir='ltr'><strong>ab</strong></span> <span class='ocrx_word' id='word_1_221' title='bbox 3713 1481 3805 1538; x_wconf 92' lang='lat' dir='ltr'><strong>illo</strong></span> <span class='ocrx_word' id='word_1_222' title='bbox 3842 1482 3911 1537; x_wconf 88' lang='lat' dir='ltr'><strong>ad</strong></span> 
     </span>
    </p>
   </div>
   <div class='ocr_carea' id='block_1_31' title="bbox 2300 1574 3914 1650">
    <p class='ocr_par' dir='ltr' id='par_1_31' title="bbox 2300 1574 3914 1650">
     <span class='ocr_line' id='line_1_31' title="bbox 2300 1574 3914 1650; baseline 0.006 -24"><span class='ocrx_word' id='word_1_223' title='bbox 2300 1574 2560 1644; x_wconf 87' lang='lat' dir='ltr'><strong>majorem</strong></span> <span class='ocrx_word' id='word_1_224' title='bbox 2593 1574 3012 1644; x_wconf 75' lang='lat' dir='ltr'><strong>expliCaIionem</strong></span> <span class='ocrx_word' id='word_1_225' title='bbox 3042 1576 3288 1630; x_wconf 88' lang='lat' dir='ltr'><strong>vocabuli</strong></span> <span class='ocrx_word' id='word_1_226' title='bbox 3319 1576 3620 1649; x_wconf 81' lang='lat' dir='ltr'><strong>ubicumque</strong></span> <span class='ocrx_word' id='word_1_227' title='bbox 3641 1578 3914 1650; x_wconf 85' lang='lat' dir='ltr'><strong>adjectam</strong></span> 
     </span>
    </p>
   </div>
   <div class='ocr_carea' id='block_1_32' title="bbox 2303 1672 3908 1745">
    <p class='ocr_par' dir='ltr' id='par_1_32' title="bbox 2303 1672 3908 1745">
     <span class='ocr_line' id='line_1_32' title="bbox 2303 1672 3908 1745; baseline 0.003 -21"><span class='ocrx_word' id='word_1_228' title='bbox 2303 1685 2424 1724; x_wconf 87' lang='lat' dir='ltr'><strong>esse</strong></span> <span class='ocrx_word' id='word_1_229' title='bbox 2449 1713 2462 1736; x_wconf 94' lang='lat'><strong>,</strong></span> <span class='ocrx_word' id='word_1_230' title='bbox 2511 1686 2573 1724; x_wconf 90' lang='lat' dir='ltr'><strong>ac</strong></span> <span class='ocrx_word' id='word_1_231' title='bbox 2610 1686 2708 1742; x_wconf 91' lang='lat' dir='ltr'><strong>pro</strong></span> <span class='ocrx_word' id='word_1_232' title='bbox 2755 1672 2945 1740; x_wconf 90' lang='lat' dir='ltr'><strong>quovis</strong></span> <span class='ocrx_word' id='word_1_233' title='bbox 2991 1672 3238 1727; x_wconf 89' lang='lat' dir='ltr'><strong>ministro</strong></span> <span class='ocrx_word' id='word_1_234' title='bbox 3263 1713 3278 1740; x_wconf 95' lang='lat'><strong>,</strong></span> <span class='ocrx_word' id='word_1_235' title='bbox 3311 1672 3399 1745; x_wconf 90' lang='lat' dir='ltr'><strong>qni</strong></span> <span class='ocrx_word' id='word_1_236' title='bbox 3433 1673 3484 1726; x_wconf 93' lang='lat' dir='ltr'><strong>in</strong></span> <span class='ocrx_word' id='word_1_237' title='bbox 3514 1674 3731 1730; x_wconf 88' lang='lat' dir='ltr'><strong>nomine</strong></span> <span class='ocrx_word' id='word_1_238' title='bbox 3776 1673 3908 1729; x_wconf 82' lang='lat' dir='ltr'><strong>Jesu</strong></span> 
     </span>
    </p>
   </div>
   <div class='ocr_carea' id='block_1_33' title="bbox 590 1756 3912 1844">
    <p class='ocr_par' dir='ltr' id='par_1_33' title="bbox 590 1756 3912 1844">
     <span class='ocr_line' id='line_1_33' title="bbox 590 1756 3912 1844; baseline 0.002 -30"><span class='ocrx_word' id='word_1_239' title='bbox 590 1763 888 1832; x_wconf 80' lang='lat' dir='ltr'><strong>Oppositam</strong></span> <span class='ocrx_word' id='word_1_240' title='bbox 913 1760 1153 1829; x_wconf 79' lang='lat' dir='ltr'><strong>proferre</strong></span> <span class='ocrx_word' id='word_1_241' title='bbox 1194 1759 1362 1812; x_wconf 89' lang='lat' dir='ltr'><strong>voluit</strong></span> <span class='ocrx_word' id='word_1_242' title='bbox 1387 1758 1706 1813; x_wconf 91' lang='lat' dir='ltr'><strong>sententiam</strong></span> <span class='ocrx_word' id='word_1_243' title='bbox 1736 1767 1933 1810; x_wconf 91' lang='lat' dir='ltr'><strong>statuto</strong></span> <span class='ocrx_word' id='word_1_244' title='bbox 1956 1756 2196 1814; x_wconf 74' lang='lat' dir='ltr'><strong>Africani</strong></span> <span class='ocrx_word' id='word_1_245' title='bbox 2225 1771 2274 1832; x_wconf 79' lang='grc' dir='ltr'><strong>Β</strong></span> <span class='ocrx_word' id='word_1_246' title='bbox 2301 1763 2502 1818; x_wconf 78' lang='lat' dir='ltr'><strong>Christi</strong></span> <span class='ocrx_word' id='word_1_247' title='bbox 2543 1763 2809 1844; x_wconf 54' lang='lat' dir='ltr'><strong>baptizct,</strong></span> <span class='ocrx_word' id='word_1_248' title='bbox 2856 1781 2959 1819; x_wconf 91' lang='lat' dir='ltr'><strong>non</strong></span> <span class='ocrx_word' id='word_1_249' title='bbox 3012 1781 3106 1835; x_wconf 90' lang='lat' dir='ltr'><strong>pro</strong></span> <span class='ocrx_word' id='word_1_250' title='bbox 3137 1765 3377 1836; x_wconf 90' lang='lat' dir='ltr'><strong>qualibet</strong></span> <span class='ocrx_word' id='word_1_251' title='bbox 3410 1765 3578 1819; x_wconf 84' lang='lat' dir='ltr'><strong>forma</strong></span> <span class='ocrx_word' id='word_1_252' title='bbox 3631 1777 3912 1836; x_wconf 87' lang='lat' dir='ltr'><strong>acceptam</strong></span> 
     </span>
    </p>
   </div>
   <div class='ocr_carea' id='block_1_34' title="bbox 589 1849 2190 1924">
    <p class='ocr_par' dir='ltr' id='par_1_34' title="bbox 589 1849 2190 1924">
     <span class='ocr_line' id='line_1_34' title="bbox 589 1849 2190 1924; baseline -0.002 -17"><span class='ocrx_word' id='word_1_253' title='bbox 589 1857 830 1921; x_wconf 89' lang='lat' dir='ltr'><strong>concilii,</strong></span> <span class='ocrx_word' id='word_1_254' title='bbox 861 1855 926 1910; x_wconf 86' lang='lat' dir='ltr'><strong>de</strong></span> <span class='ocrx_word' id='word_1_255' title='bbox 953 1871 1017 1908; x_wconf 94' lang='lat' dir='ltr'><strong>eo</strong></span> <span class='ocrx_word' id='word_1_256' title='bbox 1042 1854 1130 1924; x_wconf 88' lang='lat' dir='ltr'><strong>qui</strong></span> <span class='ocrx_word' id='word_1_257' title='bbox 1159 1853 1226 1905; x_wconf 89' lang='lat' dir='ltr'><strong>ab</strong></span> <span class='ocrx_word' id='word_1_258' title='bbox 1250 1853 1439 1912; x_wconf 68' lang='lat' dir='ltr'><strong>litercsi</strong></span> <span class='ocrx_word' id='word_1_259' title='bbox 1465 1851 1608 1906; x_wconf 86' lang='lat' dir='ltr'><strong>venit</strong></span> <span class='ocrx_word' id='word_1_260' title='bbox 1628 1850 1968 1906; x_wconf 87' lang='lat' dir='ltr'><strong>decernentis</strong></span> <span class='ocrx_word' id='word_1_261' title='bbox 1994 1869 2004 1903; x_wconf 91' lang='lat'>:</span> <span class='ocrx_word' id='word_1_262' title='bbox 2037 1869 2056 1902; x_wconf 83' lang='grc'><strong>‹</strong></span> <span class='ocrx_word' id='word_1_263' title='bbox 2093 1849 2190 1904; x_wconf 87' lang='lat' dir='ltr'><strong>Ba-</strong></span> 
     </span>
    </p>
   </div>
   <div class='ocr_carea' id='block_1_35' title="bbox 590 1943 2192 2019">
    <p class='ocr_par' dir='ltr' id='par_1_35' title="bbox 590 1943 2192 2019">
     <span class='ocr_line' id='line_1_35' title="bbox 590 1943 2192 2019; baseline -0.002 -17"><span class='ocrx_word' id='word_1_264' title='bbox 590 1948 869 2019; x_wconf 86' lang='lat' dir='ltr'><strong>ptizandus</strong></span> <span class='ocrx_word' id='word_1_265' title='bbox 896 1959 978 2002; x_wconf 84' lang='lat' dir='ltr'><strong>est</strong></span> <span class='ocrx_word' id='word_1_266' title='bbox 1005 1956 1058 2002; x_wconf 90' lang='lat' dir='ltr'><strong>et</strong></span> <span class='ocrx_word' id='word_1_267' title='bbox 1088 1946 1420 2002; x_wconf 86' lang='lat' dir='ltr'><strong>innovandos</strong></span> <span class='ocrx_word' id='word_1_268' title='bbox 1452 1945 1541 2016; x_wconf 91' lang='lat' dir='ltr'><strong>qui</strong></span> <span class='ocrx_word' id='word_1_269' title='bbox 1588 1946 1652 2000; x_wconf 91' lang='lat' dir='ltr'><strong>ad</strong></span> <span class='ocrx_word' id='word_1_270' title='bbox 1694 1943 1993 1999; x_wconf 87' lang='lat' dir='ltr'><strong>Ecclesiatn</strong></span> <span class='ocrx_word' id='word_1_271' title='bbox 2043 1943 2192 1998; x_wconf 89' lang='lat' dir='ltr'><strong>rudis</strong></span> 
     </span>
    </p>
   </div>
   <div class='ocr_carea' id='block_1_36' title="bbox 589 2033 2188 2114">
    <p class='ocr_par' dir='ltr' id='par_1_36' title="bbox 589 2033 2188 2114">
     <span class='ocr_line' id='line_1_36' title="bbox 589 2033 2188 2114; baseline -0.003 -18"><span class='ocrx_word' id='word_1_272' title='bbox 589 2034 754 2108; x_wconf 77' lang='lat' dir='ltr'><strong>venit,</strong></span> <span class='ocrx_word' id='word_1_273' title='bbox 779 2054 835 2095; x_wconf 83' lang='grc' dir='ltr'>ιιι</span> <span class='ocrx_word' id='word_1_274' title='bbox 859 2042 1001 2095; x_wconf 88' lang='lat' dir='ltr'><strong>intus</strong></span> <span class='ocrx_word' id='word_1_275' title='bbox 1032 2057 1126 2114; x_wconf 79' lang='lat' dir='ltr'><strong>per</strong></span> <span class='ocrx_word' id='word_1_276' title='bbox 1168 2052 1385 2095; x_wconf 85' lang='lat' dir='ltr'><strong>sanctos</strong></span> <span class='ocrx_word' id='word_1_277' title='bbox 1407 2039 1772 2094; x_wconf 75' lang='lat' dir='ltr'><strong>sattctil‘tcetur</strong></span> <span class='ocrx_word' id='word_1_278' title='bbox 1801 2037 1980 2110; x_wconf 84' lang='lat' dir='ltr'><strong>(Cypr.</strong></span> <span class='ocrx_word' id='word_1_279' title='bbox 2017 2033 2188 2106; x_wconf 81' lang='lat' dir='ltr'><strong>Epist.</strong></span> 
     </span>
    </p>
   </div>
   <div class='ocr_carea' id='block_1_37' title="bbox 587 2133 2188 2213">
    <p class='ocr_par' dir='ltr' id='par_1_37' title="bbox 587 2133 2188 2213">
     <span class='ocr_line' id='line_1_37' title="bbox 587 2133 2188 2213; baseline -0.004 -18"><span class='ocrx_word' id='word_1_280' title='bbox 587 2138 750 2213; x_wconf 72' lang='lat' dir='ltr'><strong>Lxx).</strong></span> <span class='ocrx_word' id='word_1_281' title='bbox 794 2159 811 2192; x_wconf 77' lang='grc' dir='ltr'>ι</span> <span class='ocrx_word' id='word_1_282' title='bbox 844 2137 957 2192; x_wconf 86' lang='lat' dir='ltr'><strong>Hoc</strong></span> <span class='ocrx_word' id='word_1_283' title='bbox 991 2139 1150 2212; x_wconf 81' lang='lat' dir='ltr'><strong>igitur</strong></span> <span class='ocrx_word' id='word_1_284' title='bbox 1198 2138 1296 2192; x_wconf 88' lang='lat' dir='ltr'><strong>sibi</strong></span> <span class='ocrx_word' id='word_1_285' title='bbox 1339 2139 1452 2191; x_wconf 85' lang='lat' dir='ltr'><strong>vult</strong></span> <span class='ocrx_word' id='word_1_286' title='bbox 1484 2156 1495 2190; x_wconf 93' lang='lat'><strong>:</strong></span> <span class='ocrx_word' id='word_1_287' title='bbox 1523 2135 1668 2190; x_wconf 85' lang='lat' dir='ltr'><strong>Nihil</strong></span> <span class='ocrx_word' id='word_1_288' title='bbox 1711 2136 1998 2190; x_wconf 84' lang='lat' dir='ltr'><strong>innovctur</strong></span> <span class='ocrx_word' id='word_1_289' title='bbox 2048 2133 2188 2188; x_wconf 85' lang='lat' dir='ltr'><strong>circa</strong></span> 
     </span>
    </p>
   </div>
   <div class='ocr_carea' id='block_1_38' title="bbox 586 2213 2191 2302">
    <p class='ocr_par' dir='ltr' id='par_1_38' title="bbox 586 2213 2191 2302">
     <span class='ocr_line' id='line_1_38' title="bbox 586 2213 2191 2302; baseline -0.004 -16"><span class='ocrx_word' id='word_1_290' title='bbox 586 2234 908 2302; x_wconf 74' lang='lat' dir='ltr'><strong>baptismum</strong></span> <span class='ocrx_word' id='word_1_291' title='bbox 941 2213 1057 2302; x_wconf 82' lang='lat' dir='ltr'><strong>ejus</strong></span> <span class='ocrx_word' id='word_1_292' title='bbox 1092 2233 1178 2301; x_wconf 90' lang='lat' dir='ltr'><strong>qui</strong></span> <span class='ocrx_word' id='word_1_293' title='bbox 1229 2232 1305 2286; x_wconf 78' lang='lat' dir='ltr'><strong>sic</strong></span> <span class='ocrx_word' id='word_1_294' title='bbox 1344 2232 1527 2294; x_wconf 90' lang='lat' dir='ltr'><strong>venit,</strong></span> <span class='ocrx_word' id='word_1_295' title='bbox 1557 2230 1650 2284; x_wconf 92' lang='lat' dir='ltr'><strong>sed</strong></span> <span class='ocrx_word' id='word_1_296' title='bbox 1695 2237 1898 2284; x_wconf 91' lang='lat' dir='ltr'><strong>tantum</strong></span> <span class='ocrx_word' id='word_1_297' title='bbox 1947 2237 2191 2283; x_wconf 90' lang='lat' dir='ltr'><strong>servetur</strong></span> 
     </span>
    </p>
   </div>
   <div class='ocr_carea' id='block_1_39' title="bbox 584 2319 2189 2400">
    <p class='ocr_par' dir='ltr' id='par_1_39' title="bbox 584 2319 2189 2400">
     <span class='ocr_line' id='line_1_39' title="bbox 584 2319 2189 2400; baseline -0.005 -19"><span class='ocrx_word' id='word_1_298' title='bbox 584 2327 723 2400; x_wconf 88' lang='lat' dir='ltr'><strong>quod</strong></span> <span class='ocrx_word' id='word_1_299' title='bbox 764 2327 1015 2382; x_wconf 90' lang='lat' dir='ltr'><strong>traditum</strong></span> <span class='ocrx_word' id='word_1_300' title='bbox 1049 2334 1156 2389; x_wconf 91' lang='lat' dir='ltr'><strong>est;</strong></span> <span class='ocrx_word' id='word_1_301' title='bbox 1193 2341 1285 2380; x_wconf 89' lang='lat' dir='ltr'><strong>seu</strong></span> <span class='ocrx_word' id='word_1_302' title='bbox 1307 2366 1322 2388; x_wconf 90' lang='lat'><strong>,</strong></span> <span class='ocrx_word' id='word_1_303' title='bbox 1355 2323 1485 2378; x_wconf 91' lang='lat' dir='ltr'><strong>nihil</strong></span> <span class='ocrx_word' id='word_1_304' title='bbox 1519 2323 1564 2377; x_wconf 93' lang='lat' dir='ltr'><strong>ei</strong></span> <span class='ocrx_word' id='word_1_305' title='bbox 1595 2322 1662 2377; x_wconf 89' lang='lat' dir='ltr'><strong>de</strong></span> <span class='ocrx_word' id='word_1_306' title='bbox 1704 2338 1844 2378; x_wconf 89' lang='lat' dir='ltr'><strong>novo</strong></span> <span class='ocrx_word' id='word_1_307' title='bbox 1874 2322 2052 2388; x_wconf 88' lang='lat' dir='ltr'><strong>detur,</strong></span> <span class='ocrx_word' id='word_1_308' title='bbox 2087 2319 2189 2375; x_wconf 91' lang='lat' dir='ltr'><strong>nisi</strong></span> 
     </span>
    </p>
   </div>
   <div class='ocr_carea' id='block_1_40' title="bbox 582 2412 2190 2492">
    <p class='ocr_par' dir='ltr' id='par_1_40' title="bbox 582 2412 2190 2492">
     <span class='ocr_line' id='line_1_40' title="bbox 582 2412 2190 2492; baseline -0.006 -17"><span class='ocrx_word' id='word_1_309' title='bbox 582 2421 723 2491; x_wconf 91' lang='lat' dir='ltr'><strong>quod</strong></span> <span class='ocrx_word' id='word_1_310' title='bbox 752 2421 997 2476; x_wconf 84' lang='lat' dir='ltr'><strong>traditum</strong></span> <span class='ocrx_word' id='word_1_311' title='bbox 1026 2429 1108 2474; x_wconf 90' lang='lat' dir='ltr'><strong>est</strong></span> <span class='ocrx_word' id='word_1_312' title='bbox 1137 2434 1262 2489; x_wconf 86' lang='lat' dir='ltr'><strong>erga</strong></span> <span class='ocrx_word' id='word_1_313' title='bbox 1291 2434 1411 2471; x_wconf 88' lang='lat' dir='ltr'><strong>eum</strong></span> <span class='ocrx_word' id='word_1_314' title='bbox 1440 2415 1801 2492; x_wconf 70' lang='lat' dir='ltr'><strong>prmstaudum</strong></span> <span class='ocrx_word' id='word_1_315' title='bbox 1828 2431 1968 2482; x_wconf 89' lang='lat' dir='ltr'><strong>esse,</strong></span> <span class='ocrx_word' id='word_1_316' title='bbox 2003 2424 2060 2468; x_wconf 92' lang='lat' dir='ltr'><strong>ut</strong></span> <span class='ocrx_word' id='word_1_317' title='bbox 2085 2412 2190 2467; x_wconf 89' lang='lat' dir='ltr'><strong>sci-</strong></span> 
     </span>
    </p>
   </div>
   <div class='ocr_carea' id='block_1_41' title="bbox 583 2506 2184 2580">
    <p class='ocr_par' dir='ltr' id='par_1_41' title="bbox 583 2506 2184 2580">
     <span class='ocr_line' id='line_1_41' title="bbox 583 2506 2184 2580; baseline -0.004 -14"><span class='ocrx_word' id='word_1_318' title='bbox 583 2513 705 2567; x_wconf 82' lang='lat' dir='ltr'><strong>licet</strong></span> <span class='ocrx_word' id='word_1_319' title='bbox 736 2528 925 2567; x_wconf 90' lang='lat' dir='ltr'><strong>mauus</strong></span> <span class='ocrx_word' id='word_1_320' title='bbox 947 2513 994 2568; x_wconf 91' lang='lat' dir='ltr'><strong>ei</strong></span> <span class='ocrx_word' id='word_1_321' title='bbox 1026 2513 1328 2580; x_wconf 85' lang='lat' dir='ltr'><strong>imponatur</strong></span> <span class='ocrx_word' id='word_1_322' title='bbox 1357 2511 1406 2564; x_wconf 91' lang='lat' dir='ltr'><strong>in</strong></span> <span class='ocrx_word' id='word_1_323' title='bbox 1433 2509 1825 2580; x_wconf 74' lang='lat' dir='ltr'><strong>pteniteutiam.</strong></span> <span class='ocrx_word' id='word_1_324' title='bbox 1860 2506 1986 2564; x_wconf 85' lang='lat' dir='ltr'><strong>Ideo</strong></span> <span class='ocrx_word' id='word_1_325' title='bbox 2008 2517 2184 2562; x_wconf 89' lang='lat' dir='ltr'><strong>autem</strong></span> 
     </span>
    </p>
   </div>
   <div class='ocr_carea' id='block_1_42' title="bbox 583 2601 2182 2676">
    <p class='ocr_par' dir='ltr' id='par_1_42' title="bbox 583 2601 2182 2676">
     <span class='ocr_line' id='line_1_42' title="bbox 583 2601 2182 2676; baseline -0.005 -16"><span class='ocrx_word' id='word_1_326' title='bbox 583 2606 911 2676; x_wconf 83' lang='lat' dir='ltr'><strong>Baptismum</strong></span> <span class='ocrx_word' id='word_1_327' title='bbox 947 2605 1159 2659; x_wconf 84' lang='lat' dir='ltr'><strong>nolebat</strong></span> <span class='ocrx_word' id='word_1_328' title='bbox 1195 2603 1468 2667; x_wconf 90' lang='lat' dir='ltr'><strong>innovari,</strong></span> <span class='ocrx_word' id='word_1_329' title='bbox 1505 2603 1624 2676; x_wconf 87' lang='lat' dir='ltr'><strong>quia</strong></span> <span class='ocrx_word' id='word_1_330' title='bbox 1657 2601 1758 2656; x_wconf 88' lang='lat' dir='ltr'><strong>hoc</strong></span> <span class='ocrx_word' id='word_1_331' title='bbox 1785 2611 2182 2656; x_wconf 88' lang='lat' dir='ltr'><strong>sacramentum</strong></span> 
     </span>
    </p>
   </div>
   <div class='ocr_carea' id='block_1_43' title="bbox 588 2693 2185 2774">
    <p class='ocr_par' dir='ltr' id='par_1_43' title="bbox 588 2693 2185 2774">
     <span class='ocr_line' id='line_1_43' title="bbox 588 2693 2185 2774; baseline -0.003 -22"><span class='ocrx_word' id='word_1_332' title='bbox 588 2715 692 2753; x_wconf 86' lang='lat' dir='ltr'><strong>non</strong></span> <span class='ocrx_word' id='word_1_333' title='bbox 715 2715 779 2752; x_wconf 79' lang='lat' dir='ltr'><strong>ex</strong></span> <span class='ocrx_word' id='word_1_334' title='bbox 806 2714 870 2753; x_wconf 91' lang='lat' dir='ltr'><strong>eo</strong></span> <span class='ocrx_word' id='word_1_335' title='bbox 893 2698 981 2774; x_wconf 87' lang='lat' dir='ltr'><strong>qui</strong></span> <span class='ocrx_word' id='word_1_336' title='bbox 1005 2697 1292 2760; x_wconf 86' lang='lat' dir='ltr'><strong>ministrat,</strong></span> <span class='ocrx_word' id='word_1_337' title='bbox 1317 2693 1410 2749; x_wconf 88' lang='lat' dir='ltr'><strong>sed</strong></span> <span class='ocrx_word' id='word_1_338' title='bbox 1437 2711 1502 2750; x_wconf 75' lang='lat' dir='ltr'><strong>ex</strong></span> <span class='ocrx_word' id='word_1_339' title='bbox 1529 2693 1762 2761; x_wconf 83' lang='lat' dir='ltr'><strong>Christo,</strong></span> <span class='ocrx_word' id='word_1_340' title='bbox 1794 2693 1945 2763; x_wconf 85' lang='lat' dir='ltr'><strong>cujus</strong></span> <span class='ocrx_word' id='word_1_341' title='bbox 1969 2693 2185 2748; x_wconf 86' lang='lat' dir='ltr'><strong>nomine</strong></span> 
     </span>
    </p>
   </div>
   <div class='ocr_carea' id='block_1_44' title="bbox 586 2787 2176 2860">
    <p class='ocr_par' dir='ltr' id='par_1_44' title="bbox 586 2787 2176 2860">
     <span class='ocr_line' id='line_1_44' title="bbox 586 2787 2176 2860; baseline -0.002 -16"><span class='ocrx_word' id='word_1_342' title='bbox 586 2795 879 2860; x_wconf 77' lang='lat' dir='ltr'><strong>confertur,</strong></span> <span class='ocrx_word' id='word_1_343' title='bbox 910 2792 1158 2848; x_wconf 76' lang='lat' dir='ltr'><strong>virtutem</strong></span> <span class='ocrx_word' id='word_1_344' title='bbox 1187 2806 1336 2845; x_wconf 88' lang='lat' dir='ltr'><strong>suam</strong></span> <span class='ocrx_word' id='word_1_345' title='bbox 1367 2790 1544 2845; x_wconf 87' lang='lat' dir='ltr'><strong>sortiri</strong></span> <span class='ocrx_word' id='word_1_346' title='bbox 1580 2804 1891 2860; x_wconf 86' lang='lat' dir='ltr'><strong>persuasum</strong></span> <span class='ocrx_word' id='word_1_347' title='bbox 1924 2787 2176 2842; x_wconf 86' lang='lat' dir='ltr'><strong>habebat.</strong></span> 
     </span>
    </p>
   </div>
   <div class='ocr_carea' id='block_1_45' title="bbox 578 2874 2182 2954">
    <p class='ocr_par' dir='ltr' id='par_1_45' title="bbox 578 2874 2182 2954">
     <span class='ocr_line' id='line_1_45' title="bbox 578 2874 2182 2954; baseline -0.006 -12"><span class='ocrx_word' id='word_1_348' title='bbox 578 2885 688 2942; x_wconf 77' lang='lat' dir='ltr'><strong>Nec</strong></span> <span class='ocrx_word' id='word_1_349' title='bbox 725 2887 828 2942; x_wconf 90' lang='lat' dir='ltr'><strong>alia</strong></span> <span class='ocrx_word' id='word_1_350' title='bbox 861 2885 963 2940; x_wconf 84' lang='lat' dir='ltr'><strong>ﬁde</strong></span> <span class='ocrx_word' id='word_1_351' title='bbox 1006 2886 1158 2940; x_wconf 76' lang='lat' dir='ltr'><strong>dixit.</strong></span> <span class='ocrx_word' id='word_1_352' title='bbox 1198 2904 1215 2937; x_wconf 86' lang='grc'><em>‹</em></span> <span class='ocrx_word' id='word_1_353' title='bbox 1255 2874 1726 2954; x_wconf 61' lang='grc' dir='ltr'><strong>Μυιῑυιιϊρτοίίςίι</strong></span> <span class='ocrx_word' id='word_1_354' title='bbox 1775 2898 1969 2937; x_wconf 90' lang='lat' dir='ltr'><strong>nomen</strong></span> <span class='ocrx_word' id='word_1_355' title='bbox 2013 2880 2182 2936; x_wconf 89' lang='lat' dir='ltr'><strong>Citri—</strong></span> 
     </span>
    </p>
   </div>
   <div class='ocr_carea' id='block_1_46' title="bbox 575 2977 2183 3051">
    <p class='ocr_par' dir='ltr' id='par_1_46' title="bbox 575 2977 2183 3051">
     <span class='ocr_line' id='line_1_46' title="bbox 575 2977 2183 3051; baseline -0.003 -19"><span class='ocrx_word' id='word_1_356' title='bbox 575 2981 642 3034; x_wconf 89' lang='lat' dir='ltr'><strong>sli</strong></span> <span class='ocrx_word' id='word_1_357' title='bbox 663 3022 677 3045; x_wconf 93' lang='lat'><strong>,</strong></span> <span class='ocrx_word' id='word_1_358' title='bbox 709 2991 810 3036; x_wconf 81' lang='lat' dir='ltr'><strong>etc.</strong></span> <span class='ocrx_word' id='word_1_359' title='bbox 853 2999 872 3033; x_wconf 75' lang='grc' dir='ltr'><strong><em>ι</em></strong></span> <span class='ocrx_word' id='word_1_360' title='bbox 907 2994 1063 3051; x_wconf 87' lang='lat' dir='ltr'><strong>quam</strong></span> <span class='ocrx_word' id='word_1_361' title='bbox 1093 2994 1192 3049; x_wconf 90' lang='lat' dir='ltr'><strong>qua</strong></span> <span class='ocrx_word' id='word_1_362' title='bbox 1226 2987 1406 3048; x_wconf 89' lang='lat' dir='ltr'><strong>postea</strong></span> <span class='ocrx_word' id='word_1_363' title='bbox 1434 2977 1794 3046; x_wconf 80' lang='lat' dir='ltr'><strong>Augustinus,</strong></span> <span class='ocrx_word' id='word_1_364' title='bbox 1831 2994 1849 3027; x_wconf 77' lang='grc' dir='ltr'>ι</span> <span class='ocrx_word' id='word_1_365' title='bbox 1881 2991 1976 3046; x_wconf 89' lang='lat' dir='ltr'><strong>per</strong></span> <span class='ocrx_word' id='word_1_366' title='bbox 2003 2989 2183 3046; x_wconf 77' lang='lat' dir='ltr'><strong>quem-</strong></span> 
     </span>
    </p>
   </div>
   <div class='ocr_carea' id='block_1_47' title="bbox 575 3065 2177 3140">
    <p class='ocr_par' dir='ltr' id='par_1_47' title="bbox 575 3065 2177 3140">
     <span class='ocr_line' id='line_1_47' title="bbox 575 3065 2177 3140; baseline -0.003 -15"><span class='ocrx_word' id='word_1_367' title='bbox 575 3070 704 3125; x_wconf 81' lang='lat' dir='ltr'><strong>libet</strong></span> <span class='ocrx_word' id='word_1_368' title='bbox 731 3071 871 3126; x_wconf 91' lang='lat' dir='ltr'><strong>enim</strong></span> <span class='ocrx_word' id='word_1_369' title='bbox 902 3071 1202 3128; x_wconf 88' lang='lat' dir='ltr'><strong>ministrum</strong></span> <span class='ocrx_word' id='word_1_370' title='bbox 1233 3069 1374 3124; x_wconf 91' lang='lat' dir='ltr'><strong>illius</strong></span> <span class='ocrx_word' id='word_1_371' title='bbox 1405 3079 1485 3124; x_wconf 86' lang='lat' dir='ltr'><strong>est</strong></span> <span class='ocrx_word' id='word_1_372' title='bbox 1513 3068 1814 3140; x_wconf 85' lang='lat' dir='ltr'><strong>Baptismus</strong></span> <span class='ocrx_word' id='word_1_373' title='bbox 1856 3068 1921 3121; x_wconf 92' lang='lat' dir='ltr'><strong>de</strong></span> <span class='ocrx_word' id='word_1_374' title='bbox 1964 3083 2068 3138; x_wconf 92' lang='lat' dir='ltr'><strong>quo</strong></span> <span class='ocrx_word' id='word_1_375' title='bbox 2093 3065 2177 3122; x_wconf 89' lang='lat' dir='ltr'><strong>di-</strong></span> 
     </span>
    </p>
   </div>
   <div class='ocr_carea' id='block_1_48' title="bbox 2307 1854 3908 1930">
    <p class='ocr_par' dir='ltr' id='par_1_48' title="bbox 2307 1854 3908 1930">
     <span class='ocr_line' id='line_1_48' title="bbox 2307 1854 3908 1930; baseline 0.003 -21"><span class='ocrx_word' id='word_1_376' title='bbox 2307 1854 2491 1918; x_wconf 76' lang='lat' dir='ltr'><strong>luisse,</strong></span> <span class='ocrx_word' id='word_1_377' title='bbox 2525 1873 2590 1910; x_wconf 88' lang='lat' dir='ltr'><strong>eo</strong></span> <span class='ocrx_word' id='word_1_378' title='bbox 2619 1859 2822 1912; x_wconf 83' lang='lat' dir='ltr'><strong>certius</strong></span> <span class='ocrx_word' id='word_1_379' title='bbox 2845 1857 3138 1930; x_wconf 88' lang='lat' dir='ltr'><strong>judicctur,</strong></span> <span class='ocrx_word' id='word_1_380' title='bbox 3169 1857 3311 1929; x_wconf 91' lang='lat' dir='ltr'><strong>quod</strong></span> <span class='ocrx_word' id='word_1_381' title='bbox 3341 1858 3479 1929; x_wconf 92' lang='lat' dir='ltr'><strong>apud</strong></span> <span class='ocrx_word' id='word_1_382' title='bbox 3510 1858 3908 1929; x_wconf 83' lang='lat' dir='ltr'><strong>Firmilianum,</strong></span> 
     </span>
    </p>
   </div>
   <div class='ocr_carea' id='block_1_49' title="bbox 2305 1947 3914 2019">
    <p class='ocr_par' dir='ltr' id='par_1_49' title="bbox 2305 1947 3914 2019">
     <span class='ocr_line' id='line_1_49' title="bbox 2305 1947 3914 2019; baseline 0.006 -19"><span class='ocrx_word' id='word_1_383' title='bbox 2305 1947 2398 2018; x_wconf 88' lang='lat' dir='ltr'><strong>qui</strong></span> <span class='ocrx_word' id='word_1_384' title='bbox 2429 1949 2539 2018; x_wconf 85' lang='lat' dir='ltr'><strong>ipsa</strong></span> <span class='ocrx_word' id='word_1_385' title='bbox 2583 1949 2839 2019; x_wconf 88' lang='lat' dir='ltr'><strong>Stephani</strong></span> <span class='ocrx_word' id='word_1_386' title='bbox 2886 1950 3048 2004; x_wconf 89' lang='lat' dir='ltr'><strong>verba</strong></span> <span class='ocrx_word' id='word_1_387' title='bbox 3095 1950 3298 2005; x_wconf 81' lang='lat' dir='ltr'><strong>referre</strong></span> <span class='ocrx_word' id='word_1_388' title='bbox 3337 1952 3642 2008; x_wconf 84' lang='lat' dir='ltr'><strong>accuratius</strong></span> <span class='ocrx_word' id='word_1_389' title='bbox 3675 1953 3914 2017; x_wconf 83' lang='lat' dir='ltr'><strong>videtur,</strong></span> 
     </span>
    </p>
   </div>
   <div class='ocr_carea' id='block_1_50' title="bbox 2300 2042 3633 2116">
    <p class='ocr_par' dir='ltr' id='par_1_50' title="bbox 2300 2042 3633 2116">
     <span class='ocr_line' id='line_1_50' title="bbox 2300 2042 3633 2116; baseline 0.005 -22"><span class='ocrx_word' id='word_1_390' title='bbox 2300 2042 2439 2095; x_wconf 90' lang='lat' dir='ltr'><strong>istud</strong></span> <span class='ocrx_word' id='word_1_391' title='bbox 2473 2052 2525 2096; x_wconf 92' lang='lat' dir='ltr'><strong>et</strong></span> <span class='ocrx_word' id='word_1_392' title='bbox 2550 2044 3019 2116; x_wconf 81' lang='lat' dir='ltr'><strong>quomodocumque</strong></span> <span class='ocrx_word' id='word_1_393' title='bbox 3047 2044 3266 2099; x_wconf 91' lang='lat' dir='ltr'><strong>minime</strong></span> <span class='ocrx_word' id='word_1_394' title='bbox 3300 2061 3633 2116; x_wconf 86' lang='lat' dir='ltr'><strong>compareat.</strong></span> 
     </span>
    </p>
   </div>
   <div class='ocr_carea' id='block_1_51' title="bbox 2369 2133 3901 2211">
    <p class='ocr_par' dir='ltr' id='par_1_51' title="bbox 2369 2133 3901 2211">
     <span class='ocr_line' id='line_1_51' title="bbox 2369 2133 3901 2211; baseline 0.007 -24"><span class='ocrx_word' id='word_1_395' title='bbox 2369 2133 2419 2187; x_wconf 84' lang='lat'><strong>6.</strong></span> <span class='ocrx_word' id='word_1_396' title='bbox 2465 2135 2726 2204; x_wconf 80' lang='lat' dir='ltr'><strong>Quocirca</strong></span> <span class='ocrx_word' id='word_1_397' title='bbox 2763 2134 3043 2204; x_wconf 78' lang='lat' dir='ltr'><strong>falluntur,</strong></span> <span class='ocrx_word' id='word_1_398' title='bbox 3074 2147 3127 2191; x_wconf 91' lang='lat' dir='ltr'><strong>et</strong></span> <span class='ocrx_word' id='word_1_399' title='bbox 3153 2154 3181 2190; x_wconf 91' lang='lat' dir='ltr'><strong>a</strong></span> <span class='ocrx_word' id='word_1_400' title='bbox 3214 2137 3479 2208; x_wconf 88' lang='lat' dir='ltr'><strong>Stephani</strong></span> <span class='ocrx_word' id='word_1_401' title='bbox 3513 2150 3688 2196; x_wconf 89' lang='lat' dir='ltr'><strong>mente</strong></span> <span class='ocrx_word' id='word_1_402' title='bbox 3708 2140 3901 2211; x_wconf 89' lang='lat' dir='ltr'><strong>procul</strong></span> 
     </span>
    </p>
   </div>
   <div class='ocr_carea' id='block_1_52' title="bbox 2294 2224 3899 2306">
    <p class='ocr_par' dir='ltr' id='par_1_52' title="bbox 2294 2224 3899 2306">
     <span class='ocr_line' id='line_1_52' title="bbox 2294 2224 3899 2306; baseline 0.007 -28"><span class='ocrx_word' id='word_1_403' title='bbox 2294 2224 2568 2290; x_wconf 84' lang='lat' dir='ltr'><strong>aberrant,</strong></span> <span class='ocrx_word' id='word_1_404' title='bbox 2601 2226 2691 2298; x_wconf 90' lang='lat' dir='ltr'><strong>qui</strong></span> <span class='ocrx_word' id='word_1_405' title='bbox 2721 2227 2898 2282; x_wconf 84' lang='lat' dir='ltr'><strong>verbis</strong></span> <span class='ocrx_word' id='word_1_406' title='bbox 2930 2228 3069 2282; x_wconf 92' lang='lat' dir='ltr'><strong>illius</strong></span> <span class='ocrx_word' id='word_1_407' title='bbox 3101 2232 3340 2302; x_wconf 84' lang='lat' dir='ltr'><strong>pressius</strong></span> <span class='ocrx_word' id='word_1_408' title='bbox 3368 2231 3634 2290; x_wconf 67' lang='lat' dir='ltr'><strong>haerentes</strong></span> <span class='ocrx_word' id='word_1_409' title='bbox 3657 2276 3673 2301; x_wconf 94' lang='lat'><strong>,</strong></span> <span class='ocrx_word' id='word_1_410' title='bbox 3700 2236 3899 2306; x_wconf 90' lang='lat' dir='ltr'><strong>quibus</strong></span> 
     </span>
    </p>
   </div>
   <div class='ocr_carea' id='block_1_53' title="bbox 2294 2319 3908 2397">
    <p class='ocr_par' dir='ltr' id='par_1_53' title="bbox 2294 2319 3908 2397">
     <span class='ocr_line' id='line_1_53' title="bbox 2294 2319 3908 2397; baseline 0.009 -26"><span class='ocrx_word' id='word_1_411' title='bbox 2294 2319 2589 2392; x_wconf 91' lang='lat' dir='ltr'><strong>quemlibet</strong></span> <span class='ocrx_word' id='word_1_412' title='bbox 2617 2336 2645 2373; x_wconf 89' lang='lat' dir='ltr'><strong>a</strong></span> <span class='ocrx_word' id='word_1_413' title='bbox 2671 2338 2987 2392; x_wconf 84' lang='lat' dir='ltr'><strong>quacumque</strong></span> <span class='ocrx_word' id='word_1_414' title='bbox 3034 2321 3215 2377; x_wconf 64' lang='lat' dir='ltr'><strong>liceresi</strong></span> <span class='ocrx_word' id='word_1_415' title='bbox 3248 2326 3460 2393; x_wconf 78' lang='lat' dir='ltr'><strong>venerit,</strong></span> <span class='ocrx_word' id='word_1_416' title='bbox 3505 2327 3705 2397; x_wconf 85' lang='lat' dir='ltr'><strong>suscipi</strong></span> <span class='ocrx_word' id='word_1_417' title='bbox 3748 2338 3805 2384; x_wconf 87' lang='lat' dir='ltr'><strong>et</strong></span> <span class='ocrx_word' id='word_1_418' title='bbox 3846 2328 3908 2385; x_wconf 86' lang='lat' dir='ltr'><strong>in</strong></span> 
     </span>
    </p>
   </div>
   <div class='ocr_carea' id='block_1_54' title="bbox 2295 2411 3910 2490">
    <p class='ocr_par' dir='ltr' id='par_1_54' title="bbox 2295 2411 3910 2490">
     <span class='ocr_line' id='line_1_54' title="bbox 2295 2411 3910 2490; baseline 0.007 -26"><span class='ocrx_word' id='word_1_419' title='bbox 2295 2412 2443 2465; x_wconf 87' lang='lat' dir='ltr'><strong>nullo</strong></span> <span class='ocrx_word' id='word_1_420' title='bbox 2470 2411 2802 2484; x_wconf 89' lang='lat' dir='ltr'><strong>Baptismum</strong></span> <span class='ocrx_word' id='word_1_421' title='bbox 2844 2413 3088 2469; x_wconf 87' lang='lat' dir='ltr'><strong>innovari</strong></span> <span class='ocrx_word' id='word_1_422' title='bbox 3130 2417 3402 2488; x_wconf 66' lang='lat' dir='ltr'><strong>prmcipit,</strong></span> <span class='ocrx_word' id='word_1_423' title='bbox 3439 2418 3774 2490; x_wconf 85' lang='lat' dir='ltr'><strong>Baptismutn</strong></span> <span class='ocrx_word' id='word_1_424' title='bbox 3805 2421 3910 2476; x_wconf 88' lang='lat' dir='ltr'><strong>sub</strong></span> 
     </span>
    </p>
   </div>
   <div class='ocr_carea' id='block_1_55' title="bbox 2293 2504 3908 2582">
    <p class='ocr_par' dir='ltr' id='par_1_55' title="bbox 2293 2504 3908 2582">
     <span class='ocr_line' id='line_1_55' title="bbox 2293 2504 3908 2582; baseline 0.01 -24"><span class='ocrx_word' id='word_1_425' title='bbox 2293 2504 2480 2575; x_wconf 89' lang='lat' dir='ltr'><strong>quavis</strong></span> <span class='ocrx_word' id='word_1_426' title='bbox 2507 2505 2677 2559; x_wconf 82' lang='lat' dir='ltr'><strong>forma</strong></span> <span class='ocrx_word' id='word_1_427' title='bbox 2709 2505 2962 2560; x_wconf 88' lang='lat' dir='ltr'><strong>collatum</strong></span> <span class='ocrx_word' id='word_1_428' title='bbox 2995 2508 3062 2562; x_wconf 90' lang='lat' dir='ltr'><strong>ab</strong></span> <span class='ocrx_word' id='word_1_429' title='bbox 3107 2525 3172 2564; x_wconf 90' lang='lat' dir='ltr'><strong>eo</strong></span> <span class='ocrx_word' id='word_1_430' title='bbox 3203 2510 3413 2565; x_wconf 90' lang='lat' dir='ltr'><strong>admitti</strong></span> <span class='ocrx_word' id='word_1_431' title='bbox 3455 2515 3765 2582; x_wconf 82' lang='lat' dir='ltr'><strong>epinantur.</strong></span> <span class='ocrx_word' id='word_1_432' title='bbox 3813 2517 3908 2575; x_wconf 90' lang='lat' dir='ltr'><strong>Sic</strong></span> 
     </span>
    </p>
   </div>
   <div class='ocr_carea' id='block_1_56' title="bbox 2291 2597 3902 2674">
    <p class='ocr_par' dir='ltr' id='par_1_56' title="bbox 2291 2597 3902 2674">
     <span class='ocr_line' id='line_1_56' title="bbox 2291 2597 3902 2674; baseline 0.014 -30"><span class='ocrx_word' id='word_1_433' title='bbox 2291 2613 2455 2666; x_wconf 83' lang='lat' dir='ltr'><strong>porro</strong></span> <span class='ocrx_word' id='word_1_434' title='bbox 2480 2597 2797 2669; x_wconf 89' lang='lat' dir='ltr'><strong>loquebatur</strong></span> <span class='ocrx_word' id='word_1_435' title='bbox 2814 2599 3138 2671; x_wconf 89' lang='lat' dir='ltr'><strong>Stephanus,</strong></span> <span class='ocrx_word' id='word_1_436' title='bbox 3156 2603 3280 2674; x_wconf 90' lang='lat' dir='ltr'><strong>quia</strong></span> <span class='ocrx_word' id='word_1_437' title='bbox 3303 2606 3589 2664; x_wconf 62' lang='lat' dir='ltr'><strong>hatreticos</strong></span> <span class='ocrx_word' id='word_1_438' title='bbox 3609 2611 3710 2666; x_wconf 91' lang='lat' dir='ltr'><strong>sub</strong></span> <span class='ocrx_word' id='word_1_439' title='bbox 3726 2612 3902 2667; x_wconf 84' lang='lat' dir='ltr'><strong>aliena</strong></span> 
     </span>
    </p>
   </div>
   <div class='ocr_carea' id='block_1_57' title="bbox 2290 2687 3894 2766">
    <p class='ocr_par' dir='ltr' id='par_1_57' title="bbox 2290 2687 3894 2766">
     <span class='ocr_line' id='line_1_57' title="bbox 2290 2687 3894 2766; baseline 0.011 -23"><span class='ocrx_word' id='word_1_440' title='bbox 2290 2687 2462 2744; x_wconf 81' lang='lat' dir='ltr'><strong>forma</strong></span> <span class='ocrx_word' id='word_1_441' title='bbox 2494 2691 2826 2763; x_wconf 85' lang='lat' dir='ltr'><strong>haptizantes</strong></span> <span class='ocrx_word' id='word_1_442' title='bbox 2854 2702 2947 2747; x_wconf 89' lang='lat' dir='ltr'><strong>aut</strong></span> <span class='ocrx_word' id='word_1_443' title='bbox 2976 2694 3276 2766; x_wconf 79' lang='lat' dir='ltr'><strong>ignorabat,</strong></span> <span class='ocrx_word' id='word_1_444' title='bbox 3302 2708 3396 2752; x_wconf 93' lang='lat' dir='ltr'><strong>aut</strong></span> <span class='ocrx_word' id='word_1_445' title='bbox 3425 2717 3533 2754; x_wconf 92' lang='lat' dir='ltr'><strong>non</strong></span> <span class='ocrx_word' id='word_1_446' title='bbox 3565 2706 3894 2761; x_wconf 87' lang='lat' dir='ltr'><strong>attendebat.</strong></span> 
     </span>
    </p>
   </div>
   <div class='ocr_carea' id='block_1_58' title="bbox 2302 2783 3898 2855">
    <p class='ocr_par' dir='ltr' id='par_1_58' title="bbox 2302 2783 3898 2855">
     <span class='ocr_line' id='line_1_58' title="bbox 2302 2783 3898 2855; baseline 0.012 -19"><span class='ocrx_word' id='word_1_447' title='bbox 2302 2783 2464 2836; x_wconf 87' lang='lat' dir='ltr'><strong>Certe</strong></span> <span class='ocrx_word' id='word_1_448' title='bbox 2492 2785 2772 2854; x_wconf 82' lang='lat' dir='ltr'><strong>Augustini</strong></span> <span class='ocrx_word' id='word_1_449' title='bbox 2800 2801 2863 2840; x_wconf 89' lang='lat' dir='ltr'><strong>ea</strong></span> <span class='ocrx_word' id='word_1_450' title='bbox 2891 2795 2974 2840; x_wconf 90' lang='lat' dir='ltr'><strong>est</strong></span> <span class='ocrx_word' id='word_1_451' title='bbox 3001 2787 3325 2854; x_wconf 85' lang='lat' dir='ltr'><strong>observatio,</strong></span> <span class='ocrx_word' id='word_1_452' title='bbox 3358 2802 3415 2845; x_wconf 92' lang='lat' dir='ltr'><strong>ut</strong></span> <span class='ocrx_word' id='word_1_453' title='bbox 3450 2811 3469 2844; x_wconf 73' lang='grc' dir='ltr'>ι</span> <span class='ocrx_word' id='word_1_454' title='bbox 3504 2793 3715 2851; x_wconf 79' lang='lat' dir='ltr'><strong>facilius</strong></span> <span class='ocrx_word' id='word_1_455' title='bbox 3744 2799 3898 2855; x_wconf 87' lang='lat' dir='ltr'><strong>inve-</strong></span> 
     </span>
    </p>
   </div>
   <div class='ocr_carea' id='block_1_59' title="bbox 2294 2874 3895 2960">
    <p class='ocr_par' dir='ltr' id='par_1_59' title="bbox 2294 2874 3895 2960">
     <span class='ocr_line' id='line_1_59' title="bbox 2294 2874 3895 2960; baseline 0.014 -34"><span class='ocrx_word' id='word_1_456' title='bbox 2294 2874 2512 2929; x_wconf 88' lang='lat' dir='ltr'><strong>niantur</strong></span> <span class='ocrx_word' id='word_1_457' title='bbox 2541 2874 2812 2943; x_wconf 62' lang='lat' dir='ltr'><strong>haeretici,</strong></span> <span class='ocrx_word' id='word_1_458' title='bbox 2847 2879 2936 2948; x_wconf 89' lang='lat' dir='ltr'><strong>qtti</strong></span> <span class='ocrx_word' id='word_1_459' title='bbox 2982 2895 3086 2934; x_wconf 90' lang='lat' dir='ltr'><strong>non</strong></span> <span class='ocrx_word' id='word_1_460' title='bbox 3117 2879 3426 2951; x_wconf 84' lang='lat' dir='ltr'><strong>baptizent,</strong></span> <span class='ocrx_word' id='word_1_461' title='bbox 3461 2903 3620 2957; x_wconf 89' lang='lat' dir='ltr'><strong>quam</strong></span> <span class='ocrx_word' id='word_1_462' title='bbox 3652 2893 3744 2960; x_wconf 92' lang='lat' dir='ltr'><strong>qui</strong></span> <span class='ocrx_word' id='word_1_463' title='bbox 3788 2909 3895 2948; x_wconf 92' lang='lat' dir='ltr'><strong>non</strong></span> 
     </span>
    </p>
   </div>
   <div class='ocr_carea' id='block_1_60' title="bbox 2292 2969 3886 3055">
    <p class='ocr_par' dir='ltr' id='par_1_60' title="bbox 2292 2969 3886 3055">
     <span class='ocr_line' id='line_1_60' title="bbox 2292 2969 3886 3055; baseline 0.013 -35"><span class='ocrx_word' id='word_1_464' title='bbox 2292 2969 2472 3023; x_wconf 85' lang='lat' dir='ltr'><strong>verbis</strong></span> <span class='ocrx_word' id='word_1_465' title='bbox 2503 2969 2618 3024; x_wconf 69' lang='lat' dir='ltr'><strong>istis</strong></span> <span class='ocrx_word' id='word_1_466' title='bbox 2650 2971 2734 3038; x_wconf 92' lang='lat' dir='ltr'><strong>(in</strong></span> <span class='ocrx_word' id='word_1_467' title='bbox 2773 2969 3012 3024; x_wconf 86' lang='lat' dir='ltr'><strong>Ecclesia</strong></span> <span class='ocrx_word' id='word_1_468' title='bbox 3045 2973 3286 3046; x_wconf 78' lang='lat' dir='ltr'><strong>usitatis)</strong></span> <span class='ocrx_word' id='word_1_469' title='bbox 3319 2975 3589 3046; x_wconf 85' lang='lat' dir='ltr'><strong>baptizent</strong></span> <span class='ocrx_word' id='word_1_470' title='bbox 3615 2982 3768 3055; x_wconf 79' lang='lat' dir='ltr'><strong>(Aug.</strong></span> <span class='ocrx_word' id='word_1_471' title='bbox 3799 2986 3886 3041; x_wconf 83' lang='lat' dir='ltr'><strong>lib.</strong></span> 
     </span>
    </p>
   </div>
   <div class='ocr_carea' id='block_1_61' title="bbox 2286 3061 3892 3148">
    <p class='ocr_par' dir='ltr' id='par_1_61' title="bbox 2286 3061 3892 3148">
     <span class='ocr_line' id='line_1_61' title="bbox 2286 3061 3892 3148; baseline 0.013 -34"><span class='ocrx_word' id='word_1_472' title='bbox 2286 3076 2336 3115; x_wconf 70' lang='grc' dir='ltr'><strong>γι</strong></span> <span class='ocrx_word' id='word_1_473' title='bbox 2368 3062 2430 3115; x_wconf 84' lang='lat' dir='ltr'><strong>de</strong></span> <span class='ocrx_word' id='word_1_474' title='bbox 2462 3061 2616 3131; x_wconf 83' lang='lat' dir='ltr'><strong>Bapt.</strong></span> <span class='ocrx_word' id='word_1_475' title='bbox 2655 3074 2834 3117; x_wconf 82' lang='lat' dir='ltr'><strong>contra</strong></span> <span class='ocrx_word' id='word_1_476' title='bbox 2865 3061 3084 3132; x_wconf 84' lang='lat' dir='ltr'><strong>Donat.,</strong></span> <span class='ocrx_word' id='word_1_477' title='bbox 3131 3084 3248 3135; x_wconf 89' lang='lat' dir='ltr'><strong>cap.</strong></span> <span class='ocrx_word' id='word_1_478' title='bbox 3284 3067 3377 3136; x_wconf 69' lang='lat'><strong>25,</strong></span> <span class='ocrx_word' id='word_1_479' title='bbox 3407 3089 3460 3126; x_wconf 88' lang='grc' dir='ltr'><strong>η.</strong></span> <span class='ocrx_word' id='word_1_480' title='bbox 3489 3073 3606 3148; x_wconf 70' lang='grc'><strong>47).</strong></span> <span class='ocrx_word' id='word_1_481' title='bbox 3644 3096 3663 3128; x_wconf 73' lang='grc' dir='ltr'><strong><em>ι</em></strong></span> <span class='ocrx_word' id='word_1_482' title='bbox 3691 3075 3892 3135; x_wconf 78' lang='lat' dir='ltr'><strong>Nomm.</strong></span> 
     </span>
    </p>
   </div>
   <div class='ocr_carea' id='block_1_62' title="bbox 573 3155 3888 3241">
    <p class='ocr_par' dir='ltr' id='par_1_62' title="bbox 573 3155 3888 3241">
     <span class='ocr_line' id='line_1_62' title="bbox 573 3155 3888 3241; baseline 0.002 -25"><span class='ocrx_word' id='word_1_483' title='bbox 573 3173 717 3216; x_wconf 83' lang='lat' dir='ltr'><strong>etum</strong></span> <span class='ocrx_word' id='word_1_484' title='bbox 749 3172 826 3216; x_wconf 87' lang='lat' dir='ltr'><strong>est</strong></span> <span class='ocrx_word' id='word_1_485' title='bbox 856 3180 866 3214; x_wconf 95' lang='lat'>:</span> <span class='ocrx_word' id='word_1_486' title='bbox 899 3159 996 3215; x_wconf 83' lang='lat' dir='ltr'><strong>llic</strong></span> <span class='ocrx_word' id='word_1_487' title='bbox 1022 3173 1103 3215; x_wconf 88' lang='lat' dir='ltr'><strong>est</strong></span> <span class='ocrx_word' id='word_1_488' title='bbox 1131 3161 1220 3230; x_wconf 92' lang='lat' dir='ltr'><strong>qui</strong></span> <span class='ocrx_word' id='word_1_489' title='bbox 1253 3159 1484 3228; x_wconf 81' lang='lat' dir='ltr'><strong>baptizat</strong></span> <span class='ocrx_word' id='word_1_490' title='bbox 1516 3160 1626 3231; x_wconf 87' lang='lat' dir='ltr'><strong>(lib.</strong></span> <span class='ocrx_word' id='word_1_491' title='bbox 1657 3175 1687 3211; x_wconf 89' lang='lat' dir='ltr'><strong>v</strong></span> <span class='ocrx_word' id='word_1_492' title='bbox 1718 3160 1779 3212; x_wconf 87' lang='lat' dir='ltr'><strong>de</strong></span> <span class='ocrx_word' id='word_1_493' title='bbox 1812 3156 1964 3230; x_wconf 84' lang='lat' dir='ltr'><strong>Bapt.</strong></span> <span class='ocrx_word' id='word_1_494' title='bbox 2000 3168 2177 3212; x_wconf 84' lang='lat' dir='ltr'><strong>contra</strong></span> <span class='ocrx_word' id='word_1_495' title='bbox 2203 3172 2248 3234; x_wconf 69' lang='grc' dir='ltr'><strong>ρ</strong></span> <span class='ocrx_word' id='word_1_496' title='bbox 2283 3170 2497 3226; x_wconf 87' lang='lat' dir='ltr'><strong>qu0que</strong></span> <span class='ocrx_word' id='word_1_497' title='bbox 2519 3155 2876 3223; x_wconf 84' lang='lat' dir='ltr'><strong>Innocentius,</strong></span> <span class='ocrx_word' id='word_1_498' title='bbox 2901 3155 3174 3228; x_wconf 74' lang='grc' dir='ltr'><strong>Ερὶει.ιγι</strong></span> <span class='ocrx_word' id='word_1_499' title='bbox 3200 3160 3266 3214; x_wconf 91' lang='lat' dir='ltr'><strong>ad</strong></span> <span class='ocrx_word' id='word_1_500' title='bbox 3286 3160 3626 3236; x_wconf 80' lang='lat' dir='ltr'><strong>Macedonas,</strong></span> <span class='ocrx_word' id='word_1_501' title='bbox 3649 3186 3764 3240; x_wconf 86' lang='lat' dir='ltr'><strong>cap.</strong></span> <span class='ocrx_word' id='word_1_502' title='bbox 3795 3171 3888 3241; x_wconf 82' lang='lat' dir='ltr'><strong>l0,</strong></span> 
     </span>
    </p>
   </div>
   <div class='ocr_carea' id='block_1_63' title="bbox 573 3249 2179 3324">
    <p class='ocr_par' dir='ltr' id='par_1_63' title="bbox 573 3249 2179 3324">
     <span class='ocr_line' id='line_1_63' title="bbox 573 3249 2179 3324; baseline -0.004 -17"><span class='ocrx_word' id='word_1_503' title='bbox 573 3252 788 3318; x_wconf 85' lang='lat' dir='ltr'><strong>Donat.,</strong></span> <span class='ocrx_word' id='word_1_504' title='bbox 821 3270 867 3306; x_wconf 87' lang='lat' dir='ltr'><strong>c.</strong></span> <span class='ocrx_word' id='word_1_505' title='bbox 896 3253 1006 3322; x_wconf 76' lang='lat' dir='ltr'><strong>l2).</strong></span> <span class='ocrx_word' id='word_1_506' title='bbox 1043 3271 1060 3304; x_wconf 87' lang='grc'><em>‹</em></span> <span class='ocrx_word' id='word_1_507' title='bbox 1096 3252 1199 3306; x_wconf 86' lang='lat' dir='ltr'><strong>Sed</strong></span> <span class='ocrx_word' id='word_1_508' title='bbox 1223 3249 1412 3306; x_wconf 86' lang='lat' dir='ltr'><strong>eadem</strong></span> <span class='ocrx_word' id='word_1_509' title='bbox 1442 3251 1699 3322; x_wconf 87' lang='lat' dir='ltr'><strong>Stephani</strong></span> <span class='ocrx_word' id='word_1_510' title='bbox 1731 3251 1893 3306; x_wconf 84' lang='lat' dir='ltr'><strong>verba</strong></span> <span class='ocrx_word' id='word_1_511' title='bbox 1926 3251 2179 3324; x_wconf 67' lang='lat' dir='ltr'><strong>quaestio.</strong></span> 
     </span>
    </p>
   </div>
   <div class='ocr_carea' id='block_1_64' title="bbox 572 3343 1399 3402">
    <p class='ocr_par' dir='ltr' id='par_1_64' title="bbox 572 3343 1399 3402">
     <span class='ocr_line' id='line_1_64' title="bbox 572 3343 1399 3402; baseline -0.005 -1"><span class='ocrx_word' id='word_1_512' title='bbox 572 3348 728 3401; x_wconf 88' lang='lat' dir='ltr'><strong>nibus</strong></span> <span class='ocrx_word' id='word_1_513' title='bbox 755 3346 874 3402; x_wconf 89' lang='lat' dir='ltr'><strong>aliis</strong></span> <span class='ocrx_word' id='word_1_514' title='bbox 911 3345 1087 3400; x_wconf 90' lang='lat' dir='ltr'><strong>locum</strong></span> <span class='ocrx_word' id='word_1_515' title='bbox 1115 3343 1399 3402; x_wconf 87' lang='lat' dir='ltr'><strong>dederunt.</strong></span> 
     </span>
    </p>
   </div>
   <div class='ocr_carea' id='block_1_65' title="bbox 568 3482 2171 3542">
    <p class='ocr_par' dir='ltr' id='par_1_65' title="bbox 568 3482 2171 3542">
     <span class='ocr_line' id='line_1_65' title="bbox 568 3482 2171 3542; baseline -0.004 -3"><span class='ocrx_word' id='word_1_516' title='bbox 568 3482 632 3539; x_wconf 87' lang='lat' dir='ltr'><strong>ll.</strong></span> <span class='ocrx_word' id='word_1_517' title='bbox 675 3498 742 3539; x_wconf 72' lang='lat' dir='ltr'><strong>AN</strong></span> <span class='ocrx_word' id='word_1_518' title='bbox 771 3495 1080 3538; x_wconf 68' lang='grc' dir='ltr'><strong>δηιιιλκυε</strong></span> <span class='ocrx_word' id='word_1_519' title='bbox 1109 3494 1406 3536; x_wconf 69' lang='grc' dir='ltr'><strong>Βιηιειιυι</strong></span> <span class='ocrx_word' id='word_1_520' title='bbox 1436 3494 1502 3534; x_wconf 75' lang='grc' dir='ltr'><strong>Αι</strong></span> <span class='ocrx_word' id='word_1_521' title='bbox 1537 3493 1833 3534; x_wconf 55' lang='lat' dir='ltr'><strong>annuens</strong></span> <span class='ocrx_word' id='word_1_522' title='bbox 1858 3493 1955 3533; x_wconf 80' lang='lat' dir='ltr'><strong>son</strong></span> <span class='ocrx_word' id='word_1_523' title='bbox 1981 3493 2171 3542; x_wconf 68' lang='grc' dir='ltr'><strong>ουλιιο</strong></span> 
     </span>
    </p>
   </div>
   <div class='ocr_carea' id='block_1_66' title="bbox 887 3585 1844 3632">
    <p class='ocr_par' dir='ltr' id='par_1_66' title="bbox 887 3585 1844 3632">
     <span class='ocr_line' id='line_1_66' title="bbox 887 3585 1844 3632; baseline -0.004 -2"><span class='ocrx_word' id='word_1_524' title='bbox 887 3590 987 3632; x_wconf 73' lang='grc' dir='ltr'><strong>ΒΕΤ</strong></span> <span class='ocrx_word' id='word_1_525' title='bbox 1016 3588 1194 3629; x_wconf 75' lang='grc' dir='ltr'><strong>ι-ὀιιιιΑ</strong></span> <span class='ocrx_word' id='word_1_526' title='bbox 1217 3586 1504 3628; x_wconf 66' lang='grc' dir='ltr'><strong>οοιωτυι</strong></span> <span class='ocrx_word' id='word_1_527' title='bbox 1533 3585 1844 3627; x_wconf 67' lang='grc' dir='ltr'>Δωιιδιιιτ.</span> 
     </span>
    </p>
   </div>
   <div class='ocr_carea' id='block_1_67' title="bbox 639 3701 2170 3780">
    <p class='ocr_par' dir='ltr' id='par_1_67' title="bbox 639 3701 2170 3780">
     <span class='ocr_line' id='line_1_67' title="bbox 639 3701 2170 3780; baseline -0.006 -16"><span class='ocrx_word' id='word_1_528' title='bbox 639 3709 691 3765; x_wconf 79' lang='grc'><strong>5.</strong></span> <span class='ocrx_word' id='word_1_529' title='bbox 733 3707 848 3762; x_wconf 83' lang='lat' dir='ltr'><strong>Non</strong></span> <span class='ocrx_word' id='word_1_530' title='bbox 880 3707 1072 3762; x_wconf 84' lang='lat' dir='ltr'><strong>desunt</strong></span> <span class='ocrx_word' id='word_1_531' title='bbox 1101 3707 1190 3780; x_wconf 92' lang='lat' dir='ltr'><strong>qui</strong></span> <span class='ocrx_word' id='word_1_532' title='bbox 1218 3706 1552 3774; x_wconf 81' lang='lat' dir='ltr'><strong>Stephanum</strong></span> <span class='ocrx_word' id='word_1_533' title='bbox 1582 3703 1634 3758; x_wconf 92' lang='lat' dir='ltr'><strong>in</strong></span> <span class='ocrx_word' id='word_1_534' title='bbox 1667 3701 1991 3760; x_wconf 83' lang='lat' dir='ltr'><strong>conlutanda</strong></span> <span class='ocrx_word' id='word_1_535' title='bbox 2021 3701 2170 3758; x_wconf 61' lang='lat' dir='ltr'><strong>rebao</strong></span> 
     </span>
    </p>
   </div>
   <div class='ocr_carea' id='block_1_68' title="bbox 566 3798 2169 3874">
    <p class='ocr_par' dir='ltr' id='par_1_68' title="bbox 566 3798 2169 3874">
     <span class='ocr_line' id='line_1_68' title="bbox 566 3798 2169 3874; baseline -0.003 -18"><span class='ocrx_word' id='word_1_536' title='bbox 566 3803 876 3874; x_wconf 78' lang='lat' dir='ltr'><strong>ptizantium</strong></span> <span class='ocrx_word' id='word_1_537' title='bbox 931 3801 1197 3855; x_wconf 87' lang='lat' dir='ltr'><strong>sententia</strong></span> <span class='ocrx_word' id='word_1_538' title='bbox 1260 3799 1477 3853; x_wconf 90' lang='lat' dir='ltr'><strong>modum</strong></span> <span class='ocrx_word' id='word_1_539' title='bbox 1532 3815 1637 3852; x_wconf 92' lang='lat' dir='ltr'><strong>non</strong></span> <span class='ocrx_word' id='word_1_540' title='bbox 1699 3798 1957 3863; x_wconf 80' lang='lat' dir='ltr'><strong>tenuisse,</strong></span> <span class='ocrx_word' id='word_1_541' title='bbox 2009 3807 2169 3866; x_wconf 90' lang='lat' dir='ltr'><strong>atque</strong></span> 
     </span>
    </p>
   </div>
   <div class='ocr_carea' id='block_1_69' title="bbox 565 3890 2164 3963">
    <p class='ocr_par' dir='ltr' id='par_1_69' title="bbox 565 3890 2164 3963">
     <span class='ocr_line' id='line_1_69' title="bbox 565 3890 2164 3963; baseline -0.006 -12"><span class='ocrx_word' id='word_1_542' title='bbox 565 3897 937 3951; x_wconf 71' lang='lat' dir='ltr'><strong>harreticiirum</strong></span> <span class='ocrx_word' id='word_1_543' title='bbox 962 3893 1280 3963; x_wconf 89' lang='lat' dir='ltr'><strong>quorutnvis</strong></span> <span class='ocrx_word' id='word_1_544' title='bbox 1305 3891 1632 3962; x_wconf 84' lang='lat' dir='ltr'><strong>Baptismum</strong></span> <span class='ocrx_word' id='word_1_545' title='bbox 1659 3891 1759 3945; x_wconf 91' lang='lat' dir='ltr'><strong>sub</strong></span> <span class='ocrx_word' id='word_1_546' title='bbox 1780 3890 2021 3961; x_wconf 87' lang='lat' dir='ltr'><strong>qualibet</strong></span> <span class='ocrx_word' id='word_1_547' title='bbox 2052 3890 2164 3945; x_wconf 78' lang='lat' dir='ltr'><strong>for-</strong></span> 
     </span>
    </p>
   </div>
   <div class='ocr_carea' id='block_1_70' title="bbox 564 3983 2163 4052">
    <p class='ocr_par' dir='ltr' id='par_1_70' title="bbox 564 3983 2163 4052">
     <span class='ocr_line' id='line_1_70' title="bbox 564 3983 2163 4052; baseline -0.005 -9"><span class='ocrx_word' id='word_1_548' title='bbox 564 4004 648 4044; x_wconf 87' lang='lat' dir='ltr'><strong>tna</strong></span> <span class='ocrx_word' id='word_1_549' title='bbox 680 3987 933 4042; x_wconf 87' lang='lat' dir='ltr'><strong>collatum</strong></span> <span class='ocrx_word' id='word_1_550' title='bbox 964 3985 1246 4040; x_wconf 88' lang='lat' dir='ltr'><strong>admisisse</strong></span> <span class='ocrx_word' id='word_1_551' title='bbox 1276 3985 1641 4052; x_wconf 86' lang='lat' dir='ltr'><strong>suspicentur.</strong></span> <span class='ocrx_word' id='word_1_552' title='bbox 1670 3983 1774 4039; x_wconf 89' lang='lat' dir='ltr'><strong>Sed</strong></span> <span class='ocrx_word' id='word_1_553' title='bbox 1808 3985 1873 4037; x_wconf 88' lang='lat' dir='ltr'><strong>ad</strong></span> <span class='ocrx_word' id='word_1_554' title='bbox 1903 3997 2163 4037; x_wconf 89' lang='lat' dir='ltr'><strong>amoven-</strong></span> 
     </span>
    </p>
   </div>
   <div class='ocr_carea' id='block_1_71' title="bbox 561 4077 2164 4152">
    <p class='ocr_par' dir='ltr' id='par_1_71' title="bbox 561 4077 2164 4152">
     <span class='ocr_line' id='line_1_71' title="bbox 561 4077 2164 4152; baseline -0.002 -16"><span class='ocrx_word' id='word_1_555' title='bbox 561 4082 683 4137; x_wconf 90' lang='lat' dir='ltr'><strong>dant</strong></span> <span class='ocrx_word' id='word_1_556' title='bbox 716 4078 1016 4152; x_wconf 86' lang='lat' dir='ltr'><strong>lmjnsmodi</strong></span> <span class='ocrx_word' id='word_1_557' title='bbox 1039 4079 1396 4148; x_wconf 86' lang='lat' dir='ltr'><strong>suspicionem</strong></span> <span class='ocrx_word' id='word_1_558' title='bbox 1427 4078 1541 4132; x_wconf 61' lang='lat' dir='ltr'><strong>haec</strong></span> <span class='ocrx_word' id='word_1_559' title='bbox 1564 4077 1704 4132; x_wconf 87' lang='lat' dir='ltr'><strong>illius</strong></span> <span class='ocrx_word' id='word_1_560' title='bbox 1733 4077 1893 4132; x_wconf 89' lang='lat' dir='ltr'><strong>verba</strong></span> <span class='ocrx_word' id='word_1_561' title='bbox 1918 4087 2164 4149; x_wconf 88' lang='lat' dir='ltr'><strong>repetere</strong></span> 
     </span>
    </p>
   </div>
   <div class='ocr_carea' id='block_1_72' title="bbox 560 4171 2158 4243">
    <p class='ocr_par' dir='ltr' id='par_1_72' title="bbox 560 4171 2158 4243">
     <span class='ocr_line' id='line_1_72' title="bbox 560 4171 2158 4243; baseline -0.004 -13"><span class='ocrx_word' id='word_1_562' title='bbox 560 4177 690 4230; x_wconf 89' lang='lat' dir='ltr'><strong>satis</strong></span> <span class='ocrx_word' id='word_1_563' title='bbox 729 4178 861 4242; x_wconf 90' lang='lat' dir='ltr'><strong>erit,</strong></span> <span class='ocrx_word' id='word_1_564' title='bbox 892 4189 1010 4243; x_wconf 77' lang='lat' dir='ltr'><strong>qua:</strong></span> <span class='ocrx_word' id='word_1_565' title='bbox 1037 4189 1064 4225; x_wconf 90' lang='lat' dir='ltr'><strong>a</strong></span> <span class='ocrx_word' id='word_1_566' title='bbox 1095 4171 1408 4226; x_wconf 84' lang='lat' dir='ltr'><strong>Firmiliano</strong></span> <span class='ocrx_word' id='word_1_567' title='bbox 1455 4172 1610 4228; x_wconf 89' lang='lat' dir='ltr'><strong>nobis</strong></span> <span class='ocrx_word' id='word_1_568' title='bbox 1642 4172 1961 4226; x_wconf 87' lang='lat' dir='ltr'><strong>transmissa</strong></span> <span class='ocrx_word' id='word_1_569' title='bbox 1993 4181 2117 4226; x_wconf 87' lang='lat' dir='ltr'><strong>sunt</strong></span> <span class='ocrx_word' id='word_1_570' title='bbox 2145 4189 2158 4224; x_wconf 90' lang='lat'><strong>:</strong></span> 
     </span>
    </p>
   </div>
   <div class='ocr_carea' id='block_1_73' title="bbox 567 4262 2160 4337">
    <p class='ocr_par' dir='ltr' id='par_1_73' title="bbox 567 4262 2160 4337">
     <span class='ocr_line' id='line_1_73' title="bbox 567 4262 2160 4337; baseline -0.001 -17"><span class='ocrx_word' id='word_1_571' title='bbox 567 4289 585 4320; x_wconf 75' lang='grc' dir='ltr'>ι</span> <span class='ocrx_word' id='word_1_572' title='bbox 627 4267 848 4323; x_wconf 83' lang='lat' dir='ltr'><strong>Multum</strong></span> <span class='ocrx_word' id='word_1_573' title='bbox 883 4267 1095 4337; x_wconf 83' lang='lat' dir='ltr'><strong>prolicit</strong></span> <span class='ocrx_word' id='word_1_574' title='bbox 1127 4280 1322 4318; x_wconf 92' lang='lat' dir='ltr'><strong>nomen</strong></span> <span class='ocrx_word' id='word_1_575' title='bbox 1365 4262 1566 4319; x_wconf 87' lang='lat' dir='ltr'><strong>Christi</strong></span> <span class='ocrx_word' id='word_1_576' title='bbox 1605 4263 1674 4318; x_wconf 88' lang='lat' dir='ltr'><strong>ad</strong></span> <span class='ocrx_word' id='word_1_577' title='bbox 1705 4263 1864 4318; x_wconf 89' lang='lat' dir='ltr'><strong>iidem</strong></span> <span class='ocrx_word' id='word_1_578' title='bbox 1899 4275 1952 4318; x_wconf 92' lang='lat' dir='ltr'><strong>et</strong></span> <span class='ocrx_word' id='word_1_579' title='bbox 1980 4263 2160 4333; x_wconf 89' lang='lat' dir='ltr'><strong>Bapti-</strong></span> 
     </span>
    </p>
   </div>
   <div class='ocr_carea' id='block_1_74' title="bbox 557 4356 2158 4428">
    <p class='ocr_par' dir='ltr' id='par_1_74' title="bbox 557 4356 2158 4428">
     <span class='ocr_line' id='line_1_74' title="bbox 557 4356 2158 4428; baseline -0.003 -12"><span class='ocrx_word' id='word_1_580' title='bbox 557 4365 657 4416; x_wconf 90' lang='lat' dir='ltr'><strong>smi</strong></span> <span class='ocrx_word' id='word_1_581' title='bbox 685 4359 1187 4424; x_wconf 77' lang='lat' dir='ltr'><strong>Sanetilicationetu,</strong></span> <span class='ocrx_word' id='word_1_582' title='bbox 1223 4367 1281 4410; x_wconf 87' lang='lat' dir='ltr'><strong>ul.</strong></span> <span class='ocrx_word' id='word_1_583' title='bbox 1310 4356 1636 4428; x_wconf 89' lang='lat' dir='ltr'><strong>quicumque</strong></span> <span class='ocrx_word' id='word_1_584' title='bbox 1664 4365 1718 4412; x_wconf 92' lang='lat' dir='ltr'><strong>et</strong></span> <span class='ocrx_word' id='word_1_585' title='bbox 1748 4357 2070 4427; x_wconf 88' lang='lat' dir='ltr'><strong>ubicumque</strong></span> <span class='ocrx_word' id='word_1_586' title='bbox 2103 4357 2158 4411; x_wconf 89' lang='lat' dir='ltr'><strong>itt</strong></span> 
     </span>
    </p>
   </div>
   <div class='ocr_carea' id='block_1_75' title="bbox 558 4453 2154 4525">
    <p class='ocr_par' dir='ltr' id='par_1_75' title="bbox 558 4453 2154 4525">
     <span class='ocr_line' id='line_1_75' title="bbox 558 4453 2154 4525; baseline -0.004 -13"><span class='ocrx_word' id='word_1_587' title='bbox 558 4459 773 4512; x_wconf 90' lang='lat' dir='ltr'><strong>nomine</strong></span> <span class='ocrx_word' id='word_1_588' title='bbox 797 4455 996 4511; x_wconf 85' lang='lat' dir='ltr'><strong>Christi</strong></span> <span class='ocrx_word' id='word_1_589' title='bbox 1024 4455 1321 4525; x_wconf 88' lang='lat' dir='ltr'><strong>baptizatus</strong></span> <span class='ocrx_word' id='word_1_590' title='bbox 1349 4453 1540 4519; x_wconf 81' lang='lat' dir='ltr'><strong>fuerit,</strong></span> <span class='ocrx_word' id='word_1_591' title='bbox 1572 4463 1936 4524; x_wconf 32' lang='lat' dir='ltr'><strong>cont—equatur</strong></span> <span class='ocrx_word' id='word_1_592' title='bbox 1973 4453 2154 4508; x_wconf 89' lang='lat' dir='ltr'><strong>statim</strong></span> 
     </span>
    </p>
   </div>
   <div class='ocr_carea' id='block_1_76' title="bbox 2280 3247 3885 3332">
    <p class='ocr_par' dir='ltr' id='par_1_76' title="bbox 2280 3247 3885 3332">
     <span class='ocr_line' id='line_1_76' title="bbox 2280 3247 3885 3332; baseline 0.012 -30"><span class='ocrx_word' id='word_1_593' title='bbox 2280 3258 2336 3302; x_wconf 91' lang='lat' dir='ltr'><strong>et</strong></span> <span class='ocrx_word' id='word_1_594' title='bbox 2362 3247 2720 3324; x_wconf 81' lang='lat' dir='ltr'><strong>Hieronymus</strong></span> <span class='ocrx_word' id='word_1_595' title='bbox 2743 3253 2843 3304; x_wconf 90' lang='lat' dir='ltr'><strong>sub</strong></span> <span class='ocrx_word' id='word_1_596' title='bbox 2866 3252 3026 3305; x_wconf 83' lang='lat' dir='ltr'><strong>linem</strong></span> <span class='ocrx_word' id='word_1_597' title='bbox 3051 3251 3246 3326; x_wconf 81' lang='lat' dir='ltr'><strong>dialogi</strong></span> <span class='ocrx_word' id='word_1_598' title='bbox 3275 3268 3463 3314; x_wconf 88' lang='lat' dir='ltr'><strong>contra</strong></span> <span class='ocrx_word' id='word_1_599' title='bbox 3492 3259 3885 3332; x_wconf 77' lang='lat' dir='ltr'><strong>Luciferianos,</strong></span> 
     </span>
    </p>
   </div>
   <div class='ocr_carea' id='block_1_77' title="bbox 2280 3340 3878 3428">
    <p class='ocr_par' dir='ltr' id='par_1_77' title="bbox 2280 3340 3878 3428">
     <span class='ocr_line' id='line_1_77' title="bbox 2280 3340 3878 3428; baseline 0.011 -32"><span class='ocrx_word' id='word_1_600' title='bbox 2280 3340 2552 3396; x_wconf 63' lang='lat' dir='ltr'><strong>Nicwttttttt</strong></span> <span class='ocrx_word' id='word_1_601' title='bbox 2584 3344 2908 3411; x_wconf 90' lang='lat' dir='ltr'><strong>concilium,</strong></span> <span class='ocrx_word' id='word_1_602' title='bbox 2939 3344 3028 3399; x_wconf 90' lang='lat' dir='ltr'><strong>ubi</strong></span> <span class='ocrx_word' id='word_1_603' title='bbox 3068 3347 3213 3402; x_wconf 90' lang='lat' dir='ltr'><strong>solos</strong></span> <span class='ocrx_word' id='word_1_604' title='bbox 3247 3348 3593 3408; x_wconf 87' lang='lat' dir='ltr'><strong>Panlianistas</strong></span> <span class='ocrx_word' id='word_1_605' title='bbox 3635 3359 3836 3428; x_wconf 78' lang='lat' dir='ltr'><strong>excipit</strong></span> <span class='ocrx_word' id='word_1_606' title='bbox 3858 3401 3878 3428; x_wconf 84' lang='lat'><strong>,</strong></span> 
     </span>
    </p>
   </div>
   <div class='ocr_carea' id='block_1_78' title="bbox 2279 3436 3876 3520">
    <p class='ocr_par' dir='ltr' id='par_1_78' title="bbox 2279 3436 3876 3520">
     <span class='ocr_line' id='line_1_78' title="bbox 2279 3436 3876 3520; baseline 0.012 -31"><span class='ocrx_word' id='word_1_607' title='bbox 2279 3444 2598 3491; x_wconf 63' lang='lat' dir='ltr'><strong>casterorum</strong></span> <span class='ocrx_word' id='word_1_608' title='bbox 2633 3436 3010 3493; x_wconf 70' lang='lat' dir='ltr'><strong>haereticorum</strong></span> <span class='ocrx_word' id='word_1_609' title='bbox 3036 3437 3310 3511; x_wconf 87' lang='lat' dir='ltr'><strong>Baptisma</strong></span> <span class='ocrx_word' id='word_1_610' title='bbox 3338 3447 3624 3515; x_wconf 79' lang='lat' dir='ltr'><strong>suscipere.</strong></span> <span class='ocrx_word' id='word_1_611' title='bbox 3647 3448 3876 3520; x_wconf 89' lang='lat' dir='ltr'><strong>Pr0pter</strong></span> 
     </span>
    </p>
   </div>
   <div class='ocr_carea' id='block_1_79' title="bbox 2278 3526 3873 3611">
    <p class='ocr_par' dir='ltr' id='par_1_79' title="bbox 2278 3526 3873 3611">
     <span class='ocr_line' id='line_1_79' title="bbox 2278 3526 3873 3611; baseline 0.014 -31"><span class='ocrx_word' id='word_1_612' title='bbox 2278 3526 2418 3582; x_wconf 89' lang='lat' dir='ltr'><strong>hanc</strong></span> <span class='ocrx_word' id='word_1_613' title='bbox 2444 3528 2602 3597; x_wconf 80' lang='lat' dir='ltr'><strong>igitur</strong></span> <span class='ocrx_word' id='word_1_614' title='bbox 2626 3533 2899 3586; x_wconf 87' lang='lat' dir='ltr'><strong>raritatem</strong></span> <span class='ocrx_word' id='word_1_615' title='bbox 2925 3549 3022 3589; x_wconf 94' lang='lat' dir='ltr'><strong>usu</strong></span> <span class='ocrx_word' id='word_1_616' title='bbox 3040 3536 3206 3600; x_wconf 88' lang='lat' dir='ltr'><strong>venit,</strong></span> <span class='ocrx_word' id='word_1_617' title='bbox 3224 3545 3280 3590; x_wconf 91' lang='lat' dir='ltr'><strong>ut</strong></span> <span class='ocrx_word' id='word_1_618' title='bbox 3307 3536 3491 3594; x_wconf 85' lang='lat' dir='ltr'><strong>Patres</strong></span> <span class='ocrx_word' id='word_1_619' title='bbox 3511 3539 3576 3594; x_wconf 92' lang='lat' dir='ltr'><strong>de</strong></span> <span class='ocrx_word' id='word_1_620' title='bbox 3597 3539 3873 3611; x_wconf 81' lang='lat' dir='ltr'><strong>Baptismo</strong></span> 
     </span>
    </p>
   </div>
   <div class='ocr_carea' id='block_1_80' title="bbox 2276 3620 3877 3703">
    <p class='ocr_par' dir='ltr' id='par_1_80' title="bbox 2276 3620 3877 3703">
     <span class='ocr_line' id='line_1_80' title="bbox 2276 3620 3877 3703; baseline 0.013 -31"><span class='ocrx_word' id='word_1_621' title='bbox 2276 3620 2651 3675; x_wconf 77' lang='lat' dir='ltr'><strong>luereticorum</strong></span> <span class='ocrx_word' id='word_1_622' title='bbox 2695 3623 3011 3694; x_wconf 89' lang='lat' dir='ltr'><strong>loquentes,</strong></span> <span class='ocrx_word' id='word_1_623' title='bbox 3045 3627 3112 3682; x_wconf 90' lang='lat' dir='ltr'><strong>de</strong></span> <span class='ocrx_word' id='word_1_624' title='bbox 3145 3627 3249 3682; x_wconf 92' lang='lat' dir='ltr'><strong>ulla</strong></span> <span class='ocrx_word' id='word_1_625' title='bbox 3294 3633 3609 3703; x_wconf 79' lang='lat' dir='ltr'><strong>exceptione</strong></span> <span class='ocrx_word' id='word_1_626' title='bbox 3634 3633 3877 3693; x_wconf 80' lang='lat' dir='ltr'><strong>facienda</strong></span> 
     </span>
    </p>
   </div>
   <div class='ocr_carea' id='block_1_81' title="bbox 2273 3712 3880 3798">
    <p class='ocr_par' dir='ltr' id='par_1_81' title="bbox 2273 3712 3880 3798">
     <span class='ocr_line' id='line_1_81' title="bbox 2273 3712 3880 3798; baseline 0.013 -33"><span class='ocrx_word' id='word_1_627' title='bbox 2273 3712 2405 3766; x_wconf 90' lang='lat' dir='ltr'><strong>nihil</strong></span> <span class='ocrx_word' id='word_1_628' title='bbox 2436 3729 2654 3784; x_wconf 68' lang='lat' dir='ltr'><strong>prorsm</strong></span> <span class='ocrx_word' id='word_1_629' title='bbox 2676 3717 3468 3787; x_wconf 85' lang='lat' dir='ltr'><strong>Cogitarint.Quemadmodum</strong></span> <span class='ocrx_word' id='word_1_630' title='bbox 3495 3725 3803 3798; x_wconf 88' lang='lat' dir='ltr'><strong>Stephanus</strong></span> <span class='ocrx_word' id='word_1_631' title='bbox 3825 3730 3880 3786; x_wconf 89' lang='lat' dir='ltr'><strong>in</strong></span> 
     </span>
    </p>
   </div>
   <div class='ocr_carea' id='block_1_82' title="bbox 2272 3806 3881 3891">
    <p class='ocr_par' dir='ltr' id='par_1_82' title="bbox 2272 3806 3881 3891">
     <span class='ocr_line' id='line_1_82' title="bbox 2272 3806 3881 3891; baseline 0.011 -29"><span class='ocrx_word' id='word_1_632' title='bbox 2272 3806 2512 3878; x_wconf 85' lang='lat' dir='ltr'><strong>Epistola</strong></span> <span class='ocrx_word' id='word_1_633' title='bbox 2534 3807 2828 3865; x_wconf 83' lang='lat' dir='ltr'><strong>Firmiliani</strong></span> <span class='ocrx_word' id='word_1_634' title='bbox 2851 3814 3364 3882; x_wconf 74' lang='lat' dir='ltr'><strong>generatimdixisse</strong></span> <span class='ocrx_word' id='word_1_635' title='bbox 3391 3829 3661 3874; x_wconf 88' lang='lat' dir='ltr'><strong>narratur.</strong></span> <span class='ocrx_word' id='word_1_636' title='bbox 3691 3841 3708 3872; x_wconf 73' lang='grc' dir='ltr'><strong><em>ι</em></strong></span> <span class='ocrx_word' id='word_1_637' title='bbox 3739 3823 3881 3891; x_wconf 86' lang='lat' dir='ltr'><strong>Quid</strong></span> 
     </span>
    </p>
   </div>
   <div class='ocr_carea' id='block_1_83' title="bbox 2270 3901 3878 3975">
    <p class='ocr_par' dir='ltr' id='par_1_83' title="bbox 2270 3901 3878 3975">
     <span class='ocr_line' id='line_1_83' title="bbox 2270 3901 3878 3975; baseline 0.012 -20"><span class='ocrx_word' id='word_1_638' title='bbox 2270 3917 2399 3973; x_wconf 87' lang='lat' dir='ltr'><strong>ergo</strong></span> <span class='ocrx_word' id='word_1_639' title='bbox 2431 3902 2522 3956; x_wconf 85' lang='lat' dir='ltr'><strong>ﬂet</strong></span> <span class='ocrx_word' id='word_1_640' title='bbox 2550 3901 2617 3958; x_wconf 91' lang='lat' dir='ltr'><strong>de</strong></span> <span class='ocrx_word' id='word_1_641' title='bbox 2644 3903 2706 3957; x_wconf 93' lang='lat' dir='ltr'><strong>iis</strong></span> <span class='ocrx_word' id='word_1_642' title='bbox 2734 3906 2824 3975; x_wconf 91' lang='lat' dir='ltr'><strong>qui</strong></span> <span class='ocrx_word' id='word_1_643' title='bbox 2847 3907 2914 3962; x_wconf 87' lang='lat' dir='ltr'><strong>ab</strong></span> <span class='ocrx_word' id='word_1_644' title='bbox 2947 3906 3140 3964; x_wconf 66' lang='lat' dir='ltr'><strong>hicresi</strong></span> <span class='ocrx_word' id='word_1_645' title='bbox 3163 3913 3443 3967; x_wconf 88' lang='lat' dir='ltr'><strong>venientes</strong></span> <span class='ocrx_word' id='word_1_646' title='bbox 3468 3915 3586 3970; x_wconf 90' lang='lat' dir='ltr'><strong>sine</strong></span> <span class='ocrx_word' id='word_1_647' title='bbox 3618 3916 3878 3975; x_wconf 74' lang='lat' dir='ltr'><strong>Ecclesia:</strong></span> 
     </span>
    </p>
   </div>
   <div class='ocr_carea' id='block_1_84' title="bbox 2269 3995 3873 4080">
    <p class='ocr_par' dir='ltr' id='par_1_84' title="bbox 2269 3995 3873 4080">
     <span class='ocr_line' id='line_1_84' title="bbox 2269 3995 3873 4080; baseline 0.011 -30"><span class='ocrx_word' id='word_1_648' title='bbox 2269 3995 2542 4066; x_wconf 83' lang='lat' dir='ltr'><strong>Baptismo</strong></span> <span class='ocrx_word' id='word_1_649' title='bbox 2561 4001 2794 4070; x_wconf 81' lang='lat' dir='ltr'><strong>suscepti</strong></span> <span class='ocrx_word' id='word_1_650' title='bbox 2817 4002 2976 4055; x_wconf 90' lang='lat' dir='ltr'><strong>sunt?</strong></span> <span class='ocrx_word' id='word_1_651' title='bbox 3005 4021 3022 4051; x_wconf 77' lang='grc' dir='ltr'><strong><em>ι</em></strong></span> <span class='ocrx_word' id='word_1_652' title='bbox 3052 4003 3120 4057; x_wconf 92' lang='lat' dir='ltr'><strong>ita</strong></span> <span class='ocrx_word' id='word_1_653' title='bbox 3139 4014 3191 4058; x_wconf 91' lang='lat' dir='ltr'><strong>et</strong></span> <span class='ocrx_word' id='word_1_654' title='bbox 3212 4005 3568 4080; x_wconf 82' lang='lat' dir='ltr'><strong>Hieronymus</strong></span> <span class='ocrx_word' id='word_1_655' title='bbox 3589 4011 3690 4065; x_wconf 90' lang='lat' dir='ltr'><strong>sub</strong></span> <span class='ocrx_word' id='word_1_656' title='bbox 3713 4011 3873 4068; x_wconf 80' lang='lat' dir='ltr'><strong>finem</strong></span> 
     </span>
    </p>
   </div>
   <div class='ocr_carea' id='block_1_85' title="bbox 2269 4088 3875 4170">
    <p class='ocr_par' dir='ltr' id='par_1_85' title="bbox 2269 4088 3875 4170">
     <span class='ocr_line' id='line_1_85' title="bbox 2269 4088 3875 4170; baseline 0.013 -29"><span class='ocrx_word' id='word_1_657' title='bbox 2269 4088 2462 4158; x_wconf 84' lang='lat' dir='ltr'><strong>dialogi</strong></span> <span class='ocrx_word' id='word_1_658' title='bbox 2489 4105 2612 4144; x_wconf 82' lang='lat' dir='ltr'><strong>mox</strong></span> <span class='ocrx_word' id='word_1_659' title='bbox 2643 4090 2767 4146; x_wconf 90' lang='lat' dir='ltr'><strong>dicti</strong></span> <span class='ocrx_word' id='word_1_660' title='bbox 2795 4091 2890 4160; x_wconf 90' lang='lat' dir='ltr'><strong>ait,</strong></span> <span class='ocrx_word' id='word_1_661' title='bbox 2928 4111 2945 4144; x_wconf 74' lang='grc' dir='ltr'>ι</span> <span class='ocrx_word' id='word_1_662' title='bbox 2977 4092 3270 4151; x_wconf 73' lang='lat' dir='ltr'><strong>llacreticos</strong></span> <span class='ocrx_word' id='word_1_663' title='bbox 3299 4115 3328 4152; x_wconf 90' lang='lat' dir='ltr'><strong>a</strong></span> <span class='ocrx_word' id='word_1_664' title='bbox 3353 4101 3649 4170; x_wconf 85' lang='lat' dir='ltr'><strong>majoribus</strong></span> <span class='ocrx_word' id='word_1_665' title='bbox 3674 4108 3875 4162; x_wconf 88' lang='lat' dir='ltr'><strong>nostris</strong></span> 
     </span>
    </p>
   </div>
   <div class='ocr_carea' id='block_1_86' title="bbox 2265 4182 3873 4267">
    <p class='ocr_par' dir='ltr' id='par_1_86' title="bbox 2265 4182 3873 4267">
     <span class='ocr_line' id='line_1_86' title="bbox 2265 4182 3873 4267; baseline 0.011 -29"><span class='ocrx_word' id='word_1_666' title='bbox 2265 4197 2481 4252; x_wconf 89' lang='lat' dir='ltr'><strong>semper</strong></span> <span class='ocrx_word' id='word_1_667' title='bbox 2511 4182 2674 4239; x_wconf 85' lang='lat' dir='ltr'><strong>fuisse</strong></span> <span class='ocrx_word' id='word_1_668' title='bbox 2696 4197 2994 4256; x_wconf 87' lang='lat' dir='ltr'><strong>susceptos,</strong></span> <span class='ocrx_word' id='word_1_669' title='bbox 3021 4197 3077 4243; x_wconf 94' lang='lat' dir='ltr'><strong>et</strong></span> <span class='ocrx_word' id='word_1_670' title='bbox 3107 4189 3402 4246; x_wconf 75' lang='lat' dir='ltr'><strong>Ecclesium</strong></span> <span class='ocrx_word' id='word_1_671' title='bbox 3426 4210 3642 4267; x_wconf 89' lang='lat' dir='ltr'><strong>semper</strong></span> <span class='ocrx_word' id='word_1_672' title='bbox 3669 4199 3736 4253; x_wconf 90' lang='lat' dir='ltr'><strong>ab</strong></span> <span class='ocrx_word' id='word_1_673' title='bbox 3762 4199 3873 4256; x_wconf 64' lang='lat' dir='ltr'><strong>bte-</strong></span> 
     </span>
    </p>
   </div>
   <div class='ocr_carea' id='block_1_87' title="bbox 2265 4276 3870 4362">
    <p class='ocr_par' dir='ltr' id='par_1_87' title="bbox 2265 4276 3870 4362">
     <span class='ocr_line' id='line_1_87' title="bbox 2265 4276 3870 4362; baseline 0.012 -32"><span class='ocrx_word' id='word_1_674' title='bbox 2265 4276 2447 4332; x_wconf 88' lang='lat' dir='ltr'><strong>reticis</strong></span> <span class='ocrx_word' id='word_1_675' title='bbox 2479 4276 2807 4346; x_wconf 86' lang='lat' dir='ltr'><strong>Baptismum</strong></span> <span class='ocrx_word' id='word_1_676' title='bbox 2836 4282 3161 4351; x_wconf 82' lang='lat' dir='ltr'><strong>suscepisse.</strong></span> <span class='ocrx_word' id='word_1_677' title='bbox 3202 4303 3220 4335; x_wconf 74' lang='grc' dir='ltr'><strong><em>ι</em></strong></span> <span class='ocrx_word' id='word_1_678' title='bbox 3255 4283 3364 4341; x_wconf 80' lang='lat' dir='ltr'><strong>Nec</strong></span> <span class='ocrx_word' id='word_1_679' title='bbox 3409 4288 3588 4344; x_wconf 89' lang='lat' dir='ltr'><strong>ntinus</strong></span> <span class='ocrx_word' id='word_1_680' title='bbox 3614 4294 3870 4362; x_wconf 86' lang='lat' dir='ltr'><strong>generale</strong></span> 
     </span>
    </p>
   </div>
   <div class='ocr_carea' id='block_1_88' title="bbox 2264 4371 3866 4456">
    <p class='ocr_par' dir='ltr' id='par_1_88' title="bbox 2264 4371 3866 4456">
     <span class='ocr_line' id='line_1_88' title="bbox 2264 4371 3866 4456; baseline 0.011 -32"><span class='ocrx_word' id='word_1_681' title='bbox 2264 4380 2345 4425; x_wconf 88' lang='lat' dir='ltr'><strong>est</strong></span> <span class='ocrx_word' id='word_1_682' title='bbox 2365 4371 2560 4426; x_wconf 90' lang='lat' dir='ltr'><strong>Leonis</strong></span> <span class='ocrx_word' id='word_1_683' title='bbox 2583 4371 2856 4427; x_wconf 86' lang='lat' dir='ltr'><strong>decretum</strong></span> <span class='ocrx_word' id='word_1_684' title='bbox 2879 4390 2973 4430; x_wconf 88' lang='lat' dir='ltr'><strong>seu</strong></span> <span class='ocrx_word' id='word_1_685' title='bbox 2997 4376 3047 4430; x_wconf 95' lang='lat' dir='ltr'><strong>in</strong></span> <span class='ocrx_word' id='word_1_686' title='bbox 3075 4377 3308 4448; x_wconf 79' lang='lat' dir='ltr'><strong>Epistola</strong></span> <span class='ocrx_word' id='word_1_687' title='bbox 3332 4395 3487 4436; x_wconf 79' lang='lat' dir='ltr'><strong>cxux</strong></span> <span class='ocrx_word' id='word_1_688' title='bbox 3510 4383 3577 4437; x_wconf 86' lang='lat' dir='ltr'><strong>ad</strong></span> <span class='ocrx_word' id='word_1_689' title='bbox 3600 4383 3866 4456; x_wconf 86' lang='lat' dir='ltr'><strong>Nicetam,</strong></span> 
     </span>
    </p>
   </div>
   <div class='ocr_carea' id='block_1_89' title="bbox 2261 4466 3864 4549">
    <p class='ocr_par' dir='ltr' id='par_1_89' title="bbox 2261 4466 3864 4549">
     <span class='ocr_line' id='line_1_89' title="bbox 2261 4466 3864 4549; baseline 0.011 -31"><span class='ocrx_word' id='word_1_690' title='bbox 2261 4480 2381 4535; x_wconf 86' lang='lat' dir='ltr'><strong>cap.</strong></span> <span class='ocrx_word' id='word_1_691' title='bbox 2409 4466 2442 4519; x_wconf 89' lang='lat'><strong>7</strong></span> <span class='ocrx_word' id='word_1_692' title='bbox 2473 4483 2484 4518; x_wconf 91' lang='lat'>:</span> <span class='ocrx_word' id='word_1_693' title='bbox 2521 4485 2537 4515; x_wconf 86' lang='grc'><strong><em>‹</em></strong></span> <span class='ocrx_word' id='word_1_694' title='bbox 2577 4466 2678 4534; x_wconf 91' lang='lat' dir='ltr'><strong>Qui</strong></span> <span class='ocrx_word' id='word_1_695' title='bbox 2717 4466 3045 4538; x_wconf 84' lang='lat' dir='ltr'><strong>Baptismum</strong></span> <span class='ocrx_word' id='word_1_696' title='bbox 3087 4472 3156 4526; x_wconf 90' lang='lat' dir='ltr'><strong>ab</strong></span> <span class='ocrx_word' id='word_1_697' title='bbox 3195 4472 3461 4530; x_wconf 74' lang='lat' dir='ltr'><strong>haereticis</strong></span> <span class='ocrx_word' id='word_1_698' title='bbox 3495 4489 3864 4549; x_wconf 87' lang='lat' dir='ltr'><strong>acceperunt,</strong></span> 
     </span>
    </p>
   </div>
   <div class='ocr_carea' id='block_1_90' title="bbox 553 4545 3864 4639">
    <p class='ocr_par' dir='ltr' id='par_1_90' title="bbox 553 4545 3864 4639">
     <span class='ocr_line' id='line_1_90' title="bbox 553 4545 3864 4639; baseline 0.005 -35"><span class='ocrx_word' id='word_1_699' title='bbox 553 4551 778 4622; x_wconf 80' lang='lat' dir='ltr'><strong>gratiam</strong></span> <span class='ocrx_word' id='word_1_700' title='bbox 814 4549 1033 4604; x_wconf 84' lang='lat' dir='ltr'><strong>Christi.</strong></span> <span class='ocrx_word' id='word_1_701' title='bbox 1074 4567 1094 4600; x_wconf 76' lang='grc' dir='ltr'>ι</span> <span class='ocrx_word' id='word_1_702' title='bbox 1125 4547 1284 4604; x_wconf 89' lang='lat' dir='ltr'><strong>Certe</strong></span> <span class='ocrx_word' id='word_1_703' title='bbox 1323 4547 1412 4618; x_wconf 90' lang='lat' dir='ltr'><strong>qui</strong></span> <span class='ocrx_word' id='word_1_704' title='bbox 1459 4554 1624 4604; x_wconf 86' lang='lat' dir='ltr'><strong>totam</strong></span> <span class='ocrx_word' id='word_1_705' title='bbox 1667 4546 1925 4616; x_wconf 82' lang='lat' dir='ltr'><strong>Baptismi</strong></span> <span class='ocrx_word' id='word_1_706' title='bbox 1967 4545 2152 4601; x_wconf 71' lang='lat' dir='ltr'><strong>el’lica-</strong></span> <span class='ocrx_word' id='word_1_707' title='bbox 2177 4579 2231 4639; x_wconf 73' lang='grc' dir='ltr'><strong>Ι)</strong></span> <span class='ocrx_word' id='word_1_708' title='bbox 2259 4573 2380 4612; x_wconf 77' lang='lat' dir='ltr'><strong>cum</strong></span> <span class='ocrx_word' id='word_1_709' title='bbox 2427 4567 2583 4613; x_wconf 81' lang='lat' dir='ltr'><strong>antea</strong></span> <span class='ocrx_word' id='word_1_710' title='bbox 2626 4560 2876 4631; x_wconf 83' lang='lat' dir='ltr'><strong>baptizati</strong></span> <span class='ocrx_word' id='word_1_711' title='bbox 2929 4580 3033 4618; x_wconf 92' lang='lat' dir='ltr'><strong>non</strong></span> <span class='ocrx_word' id='word_1_712' title='bbox 3067 4564 3325 4634; x_wconf 75' lang='lat' dir='ltr'><strong>fuissent,</strong></span> <span class='ocrx_word' id='word_1_713' title='bbox 3367 4569 3480 4624; x_wconf 85' lang='lat' dir='ltr'><strong>sola</strong></span> <span class='ocrx_word' id='word_1_714' title='bbox 3522 4545 3864 4629; x_wconf 61' lang='grc' dir='ltr'><strong>ἰιινᾲαιιῑοιιέ</strong></span> 
     </span>
    </p>
   </div>
   <div class='ocr_carea' id='block_1_91' title="bbox 552 4639 2152 4708">
    <p class='ocr_par' dir='ltr' id='par_1_91' title="bbox 552 4639 2152 4708">
     <span class='ocr_line' id='line_1_91' title="bbox 552 4639 2152 4708; baseline -0.003 -11"><span class='ocrx_word' id='word_1_715' title='bbox 552 4646 688 4698; x_wconf 86' lang='lat' dir='ltr'><strong>ciam</strong></span> <span class='ocrx_word' id='word_1_716' title='bbox 735 4641 938 4696; x_wconf 87' lang='lat' dir='ltr'><strong>Christi</strong></span> <span class='ocrx_word' id='word_1_717' title='bbox 977 4641 1162 4695; x_wconf 87' lang='lat' dir='ltr'><strong>virtuti</strong></span> <span class='ocrx_word' id='word_1_718' title='bbox 1215 4639 1499 4708; x_wconf 86' lang='lat' dir='ltr'><strong>attribuit,</strong></span> <span class='ocrx_word' id='word_1_719' title='bbox 1530 4639 1736 4694; x_wconf 84' lang='lat' dir='ltr'><strong>nullum</strong></span> <span class='ocrx_word' id='word_1_720' title='bbox 1777 4648 1968 4695; x_wconf 85' lang='lat' dir='ltr'><strong>censet</strong></span> <span class='ocrx_word' id='word_1_721' title='bbox 2007 4640 2152 4694; x_wconf 82' lang='lat' dir='ltr'><strong>illius</strong></span> 
     </span>
    </p>
   </div>
   <div class='ocr_carea' id='block_1_92' title="bbox 549 4730 2149 4801">
    <p class='ocr_par' dir='ltr' id='par_1_92' title="bbox 549 4730 2149 4801">
     <span class='ocr_line' id='line_1_92' title="bbox 549 4730 2149 4801; baseline -0.002 -11"><span class='ocrx_word' id='word_1_722' title='bbox 549 4735 812 4801; x_wconf 77' lang='lat' dir='ltr'><strong>fructum,</strong></span> <span class='ocrx_word' id='word_1_723' title='bbox 851 4733 897 4787; x_wconf 87' lang='lat' dir='ltr'><strong>si</strong></span> <span class='ocrx_word' id='word_1_724' title='bbox 934 4731 1134 4786; x_wconf 80' lang='lat' dir='ltr'><strong>ChriSti</strong></span> <span class='ocrx_word' id='word_1_725' title='bbox 1191 4747 1388 4788; x_wconf 91' lang='lat' dir='ltr'><strong>nomen</strong></span> <span class='ocrx_word' id='word_1_726' title='bbox 1431 4732 1482 4786; x_wconf 89' lang='lat' dir='ltr'><strong>ei</strong></span> <span class='ocrx_word' id='word_1_727' title='bbox 1536 4730 1791 4787; x_wconf 78' lang='lat' dir='ltr'><strong>defuerit.</strong></span> <span class='ocrx_word' id='word_1_728' title='bbox 1838 4730 1995 4787; x_wconf 90' lang='lat' dir='ltr'><strong>Unde</strong></span> <span class='ocrx_word' id='word_1_729' title='bbox 2041 4748 2149 4787; x_wconf 80' lang='lat' dir='ltr'><strong>non</strong></span> 
     </span>
    </p>
   </div>
   <div class='ocr_carea' id='block_1_93' title="bbox 549 4827 2148 4899">
    <p class='ocr_par' dir='ltr' id='par_1_93' title="bbox 549 4827 2148 4899">
     <span class='ocr_line' id='line_1_93' title="bbox 549 4827 2148 4899; baseline -0.003 -13"><span class='ocrx_word' id='word_1_730' title='bbox 549 4845 764 4886; x_wconf 88' lang='lat' dir='ltr'><strong>omnem</strong></span> <span class='ocrx_word' id='word_1_731' title='bbox 795 4828 1143 4899; x_wconf 89' lang='lat' dir='ltr'><strong>Baptismum,</strong></span> <span class='ocrx_word' id='word_1_732' title='bbox 1175 4827 1268 4881; x_wconf 89' lang='lat' dir='ltr'><strong>sed</strong></span> <span class='ocrx_word' id='word_1_733' title='bbox 1296 4842 1417 4880; x_wconf 86' lang='lat' dir='ltr'><strong>eum</strong></span> <span class='ocrx_word' id='word_1_734' title='bbox 1447 4836 1674 4890; x_wconf 75' lang='lat' dir='ltr'><strong>tantum,</strong></span> <span class='ocrx_word' id='word_1_735' title='bbox 1709 4827 1796 4896; x_wconf 91' lang='lat' dir='ltr'><strong>qui</strong></span> <span class='ocrx_word' id='word_1_736' title='bbox 1821 4827 2018 4881; x_wconf 85' lang='lat' dir='ltr'><strong>Christi</strong></span> <span class='ocrx_word' id='word_1_737' title='bbox 2049 4842 2148 4882; x_wconf 86' lang='lat' dir='ltr'><strong>no-</strong></span> 
     </span>
    </p>
   </div>
   <div class='ocr_carea' id='block_1_94' title="bbox 547 4917 2146 4988">
    <p class='ocr_par' dir='ltr' id='par_1_94' title="bbox 547 4917 2146 4988">
     <span class='ocr_line' id='line_1_94' title="bbox 547 4917 2146 4988; baseline -0.004 -10"><span class='ocrx_word' id='word_1_738' title='bbox 547 4926 694 4979; x_wconf 87' lang='lat' dir='ltr'><strong>mine</strong></span> <span class='ocrx_word' id='word_1_739' title='bbox 720 4932 774 4980; x_wconf 88' lang='lat' dir='ltr'><strong>et</strong></span> <span class='ocrx_word' id='word_1_740' title='bbox 801 4923 1115 4976; x_wconf 85' lang='lat' dir='ltr'><strong>auctoritate</strong></span> <span class='ocrx_word' id='word_1_741' title='bbox 1135 4918 1364 4974; x_wconf 87' lang='lat' dir='ltr'><strong>collatus</strong></span> <span class='ocrx_word' id='word_1_742' title='bbox 1384 4922 1473 4984; x_wconf 85' lang='lat' dir='ltr'><strong>sit,</strong></span> <span class='ocrx_word' id='word_1_743' title='bbox 1502 4935 1531 4973; x_wconf 87' lang='lat' dir='ltr'><strong>a</strong></span> <span class='ocrx_word' id='word_1_744' title='bbox 1559 4917 1834 4988; x_wconf 84' lang='lat' dir='ltr'><strong>Stephano</strong></span> <span class='ocrx_word' id='word_1_745' title='bbox 1854 4918 2146 4974; x_wconf 87' lang='lat' dir='ltr'><strong>admissum</strong></span> 
     </span>
    </p>
   </div>
   <div class='ocr_carea' id='block_1_95' title="bbox 547 5010 2146 5079">
    <p class='ocr_par' dir='ltr' id='par_1_95' title="bbox 547 5010 2146 5079">
     <span class='ocr_line' id='line_1_95' title="bbox 547 5010 2146 5079; baseline -0.003 -9"><span class='ocrx_word' id='word_1_746' title='bbox 547 5030 667 5070; x_wconf 82' lang='lat' dir='ltr'><strong>esse</strong></span> <span class='ocrx_word' id='word_1_747' title='bbox 697 5013 996 5070; x_wconf 81' lang='lat' dir='ltr'><strong>coniicitur.</strong></span> <span class='ocrx_word' id='word_1_748' title='bbox 1033 5011 1230 5066; x_wconf 81' lang='lat' dir='ltr'><strong>Eadem</strong></span> <span class='ocrx_word' id='word_1_749' title='bbox 1263 5010 1423 5079; x_wconf 72' lang='lat' dir='ltr'><strong>Papae</strong></span> <span class='ocrx_word' id='word_1_750' title='bbox 1452 5011 1612 5078; x_wconf 81' lang='lat' dir='ltr'><strong>hujus</strong></span> <span class='ocrx_word' id='word_1_751' title='bbox 1643 5011 1804 5065; x_wconf 84' lang='lat' dir='ltr'><strong>verba</strong></span> <span class='ocrx_word' id='word_1_752' title='bbox 1837 5011 1964 5066; x_wconf 87' lang='lat' dir='ltr'><strong>dum</strong></span> <span class='ocrx_word' id='word_1_753' title='bbox 1998 5010 2146 5067; x_wconf 80' lang='lat' dir='ltr'><strong>refu-</strong></span> 
     </span>
    </p>
   </div>
   <div class='ocr_carea' id='block_1_96' title="bbox 549 5106 2144 5181">
    <p class='ocr_par' dir='ltr' id='par_1_96' title="bbox 549 5106 2144 5181">
     <span class='ocr_line' id='line_1_96' title="bbox 549 5106 2144 5181; baseline -0.001 -17"><span class='ocrx_word' id='word_1_754' title='bbox 549 5119 659 5165; x_wconf 74' lang='lat' dir='ltr'><strong>tare</strong></span> <span class='ocrx_word' id='word_1_755' title='bbox 687 5107 992 5181; x_wconf 71' lang='lat' dir='ltr'><strong>aggreditur</strong></span> <span class='ocrx_word' id='word_1_756' title='bbox 1016 5106 1350 5178; x_wconf 72' lang='lat' dir='ltr'><strong>Cyprianus,</strong></span> <span class='ocrx_word' id='word_1_757' title='bbox 1384 5106 1484 5161; x_wconf 88' lang='lat' dir='ltr'><strong>hoc</strong></span> <span class='ocrx_word' id='word_1_758' title='bbox 1516 5106 1792 5162; x_wconf 87' lang='lat' dir='ltr'><strong>intellectu</strong></span> <span class='ocrx_word' id='word_1_759' title='bbox 1836 5107 1978 5161; x_wconf 82' lang='lat' dir='ltr'><strong>dicta</strong></span> <span class='ocrx_word' id='word_1_760' title='bbox 2023 5121 2144 5162; x_wconf 85' lang='lat' dir='ltr'><strong>esse</strong></span> 
     </span>
    </p>
   </div>
   <div class='ocr_carea' id='block_1_97' title="bbox 541 5197 2143 5267">
    <p class='ocr_par' dir='ltr' id='par_1_97' title="bbox 541 5197 2143 5267">
     <span class='ocr_line' id='line_1_97' title="bbox 541 5197 2143 5267; baseline -0.002 -9"><span class='ocrx_word' id='word_1_761' title='bbox 541 5203 827 5258; x_wconf 81' lang='lat' dir='ltr'><strong>continuat</strong></span> <span class='ocrx_word' id='word_1_762' title='bbox 865 5201 918 5255; x_wconf 91' lang='lat' dir='ltr'><strong>in</strong></span> <span class='ocrx_word' id='word_1_763' title='bbox 962 5200 1102 5254; x_wconf 86' lang='lat' dir='ltr'><strong>hunc</strong></span> <span class='ocrx_word' id='word_1_764' title='bbox 1141 5197 1360 5252; x_wconf 86' lang='lat' dir='ltr'><strong>modum</strong></span> <span class='ocrx_word' id='word_1_765' title='bbox 1391 5217 1406 5254; x_wconf 90' lang='lat'><strong>:</strong></span> <span class='ocrx_word' id='word_1_766' title='bbox 1436 5217 1456 5250; x_wconf 71' lang='grc' dir='ltr'><strong>ε</strong></span> <span class='ocrx_word' id='word_1_767' title='bbox 1502 5199 1557 5254; x_wconf 86' lang='lat' dir='ltr'><strong>Si</strong></span> <span class='ocrx_word' id='word_1_768' title='bbox 1589 5199 1842 5254; x_wconf 83' lang='lat' dir='ltr'><strong>ell&#39;eetum</strong></span> <span class='ocrx_word' id='word_1_769' title='bbox 1883 5199 2143 5267; x_wconf 86' lang='lat' dir='ltr'><strong>Baptisml</strong></span> 
     </span>
    </p>
   </div>
   <div class='ocr_carea' id='block_1_98' title="bbox 543 5291 2140 5365">
    <p class='ocr_par' dir='ltr' id='par_1_98' title="bbox 543 5291 2140 5365">
     <span class='ocr_line' id='line_1_98' title="bbox 543 5291 2140 5365; baseline -0.004 -11"><span class='ocrx_word' id='word_1_770' title='bbox 543 5295 810 5365; x_wconf 80' lang='lat' dir='ltr'><strong>tnajestati</strong></span> <span class='ocrx_word' id='word_1_771' title='bbox 846 5292 1082 5349; x_wconf 85' lang='lat' dir='ltr'><strong>nominis</strong></span> <span class='ocrx_word' id='word_1_772' title='bbox 1125 5291 1402 5357; x_wconf 84' lang='lat' dir='ltr'><strong>tribuunt,</strong></span> <span class='ocrx_word' id='word_1_773' title='bbox 1448 5292 1623 5360; x_wconf 91' lang='lat' dir='ltr'><strong>utqui</strong></span> <span class='ocrx_word' id='word_1_774' title='bbox 1654 5292 1708 5346; x_wconf 85' lang='lat' dir='ltr'><strong>in</strong></span> <span class='ocrx_word' id='word_1_775' title='bbox 1755 5292 1972 5347; x_wconf 88' lang='lat' dir='ltr'><strong>nomine</strong></span> <span class='ocrx_word' id='word_1_776' title='bbox 2012 5293 2140 5348; x_wconf 85' lang='lat' dir='ltr'><strong>Jesu</strong></span> 
     </span>
    </p>
   </div>
   <div class='ocr_carea' id='block_1_99' title="bbox 539 5387 2137 5460">
    <p class='ocr_par' dir='ltr' id='par_1_99' title="bbox 539 5387 2137 5460">
     <span class='ocr_line' id='line_1_99' title="bbox 539 5387 2137 5460; baseline -0.002 -12"><span class='ocrx_word' id='word_1_777' title='bbox 539 5391 735 5448; x_wconf 86' lang='lat' dir='ltr'><strong>Christi</strong></span> <span class='ocrx_word' id='word_1_778' title='bbox 777 5389 1100 5458; x_wconf 86' lang='lat' dir='ltr'><strong>ubicumque</strong></span> <span class='ocrx_word' id='word_1_779' title='bbox 1138 5397 1194 5442; x_wconf 90' lang='lat' dir='ltr'><strong>et</strong></span> <span class='ocrx_word' id='word_1_780' title='bbox 1236 5387 1746 5458; x_wconf 86' lang='lat' dir='ltr'><strong>quomodocumque</strong></span> <span class='ocrx_word' id='word_1_781' title='bbox 1775 5387 2137 5460; x_wconf 79' lang='lat' dir='ltr'><strong>baptizantur,</strong></span> 
     </span>
    </p>
   </div>
   <div class='ocr_carea' id='block_1_100' title="bbox 535 5482 2138 5556">
    <p class='ocr_par' dir='ltr' id='par_1_100' title="bbox 535 5482 2138 5556">
     <span class='ocr_line' id='line_1_100' title="bbox 535 5482 2138 5556; baseline 0 -16"><span class='ocrx_word' id='word_1_782' title='bbox 535 5484 774 5544; x_wconf 80' lang='lat' dir='ltr'><strong>innovati</strong></span> <span class='ocrx_word' id='word_1_783' title='bbox 803 5495 854 5537; x_wconf 89' lang='lat' dir='ltr'><strong>ot</strong></span> <span class='ocrx_word' id='word_1_784' title='bbox 884 5484 1199 5538; x_wconf 86' lang='lat' dir='ltr'><strong>sanctilicati</strong></span> <span class='ocrx_word' id='word_1_785' title='bbox 1238 5482 1587 5551; x_wconf 76' lang='lat' dir='ltr'><strong>iudicentur;</strong></span> <span class='ocrx_word' id='word_1_786' title='bbox 1619 5497 1718 5538; x_wconf 90' lang='lat' dir='ltr'><strong>cur</strong></span> <span class='ocrx_word' id='word_1_787' title='bbox 1759 5499 1867 5540; x_wconf 93' lang='lat' dir='ltr'><strong>non</strong></span> <span class='ocrx_word' id='word_1_788' title='bbox 1911 5484 1963 5538; x_wconf 90' lang='lat' dir='ltr'><strong>in</strong></span> <span class='ocrx_word' id='word_1_789' title='bbox 1991 5485 2138 5556; x_wconf 89' lang='lat' dir='ltr'><strong>ejus-</strong></span> 
     </span>
    </p>
   </div>
   <div class='ocr_carea' id='block_1_101' title="bbox 532 5575 2139 5649">
    <p class='ocr_par' dir='ltr' id='par_1_101' title="bbox 532 5575 2139 5649">
     <span class='ocr_line' id='line_1_101' title="bbox 532 5575 2139 5649; baseline -0.001 -15"><span class='ocrx_word' id='word_1_790' title='bbox 532 5581 658 5634; x_wconf 88' lang='lat' dir='ltr'><strong>dem</strong></span> <span class='ocrx_word' id='word_1_791' title='bbox 670 5575 870 5632; x_wconf 88' lang='lat' dir='ltr'><strong>Christi</strong></span> <span class='ocrx_word' id='word_1_792' title='bbox 896 5577 1114 5632; x_wconf 87' lang='lat' dir='ltr'><strong>nomine</strong></span> <span class='ocrx_word' id='word_1_793' title='bbox 1138 5576 1248 5631; x_wconf 89' lang='lat' dir='ltr'><strong>illic</strong></span> <span class='ocrx_word' id='word_1_794' title='bbox 1269 5585 1322 5633; x_wconf 87' lang='lat' dir='ltr'><strong>et</strong></span> <span class='ocrx_word' id='word_1_795' title='bbox 1340 5591 1532 5631; x_wconf 75' lang='lat' dir='ltr'><strong>manus</strong></span> <span class='ocrx_word' id='word_1_796' title='bbox 1559 5576 1830 5647; x_wconf 74' lang='lat' dir='ltr'><strong>baptizata</strong></span> <span class='ocrx_word' id='word_1_797' title='bbox 1846 5579 2139 5649; x_wconf 82' lang='lat' dir='ltr'><strong>imponitur</strong></span> 
     </span>
    </p>
   </div>
   <div class='ocr_carea' id='block_1_102' title="bbox 526 5667 2138 5744">
    <p class='ocr_par' dir='ltr' id='par_1_102' title="bbox 526 5667 2138 5744">
     <span class='ocr_line' id='line_1_102' title="bbox 526 5667 2138 5744; baseline 0.007 -24"><span class='ocrx_word' id='word_1_798' title='bbox 526 5671 599 5727; x_wconf 79' lang='lat' dir='ltr'><strong>nd</strong></span> <span class='ocrx_word' id='word_1_799' title='bbox 623 5667 988 5735; x_wconf 81' lang='lat' dir='ltr'><strong>accipiendum</strong></span> <span class='ocrx_word' id='word_1_800' title='bbox 1017 5669 1278 5738; x_wconf 88' lang='lat' dir='ltr'><strong>Spiritum</strong></span> <span class='ocrx_word' id='word_1_801' title='bbox 1318 5676 1607 5730; x_wconf 77' lang='lat' dir='ltr'><strong>sanctum?</strong></span> <span class='ocrx_word' id='word_1_802' title='bbox 1638 5687 1736 5726; x_wconf 90' lang='lat' dir='ltr'><strong>cur</strong></span> <span class='ocrx_word' id='word_1_803' title='bbox 1771 5674 1962 5730; x_wconf 79' lang='lat' dir='ltr'><strong>eadem</strong></span> <span class='ocrx_word' id='word_1_804' title='bbox 1989 5674 2138 5744; x_wconf 85' lang='lat' dir='ltr'><strong>ejus-</strong></span> 
     </span>
    </p>
   </div>
   <div class='ocr_carea' id='block_1_103' title="bbox 522 5759 2136 5836">
    <p class='ocr_par' dir='ltr' id='par_1_103' title="bbox 522 5759 2136 5836">
     <span class='ocr_line' id='line_1_103' title="bbox 522 5759 2136 5836; baseline 0.004 -17"><span class='ocrx_word' id='word_1_805' title='bbox 522 5763 652 5819; x_wconf 85' lang='lat' dir='ltr'><strong>dem</strong></span> <span class='ocrx_word' id='word_1_806' title='bbox 674 5759 920 5826; x_wconf 86' lang='lat' dir='ltr'><strong>majestas</strong></span> <span class='ocrx_word' id='word_1_807' title='bbox 950 5761 1183 5820; x_wconf 89' lang='lat' dir='ltr'><strong>nominis</strong></span> <span class='ocrx_word' id='word_1_808' title='bbox 1204 5782 1310 5824; x_wconf 91' lang='lat' dir='ltr'><strong>non</strong></span> <span class='ocrx_word' id='word_1_809' title='bbox 1339 5770 1599 5834; x_wconf 65' lang='lat' dir='ltr'><strong>pra&#39;valet</strong></span> <span class='ocrx_word' id='word_1_810' title='bbox 1629 5765 1682 5820; x_wconf 86' lang='lat' dir='ltr'><strong>in</strong></span> <span class='ocrx_word' id='word_1_811' title='bbox 1705 5767 2136 5836; x_wconf 85' lang='lat' dir='ltr'><strong>manusimposi-</strong></span> 
     </span>
    </p>
   </div>
   <div class='ocr_carea' id='block_1_104' title="bbox 1161 5923 1176 5956">
    <p class='ocr_par' dir='ltr' id='par_1_104' title="bbox 1161 5923 1176 5956">
     <span class='ocr_line' id='line_1_104' title="bbox 1161 5923 1176 5956; baseline 0 0"><span class='ocrx_word' id='word_1_812' title='bbox 1161 5923 1176 5956; x_wconf 82' lang='grc' dir='ltr'><strong><em>Ι</em></strong></span> 
     </span>
    </p>
   </div>
   <div class='ocr_carea' id='block_1_105' title="bbox 2256 4650 3863 4727">
    <p class='ocr_par' dir='ltr' id='par_1_105' title="bbox 2256 4650 3863 4727">
     <span class='ocr_line' id='line_1_105' title="bbox 2256 4650 3863 4727; baseline 0.012 -22"><span class='ocrx_word' id='word_1_813' title='bbox 2256 4650 2487 4719; x_wconf 86' lang='lat' dir='ltr'><strong>Spiritus</strong></span> <span class='ocrx_word' id='word_1_814' title='bbox 2536 4653 2706 4706; x_wconf 91' lang='lat' dir='ltr'><strong>sancti</strong></span> <span class='ocrx_word' id='word_1_815' title='bbox 2759 4671 2853 4725; x_wconf 88' lang='lat' dir='ltr'><strong>per</strong></span> <span class='ocrx_word' id='word_1_816' title='bbox 2905 4656 3301 4727; x_wconf 85' lang='lat' dir='ltr'><strong>impositionem</strong></span> <span class='ocrx_word' id='word_1_817' title='bbox 3352 4680 3606 4720; x_wconf 90' lang='lat' dir='ltr'><strong>manuum</strong></span> <span class='ocrx_word' id='word_1_818' title='bbox 3661 4671 3863 4724; x_wconf 83' lang='lat' dir='ltr'><strong>contir-</strong></span> 
     </span>
    </p>
   </div>
   <div class='ocr_carea' id='block_1_106' title="bbox 2252 4743 3852 4832">
    <p class='ocr_par' dir='ltr' id='par_1_106' title="bbox 2252 4743 3852 4832">
     <span class='ocr_line' id='line_1_106' title="bbox 2252 4743 3852 4832; baseline 0.013 -37"><span class='ocrx_word' id='word_1_819' title='bbox 2252 4743 2430 4796; x_wconf 90' lang='lat' dir='ltr'><strong>mandi</strong></span> <span class='ocrx_word' id='word_1_820' title='bbox 2463 4757 2615 4809; x_wconf 90' lang='lat' dir='ltr'><strong>sunt;</strong></span> <span class='ocrx_word' id='word_1_821' title='bbox 2657 4764 2676 4796; x_wconf 78' lang='grc' dir='ltr'><strong><em>ι</em></strong></span> <span class='ocrx_word' id='word_1_822' title='bbox 2711 4761 2807 4801; x_wconf 91' lang='lat' dir='ltr'><strong>seu</strong></span> <span class='ocrx_word' id='word_1_823' title='bbox 2836 4747 2885 4800; x_wconf 92' lang='lat' dir='ltr'><strong>in</strong></span> <span class='ocrx_word' id='word_1_824' title='bbox 2922 4748 3155 4820; x_wconf 81' lang='lat' dir='ltr'><strong>Epistula</strong></span> <span class='ocrx_word' id='word_1_825' title='bbox 3183 4768 3279 4808; x_wconf 75' lang='grc' dir='ltr'><strong>ριν</strong></span> <span class='ocrx_word' id='word_1_826' title='bbox 3313 4755 3378 4808; x_wconf 91' lang='lat' dir='ltr'><strong>ad</strong></span> <span class='ocrx_word' id='word_1_827' title='bbox 3410 4755 3651 4814; x_wconf 77' lang='lat' dir='ltr'><strong>Neon-tn</strong></span> <span class='ocrx_word' id='word_1_828' title='bbox 3679 4803 3694 4826; x_wconf 95' lang='lat'><strong>,</strong></span> <span class='ocrx_word' id='word_1_829' title='bbox 3723 4775 3852 4832; x_wconf 87' lang='lat' dir='ltr'><strong>eap.</strong></span> 
     </span>
    </p>
   </div>
   <div class='ocr_carea' id='block_1_107' title="bbox 2251 4834 3861 4918">
    <p class='ocr_par' dir='ltr' id='par_1_107' title="bbox 2251 4834 3861 4918">
     <span class='ocr_line' id='line_1_107' title="bbox 2251 4834 3861 4918; baseline 0.011 -28"><span class='ocrx_word' id='word_1_830' title='bbox 2251 4834 2307 4890; x_wconf 77' lang='grc'><strong>2.</strong></span> <span class='ocrx_word' id='word_1_831' title='bbox 2348 4854 2366 4886; x_wconf 87' lang='grc'><strong>‹</strong></span> <span class='ocrx_word' id='word_1_832' title='bbox 2398 4835 2455 4890; x_wconf 92' lang='lat' dir='ltr'><strong>Si</strong></span> <span class='ocrx_word' id='word_1_833' title='bbox 2484 4836 2550 4890; x_wconf 81' lang='lat' dir='ltr'><strong>ab</strong></span> <span class='ocrx_word' id='word_1_834' title='bbox 2574 4837 2843 4894; x_wconf 64' lang='lat' dir='ltr'><strong>haereticis</strong></span> <span class='ocrx_word' id='word_1_835' title='bbox 2867 4841 3513 4918; x_wconf 87' lang='lat' dir='ltr'><strong>baptizatumquempiam</strong></span> <span class='ocrx_word' id='word_1_836' title='bbox 3535 4850 3700 4907; x_wconf 82' lang='lat' dir='ltr'><strong>fuisse</strong></span> <span class='ocrx_word' id='word_1_837' title='bbox 3723 4868 3861 4907; x_wconf 91' lang='lat' dir='ltr'><strong>con-</strong></span> 
     </span>
    </p>
   </div>
   <div class='ocr_carea' id='block_1_108' title="bbox 2253 4929 3857 5016">
    <p class='ocr_par' dir='ltr' id='par_1_108' title="bbox 2253 4929 3857 5016">
     <span class='ocr_line' id='line_1_108' title="bbox 2253 4929 3857 5016; baseline 0.012 -34"><span class='ocrx_word' id='word_1_838' title='bbox 2253 4929 2470 4996; x_wconf 84' lang='lat' dir='ltr'><strong>stiterit,</strong></span> <span class='ocrx_word' id='word_1_839' title='bbox 2505 4946 2627 5001; x_wconf 88' lang='lat' dir='ltr'><strong>erga</strong></span> <span class='ocrx_word' id='word_1_840' title='bbox 2659 4933 2800 4988; x_wconf 91' lang='lat' dir='ltr'><strong>hunc</strong></span> <span class='ocrx_word' id='word_1_841' title='bbox 2832 4935 3137 4992; x_wconf 87' lang='lat' dir='ltr'><strong>nullatenus</strong></span> <span class='ocrx_word' id='word_1_842' title='bbox 3168 4937 3576 4996; x_wconf 85' lang='lat' dir='ltr'><strong>Sacramentum</strong></span> <span class='ocrx_word' id='word_1_843' title='bbox 3622 4960 3857 5016; x_wconf 79' lang='lat' dir='ltr'><strong>regene-</strong></span> 
     </span>
    </p>
   </div>
   <div class='ocr_carea' id='block_1_109' title="bbox 2251 5021 3853 5109">
    <p class='ocr_par' dir='ltr' id='par_1_109' title="bbox 2251 5021 3853 5109">
     <span class='ocr_line' id='line_1_109' title="bbox 2251 5021 3853 5109; baseline 0.013 -35"><span class='ocrx_word' id='word_1_844' title='bbox 2251 5021 2473 5076; x_wconf 88' lang='lat' dir='ltr'><strong>rationis</strong></span> <span class='ocrx_word' id='word_1_845' title='bbox 2518 5022 2743 5080; x_wconf 86' lang='lat' dir='ltr'><strong>iteretur</strong></span> <span class='ocrx_word' id='word_1_846' title='bbox 2769 5044 2782 5079; x_wconf 90' lang='lat'><strong>:</strong></span> <span class='ocrx_word' id='word_1_847' title='bbox 2811 5027 2906 5081; x_wconf 91' lang='lat' dir='ltr'><strong>sed</strong></span> <span class='ocrx_word' id='word_1_848' title='bbox 2949 5029 3050 5084; x_wconf 87' lang='lat' dir='ltr'><strong>hoc</strong></span> <span class='ocrx_word' id='word_1_849' title='bbox 3082 5039 3323 5098; x_wconf 91' lang='lat' dir='ltr'><strong>tantum,</strong></span> <span class='ocrx_word' id='word_1_850' title='bbox 3352 5035 3492 5105; x_wconf 87' lang='lat' dir='ltr'><strong>quod</strong></span> <span class='ocrx_word' id='word_1_851' title='bbox 3542 5036 3611 5090; x_wconf 85' lang='lat' dir='ltr'><strong>ibi</strong></span> <span class='ocrx_word' id='word_1_852' title='bbox 3641 5037 3853 5109; x_wconf 79' lang='lat' dir='ltr'><strong>defuit,</strong></span> 
     </span>
    </p>
   </div>
   <div class='ocr_carea' id='block_1_110' title="bbox 2249 5114 3850 5204">
    <p class='ocr_par' dir='ltr' id='par_1_110' title="bbox 2249 5114 3850 5204">
     <span class='ocr_line' id='line_1_110' title="bbox 2249 5114 3850 5204; baseline 0.012 -33"><span class='ocrx_word' id='word_1_853' title='bbox 2249 5114 2587 5186; x_wconf 80' lang='lat' dir='ltr'><strong>conferatur,</strong></span> <span class='ocrx_word' id='word_1_854' title='bbox 2639 5130 2696 5174; x_wconf 91' lang='lat' dir='ltr'><strong>ut</strong></span> <span class='ocrx_word' id='word_1_855' title='bbox 2718 5138 2811 5191; x_wconf 91' lang='lat' dir='ltr'><strong>per</strong></span> <span class='ocrx_word' id='word_1_856' title='bbox 2847 5124 3169 5197; x_wconf 87' lang='lat' dir='ltr'><strong>episcopalis</strong></span> <span class='ocrx_word' id='word_1_857' title='bbox 3215 5144 3406 5184; x_wconf 93' lang='lat' dir='ltr'><strong>manus</strong></span> <span class='ocrx_word' id='word_1_858' title='bbox 3446 5132 3850 5204; x_wconf 87' lang='lat' dir='ltr'><strong>intpositiouem</strong></span> 
     </span>
    </p>
   </div>
   <div class='ocr_carea' id='block_1_111' title="bbox 2247 5212 3852 5296">
    <p class='ocr_par' dir='ltr' id='par_1_111' title="bbox 2247 5212 3852 5296">
     <span class='ocr_line' id='line_1_111' title="bbox 2247 5212 3852 5296; baseline 0.013 -32"><span class='ocrx_word' id='word_1_859' title='bbox 2247 5212 2498 5266; x_wconf 82' lang='lat' dir='ltr'><strong>virtutem</strong></span> <span class='ocrx_word' id='word_1_860' title='bbox 2529 5212 2758 5284; x_wconf 89' lang='lat' dir='ltr'><strong>Spiritus</strong></span> <span class='ocrx_word' id='word_1_861' title='bbox 2789 5220 2959 5273; x_wconf 89' lang='lat' dir='ltr'><strong>sancti</strong></span> <span class='ocrx_word' id='word_1_862' title='bbox 2982 5231 3356 5294; x_wconf 86' lang='lat' dir='ltr'><strong>consequatur.</strong></span> <span class='ocrx_word' id='word_1_863' title='bbox 3393 5246 3411 5277; x_wconf 76' lang='grc' dir='ltr'><strong><em>ι</em></strong></span> <span class='ocrx_word' id='word_1_864' title='bbox 3442 5225 3645 5296; x_wconf 87' lang='lat' dir='ltr'><strong>Quibus</strong></span> <span class='ocrx_word' id='word_1_865' title='bbox 3668 5230 3852 5286; x_wconf 88' lang='lat' dir='ltr'><strong>verbis</strong></span> 
     </span>
    </p>
   </div>
   <div class='ocr_carea' id='block_1_112' title="bbox 2247 5304 3853 5386">
    <p class='ocr_par' dir='ltr' id='par_1_112' title="bbox 2247 5304 3853 5386">
     <span class='ocr_line' id='line_1_112' title="bbox 2247 5304 3853 5386; baseline 0.011 -26"><span class='ocrx_word' id='word_1_866' title='bbox 2247 5304 2484 5361; x_wconf 89' lang='lat' dir='ltr'><strong>Leonem</strong></span> <span class='ocrx_word' id='word_1_867' title='bbox 2511 5306 2776 5378; x_wconf 87' lang='lat' dir='ltr'><strong>Stephani</strong></span> <span class='ocrx_word' id='word_1_868' title='bbox 2803 5314 3124 5368; x_wconf 90' lang='lat' dir='ltr'><strong>sententiam</strong></span> <span class='ocrx_word' id='word_1_869' title='bbox 3154 5316 3461 5386; x_wconf 77' lang='lat' dir='ltr'><strong>exprimere</strong></span> <span class='ocrx_word' id='word_1_870' title='bbox 3491 5320 3725 5377; x_wconf 87' lang='lat' dir='ltr'><strong>voluisse</strong></span> <span class='ocrx_word' id='word_1_871' title='bbox 3751 5340 3853 5378; x_wconf 84' lang='lat' dir='ltr'><strong>ne-</strong></span> 
     </span>
    </p>
   </div>
   <div class='ocr_carea' id='block_1_113' title="bbox 2249 5399 3848 5478">
    <p class='ocr_par' dir='ltr' id='par_1_113' title="bbox 2249 5399 3848 5478">
     <span class='ocr_line' id='line_1_113' title="bbox 2249 5399 3848 5478; baseline 0.011 -26"><span class='ocrx_word' id='word_1_872' title='bbox 2249 5414 2336 5453; x_wconf 91' lang='lat' dir='ltr'><strong>mo</strong></span> <span class='ocrx_word' id='word_1_873' title='bbox 2365 5414 2471 5453; x_wconf 93' lang='lat' dir='ltr'><strong>non</strong></span> <span class='ocrx_word' id='word_1_874' title='bbox 2501 5399 2900 5458; x_wconf 86' lang='lat' dir='ltr'><strong>animadvertit.</strong></span> <span class='ocrx_word' id='word_1_875' title='bbox 2930 5404 2985 5459; x_wconf 93' lang='lat' dir='ltr'><strong>Si</strong></span> <span class='ocrx_word' id='word_1_876' title='bbox 3017 5407 3174 5478; x_wconf 86' lang='lat' dir='ltr'><strong>igitur</strong></span> <span class='ocrx_word' id='word_1_877' title='bbox 3198 5406 3251 5462; x_wconf 90' lang='lat' dir='ltr'><strong>in</strong></span> <span class='ocrx_word' id='word_1_878' title='bbox 3283 5409 3362 5463; x_wconf 91' lang='lat' dir='ltr'><strong>his</strong></span> <span class='ocrx_word' id='word_1_879' title='bbox 3391 5409 3619 5478; x_wconf 87' lang='lat' dir='ltr'><strong>Leonis,</strong></span> <span class='ocrx_word' id='word_1_880' title='bbox 3654 5412 3848 5470; x_wconf 83' lang='lat' dir='ltr'><strong>Hiero-</strong></span> 
     </span>
    </p>
   </div>
   <div class='ocr_carea' id='block_1_114' title="bbox 2245 5493 3849 5571">
    <p class='ocr_par' dir='ltr' id='par_1_114' title="bbox 2245 5493 3849 5571">
     <span class='ocr_line' id='line_1_114' title="bbox 2245 5493 3849 5571; baseline 0.012 -24"><span class='ocrx_word' id='word_1_881' title='bbox 2245 5493 2410 5565; x_wconf 75' lang='lat' dir='ltr'><strong>nymi,</strong></span> <span class='ocrx_word' id='word_1_882' title='bbox 2446 5493 2777 5566; x_wconf 90' lang='lat' dir='ltr'><strong>aliorumque</strong></span> <span class='ocrx_word' id='word_1_883' title='bbox 2799 5496 3015 5553; x_wconf 86' lang='lat' dir='ltr'><strong>Patrum</strong></span> <span class='ocrx_word' id='word_1_884' title='bbox 3041 5500 3108 5556; x_wconf 89' lang='lat' dir='ltr'><strong>de</strong></span> <span class='ocrx_word' id='word_1_885' title='bbox 3134 5503 3239 5557; x_wconf 90' lang='lat' dir='ltr'><strong>reci</strong></span> <span class='ocrx_word' id='word_1_886' title='bbox 3250 5503 3441 5571; x_wconf 91' lang='lat' dir='ltr'><strong>piendo</strong></span> <span class='ocrx_word' id='word_1_887' title='bbox 3465 5504 3849 5566; x_wconf 62' lang='lat' dir='ltr'><strong>haereticorum</strong></span> 
     </span>
    </p>
   </div>
   <div class='ocr_carea' id='block_1_115' title="bbox 2243 5584 3850 5676">
    <p class='ocr_par' dir='ltr' id='par_1_115' title="bbox 2243 5584 3850 5676">
     <span class='ocr_line' id='line_1_115' title="bbox 2243 5584 3850 5676; baseline 0.012 -36"><span class='ocrx_word' id='word_1_888' title='bbox 2243 5584 2516 5656; x_wconf 84' lang='lat' dir='ltr'><strong>Baptisttto</strong></span> <span class='ocrx_word' id='word_1_889' title='bbox 2549 5589 2812 5647; x_wconf 89' lang='lat' dir='ltr'><strong>similibus</strong></span> <span class='ocrx_word' id='word_1_890' title='bbox 2840 5593 2971 5650; x_wconf 90' lang='lat' dir='ltr'><strong>locis</strong></span> <span class='ocrx_word' id='word_1_891' title='bbox 2999 5595 3326 5668; x_wconf 86' lang='lat' dir='ltr'><strong>clausulam,</strong></span> <span class='ocrx_word' id='word_1_892' title='bbox 3362 5600 3522 5656; x_wconf 90' lang='lat' dir='ltr'><strong>modo</strong></span> <span class='ocrx_word' id='word_1_893' title='bbox 3553 5619 3675 5657; x_wconf 85' lang='lat' dir='ltr'><strong>cum</strong></span> <span class='ocrx_word' id='word_1_894' title='bbox 3701 5603 3850 5676; x_wconf 84' lang='lat' dir='ltr'><strong>legi-</strong></span> 
     </span>
    </p>
   </div>
   <div class='ocr_carea' id='block_1_116' title="bbox 2242 5678 3847 5762">
    <p class='ocr_par' dir='ltr' id='par_1_116' title="bbox 2242 5678 3847 5762">
     <span class='ocr_line' id='line_1_116' title="bbox 2242 5678 3847 5762; baseline 0.016 -32"><span class='ocrx_word' id='word_1_895' title='bbox 2242 5678 2370 5733; x_wconf 90' lang='lat' dir='ltr'><strong>tima</strong></span> <span class='ocrx_word' id='word_1_896' title='bbox 2402 5678 2570 5736; x_wconf 81' lang='lat' dir='ltr'><strong>forma</strong></span> <span class='ocrx_word' id='word_1_897' title='bbox 2598 5691 2652 5737; x_wconf 92' lang='lat' dir='ltr'><strong>et</strong></span> <span class='ocrx_word' id='word_1_898' title='bbox 2698 5685 2909 5741; x_wconf 86' lang='lat' dir='ltr'><strong>usitatis</strong></span> <span class='ocrx_word' id='word_1_899' title='bbox 2950 5688 3129 5744; x_wconf 89' lang='lat' dir='ltr'><strong>verbis</strong></span> <span class='ocrx_word' id='word_1_900' title='bbox 3165 5692 3392 5748; x_wconf 88' lang='lat' dir='ltr'><strong>collatus</strong></span> <span class='ocrx_word' id='word_1_901' title='bbox 3421 5694 3523 5762; x_wconf 91' lang='lat' dir='ltr'><strong>sit,</strong></span> <span class='ocrx_word' id='word_1_902' title='bbox 3557 5697 3847 5756; x_wconf 85' lang='lat' dir='ltr'><strong>subaudiri</strong></span> 
     </span>
    </p>
   </div>
   <div class='ocr_carea' id='block_1_117' title="bbox 2243 5775 3942 5864">
    <p class='ocr_par' dir='ltr' id='par_1_117' title="bbox 2243 5775 3942 5864">
     <span class='ocr_line' id='line_1_117' title="bbox 2243 5775 3942 5864; baseline 0.014 -35"><span class='ocrx_word' id='word_1_903' title='bbox 2243 5789 2405 5832; x_wconf 90' lang='lat' dir='ltr'><strong>nemo</strong></span> <span class='ocrx_word' id='word_1_904' title='bbox 2435 5775 2672 5845; x_wconf 88' lang='lat' dir='ltr'><strong>dubitat;</strong></span> <span class='ocrx_word' id='word_1_905' title='bbox 2707 5796 2880 5853; x_wconf 90' lang='lat' dir='ltr'><strong>neque</strong></span> <span class='ocrx_word' id='word_1_906' title='bbox 2910 5784 3068 5839; x_wconf 91' lang='lat' dir='ltr'><strong>etiam</strong></span> <span class='ocrx_word' id='word_1_907' title='bbox 3097 5785 3370 5858; x_wconf 88' lang='lat' dir='ltr'><strong>ambigere</strong></span> <span class='ocrx_word' id='word_1_908' title='bbox 3395 5788 3594 5858; x_wconf 87' lang='lat' dir='ltr'><strong>debet,</strong></span> <span class='ocrx_word' id='word_1_909' title='bbox 3627 5793 3757 5864; x_wconf 87' lang='lat' dir='ltr'><strong>quin</strong></span> <span class='ocrx_word' id='word_1_910' title='bbox 3786 5805 3846 5851; x_wconf 83' lang='lat' dir='ltr'><strong>et</strong></span> <span class='ocrx_word' id='word_1_911' title='bbox 3935 5821 3942 5842; x_wconf 78' lang='grc' dir='ltr'><strong>τ</strong></span> 
     </span>
    </p>
   </div>
  </div>
