4262 6236
302 254 443 316 1255

1299 257 1505 319 CIRCA
1538 261 2023 320 RECEPTIONEM
2063 255 2600 322 iiERETlCORUM.

3463 241 3606 326 test

298 395 327 431 a
357 378 632 449 Stephano
657 376 843 435 eadem
873 377 1110 435 clausula
1151 379 1445 452 eademque
1471 382 1709 437 conditio
1738 383 1894 437 intel—
1923 387 1970 445 Α
2003 391 2107 435 tam
2145 398 2264 437 esse
2306 398 2463 438 nemo
2500 383 2706 449 nescit,
2740 395 2846 437 non
2887 383 2935 438 ei
2968 385 3090 447 uni,
3143 383 3236 439 sed
3268 393 3320 440 et
3363 388 3597 455 antiquis

299 470 437 524 let-ta
467 472 554 526 sit.
587 471 753 526 immo
779 472 822 526 si
852 488 976 526 vera
1005 482 1087 526 est
1117 489 1362 543 superior
1386 473 1678 528 lnnocentii
1708 475 1894 529 Hiero~

299 565 554 640 nymique
577 565 916 630 observatio,
949 582 1051 636 qua
1084 566 1230 620 solos
1274 567 1626 622 Paulianistas
1666 568 1893 624 Nicmnm

297 657 488 732 synodi
543 666 782 728 tempore
821 671 1006 714 contra
1046 658 1267 714 formam
1319 659 1568 730 Baptismi
1601 676 1852 732 peccasse
1876 705 1890 727 ,

297 755 524 828 ideoque
554 756 765 812 c0ncilii
799 756 955 826 hujus
986 766 1182 826 patres,
1211 757 1338 811 solis
1371 756 1709 811 Paulianistis
1736 772 1892 811 exrc—

295 848 425 920 ptis,
474 858 795 903 cancrorum
850 847 1223 904 harreticorum
1271 849 1541 920 Baptisma
1592 850 1893 918 suscepisse

294 956 553 1000 censent:
582 959 703 998 cum
749 943 1005 1015 Stephani
1055 959 1170 999 :evo
1217 943 1449 998 nondum
1497 944 1667 998 exorti
1714 953 1893 998 essent

294 1038 659 1106 PﬂUllﬂllislil',
686 1038 818 1092 nihil
847 1054 978 1108 opus
1002 1047 1117 1093 erat
1148 1048 1202 1092 ut
1228 1039 1306 1092 his
1335 1054 1490 1109 papa,
1517 1038 1890 1094 inereticorum

294 1135 562 1203 Baptisma
581 1133 980 1204 suscipiendum
1009 1150 1126 1190 esse
1159 1151 1519 1206 propugnans,
1548 1136 1705 1190 ullam
1734 1151 1896 1191 cxce-

290 1227 531 1302 ptioncm
563 1226 841 1295 adjiceret.

365 1321 414 1374 7.
463 1320 686 1374 Aliunde
719 1336 846 1374 vero
877 1336 998 1376 eum
1030 1337 1134 1376 non
1179 1321 1321 1376 aliud
1353 1322 1450 1376 nisi
1478 1320 1672 1376 Christi
1713 1322 1892 1393 Bapti-

287 1430 402 1471 Sma
435 1430 592 1470 nesse
616 1426 706 1469 attt
731 1414 985 1484 pzohasse
1007 1427 1208 1470 certum
1240 1426 1339 1471 est.
1364 1416 1678 1472 Firtniiiano
1706 1419 1805 1472 hac
1838 1418 1889 1474 in

285 1524 365 1575 re,
403 1518 456 1562 ut
489 1508 739 1572 vidimus,
768 1510 1002 1564 concinit
1028 1510 1364 1581 Cyprianus:
1391 1511 1477 1580 qui
1505 1512 1718 1582 quidem
1747 1528 1889 1582 pra:-

288 1611 431 1657 terea
480 1602 652 1672 Epist.
697 1621 896 1670 Luttt,
945 1605 1114 1674 primo
1160 1604 1418 1674 Stephani
1467 1607 1776 1661 nominatim
1823 1608 1890 1662 de

285 1697 570 1753 Marcionis
601 1698 872 1769 Baptismo
900 1703 1220 1756 sententiam
1263 1703 1330 1755 ita
1360 1704 1614 1773 exponit,
1653 1722 1671 1753 ι
1707 1715 1756 1756 ιιι
1792 1719 1889 1757 nec

1997 472 2166 529 fuiSsc
2194 477 2529 530 familiarem.
2567 475 2676 529 llac
2701 476 2778 529 nsl
2805 484 2929 529 sunt
2955 477 3116 531 etiam
3147 477 3316 546 ipsius
3339 477 3595 547 Stephani

2002 567 2317 623 adversarii.
2349 568 2551 638 Nempe
2599 570 2648 622 in
2695 570 2925 623 concilio
2966 569 3373 642 Carthaginensi
3403 571 3466 625 Ill
3495 572 3597 627 Sub

1998 660 2272 732 Cypriane
2299 705 2313 728 ,
2347 679 2466 733 Cap.
2498 664 2522 718 1
2551 706 2565 729 ,
2600 665 2844 719 Caecilius
2874 682 2901 717 ιι
2931 664 3066 718 Bilta
3096 665 3234 736 apud
3277 665 3594 735 inereticos,

2003 780 2023 813 ι
2057 760 2141 813 ubi
2167 774 2216 812 IN
2237 772 2436 812 NOMINB
2452 757 2668 812 Cumsrt
2691 759 2843 828 tingit
2867 758 3245 825 Antichristus,
3280 779 3298 812 ι
3326 759 3596 830 Baptismo

1998 867 2117 906 esse
2144 861 2319 920 negat,
2348 867 2452 904 non
2481 852 2606 920 quia
2647 851 2700 903 in
2744 852 2946 904 nomine
2972 851 3197 919 Christi,
3231 859 3324 909 sed
3350 854 3472 924 quia
3499 853 3599 908 tin-

1995 943 2067 1013 git
2090 943 2449 996 Antichristus.
2473 941 2589 996 Non
2613 941 2714 996 alia
2741 951 2919 998 mente
2945 960 3062 1012 cap.
3087 944 3178 1008 Si,
3208 943 3597 1000 Hortensianus

1996 1054 2025 1090 a
2059 1036 2285 1091 Laribus
2331 1038 2564 1106 qua'rit:
2608 1054 2626 1088 ι
2677 1037 2960 1102 Quomodo
3006 1047 3231 1108 possunt
3277 1039 3328 1092 in
3380 1041 3598 1094 nomine

1996 1130 2192 1183 Christi
2237 1129 2470 1198 aliquem
2512 1128 2784 1198 baptizare
2809 1171 2822 1193 ,
2858 1144 2993 1200 quos
3032 1131 3148 1200 ipse
3177 1129 3428 1184 Christus
3465 1129 3598 1185 dicit

1995 1223 2343 1277 adversarios
2368 1237 2496 1278 suos
2519 1222 2678 1276 esse?
2713 1241 2731 1274 ι
2769 1223 3024 1276 Eatndem
3048 1223 3301 1294 loquendi
3330 1224 3593 1278 rationem

1995 1323 2049 1368 et
2078 1313 2377 1386 Cyprianus
2408 1314 2578 1384 Epist.
2611 1329 2779 1368 Lxxnt
2801 1354 2815 1380 ,
2846 1323 2898 1370 et
2920 1315 3060 1384 apud
3103 1330 3224 1369 eutn
3253 1314 3597 1372 Firmilianus

1995 1408 2166 1478 Epist.
2201 1425 2344 1463 Lxxv
2369 1421 2648 1476 usurpant.
2685 1408 2780 1462 llic
2810 1409 2990 1463 valere
3015 1409 3178 1464 debet
3213 1409 3396 1464 Hilarii
3425 1409 3596 1465 moni-

1995 1512 2129 1567 tum,
2164 1519 2270 1573 quu
2292 1519 2353 1557 ea
2388 1505 2640 1557 Actorum
2673 1501 2811 1570 loca,
2849 1503 3122 1570 inquibus
3149 1503 3396 1573 Apostoli
3428 1506 3479 1557 in
3503 1518 3599 1558 no-

1995 1598 2139 1652 mine
2168 1597 2295 1651 .lesn
2326 1596 2629 1666 baptizasse
2668 1598 2936 1668 leguntur,
2967 1598 3324 1666 eXpIicatione
3354 1598 3595 1668 indigere

1994 1694 2282 1746 observat:
2313 1711 2332 1742 ι
2371 1707 2436 1744 ne
2457 1733 2471 1755 ,
2503 1692 2704 1762 inquit,
2734 1693 2978 1763 Apostoli
3022 1693 3364 1762 reperiantur
3407 1692 3460 1748 in
3487 1692 3596 1748 cri-

289 1789 377 1860 (at,
404 1791 492 1862 ευ)
534 1793 803 1847 Venientes
833 1794 974 1848 diem
1005 1794 1260 1868 baptizari
1292 1805 1574 1864 ορυιηιετε,
1606 1797 1746 1868 quod
1774 1795 1884 1866 jam
1917 1789 1964 1850 Β
1996 1785 2158 1848 mine,
2191 1785 2279 1855 qui
2313 1785 2583 1854 baptizare
2615 1787 2665 1838 in
2701 1786 2916 1840 nomine
2949 1786 3126 1841 Patris
3151 1796 3206 1840 et
3233 1786 3356 1841 Filii
3392 1797 3448 1842 et
3473 1786 3596 1857 Spi-

282 1901 560 1944 BAPTIZATI
585 1904 707 1943 1-:~se
732 1905 783 1944 IN
808 1903 1004 1944 ΝΟΜΙΝΕ
1030 1887 1159 1944 Jesu
1186 1889 1497 1944 videantur:
1528 1912 1545 1943 ι
1574 1907 1634 1946 ac
1657 1890 1882 1944 subinde

284 1996 384 2037 cur
411 1981 547 2037 idem
596 1983 736 2053 Papa
776 1983 1069 2054 generatim
1101 1992 1153 2034 et
1180 1998 1207 2035 a
1238 1983 1449 2038 caeteris
1495 1983 1760 2038 inereticis
1790 1999 1882 2037 ve-

285 2074 492 2129 nientes
519 2075 707 2130 eodem
737 2075 898 2129 modo
923 2077 1298 2148 suscipiendos
1323 2092 1444 2130 esse
1470 2077 1699 2142 sentiat,
1734 2083 1884 2129 notat

283 2165 370 2224 his
398 2170 578 2223 verbis
605 2187 617 2220 :
653 2189 669 2220 ι
708 2167 823 2223 Non
851 2181 934 2224 est
963 2182 1140 2224 autem
1170 2175 1310 2240 quod
1341 2171 1552 2240 aliquis,
1578 2170 1640 2223 ad
1664 2172 1884 2226 circnm-

287 2261 604 2314 veniendam
631 2261 978 2316 Christianam
1011 2264 1310 2325 veritatem,
1336 2262 1534 2318 Christi
1570 2279 1760 2316 nomen
1789 2278 1882 2333 op-

287 2363 470 2422 ponat,
508 2365 563 2407 ut
591 2354 746 2420 dicat,
784 2371 834 2409 IN
862 2371 1056 2411 NOHINE
1088 2355 1216 2412 Jesu
1244 2355 1461 2412 CHRISTI
1493 2358 1808 2428 ubicmnque
1833 2366 1886 2411 et

287 2447 784 2520 quomodocumque
808 2449 1055 2518 baptizati
1086 2451 1307 2518 gratiam
1337 2449 1588 2521 Baptismi
1613 2460 1736 2504 sunt
1759 2467 1886 2505 eon-

287 2542 478 2596 secuti.
521 2561 539 2592 ι
569 2541 718 2596 Unde
746 2543 1080 2612 (xploratum
1114 2553 1218 2609 est,
1242 2542 1570 2613 Stephanum
1600 2556 1652 2598 et
1681 2543 1884 2598 nulhnn

285 2637 587 2705 suscepisse
620 2635 947 2705 Baptismum
992 2637 1090 2689 nisi
1138 2636 1390 2692 Collatum
1423 2637 1472 2688 in
1509 2636 1726 2690 nomine
1758 2635 1883 2691 Jcsu

285 2725 506 2793 Christi,
536 2735 589 2781 et
621 2737 784 2780 totam
818 2727 972 2798 hujus
995 2727 1324 2783 Sacramenti
1350 2740 1597 2782 vn'ttttetn
1626 2739 1678 2783 et
1704 2729 1886 2783 ellica-

286 2818 423 2872 ciam
454 2820 804 2901 potetq‘issimi
839 2819 996 2892 hujus
1038 2821 1268 2876 nominis
1308 2823 1576 2877 sanctitati
1612 2823 1883 2878 tribuisse.

287 2910 359 2965 Et
398 2912 610 2982 quidem
662 2924 959 2984 temporum
1015 2915 1225 2970 illorum
1276 2916 1498 2986 :cqnalis
1548 2926 1639 2970 aut
1688 2934 1885 2987 suppar

281 3005 599 3078 Anonymus
626 3024 654 3062 ιι
676 3006 790 3062 Nic.
814 3008 1042 3078 Rigaitio
1067 3013 1291 3080 primum
1315 3026 1346 3065 e
1369 3010 1677 3082 Remigiano
1704 3027 1886 3066 exem—

282 3100 420 3170 plari
440 3101 504 3154 ad
528 3103 959 3173 calcemopermn
991 3103 1301 3159 Tertulliani
1331 3105 1526 3167 editus.
1551 3122 1615 3161 ac
1639 3105 1834 3161 deinde
1854 3122 1882 3159 a

1989 1879 2124 1931 ritus
2156 1879 2324 1931 sancti
2353 1879 2487 1947 jnssi
2514 1919 2527 1943 ,
2572 1887 2777 1933 tantttm
2810 1879 2861 1933 in
2889 1879 3106 1935 nomine
3133 1878 3261 1935 Jesu
3296 1879 3364 1953 (si
3400 1881 3594 1936 littera:

1990 1969 2316 2040 hacreamus)
2363 1970 2703 2040 baptizarunt
2753 1971 2891 2044 (Hii.
2939 1971 3012 2028 85
3051 1973 3115 2027 de
3159 1971 3340 2046 Syn.).
3391 1973 3593 2030 Eodem

1989 2064 2186 2134 quippe
2215 2064 2439 2118 crimine
2469 2066 2792 2120 tenebuntur
2812 2076 2867 2121 et
2893 2067 3234 2136 sequentium
3265 2067 3590 2124 saeculorum

1989 2154 2195 2221 Patres,
2231 2157 2274 2210 si
2306 2173 2442 2224 quos
2471 2158 2521 2212 in
2557 2159 2774 2214 nomine
2797 2158 2926 2214 Jesu
2972 2160 3273 2230 baptizatos
3300 2161 3591 2230 dixerunt,

1990 2266 2331 2320 nequaquam
2384 2252 2566 2307 verbis
2611 2269 2640 2308 a
2687 2252 2900 2308 Christo
2933 2257 3261 2326 praescriptis
3302 2257 3596 2328 baptizatos

1989 2341 2376 2398 intellexerint.
2407 2343 2605 2399 Verum
2629 2347 2796 2400 ardua
2829 2364 2934 2400 non
2963 2358 3046 2402 est
3066 2349 3460 2419 interpretatio,
3487 2365 3593 2421 qua

1989 2444 2045 2491 et
2073 2436 2318 2506 Apostoii
2349 2448 2401 2491 et
2429 2440 2808 2508 Apostolorum
2841 2441 3138 2498 imitatores
3164 2460 3192 2497 ιι
3213 2443 3439 2500 crimine
3463 2445 3597 2500 libe-

1990 2543 2199 2584 rentur.
2230 2534 2611 2598 Apostolorum
2645 2536 2844 2605 quippe
2873 2537 3207 2606 temporibus
3233 2554 3264 2592 a
3294 2537 3598 2608 Baptisma-

1993 2633 2062 2688 te,
2098 2625 2238 2696 quod
2265 2626 2499 2682 Joannes
2529 2630 2838 2695 tradiderat,
2859 2631 3297 2702 distinguendum
3325 2633 3418 2687 fuit
3447 2633 3592 2704 quod

1990 2717 2236 2773 Christus
2289 2720 2628 2788 postmodum
2677 2722 2922 2777 instituit.
2981 2723 3136 2778 Nulla
3193 2735 3374 2780 autem
3422 2727 3598 2796 aptior

1991 2813 2284 2880 excogitari
2315 2816 2486 2884 putuit
2515 2814 2828 2880 distinctio,
2858 2832 3020 2888 quam
3054 2827 3111 2872 ut
3135 2858 3152 2884 ,
3193 2831 3314 2873 cum
3363 2820 3594 2888 primum

1984 2903 2096 2974 jam
2127 2905 2396 2961 diceretur
2440 2907 2709 2976 Baptisma
2753 2907 2978 2964 Joannis
3002 2952 3016 2976 ,
3048 2909 3278 2965 alterum
3326 2911 3596 2984 Baptisma

1990 2996 2189 3052 Christi
2218 3001 2610 3069 appellaretur;
2643 3010 2699 3056 et
2728 3003 2818 3072 qui
2865 3003 2966 3058 hoc
3006 3007 3382 3074 susciperent,
3415 3007 3467 3059 in
3498 3021 3595 3060 no-

1991 3091 2136 3145 mine
2162 3091 2288 3147 Jesu
2323 3093 2573 3162 baptizati
2592 3137 2606 3160 ,
2642 3095 2744 3151 hoc
2769 3105 2850 3151 est
2880 3096 3158 3167 Baptismo
3185 3096 3382 3154 Christi
3410 3108 3597 3154 aucto-

281 3191 427 3248 Phil.
460 3193 674 3249 Labbeo
735 3204 862 3250 tum.
899 3213 915 3250 1
947 3197 1175 3265 Concil.,
1213 3213 1329 3270 pag.
1365 3198 1490 3264 770,
1521 3215 1740 3253 recusus
1761 3241 1774 3264 _,
1806 3200 1883 3254 sic
1909 3194 1954 3258 C
1987 3185 2143 3239 τίίίηθ
2172 3183 2436 3252 ί¹¹⁵ῑί¹¹¹ί⁰ν
2475 3189 2718 3260 πάθοιιυε
2760 3191 2814 3244 θη
2851 3193 3057 3246 "omne
3088 3193 3266 3247 Pam"
3289 3203 3336 3248 ⁸⁸
3377 3191 3507 3248 Fu“
3549 3203 3596 3248 ει

278 3287 352 3342 ab
382 3287 534 3342 initio
563 3290 839 3346 Tractatus
871 3292 932 3344 de
962 3290 1219 3361 Baptismo
1249 3293 1601 3347 hwreticorum
1631 3296 1885 3364 qua'stio-

279 3396 432 3447 nem,
457 3382 524 3436 de
545 3400 643 3453 qua
673 3393 794 3438 tunc
817 3383 1232 3456 disceptabatur,
1261 3390 1509 3462 proponit
1536 3408 1549 3444 :
1576 3408 1594 3440 ι
1625 3390 1884 3444 Animad-

280 3483 443 3528 verto
488 3475 627 3543 apud
679 3476 865 3531 fratres
895 3480 1201 3550 quaesitum,
1233 3481 1360 3550 quid
1409 3483 1584 3552 potius
1613 3483 1885 3537 observari

275 3567 574 3636 oportetin
607 3584 884 3638 personam
918 3587 1138 3637 eorum,
1176 3574 1264 3642 qui
1310 3573 1360 3626 in
1397 3575 1587 3630 ha-resi
1635 3576 1884 3645 quidem,

275 3659 380 3712 sed
414 3676 466 3714 uv
514 3677 712 3716 nentur:
747 3663 842 3717 DEI
888 3681 1075 3720 sosrm
1115 3665 1243 3720 issu
1276 3666 1498 3722 CHRISTI
1527 3685 1643 3723 Stx'r
1674 3687 1884 3733 TINCTI.

274 3753 625 3822 postmodum
651 3755 771 3810 inde
797 3756 1056 3828 digressi,
1083 3770 1133 3812 et
1155 3759 1470 3828 suppliciter
1497 3760 1562 3813 ad
1593 3761 1884 3816 Ecclesium

272 3845 380 3900 Dei
433 3845 776 3912 advolantes,
827 3852 949 3904 totis
994 3853 1302 3920 praecordiis
1353 3855 1718 3922 pmuitcntiam
1764 3873 1888 3924 age-

271 3946 423 3992 rent.
469 3958 485 3988 ›
518 3938 628 3993 Non
664 3941 819 4010 igitur
848 3946 1072 4013 qmestio
1105 3954 1227 3999 tunc
1252 3957 1364 3999 erat
1389 3947 1456 4000 de
1490 3948 1572 4008 iis,
1606 3950 1692 4018 qui
1725 3948 1887 4002 indii-

271 4030 522 4084 ferenter
552 4033 650 4084 sub
677 4034 860 4098 quavis
888 4037 1051 4089 forma
1086 4037 1136 4090 in
1168 4038 1359 4092 lneresi
1392 4037 1639 4110 baptizati
1670 4050 1881 4101 essent,

267 4124 381 4178 sed
410 4124 474 4178 de
505 4127 566 4179 iis
599 4129 734 4189 nnis,
769 4129 857 4198 qui
893 4129 941 4182 in
977 4130 1167 4185 ineresi
1195 4132 1431 4201 quidem,
1464 4134 1556 4188 sed
1591 4136 1640 4188 in
1672 4136 1887 4189 nomine

269 4219 382 4272 Dei
416 4221 579 4274 nostri
612 4220 736 4274 Jesu
769 4220 963 4276 Christi
994 4229 1100 4276 sint
1128 4227 1272 4280 tincti
1293 4270 1306 4290 ,
1334 4243 1425 4280 seu
1451 4239 1506 4280 ut
1537 4228 1673 4282 idem
1704 4237 1888 4281 auctor

259 4313 403 4366 aliis
436 4315 605 4368 verbis
635 4333 754 4370 mox
783 4319 995 4384 repetit,
1032 4320 1121 4388 qui
1152 4319 1278 4372 l'oris
1311 4321 1548 4390 quidem,
1584 4321 1677 4375 sed
1710 4337 1759 4374 lN
1793 4336 1888 4376 N0-

263 4421 416 4461 ﬂtNE
443 4406 567 4462 Jssc
598 4407 818 4463 Cuntsrt
856 4411 1186 4465 [)ominicmn
1219 4427 1537 4484 acceperunt
1568 4416 1836 4485 Baptisma
1869 4432 1882 4468 :

263 4516 461 4568 neque
487 4503 584 4554 alia
617 4501 682 4556 de
713 4519 868 4556 causa
899 4505 1222 4574 Stephanus,
1253 4508 1518 4584 Cypriano
1552 4518 1714 4573 teste,
1748 4508 1884 4561 illar-

1992 3275 2222 3345 Spiritns
2245 3281 2439 3347 sancti,
2475 3281 2663 3336 initiati
2691 3282 3016 3340 dicerentur.

2063 3370 2114 3423 9.
2145 3370 2406 3435 Quocirca
2459 3371 2803 3430 innocentius
2834 3377 3004 3446 Epist.
3036 3391 3122 3432 xv:
3153 3378 3222 3434 ad
3273 3378 3597 3436 Macedonas

1992 3477 2045 3514 ιι.
2101 3463 2188 3524 it),
2215 3479 2310 3518 eos
2361 3468 2452 3536 qui
2507 3467 2628 3523 Act.
2687 3485 2800 3536 xix,
2846 3471 2901 3533 5,
2962 3472 3216 3542 baptizati
3273 3474 3328 3528 in
3377 3473 3596 3530 nomine

1994 3554 2203 3609 Domini
2235 3557 2364 3613 Jesu
2410 3559 2682 3626 dicuntur,
2719 3561 2772 3616 in
2806 3563 3026 3620 nomine
3070 3564 3245 3621 Patris
3299 3576 3354 3621 et
3397 3566 3517 3621 Filii
3543 3575 3598 3623 et

1991 3653 2224 3720 Spiritus
2249 3657 2422 3709 sancti
2472 3657 2775 3727 baptizatos
2801 3673 2923 3716 esse
2965 3659 3104 3715 haud
3133 3661 3326 3716 dubius
3352 3676 3596 3732 pronun-

1993 3745 2107 3798 tiat.
2161 3747 2278 3816 ipse
2328 3764 2459 3802 vero
2503 3751 2751 3819 quamvis
2804 3751 2977 3820 Epist.
3027 3769 3085 3818 ιι,
3139 3768 3259 3823 cap.
3293 3755 3327 3808 8
3365 3755 3594 3824 sanciat,

1992 3837 2285 3895 Venientes
2338 3858 2367 3896 a
2422 3841 2731 3898 Novatianls
2767 3845 2851 3900 vei
2885 3844 3255 3903 Montensibus
3281 3865 3378 3920 per
3403 3865 3596 3906 manus

1993 3938 2198 3986 tantum
2242 3933 2640 4002 impositionem
2673 3937 3059 4008 suscipiantur,
3088 3941 3210 4009 quia
3254 3943 3501 4011 quamvis
3527 3945 3596 3997 ab

1992 4023 2283 4088 hmreticis,
2322 4037 2500 4081 tamen
2529 4028 2580 4084 in
2612 4028 2812 4083 Christi
2841 4032 3061 4086 nomine
3087 4041 3212 4086 sunt
3238 4031 3489 4102 baptizati
3520 4051 3532 4086 :
3569 4052 3590 4086 ι

1993 4126 2046 4170 et.
2097 4117 2424 4175 Novatianos
2484 4131 2661 4177 tamen
2719 4132 2773 4179 et
2818 4122 3124 4181 Montenses
3171 4139 3265 4182 seu
3291 4127 3596 4182 Donatistas

1991 4212 2172 4268 verbis
2221 4231 2250 4268 a
2305 4215 2521 4271 Chri~to
2571 4219 2901 4288 praescriptis
2952 4219 3253 4290 baptizasse
3309 4237 3406 4293 pro
3447 4230 3596 4276 certo

1992 4304 2174 4361 habet.
2215 4307 2364 4362 Unde
2407 4310 2457 4363 in
2510 4309 2728 4367 Nicasno
2783 4313 3016 4368 concilio
3071 4313 3232 4370 aliter
3280 4331 3400 4371 cum
3450 4315 3592 4369 Pau-

1990 4399 2267 4466 iianistis,
2341 4411 2394 4456 et
2462 4403 2620 4459 aliter
2684 4422 2809 4460 cum
2876 4405 3188 4463 Novatianis
3254 4420 3432 4463 aetum
3473 4423 3594 4464 esse

1990 4491 2280 4546 observat:
2344 4514 2362 4546 ι
2402 4494 2524 4565 quia
2573 4496 2913 4552 Paulianistw
2945 4499 3000 4553 in
3050 4503 3270 4556 nomine
3319 4500 3495 4555 Patris
3540 4509 3596 4555 et

259 4596 632 4650 cionistarum
677 4597 1005 4664 Baptismunt
1047 4582 1373 4669 recipiebat,
1420 4601 1518 4656 nisi
1563 4603 1682 4672 quia
1731 4600 1783 4654 lii
1831 4595 1963 4656 inD
1992 4582 2110 4636 Filii
2141 4595 2191 4639 ei
2219 4584 2453 4655 simum
2503 4590 2676 4643 53M"
2717 4590 2938 4644 minime
2975 4592 3267 4661 Μῑηίῑέηηο
3314 4603 3369 4647 θῑ
3416 4591 3594 4647 N‘Wa'

259 4691 489 4744 nomine
509 4691 632 4744 Jt‘su
660 4692 1077 4760 baptizabantur.
1102 4693 1236 4749 Hinc
1253 4696 1354 4750 alia
1380 4695 1883 4766 oboriturquarstio.

254 4826 376 4884 lli.
422 4843 487 4882 AN
527 4842 624 4882 eos
645 4871 660 4894 ,
694 4843 826 4893 quos
854 4844 1178 4890 BAPI‘IZA'I'OS
1207 4846 1258 4888 tu
1288 4845 1490 4893 sonuit:
1536 4847 1658 4892 JESU
1687 4873 1701 4896 ,
1736 4847 1882 4892 ntxtr

347 4938 693 4989 STEPHANUS,
755 4939 1146 4982 INTBLLBXIRIT
1206 4941 1260 4982 IN
1324 4942 1522 4988 ιιιοιιιιε
1578 4941 1885 4986 τιιιιηιτιιτιε

346 5030 491 5072 ΒΔΡΤ
498 5031 695 5074 ικΑτοε.

343 5154 415 5208 8.
461 5154 654 5212 Eadem
687 5155 910 5228 qumsﬁo
937 5156 1094 5211 aliter
1117 5157 1344 5228 proponi
1374 5159 1449 5214 sic
1479 5168 1672 5229 potest,
1706 5175 1772 5213 an
1803 5161 1882 5214 vi-

244 5250 483 5307 delicet
519 5251 821 5322 Stephanus
863 5251 1191 5321 Baptismnm
1218 5294 1232 5318 ,
1281 5253 1330 5306 in
1372 5271 1477 5324 quo
1518 5253 1644 5308 Jcsu
1687 5252 1881 5308 Citristi

240 5358 483 5400 nomen
534 5347 650 5399 lm-o
697 5347 855 5399 trium
911 5361 1260 5417 personarum
1308 5345 1649 5399 substitutum
1701 5355 1876 5410 esset,

237 5437 582 5506 admiserit,
615 5449 666 5495 et
696 5456 843 5503 eum,
873 5437 964 5510 qui
992 5441 1042 5493 in
1073 5441 1275 5493 nomine
1302 5437 1426 5492 Jesu
1457 5437 1662 5505 Christi,
1703 5454 1805 5492 non
1831 5438 1882 5492 in

233 5528 491 5587 nomine
519 5530 690 5585 Patris
717 5542 761 5584 et
791 5531 917 5584 Filii
946 5541 992 5584 et
1024 5529 1249 5602 Spiritus
1272 5533 1436 5583 sancti
1465 5531 1759 5602 baptizatus
1792 5548 1879 5583 es-

230 5635 368 5689 set,
414 5621 675 5695 Baptismi
707 5627 928 5698 gratiam
977 5627 1231 5696 consequi
1259 5626 1496 5695 potuisse
1540 5626 1877 5681 existimarit.

226 5718 689 5776 Observandum
717 5727 801 5774 est
830 5728 1026 5785 autem,
1059 5716 1315 5789 Stephani
1336 5716 1404 5773 de
1435 5716 1706 5787 Baptismo
1735 5718 1882 5773 locu-

219 5814 512 5880 tionem,
537 5827 694 5882 quam
721 5811 949 5867 Actuum
975 5811 1406 5884 Apostoiicorum
1434 5812 1749 5869 auctoritate
1776 5812 1879 5868 ful-

1991 4678 2116 4732 tiani
2173 4680 2364 4734 iisdem
2432 4683 2742 4738 nominibus
2811 4686 3108 4740 tremendis
3157 4686 3591 4758 venerandisque

1989 4771 2282 4842 baptizant.
2317 4793 2336 4826 ›
2391 4772 2535 4829 idem
2590 4776 2876 4832 dicendum
2929 4779 3092 4833 etde
3149 4779 3462 4844 Donatistis,
3501 4779 3593 4850 qui

1989 4868 2172 4921 verbis
2191 4867 2242 4921 in
2271 4868 2510 4923 Ecclesia
2531 4871 2801 4924 consuetis
2820 4870 3098 4940 baptizare
3120 4887 3226 4926 non
3241 4872 3590 4926 destiterunt.

1989 4959 2105 5031 ipse
2135 4962 2296 5017 etiam
2333 4961 2655 5034 Cyprianus,
2689 4981 2792 5018 non
2825 4980 2983 5020 secus
3013 4974 3175 5036 atque
3221 4967 3588 5032 Innocentius,

1989 5057 2206 5130 quodin
2236 5057 2386 5118 Actis
2412 5059 2794 5130 Apostolorum
2820 5059 3092 5132 Baptismo
3119 5060 3324 5120 Christi
3352 5060 3592 5133 appella-

1990 5159 2097 5216 tur,
2156 5151 2258 5210 hoc
2285 5151 2339 5206 in
2363 5151 2583 5208 nomine
2622 5150 2797 5208 Patris
2827 5162 2882 5207 et
2912 5152 3027 5210 Filii
3060 5164 3116 5209 et
3155 5152 3390 5224 Spiritus
3419 5153 3594 5216 sancti

1987 5247 2242 5302 collatum
2267 5262 2388 5302 esse
2435 5265 2540 5302 non
2593 5248 2821 5302 dubitat.
2856 5248 3040 5302 Primo
3065 5251 3209 5304 enim
3273 5249 3590 5326 praemittit:

1992 5358 2012 5391 ι
2051 5338 2152 5405 Illi,
2177 5343 2264 5409 qui
2292 5343 2402 5411 jam
2431 5341 2562 5412 legis
2584 5352 2638 5398 et
2665 5341 2831 5412 Moysi
2857 5343 3292 5414 antiquissimum
3317 5345 3594 5416 Baptisma

1993 5433 2210 5489 fuerant
2258 5437 2456 5502 adepti,
2513 5437 2564 5491 in
2612 5438 2829 5493 nomine
2873 5454 3086 5510 quoque
3132 5438 3260 5496 Jesn
3290 5451 3445 5497 erant
3473 5439 3600 5513 bap-

1992 5528 2211 5594 tizandi,
2243 5528 2538 5584 secundum
2567 5529 2711 5600 quod
2736 5530 2786 5583 in
2812 5529 2961 5586 Actis
2991 5533 3372 5602 Apostolorum
3403 5533 3599 5592 Petrus

1986 5623 2053 5678 ad
2107 5637 2203 5678 eos
2255 5621 2494 5694 loquitur
2543 5631 2598 5678 et
2637 5622 2767 5678 dicit
2801 5641 2813 5676 :
2857 5621 3208 5692 Pwnitcmini,
3237 5635 3286 5680 et
3313 5626 3602 5704 baptizatur

1987 5717 2329 5788 unusquisque
2375 5725 2596 5772 vestrum
2648 5715 2704 5770 in
2759 5716 2962 5772 nomine
3005 5716 3131 5773 Iesu
3177 5718 3389 5776 Christi.
3429 5739 3448 5773 ι
3519 5719 3600 5777 Ae

1987 5812 2183 5869 deinde
2217 5811 2318 5867 ista
2350 5813 2632 5884 explicans
2659 5809 2898 5883 subiicit,
2937 5829 2956 5866 ι
2991 5810 3122 5868 Iesu
3143 5811 3344 5869 Christi
3372 5819 3592 5870 mento-
