4262 6236
712 237 855 295 1255

1828 241 2166 299 STEPHANI
2206 244 2227 299 ι
2268 240 2468 300 ΡΑΡιΕ
2505 240 2892 300 SENTENTIA

3876 242 4008 299 1256

709 373 831 413 nem
859 354 985 411 facit
1008 355 1220 422 Petrus,
1243 369 1352 411 non
1376 354 1526 427 quasi
1550 356 1709 411 Pater
1730 356 2085 425 omitteretur,
2116 358 2211 414 sed
2241 369 2295 414 ut
2322 361 2375 420 Α
2400 360 2720 427 cutiehatur,
2780 363 2952 415 visum
3020 367 3102 417 est
3155 358 3481 429 quibusdam
3538 360 3702 415 etiam
3777 364 4006 433 egregiis

709 455 853 510 Patri
877 467 1089 524 quoque
1112 450 1279 506 Filius
1304 451 1712 521 adjungeretur.
1745 472 1763 504 ›

784 548 870 603 10.
904 546 1160 616 Stephani
1203 561 1330 601 vero
1370 546 1593 600 idoneus
1621 556 1705 601 est
1736 547 1999 616 interpres
2040 548 2175 617 ipse,
2213 549 2301 619 qui

707 642 869 696 verba
894 640 1013 709 ejus
1041 640 1241 705 retulit,
1289 637 1655 694 Firmilianus.
1701 640 1796 695 llic
1824 656 1985 711 porro
2012 642 2155 711 quod
2183 642 2303 696 Ste-

709 736 916 807 phanus
935 749 1057 791 cum
1086 734 1249 791 sociis
1275 733 1503 799 dixerat,
1542 752 1561 785 ι
1598 734 1817 789 Multum
1847 737 2053 805 proficit
2105 752 2300 791 nomen

706 831 1000 886 Christi....
1058 840 1115 883 ut
1157 829 1482 900 quicumque
1525 837 1580 883 et
1626 829 1949 900 ubicumque
1999 831 2051 884 in
2084 833 2301 886 nomine

705 922 906 979 Christi
934 924 1231 993 baptizatus
1258 923 1439 985 fuerit,
1469 923 1650 977 statim
1681 932 2043 993 consequatur
2069 926 2300 993 gratiam

704 1016 920 1083 Christi,
965 1034 985 1068 ι
1020 1016 1099 1070 sic
1127 1016 1300 1086 palam
1325 1025 1378 1070 et
1406 1024 1591 1085 aperte
1614 1017 1834 1084 exponit
1865 1036 1878 1071 :
1911 1034 1929 1066 ι
1966 1016 2080 1070 Non
2111 1028 2297 1087 putant

704 1107 1057 1179 quaerendum
1109 1122 1228 1163 esse
1277 1108 1398 1177 quis
1448 1108 1519 1161 sit
1565 1108 1654 1161 ille
1683 1108 1771 1177 qui
1813 1108 2183 1177 baptizaverit,
2233 1124 2299 1163 eo

702 1205 845 1277 quod
904 1206 993 1277 qui
1050 1206 1353 1275 baptizatus
1386 1206 1454 1259 sit
1496 1208 1723 1274 gratiam
1773 1208 2029 1277 consequi
2064 1208 2297 1275 potuerit

702 1300 944 1355 invocata
964 1315 1252 1355 TRINITATE
1299 1314 1534 1355 somnus
1561 1299 1735 1354 Patris
1764 1309 1817 1355 et
1845 1300 1963 1354 Filii
1990 1312 2044 1355 et
2069 1300 2297 1370 Spiritus

700 1397 893 1452 sancti.
921 1414 939 1447 ›
1001 1393 1152 1451 Unde
1189 1394 1411 1449 evidens
1450 1405 1533 1449 est
1562 1394 1643 1448 his
1692 1395 1891 1461 verbis,
1934 1395 2197 1465 baptizari
2243 1396 2295 1449 in

702 1492 918 1545 nomine
942 1488 1167 1556 Christi,
1200 1488 1531 1557 Baptismum
1558 1488 1609 1541 in
1635 1489 1851 1543 nomine
1882 1488 2057 1542 Patris
2085 1498 2139 1543 et
2171 1488 2291 1543 Filii

700 1595 755 1641 et
781 1585 1011 1657 Spiritus
1032 1585 1203 1639 sancti
1249 1583 1526 1648 collatum,
1555 1599 1584 1635 a
1632 1580 1969 1645 Firmiliano,
2022 1582 2294 1653 Stephano

702 1688 757 1734 et
782 1678 941 1733 sociis
988 1676 1315 1733 intellectum
1348 1691 1487 1731 esse.
1524 1675 1657 1730 Rem
1686 1675 1819 1730 adeo
1846 1675 2149 1730 evidentem
2182 1692 2294 1729 ma-

2408 453 2738 508 autistitibus
2766 454 2992 522 Christi,
3018 455 3307 526 interquns
3333 455 3600 525 praecipue
3623 454 3681 508 Β.
3707 454 4006 526 Cyprianus

2406 547 2699 612 eminebat,
2733 564 2836 601 non
2864 564 2986 604 eSse
3011 564 3167 619 posse
3202 548 3342 618 apud
3376 548 3658 603 haereticos
3707 548 3795 603 vel
3837 549 4007 604 schis-

2408 642 2631 695 maticos
2697 640 3028 711 Baptismum
3094 640 3316 706 Christi,
3376 642 3479 697 nisi
3551 644 3676 711 quia
3732 658 3839 697 non
3895 641 4003 697 dis-

2408 733 2749 803 tinguebatur
2829 745 3227 789 sacramentum
3313 736 3382 790 ab
3458 735 3655 790 effectu
3744 735 3827 789 vel
3907 750 4002 790 usu

2404 828 2748 881 sacramenti.
2812 827 2879 882 Et
2930 828 3054 899 quia
3112 828 3228 898 ejus
3284 827 3513 884 effectus
3567 835 3731 898 atque
3760 843 3891 882 usus
3947 828 4001 883 in

2403 920 2719 976 liberatione
2773 938 2800 975 a
2862 924 3097 993 peccatis
3149 932 3203 976 et
3256 922 3437 977 cordis
3479 921 3801 977 rectitudine
3860 922 4001 992 apud

2403 1011 2687 1069 hmreticos
2742 1031 2848 1067 non
2901 1014 3294 1077 inveniebatur,
3342 1015 3516 1084 ipsum
3560 1030 3770 1085 quoque
3813 1028 3998 1068 sacra-

2402 1118 2639 1162 mentum
2672 1124 2777 1162 non
2807 1110 2914 1163 illic
2941 1125 3062 1164 esse
3092 1110 3399 1179 putabatur.
3443 1129 3462 1161 ι
3499 1108 3683 1181 (Initio
3711 1108 3795 1161 lib.
3828 1125 3900 1171 vr,
3933 1108 4001 1163 de

2400 1199 2540 1272 bapt.
2570 1212 2704 1255 cont.
2738 1199 2954 1271 Donat)
2995 1202 3256 1268 Quocirca
3303 1201 3442 1257 idem
3487 1201 3688 1256 Doctor
3728 1200 3997 1272 Cypriane

2399 1295 2691 1364 objicienti,
2732 1315 2751 1347 ι
2789 1295 2944 1351 Salus
2975 1306 3124 1351 extra
3178 1296 3473 1351 Ecclesiam
3517 1312 3622 1350 non
3675 1305 3777 1358 est,
3815 1315 3833 1347 ›
3882 1310 3992 1349 res-

2400 1388 2617 1458 pondet,
2676 1389 2845 1455 «Quis
2873 1390 3075 1459 negat?
3131 1388 3195 1443 Et
3240 1389 3361 1445 ideo
3414 1404 3775 1460 quiecumque
3823 1388 3989 1457 ipsius

2401 1482 2658 1537 Ecclesiae
2687 1481 2966 1547 habentur,
3014 1492 3164 1539 extra
3207 1483 3502 1538 Ecclesiam
3549 1498 3655 1538 non
3706 1483 3887 1537 valent
3924 1481 3989 1537 ad

2398 1576 2639 1632 salutem.
2676 1574 2781 1630 Sed
2807 1576 2948 1629 aliud
2968 1586 3050 1630 est
3078 1592 3187 1629 non
3218 1575 3440 1640 habere,
3474 1575 3617 1629 aliud
3653 1592 3761 1629 non
3785 1574 3985 1629 utiliter

2400 1668 2596 1723 habere
2624 1668 2786 1741 (Ibid.
2842 1669 2931 1723 lib.
2982 1685 3033 1735 v,
3082 1687 3201 1738 cap.
3232 1668 3345 1741 17).
3378 1667 3519 1742 (Non
3556 1670 3765 1723 utiliter
3800 1670 3996 1738 quippe

698 1772 780 1841 gis
810 1786 870 1825 ac
892 1770 1059 1839 magis
1100 1770 1401 1832 confirmat,
1448 1785 1568 1838 qua:
1624 1768 1690 1822 ab
1737 1768 1927 1822 codem
1975 1767 2293 1822 Firmiliano
2322 1767 2369 1827 B
2400 1762 2591 1828 habet,
2655 1763 2744 1832 qui
2810 1773 3209 1818 sacramentum
3278 1762 3439 1818 habet
3493 1762 3609 1817 sine
3666 1760 3995 1816 sacramenti

700 1864 958 1920 adversus
986 1863 1315 1933 Stephanum
1338 1878 1401 1917 ac
1428 1863 1605 1916 socios
1634 1860 1916 1930 subjicitur
1942 1860 2163 1915 historia
2187 1877 2295 1913 nm-

699 1958 847 2013 lieris
874 1975 892 2008 ι
923 1972 1043 2027 qua:
1072 1956 1217 2025 prius
1251 1971 1345 2025 per
1376 1955 1673 2024 praestigias
1694 1965 1747 2008 et
1771 1952 2007 2008 fallacias
2031 1954 2295 2008 daemonis

698 2050 863 2104 multa
896 2049 960 2103 ad
989 2048 1364 2118 deceptionem
1399 2047 1632 2101 fidelium
1678 2047 2019 2107 moliebatur,
2056 2065 2073 2096 ι
2136 2057 2295 2116 atque

696 2146 838 2201 inter
863 2154 1058 2200 cretera
1102 2144 1203 2197 hoc
1249 2143 1409 2197 etiam
1441 2157 1569 2195 ausa
1604 2142 1794 2205 fuerat,
1859 2160 1875 2191 ‹
1909 2152 1963 2195 ut
2000 2142 2294 2210 baptizaret

696 2236 894 2292 multos
926 2238 1119 2289 usitata
1145 2244 1201 2289 et
1228 2235 1461 2305 legitima
1490 2233 1650 2288 verba
1678 2232 2113 2303 interrogationis
2143 2248 2295 2287 usur-

698 2346 851 2401 pans,
882 2340 938 2383 ut
969 2330 1039 2383 nil
1063 2328 1372 2398 discrepare
1393 2328 1460 2381 ab
1486 2328 1850 2383 ecclesiastica
1875 2327 2053 2397 regula
2081 2327 2291 2380 videre—

700 2435 805 2481 tur.
844 2424 1038 2492 )Quod
1070 2424 1263 2477 factum
1290 2422 1377 2475 ubi
1411 2422 1570 2475 latius
1614 2422 1885 2476 enarravit
1926 2420 2288 2485 Firmilianus,

690 2518 871 2575 statim
894 2516 1163 2587 adjungit:
1186 2515 1352 2582 «Quid
1377 2514 1537 2585 igitur
1562 2514 1629 2569 de
1658 2514 1814 2583 hujus
1838 2514 2111 2584 Baptismo
2138 2512 2289 2568 dice-

692 2613 851 2668 mus?
879 2610 1149 2679 Numquid
1180 2619 1236 2664 et
1263 2609 1365 2663 hoc
1406 2607 1730 2678 Stephanus,
1764 2617 1819 2662 et
1844 2609 1931 2677 qui
1961 2608 2034 2661 illi
2056 2622 2289 2661 consen-

691 2709 849 2770 tiunt,
879 2702 1277 2772 comprobant?
1307 2702 1538 2757 maxime
1562 2702 1648 2756 cui
1680 2716 1781 2756 nec
1823 2700 2129 2769 symbolum
2160 2700 2288 2755 TRI-

690 2813 917 2863 NI'I‘A'I'IS,
969 2812 1070 2855 nec
1120 2796 1470 2866 interrogatio
1529 2794 1765 2866 legitima
1809 2806 1864 2849 et
1917 2794 2285 2849 ecclesiastica

687 2892 911 2949 defuit?
972 2911 991 2944 ι
1050 2891 1319 2959 Quorsum
1374 2906 1506 2945 vero
1566 2888 1706 2944 istud
1756 2890 1988 2944 maxime
2028 2898 2134 2945 etc.
2180 2888 2286 2943 nisi

690 2989 812 3059 quia
872 2989 1180 3057 Stephanus
1229 2988 1651 3045 ecclesiasticam
1702 2986 2007 3056 baptizandi
2054 2984 2282 3039 formam

688 3090 894 3147 tenens,
950 3097 1071 3136 eam
1097 3084 1255 3137 etiam
1298 3082 1366 3137 ab
1394 3082 1515 3137 aliis
1537 3082 1707 3137 teneri
1737 3082 1929 3147 vellet;
1963 3081 2097 3136 adeo
2152 3089 2209 3135 ut
2237 3080 2280 3135 si

2399 1857 2644 1927 effectu.)
2690 1857 2790 1926 Qui
2822 1874 2927 1913 non
2972 1858 3152 1923 habet,
3187 1868 3267 1913 est
3300 1857 3655 1927 baptizandus
3685 1869 3744 1911 ut
3775 1855 3989 1912 habeat.

2397 1950 2498 2017 Qui
2548 1967 2653 2004 non
2721 1951 2925 2006 utiliter
2977 1952 3158 2011 habet.
3216 1951 3571 2021 corrigendos
3610 1971 3629 2004 ι
3692 1951 3759 2005 Et
3813 1951 3992 2019 paucis

2398 2044 2691 2115 interjectis
2730 2067 2744 2102 :
2798 2066 2815 2096 ί
2854 2046 3039 2101 Potest
3071 2047 3228 2117 igitur
3259 2046 3414 2100 nobis
3460 2056 3512 2100 et
3552 2045 3823 2101 lia-reticis
3851 2045 3993 2115 Bap-

2400 2138 2551 2191 tisma
2604 2154 2723 2194 esse
2770 2154 3077 2206 commune,
3117 2154 3238 2195 cum
3270 2138 3461 2209 quibus
3512 2147 3688 2209 potest
3730 2150 3781 2194 et
3808 2138 3997 2193 Evan-

2396 2232 2591 2301 gelium
2623 2249 2743 2289 esse
2773 2248 3081 2300 commune,
3114 2233 3359 2303 quamvis
3402 2249 3432 2287 a
3475 2232 3582 2288 fide
3619 2243 3793 2288 nostra
3824 2247 3990 2289 error

2394 2324 2555 2379 disnet
2606 2326 2845 2380 illorum.
2886 2346 2904 2378 ι
3172 2376 3187 2389 ,

2469 2418 2554 2471 1:5.
2584 2418 2691 2474 Sed
2722 2421 2763 2473 si
2794 2436 2823 2473 a
2862 2437 2990 2475 vero
3012 2420 3279 2476 aberravit
3309 2420 3633 2492 Cyprianus,
3660 2438 3783 2477 cum
3815 2438 3993 2477 sacra-

2392 2520 2631 2567 mentum
2697 2522 2751 2567 Cl.
2810 2529 2964 2568 usum
3021 2531 3116 2569 seu
3177 2514 3436 2570 εΐΐυςιυιιι
3505 2519 3835 2572 sacramenti
3890 2533 3990 2572 non

2392 2604 2748 2676 distinguens,
2780 2606 2900 2662 ideo
2950 2607 3166 2677 negavit
3193 2619 3594 2663 sacramentum
3623 2610 3691 2663 ab
3722 2609 3993 2666 haereticis

2389 2697 2599 2767 accipi,
2656 2699 2779 2768 quia
2846 2699 2899 2753 in
2958 2699 3151 2754 hieresi
3234 2717 3342 2754 non
3416 2700 3699 2755 confertur
3762 2702 3993 2758 effectus

2390 2793 2713 2847 sacramenti
2748 2810 2763 2859 ;
2804 2808 2982 2848 nonne
3006 2810 3259 2864 peccasse
3279 2795 3542 2850 dicendus
3569 2807 3653 2851 est
3680 2808 3731 2852 et
3762 2797 3992 2868 Stepha-

2390 2901 2511 2949 nus,
2545 2903 2668 2941 cum
2698 2892 2838 2942 viam
2862 2890 3163 2959 oppositam
3213 2902 3421 2956 tenens,
3446 2892 3719 2947 affirmare
3752 2896 3992 2949 videatur

2388 2994 2493 3033 non
2548 2980 2710 3035 modo
2772 2995 3208 3048 sacramentum,
3262 2985 3359 3040 sed
3422 2987 3585 3040 etiam
3651 2987 3979 3042 sacramenti

2387 3071 2637 3127 effectura
2672 3074 2740 3127 ab
2779 3074 3045 3131 haereticis
3097 3080 3346 3147 percipi?
3389 3080 3522 3133 Cum
3573 3082 3715 3135 enim
3754 3081 3989 3135 salutem

688 3175 806 3244 quis
828 3190 893 3229 ex
918 3184 1130 3245 recepta
1158 3175 1419 3231 Ecclesia)
1464 3176 1647 3247 regula
1680 3176 2010 3245 prmcipuum
2053 3175 2278 3244 aliquid,
2308 3176 2353 3238 c
2387 3174 2538 3219 extra
2574 3167 2868 3221 Ecclesium
2896 3184 3001 3223 non
3028 3186 3149 3225 esse
3190 3172 3241 3224 in
3269 3171 3519 3227 cor-fesso
3546 3174 3651 3237 sit;
3696 3190 3802 3243 quo
3833 3182 3988 3243 pacto

689 3266 861 3336 qualis
892 3276 974 3321 est
1005 3266 1056 3320 in
1092 3268 1277 3336 primis
1304 3283 1333 3320 a
1370 3266 1587 3323 Christo
1648 3269 1960 3338 praescripta
1990 3269 2280 3324 verborum

682 3357 875 3422 forma,
915 3360 1185 3414 omisisset
1215 3360 1299 3414 vel
1325 3369 1605 3425 mutasset,
1644 3360 1975 3430 Baptismum
2031 3363 2173 3419 illius
2212 3365 2281 3419 ab

683 3450 784 3507 hoc
808 3452 955 3521 Papa
969 3452 1324 3521 rejiciendum
1352 3468 1473 3510 esse
1496 3454 1841 3510 Firmilianus
1860 3472 1965 3510 non
1982 3457 2280 3513 dubitaret?

680 3542 786 3598 Sed
816 3554 867 3599 et
901 3546 1274 3599 eaoccasione
1326 3545 1469 3601 idem
1514 3547 1801 3618 episcopus
1842 3549 2099 3619 Stephani
2150 3567 2276 3606 sen-

683 3636 903 3691 tentiam
957 3636 1182 3693 miriﬁce
1228 3637 1480 3704 illustrat,
1544 3638 1671 3694 dum
1715 3656 1835 3695 eam
1893 3643 1971 3697 sic
2030 3644 2273 3711 sugillat:

685 3746 703 3779 ι
740 3728 928 3783 Potest
971 3728 1121 3784 credi
1178 3739 1268 3784 aut
1320 3731 1568 3785 remissio
1621 3741 1965 3802 peccatorum
2009 3733 2152 3799 data,
2186 3744 2279 3791 aut

679 3822 877 3878 lavacri
928 3824 1267 3893 regeneratio
1318 3825 1422 3879 rite
1474 3825 1741 3894 perfecta,
1794 3827 1884 3882 ubi
1947 3830 2125 3883 omnia
2180 3846 2276 3899 per

679 3915 983 3971 tltemonem
1014 3927 1160 3987 gesta
1185 3916 1353 3971 sunt?
1381 3916 1497 3972 Nisi
1522 3920 1567 3972 si
1623 3927 1679 3973 et
1717 3918 2015 3975 dmntonem
2072 3923 2123 3975 in
2179 3939 2275 3976 no-

676 4010 823 4065 mine
869 4010 1045 4065 Patris
1080 4021 1135 4065 et
1181 4010 1301 4065 Filii
1330 4019 1385 4065 et
1411 4012 1642 4081 Spiritus
1668 4011 1841 4068 sancti
1877 4016 2102 4084 gratiam
2137 4015 2274 4086 Bap-

678 4103 821 4161 tismi
852 4105 1068 4161 dedisse
1092 4104 1447 4172 contendunt,
1471 4106 1563 4176 qui
1594 4106 1966 4163 haereticorum
2002 4108 2270 4178 Baptisma

674 4198 991 4255 defendunt.
1026 4218 1045 4251 ›
1100 4199 1231 4255 Inde
1271 4198 1414 4254 enim
1467 4200 1807 4255 manifestum
1867 4212 1950 4257 est
1994 4202 2198 4257 nullum
2239 4220 2269 4258 a

673 4292 948 4363 Stephano
992 4293 1324 4363 Baptismum
1376 4294 1670 4350 admissum
1713 4311 1853 4361 esse,
1908 4298 2009 4351 nisi
2061 4298 2149 4367 qui
2216 4299 2268 4353 in

675 4387 895 4443 nomine
934 4387 1108 4443 Patris
1157 4398 1211 4443 et
1256 4387 1375 4442 Filii
1424 4399 1479 4443 et
1516 4388 1749 4458 Spiritus
1803 4392 1971 4445 sancti
2039 4392 2268 4447 collatus

671 4491 836 4539 esset.
868 4481 989 4538 Uno
1026 4482 1193 4539 verbo
1224 4481 1509 4554 Cypriani,
1540 4482 1840 4538 Firmiliani
1889 4500 1953 4539 ac
1996 4486 2264 4540 sociorum

2385 3261 2622 3315 eximere
2670 3263 2737 3316 ab
2783 3280 2968 3319 errore
3015 3265 3156 3329 licet,
3183 3282 3303 3337 qua:
3352 3284 3379 3320 a
3407 3265 3701 3337 Stephano,
3735 3270 3873 3324 etiis
3896 3269 3986 3340 qui

2385 3370 2505 3408 cum
2541 3356 2631 3409 illo
2660 3359 3093 3425 consentiebant,
3122 3360 3259 3415 dicta
3292 3378 3413 3417 esse
3443 3363 3738 3434 Cyprianus
3771 3380 3836 3417 ac
3868 3364 3991 3419 Fir-

2384 3450 2635 3505 milianus
2692 3454 3081 3509 testificantur?
3136 3457 3193 3511 Si
3239 3458 3382 3511 enim
3439 3457 3488 3511 hi
3535 3474 3638 3512 non
3688 3456 3981 3524 falluntur,

2382 3544 2597 3598 aiebant
2630 3544 2725 3612 illi,
2769 3546 3177 3603 «dimissionem
3208 3560 3548 3619 peccatorum
3588 3559 3641 3603 et
3678 3548 3983 3606 secundam

2381 3642 2715 3699 nativitatem
2742 3644 2795 3699 in
2830 3645 3205 3701 Itzereticurum
3228 3645 3503 3716 Baptisma
3533 3646 3843 3716 procedere,
3875 3661 3987 3704 seu

2378 3751 2475 3806 per
2503 3752 2597 3791 eos
2632 3737 2720 3808 qui
2749 3754 2870 3791 cum
2902 3739 3001 3809 ipsi
3041 3739 3093 3793 in
3124 3740 3373 3793 omnibus
3402 3741 3643 3810 peccatis
3672 3741 3781 3794 sint
3810 3756 3979 3796 cons-

2381 3830 2542 3895 tituti,
2575 3846 2734 3900 posse
2770 3833 3144 3887 remissionem
3169 3846 3520 3905 peccatorum
3551 3835 3706 3901 dari;
3752 3835 3987 3907 ideoque

2378 3926 2730 3995 quaerendum
2759 3942 2863 3981 non
2907 3942 3029 3981 esse
3068 3927 3190 3998 quis
3238 3930 3310 3983 sit
3359 3927 3450 3983 ille
3476 3930 3566 3999 qui
3598 3928 3980 3999 baptizaverit,

2376 4037 2442 4073 eo
2471 4021 2613 4090 quod
2642 4020 2735 4091 qui
2766 4021 3067 4092 baptizatus
3098 4022 3281 4087 fuerit,
3332 4024 3559 4095 gratiam
3588 4027 3849 4094 consequi
3880 4040 3984 4095 po-

2378 4117 2542 4169 tuerit
2572 4114 2821 4169 invocata
2852 4116 3113 4172 Triuitate
3138 4119 3413 4172 nominum
3454 4139 3469 4173 :
3499 4130 3552 4173 et
3578 4120 3703 4190 quia
3745 4120 3985 4175 multum

2376 4208 2583 4276 prolicit
2616 4222 2815 4263 nomen
2843 4208 3064 4275 ChriSti,
3106 4218 3165 4265 ut
3187 4212 3510 4283 quicumque
3535 4213 3837 4283 baptizatus
3864 4214 3989 4270 fne-

2374 4300 2447 4355 rit
2475 4301 2525 4353 in
2553 4302 2771 4357 nomine
2825 4302 3046 4371 Christi,
3114 4316 3477 4376 consequatur
3508 4309 3688 4361 statim
3740 4310 3986 4378 gratiam

2370 4390 2590 4447 Christi.
2618 4411 2636 4443 ι

2442 4487 2530 4541 15.
2587 4487 2682 4543 Hic
2722 4488 3117 4545 observandum
3163 4501 3249 4547 est
3279 4492 3475 4562 primo,
3509 4493 3657 4549 nulla
3709 4496 3982 4566 Stephani

672 4592 794 4633 cum
820 4576 1097 4656 Stephano
1126 4588 1180 4630 et
1205 4577 1419 4633 caeteris
1438 4578 1710 4649 episcopis
1739 4579 2046 4634 traditionis
2072 4581 2260 4636 defen-
2290 4579 2341 4638 D
2370 4578 2532 4633 verba
2583 4578 2684 4634 nisi
2726 4596 2793 4635 ex
2840 4580 3274 4638 adversariorum
3328 4584 3445 4655 ejus
3494 4588 3710 4657 scriptis
3752 4589 3822 4643 ad
3869 4605 3985 4646 nos

669 4671 880 4728 scribus
928 4687 1031 4727 una
1082 4671 1151 4727 de
1199 4671 1466 4736 ministro,
1519 4689 1623 4726 non
1671 4672 1739 4727 de
1764 4674 1929 4727 forma
1980 4674 2258 4744 Baptismi,

670 4765 1039 4821 controversia
1087 4774 1225 4827 erat,
1254 4764 1376 4819 aliis
1411 4765 1726 4834 putantibus
1755 4767 2107 4832 quaerendum
2138 4784 2261 4825 esse

665 4858 787 4929 quis
828 4855 896 4912 sit
955 4856 1044 4911 ille
1091 4856 1183 4926 qui
1227 4856 1597 4926 baptizaverit,
1652 4856 1770 4910 aliis
1800 4856 1852 4911 id
1906 4859 2255 4928 qurerendum

664 4968 772 5008 non
799 4966 941 5017 esse,
989 4948 1373 5007 sentientibus.

661 5091 753 5149 lV.
796 5105 862 5147 ΑΝ
921 5105 1022 5148 non
1072 5103 1378 5146 sacramus
1418 5103 1811 5145 umnsrtconuu
1860 5104 2116 5147 Μινυεκο
2160 5108 2253 5147 ηΑ-

732 5197 924 5247 ιοιιειι.
973 5198 1116 5247 ρυλε
1171 5197 1365 5251 DECET,
1440 5197 1715 5239 γιιιτυτειί
1780 5199 1956 5248 ATQUE
2009 5200 2257 5240 EFFICIAM

730 5290 985 5333 TRIBUAT.

730 5416 821 5471 11.
854 5414 1044 5471 Totius
1067 5416 1478 5484 controversiar,
1511 5413 1579 5470 de
1613 5430 1715 5485 qua
1742 5416 1853 5486 jam
1884 5417 2047 5473 multa
2078 5418 2253 5474 disse-

657 5507 885 5576 ruimus,
916 5509 1178 5579 originem
1203 5519 1364 5580 atque
1384 5524 1602 5565 causam
1627 5509 1955 5580 Augustinus
1977 5513 2054 5567 sic
2082 5512 2251 5582 expli-

655 5610 784 5657 cat:
850 5602 1006 5658 tNec
1053 5602 1123 5659 ob
1166 5602 1312 5659 aliud
1350 5601 1455 5657 illis
1499 5604 1856 5676 temporibus,
1903 5604 2121 5674 quando
2148 5605 2249 5658 ista

653 5695 883 5756 quazstio
908 5701 1098 5751 contra
1128 5706 1367 5752 veterem
1388 5694 1837 5755 consuetudinem
1868 5695 2251 5764 disputationi-

648 5774 748 5835 bus
778 5788 923 5844 salva
957 5785 1218 5851 charitate
1248 5794 1416 5851 atque
1444 5792 1651 5849 unitate
1701 5787 2099 5859 altercantibus
2150 5791 2255 5849 dis-

2369 4670 2705 4741 pervenisse.
2766 4672 2873 4728 Nec
2900 4674 3121 4730 dubium
3175 4677 3301 4747 quin
3349 4695 3413 4733 ea
3456 4682 3868 4751 exscripserint,
3907 4700 3985 4741 ac

2370 4767 2510 4820 forte
2542 4781 2608 4820 eo
2630 4766 2790 4821 etiam
2823 4768 2984 4823 modo
3012 4772 3403 4840 expresserim,
3429 4774 3569 4829 unde
3597 4775 3670 4830 illi
3704 4778 3981 4848 majorem

2365 4857 2623 4913 invidiam
2650 4859 2887 4915 conflare
2918 4873 3161 4931 possent.
3215 4864 3421 4922 Deinde
3457 4872 3808 4926 metuendum
3854 4883 3978 4937 est,

2365 4967 2433 5007 ne
2486 4952 2578 5022 qui
2625 4962 3017 5009 sacramentum
3072 4967 3130 5011 et
3179 4962 3503 5015 sacramenti
3545 4962 3800 5019 effectum
3854 4981 3979 5021 non

2362 5046 2783 5115 distinguebant.
2825 5049 3069 5106 eamdem
3125 5053 3496 5111 c0ufusionem
3549 5057 3826 5127 Stephano
3884 5070 3981 5115 at-

2361 5138 2667 5205 tribuerint,
2726 5140 2861 5195 adeo
2906 5152 2967 5197 ut
3011 5143 3153 5214 quod
3202 5145 3290 5201 ille
3334 5148 3403 5202 de
3455 5164 3562 5203 uno
3615 5164 3981 5209 sacramento

2358 5232 2575 5299 dixerit,
2623 5232 2727 5287 hoc
2759 5250 2822 5288 ex
2873 5247 3245 5308 praeoccupata
3300 5252 3480 5297 mente
3508 5285 3523 5307 ,
3557 5254 3809 5316 tanquam
3846 5264 3975 5302 rem

2359 5325 2483 5381 inde
2522 5338 2963 5397 consequentem,
3007 5330 3075 5384 ab
3116 5346 3183 5387 eo
3223 5334 3383 5389 etiam
3415 5336 3481 5390 de
3510 5340 3838 5395 sacramenti
3887 5341 3977 5397 ef-

2358 5420 2500 5475 fectu
2552 5412 2753 5474 dictum
2811 5420 3150 5493 interpretati
3178 5426 3304 5481 sint.
3334 5428 3668 5501 Quamquam
3710 5435 3885 5487 etiam
3919 5436 3969 5489 si

2356 5513 2609 5584 praedicta
2648 5514 2908 5585 Stephani
2958 5520 3120 5573 verba
3164 5538 3267 5576 non
3308 5534 3568 5590 mutasse,
3619 5526 3713 5582 sed
3742 5545 3969 5584 summa

2355 5606 2459 5660 fide
2502 5606 2837 5676 expressisse
2865 5620 3167 5676 ponantur;
3205 5613 3340 5668 nihil
3386 5618 3437 5669 in
3466 5616 3530 5669 iis
3553 5629 3659 5686 est,
3689 5623 3835 5688 quod
3872 5633 3969 5677 aut

2353 5700 2555 5755 erroris
2583 5700 2755 5770 argui,
2805 5712 2897 5756 aut
2924 5718 3031 5758 non
3081 5704 3363 5763 catholica:
3406 5711 3616 5765 veritati
3662 5728 3967 5771 consenta-

2355 5806 2513 5850 neum
2536 5792 2762 5863 judicari
2806 5796 2993 5867 possit.
3037 5797 3095 5855 Si
3146 5800 3289 5857 enim
3332 5802 3400 5858 de
3442 5802 3740 5864 infantibus
3763 5826 3963 5868 sermo

4154 5030 4155 5069 ι

4152 5118 4153 5157 l

4150 5190 4151 5245 l

4148 5280 4149 5333 l

4145 5346 4147 5421 ι
