4262 6236
249 275 387 331 1257
1240 271 1441 327 CIRCA
1479 265 1961 328 RECEPTIONEM
1999 264 2535 326 ll/ERETICORUM.
3372 267 3511 325 19.58

250 400 354 456 est,
384 397 588 445 certum
614 393 697 443 est
721 399 837 451 eos,
868 383 1190 458 ubicumque
1217 398 1271 444 et
1290 404 1319 442 a
1341 403 1680 459 quocumque
1701 386 1831 457 bap-
1857 387 1910 447 Α
1935 386 2099 440 dum?
2145 387 2264 455 quia
2313 385 2445 440 nihil
2500 382 2567 438 ad
2629 382 2871 458 cprporis
2922 382 3121 438 Christi
3175 384 3513 439 sanctitatem

252 482 392 535 tizati
424 480 639 541 fuerint,
670 478 844 531 statim
874 478 1127 548 consequi
1155 480 1378 549 gratiam
1408 480 1628 535 Christi.
1660 480 1714 535 Si
1757 478 1825 534 de
1940 479 2090 534 obest
2114 479 2372 535 tradentis
2402 476 2633 547 nequitia
2659 495 2673 542 ;
2705 477 3052 547 qtttcrendum
3080 494 3183 531 non
3208 493 3327 533 esse
3350 478 3518 534 credi-

249 574 446 629 adullis
472 573 668 642 agitur,
698 572 857 626 etiam
889 570 1017 626 illud
1040 587 1165 629 vere
1192 572 1242 626 in
1260 573 1494 641 Epistula
1517 588 1545 625 a
1576 572 1835 627 Jubaiano
1938 588 2057 629 mus
2085 573 2204 643 quis
2238 573 2307 626 sit
2350 569 2606 626 sacerdos
2651 571 2739 639 qui
2786 570 2911 624 illud
2944 569 3137 624 tradat.
3179 571 3283 625 Sed
3334 588 3519 641 quam-

251 668 313 723 ad
342 664 665 738 Cyprianum
705 664 867 718 missa
918 665 1173 733 scriptum
1224 675 1361 725 erat,
1420 684 1440 717 ‹
1467 665 1608 736 quod
1632 682 1736 720 non
1767 666 1837 720 sit
1942 668 2025 721 vis
2049 667 2312 736 integrum
2347 665 2416 719 sit
2457 673 2875 726 sacramentum,
2903 678 2997 718 seu
3025 680 3051 716 a
3082 663 3223 717 malo
3255 664 3515 730 tradatur,

252 757 597 831 quaerendum
644 757 763 828 quis
793 756 1163 827 baptizaverit,
1210 757 1424 827 quando
1456 759 1500 811 is
1537 759 1624 828 qui
1660 759 1835 827 bapti-
1940 773 2035 814 seu
2083 775 2113 813 a
2167 759 2310 813 malo
2355 742 2683 827 accipiatur,
2715 758 2874 827 longe
2913 768 3090 811 tamen
3144 758 3392 812 diversus
3438 767 3524 812 est

260 862 407 907 zatus
431 853 520 915 sit,
549 850 793 919 accipere
822 850 1099 904 remissam
1121 860 1464 920 peccatorum
1499 849 1731 918 potuerit
1757 866 1772 914 ;
1812 867 1830 900 ι
1941 850 2168 907 effectus
2207 853 2345 921 ejus,
2379 852 2422 906 si
2462 860 2606 906 recta
2626 850 2731 905 fide
2754 864 2806 905 et
2833 851 3037 919 aptium
3060 852 3221 905 corde
3243 862 3333 905 aut
3362 866 3523 921 prava

252 961 356 1003 non
389 944 704 1013 simpliciter
730 942 965 1012 quidem,
998 950 1073 1004 et,
1097 940 1546 1012 quemadmodum
1574 940 1828 1009 infantes,
1941 945 2046 1000 ﬁde
2074 958 2129 999 et
2159 959 2414 1013 perverso
2434 944 2600 998 corde
2631 944 2973 1014 percipiatur.
3027 944 3093 999 Et
3124 942 3244 999 ideo
3271 945 3524 1014 Augusti-

256 1040 366 1110 ipso
404 1036 738 1095 Sacramenti
784 1052 917 1101 usu;
959 1035 1055 1090 sed
1081 1045 1136 1089 ttt
1177 1035 1248 1090 ibi
1281 1034 1522 1105 proxime
1565 1035 1835 1105 adjicitur,
1946 1052 2048 1091 nus
2073 1038 2149 1090 ait
2193 1054 2206 1090 :
2252 1055 2270 1086 ι
2322 1038 2451 1091 Dico
2481 1047 2873 1092 sacramentum
2905 1037 3161 1106 Baptismi
3196 1046 3252 1091 et
3279 1038 3446 1091 bonos
3477 1048 3531 1092 et

254 1132 544 1189 secundum
594 1129 735 1201 quod
776 1128 1024 1194 credidit,
1061 1128 1162 1182 hoc
1188 1136 1273 1183 est
1322 1129 1366 1182 si
1422 1139 1567 1184 recta
1617 1127 1719 1182 fide
1749 1142 1837 1189 ac-
1943 1138 1998 1185 et
2023 1130 2192 1184 malos
2224 1145 2381 1199 posse
2412 1130 2630 1197 habere,
2665 1145 2819 1199 posse
2868 1130 3018 1193 dare,
3046 1146 3201 1199 posse
3245 1130 3529 1196 accipere:

256 1226 460 1297 ceperit
487 1234 649 1294 atque
675 1223 853 1277 omnia
886 1238 995 1292 pra:
1043 1236 1103 1276 se
1144 1221 1348 1285 tulerit,
1382 1237 1503 1292 qute
1532 1220 1837 1277 Christiana
1944 1234 1998 1279 et
2024 1224 2194 1280 bonos
2219 1224 2435 1294 quidem
2467 1226 2668 1281 utiliter
2696 1241 2759 1280 ac
2807 1224 3114 1286 salubriter,
3157 1225 3327 1280 malos
3352 1235 3529 1281 autem

256 1319 441 1389 religio
467 1316 533 1372 ad
581 1318 718 1371 hanc
745 1314 972 1385 gratiam
1017 1314 1448 1384 consequendam
1479 1314 1727 1384 requirit.
1772 1313 1841 1368 Et
1946 1317 2248 1387 perniciose
2301 1327 2461 1388 atque
2514 1317 2845 1387 poenaliter;
2893 1333 3011 1371 cum
3056 1316 3184 1371 illud
3233 1326 3410 1372 tamen
3465 1316 3537 1371 sit

255 1412 392 1467 hanc
420 1408 633 1480 quidem
660 1406 918 1478 Stephani
948 1416 1238 1473 eteorum,
1283 1405 1528 1477 quicum
1576 1406 1669 1464 illo
1713 1420 1843 1461 con-
1945 1408 2000 1464 in
2058 1410 2297 1481 utrisque
2354 1411 2632 1480 aequaliter
2689 1411 2955 1481 integrum
3017 1408 3130 1481 (lib.
3193 1426 3266 1477 tv,
3311 1427 3359 1463 c.
3390 1406 3467 1480 2).
3512 1429 3532 1462 ι

256 1506 579 1571 sentiebant,
632 1504 953 1559 sententiam
993 1516 1113 1557 esse
1144 1502 1487 1557 Firmilianus
1535 1501 1841 1563 confirmat,
1950 1501 2208 1558 Eamdem
2237 1520 2450 1575 quoque
2491 1504 2562 1559 ob
2607 1519 2821 1560 causam
2871 1503 3176 1575 Stephanus
3226 1519 3535 1560 sacramen-

257 1603 343 1657 ubi
370 1601 438 1657 de
468 1601 555 1664 iis,
594 1618 613 1651 ‹
646 1600 735 1669 qui
787 1614 892 1654 non
920 1597 1263 1669 quaerendum
1294 1606 1484 1668 putant
1513 1597 1633 1668 quis
1659 1595 1731 1650 sit
1756 1595 1846 1649 ille
1948 1610 2064 1655 tum
2109 1598 2371 1669 Baptismi
2404 1600 2764 1670 percipientes
2807 1608 2988 1654 mente
3033 1610 3087 1654 et
3128 1598 3234 1654 fide
3281 1614 3376 1654 sua
3426 1598 3536 1654 dis-

256 1696 342 1767 qui
373 1693 743 1761 baptizaverit,
780 1711 798 1744 ι
830 1690 933 1746 hoc
953 1698 1219 1745 testatur:
1261 1709 1279 1741 ι
1314 1688 1509 1743 Dicunt
1560 1702 1708 1753 eum,
1744 1686 1841 1756 qui

1950 1697 2129 1761 cerni,
2179 1704 2235 1751 et
2282 1711 2714 1767 unumquemque
2759 1696 3050 1751 secundum
3116 1695 3256 1765 quod
3310 1692 3539 1750 credidit

259 1789 758 1862 quomodocumque
789 1786 917 1841 furis
944 1784 1261 1856 baptizatur.
1294 1791 1477 1839 menle
1502 1790 1557 1837 ει
1607 1780 1712 1836 “de
1742 1793 1837 1834 sua
1866 1785 1914 1845 B
1944 1789 2199 1861 Baptismi
2278 1788 2530 1845 effectura
2578 1790 2859 1860 percipere
2923 1788 3128 1844 docuit.
3210 1789 3299 1845 Sic
3351 1804 3534 1859 porro,

259 1886 483 1960 gratiam
523 1884 774 1954 consequi
803 1896 984 1952 posse.
1016 1898 1035 1932 ι
1079 1878 1300 1946 Quoties
1323 1877 1483 1947 igitur
1509 1875 1835 1944 Stephanus.
1944 1884 2238 1954 apostolica
2267 1883 2553 1939 traditione
2580 1883 2823 1947 edoctus,
2873 1883 2994 1953 quia
3040 1884 3092 1937 in
3130 1882 3194 1936 iis
3220 1882 3312 1953 qui
3337 1882 3404 1936 ab
3432 1882 3541 1936 lite—

263 1988 317 2036 et
332 1978 511 2033 caeteri
532 1974 768 2047 episcopi
791 1990 909 2029 Clllll
938 1973 1029 2028 illo
1056 1971 1457 2029 consentientes
1476 2012 1492 2036 ,
1520 1968 1845 2039 baptizatum
1946 1978 2054 2034 regi
2080 1976 2387 2043 veniebam,
2412 1976 2672 2045 Baptismi
2705 1984 3100 2032 sacramentum
3131 1976 3394 2045 inlegrum
3420 1989 3537 2028 ma-

263 2073 333 2128 ab
362 2070 627 2125 haereticis
652 2068 876 2139 gratiam
908 2066 1128 2135 adipisci
1153 2080 1309 2136 posse
1326 2064 1529 2130 dicunt,
1560 2062 1632 2117 ibi
1661 2076 1849 2117 secun-

1948 2089 2079 2129 nere
2131 2084 2282 2129 certo
2322 2073 2598 2139 credebat,
2657 2073 2826 2126 nolttit
2867 2071 3089 2126 iterari:
3146 2080 3200 2126 et
3254 2070 3377 2140 quia
3435 2068 3538 2123 illis

264 2167 389 2223 dum
419 2164 560 2236 (ιυοά
588 2162 837 2227 credidit,
866 2176 958 2217 se“
985 2176 1078 2230 1)το
1103 2158 1207 2215 “de
1230 2171 1391 2229 εισιιιθ
1419 2157 1582 2211 animi
1613 2155 1846 2225 dlSPOSi‘
1950 2167 2256 2238 perniciose
2319 2177 2479 2237 atque
2559 2167 2844 2236 poenaliter
2922 2165 3101 2221 inesse
3183 2163 3535 2220 nihilominus

266 2262 431 2327 tione,
472 2257 893 2315 subaudiendum
944 2271 1064 2311 esse
1105 2254 1243 2309 ltaud
1293 2254 1556 2322 suspectis
1598 2248 1851 2321 Cypriani

1954 2264 2179 2330 sciebat,
2211 2262 2560 2317 redeuntibus
2603 2262 2668 2316 ad
2704 2262 2995 2316 Ecclesiam
3030 2276 3247 2316 manum
3279 2260 3330 2314 in
3380 2259 3547 2330 pretii-

268 2366 430 2425 θιιιυε
468 2351 765 2407 Firmium“
803 2349 1125 2405 ‘e"ll'“0"ii$
1153 2347 1434 2403 habemus-
1467 2344 1525 2399 Ῑη
1571 2358 1678 2413 (luo
1724 2356 1853 2397 sane
1957 2358 2176 2412 tentiam
2207 2356 2408 2427 imponi
2434 2358 2622 2411 voluit.
2654 2356 3021 2427 Tandemque,
3055 2366 3192 2411 teste
3222 2354 3541 2426 Augustino,

275 2450 409 2507 nihil
437 2458 521 2504 est
546 2446 782 2512 absurdi,
817 2443 955 2498 nihil
1008 2443 1151 2511 quod
1196 2440 1408 2497 veritati
1463 2454 1569 2494 non
1616 2440 1857 2508 apprime

1964 2470 1984 2504 ο
2033 2452 2199 2508 eluxit
2246 2451 2549 2520 pastoribus
2608 2450 2860 2504 Ecclesiae
2921 2450 3220 2513 catholicae,
3268 2465 3363 2519 per
3410 2465 3545 2520 quos

271 2551 548 2614 congruat.
582 2541 765 2596 Potest
790 2539 933 2593 enim
960 2536 1097 2602 ﬁeri,
1123 2544 1181 2590 ut
1202 2535 1323 2605 quis
1353 2543 1501 2588 recte
1531 2532 1770 2587 sentiens
1790 2529 1858 2584 ab

1961 2556 2145 2615 postea
2181 2543 2404 2614 plenarii
2435 2543 2648 2598 concilii
2673 2543 2990 2596 auctoritate
3017 2543 3293 2613 originalis
3319 2557 3547 2599 consue-

272 2653 358 2702 eo,
392 2650 549 2705 quem
604 2632 915 2687 btureticum
977 2631 1170 2693 nescit,
1224 2626 1555 2694 Baptismum
1608 2622 1855 2692 accipiat.

1963 2636 2092 2691 tudo
2118 2635 2170 2707 (a
2199 2635 2475 2703 Stephano
2503 2631 2789 2704 vindicata)
2833 2632 3040 2687 firmata
3072 2645 3173 2697 est,
3204 2636 3363 2689 etiam
3392 2652 3544 2691 ovem

270 2727 423 2783 Tunc
450 2742 599 2790 vero.
628 2723 847 2779 Ιιειτθείδ
868 2723 1069 2787 dantis.
1110 2720 1243 2776 nihil
1284 2718 1483 2774 οίῖῖοίθῐ
1526 2717 1645 2772 Viro
1672 2716 1863 2773 δίὶοΐδ·
1966 2744 2083 2799 quae
2115 2729 2244 2783 foris
2273 2728 2509 2795 errabat,
2538 2738 2592 2783 et
2612 2742 2899 2783 nommcuu
2927 2744 3313 2784 cuanacrsaeu
3337 2745 3366 2783 a
3408 2730 3553 2785 falla-

274 2828 517 2875 meutum
541 2818 643 2873 hoc
666 2833 794 2872 sana
821 2827 876 2872 et
902 2817 1105 2886 integra
1136 2813 1240 2869 tide
1266 2813 1601 2883 suscipienti.

1967 2820 2119 2875 cibus
2148 2819 2608 2889 depraedatorihus
2625 2820 2735 2874 suis
2760 2820 2887 2874 foris
2913 2832 3215 2887 acceperat,
3247 2824 3549 2877 venientem

351 2913 439 2967 M.
489 2911 657 2966 Immo
704 2920 760 2964 et
785 2908 1082 2966 eatltolicus
1129 2909 1198 2962 ab
1226 2920 1312 2973 eo,
1355 2920 1512 2974 quem
1557 2902 1866 2958 haereticum
1969 2911 2034 2966 ad

1969 2911 2035 2966 ad
2072 2910 2392 2966 Christiaore
2443 2912 2661 2967 unitatis
2690 2913 2913 2967 Salutem
2942 2914 3009 2967 ah
3046 2928 3227 2968 errore
3259 2914 3475 2985 corrigi,
3524 2931 3554 2969 a

276 3005 448 3070 novit,
480 3002 804 3074 Baptismum
822 3016 941 3056 cum
965 2999 1282 3054 sacramenti
1304 2996 1461 3066 hujus
1477 2994 1668 3050 effectu
1697 3002 1871 3063 potest

1869 3032 1871 3043 ν
1970 3005 2276 3075 captivitate
2324 3004 2556 3073 liberari,
2607 3020 2637 3058 a
2676 3005 2898 3060 vulnere
2924 3006 3136 3071 sanari;
3166 3021 3552 3063 erranserrans!

277 3098 579 3172 percipere.
627 3115 645 3147 ι
686 3095 778 3150 Ille
808 3096 949 3151 enim
977 3095 1146 3164 inquit
1173 3092 1519 3162 Augustinus,
1576 3090 1662 3146 cui
1713 3086 1873 3143 tradit

1976 3110 2153 3156 tamen
2178 3102 2231 3154 in
2260 3115 2319 3154 ea
2348 3099 2683 3154 Dominicum
2709 3102 2925 3171 agnosci
2970 3103 3149 3171 potius
3170 3118 3329 3172 quam
3361 3104 3560 3172 impro-

284 3187 639 3261 (separatus,)
669 3196 844 3258 potest
896 3186 1180 3242 salubriter
1225 3186 1487 3254 accipere,
1542 3183 1586 3237 si
1618 3183 1732 3253 ipse
1761 3196 1865 3236 non
1893 3182 1938 3245 C

1893 3182 1938 3245 C
1972 3194 2106 3249 bari.
2148 3212 2166 3245 ι
2206 3194 2534 3264 Stephanum
2563 3194 2778 3263 quidem
2806 3194 3109 3249 citaractert's
3150 3196 3363 3250 nomine
3401 3212 3555 3251 usum

277 3294 563 3355 separatus
593 3283 858 3354 accipiat:
892 3283 1032 3338 sicut
1058 3282 1329 3352 plerisque
1354 3280 1567 3345 accidit,
1602 3290 1656 3334 ut
1685 3279 1873 3334 catho-

1976 3304 2097 3345 esse
2145 3289 2364 3344 minime
2414 3289 2855 3353 asscveraverim,
2885 3288 2980 3345 sed
3037 3304 3148 3344 rem
3199 3290 3299 3344 hoc
3343 3291 3560 3346 nomine

276 3381 392 3435 lico
430 3378 609 3433 animo
638 3386 692 3432 et
716 3376 899 3442 corde,
941 3375 1009 3429 ab
1052 3374 1257 3429 unitate
1289 3374 1434 3445 pacis
1459 3389 1567 3428 non
1621 3371 1872 3437 alienato,

1977 3384 2343 3438 ennuntiatam
2391 3396 2755 3452 propugnasse
2802 3382 2977 3436 nulltts
3022 3383 3319 3452 negaverit.
3369 3382 3443 3438 Ita
3473 3382 3563 3439 ille

280 3477 465 3547 aliqua
516 3474 835 3530 necessitate
865 3470 1053 3527 mOI‘liS
1082 3468 1339 3541 υΐεεῐιιίεν
1366 3467 1421 3522 in
1444 3468 1675 3538 aliquem
1701 3468 1873 3522 Ιιὶθῐϐ·
1980 3487 2142 3532 rectae
2163 3475 2284 3531 fidei
2303 3484 2540 3530 assertor
2558 3490 2621 3530 ac
2642 3474 2858 3541 vindex,
2889 3475 3301 3544 explicationum
3326 3475 3562 3540 illarum,

283 3573 451 3626 ticum
496 3568 782 3632 irruerent,
829 3574 883 3620 et
926 3564 995 3619 ab
1024 3577 1090 3619 eo
1136 3563 1336 3617 Christi
1382 3561 1714 3631 Baptismum
1762 3560 1880 3616 sine

1981 3568 2173 3639 quibus
2202 3577 2384 3637 postea
2416 3567 2743 3638 Augustinus
2785 3566 3099 3622 catholicam
3138 3568 3419 3623 veritatem
3475 3567 3568 3623 ad-

285 3662 437 3718 illius
460 3660 809 3731 perversitate
837 3662 1193 3729 perciperent.
1226 3674 1243 3706 ι
1298 3653 1528 3709 Tantum
1562 3653 1616 3708 id
1646 3655 1725 3708 eis
1751 3663 1879 3708 tunc
1985 3674 2174 3715 versus
2198 3658 2503 3714 Donatistas
2548 3660 2773 3714 feliciter
2821 3659 3109 3713 illustravit
3159 3670 3321 3732 atque
3371 3677 3566 3731 propu-

285 3756 589 3814 cavendum
628 3753 746 3819 fuit,
803 3767 869 3807 ne
900 3751 1038 3805 forte
1063 3750 1130 3805 ad
1159 3750 1403 3805 haeresim
1462 3764 1525 3805 ac
1554 3749 1878 3819 perversita-
1984 3752 2186 3823 gnavit,
2228 3751 2435 3805 semina
2480 3750 2677 3819 jecisse
2722 3750 3119 3819 comprobatur.
3167 3752 3358 3808 Adhuc
3386 3762 3567 3809 tamen

287 3862 403 3907 tem
432 3864 639 3912 eorum,
671 3864 701 3901 a
732 3846 925 3917 quibus
962 3844 1291 3914 Baptismum
1319 3842 1706 3912 suscipiebant,
1738 3850 1884 3897 tran-
1987 3841 2269 3911 scrupulus
2304 3849 2468 3894 restat
2501 3841 2644 3895 circa
2679 3840 2730 3895 id
2759 3840 2899 3911 quod
2922 3841 2990 3895 de
3015 3858 3176 3897 manu
3222 3845 3273 3897 ιιι
3299 3846 3568 3914 pmoiten-

259 3944 433 3999 'sisse
455 3948 788 4011 putarentur,
822 3944 878 3992 et
896 3950 1082 3992 eorum
1106 3938 1407 4003 exemplum
1448 3933 1569 3987 aliis
1601 3930 1887 3988 offensioni
1989 3936 2114 3990 tiam
2146 3932 2465 4003 imponenda
2500 3933 2739 4004 pratcipit
2761 3933 3102 3988 eximendus.

288 4043 465 4091 esset.
490 4032 791 4097 Ceterum,
852 4038 910 4084 ut
966 4027 1109 4082 idem
1167 4026 1364 4081 Doctor
1420 4025 1674 4095 exiilicat,
1713 4043 1731 4076 ι
1765 4038 1887 4079 cum

286 4128 573 4197 Baptisma
596 4125 775 4181 verbis
799 4120 1127 4191 evangelicis
1173 4119 1355 4187 datur,
1391 4119 1631 4189 qualibet
1660 4134 1721 4175 ea
1761 4133 1888 4189 per-

290 4219 561 4276 versitate
588 4217 850 4287 intelligat
882 4214 980 4291 ille
1022 4229 1120 4286 per
1159 4228 1319 4284 quem
1358 4212 1515 4267 datur
1543 4212 1628 4267 vel
1664 4210 1772 4266 ille
1802 4209 1889 4265 cui

287 4313 488 4377 datur,
516 4312 690 4382 ipsum
725 4325 819 4380 per
847 4323 906 4364 se
934 4315 1178 4362 sanctum
1205 4315 1289 4362 est
1310 4316 1530 4376 propter
1556 4306 1705 4360 illum
1733 4304 1888 4375 cujus

288 4412 395 4461 est
426 4422 439 4457 :
472 4412 525 4456 et
552 4402 595 4456 si
621 4401 740 4471 quis
769 4415 862 4470 per
889 4398 1159 4453 hominem
1184 4412 1496 4468 perversum
1521 4396 1570 4451 id
1596 4395 1885 4465 accipiens,

1990 4072 2055 4127 Υ.
2088 4088 2153 4127 ΑΝ
2203 4087 2385 4126 uanum
2431 4087 2495 4125 an
2526 4086 2730 4127 ιιιειιεει
2759 4088 3120 4128 REDEUNTIBUS
3165 4089 3343 4131 llPONl
3373 4092 3574 4135 vowe-

2062 4181 2151 4219 Rl'l‘
2177 4180 2502 4232 STEPHANUS,
2533 4180 2599 4219 UT
2622 4179 3059 4221 CONPIBMATlONIS
3086 4181 3472 4226 SACRAIENTUI
3494 4187 3575 4229 εις

2064 4275 2465 4316 CONFEBRETUR.

2067 4396 2153 4450 l6.
2173 4395 2324 4464 Quod
2345 4393 2649 4465 Stephanus
2666 4394 2821 4463 dixit,
2851 4413 2869 4447 t
2898 4396 2953 4451 Si
2977 4396 3096 4467 quis
3116 4414 3245 4469 ergo
3271 4416 3298 4454 a
3322 4417 3576 4473 quacum-

288 4515 415 4554 non
439 4497 666 4566 accipiat
689 4504 868 4550 tamen
898 4492 1129 4548 ministri
1178 4493 1621 4563 perversitatem,
1667 4490 1760 4545 sed
1802 4504 1891 4545 so-
1994 4504 2099 4559 que
2128 4488 2319 4545 hasresi
2348 4491 2555 4546 venerit
2580 4488 2644 4544 ad
2698 4504 2816 4555 nos,
2840 4490 2969 4544 nihil
3001 4493 3282 4550 innovetur
3307 4497 3405 4551 nisi
3435 4499 3580 4569 quod

283 4592 415 4648 lam
444 4588 682 4661 mysterii
708 4587 1042 4642 sanctitatem
1062 4628 1076 4653 ,
1112 4586 1165 4639 in
1190 4584 1329 4639 bona
1356 4582 1479 4649 fide,
1514 4597 1611 4653 spe
1637 4590 1693 4637 et
1716 4581 1898 4637 chari-
1920 4586 1974 4647 ])
2001 4582 2253 4638 traditum
2278 4592 2378 4650 est,
2408 4593 2464 4637 ut
2491 4598 2677 4639 manus
2728 4584 2802 4638 illi
2859 4585 3165 4655 imponatur
3218 4591 3269 4644 in
3319 4595 3583 4661 poeniten-

288 4692 422 4741 tate
471 4680 661 4736 unitati
705 4680 1109 4750 compaginatur
1161 4677 1457 4743 Ecclesiae,
1518 4676 1889 4731 remissionem
2001 4678 2147 4743 tiam,
2188 4697 2207 4730 ι
2267 4677 2463 4747 duplici
2541 4678 2746 4733 ratione
2799 4679 3137 4749 interpretari
3196 4684 3351 4754 licet;
3410 4691 3582 4760 primo

286 4777 509 4847 accipit
560 4785 899 4846 peccatorum
952 4772 1071 4844 (tib.
1116 4788 1193 4841 tv,
1242 4789 1290 4826 c.
1322 4771 1432 4841 12).
1469 4790 1488 4824 ι
1550 4770 1702 4826 Tunc
1744 4771 1904 4843 igitur
2002 4768 2217 4840 quidem
2239 4770 2339 4837 sic,
2366 4770 2495 4823 utin
2520 4784 2586 4824 eo
2616 4770 2704 4839 qui
2747 4771 2912 4835 venit,
2968 4772 3101 4826 nihil
3134 4774 3416 4833 innovetur
3440 4783 3586 4839 circa

286 4871 515 4929 accidit.
566 4869 708 4940 quod
746 4868 974 4924 docebat
1021 4866 1346 4937 Stephanus,
1382 4884 1401 4917 ι
1438 4866 1669 4921 ΙΙειξτθείε
1689 4866 1901 4936 quidem
2003 4862 2119 4933 ejus
2166 4863 2517 4933 Baptismum,
2563 4862 2657 4918 sed
2705 4871 2910 4917 tantum
2963 4879 3208 4923 servetur
3248 4872 3387 4939 quod
3422 4875 3587 4930 tradi-

283 4965 460 5039 parit
481 4974 534 5019 et
554 4962 793 5034 exponit,
834 4960 1106 5031 expositos
1135 4969 1312 5013 autem
1339 4957 1577 5015 Ecclesia
1605 4958 1846 5029 suscipit.
1881 4977 1900 5009 ι
2009 4966 2121 5010 tum
2161 4964 2265 5022 est,
2296 4965 2353 5009 ut
2394 4970 2583 5011 manus
2622 4954 2697 5009 illi
2736 4958 3041 5027 imponatur
3077 4960 3126 5014 in
3177 4966 3586 5035 preuitentiam;

386 5059 481 5113 15.
510 5058 642 5113 Item
673 5067 929 5112 constans
951 5054 1232 5124 Augustini
1256 5052 1501 5108 doctrina
1527 5061 1632 5118 est,
1684 5053 1735 5107 id
1760 5051 1905 5121 quod
2010 5058 2101 5102 aut
2132 5046 2234 5102 hoc
2265 5048 2372 5102 alio
2416 5046 2598 5112 modo,
2633 5056 2689 5100 ιιι
2719 5048 2767 5101 in
2790 5063 2856 5102 eo
2877 5050 2965 5119 qui
2994 5050 3061 5104 ab
3093 5053 3281 5111 haeresi
3309 5058 3375 5112 ad
3404 5059 3593 5119 Eccle-

281 5165 713 5215 sacramentum
744 5161 987 5217 vocatur,
1020 5165 1171 5221 aeque
1211 5150 1261 5203 in
1302 5149 1553 5203 omnibus
1583 5147 1713 5202 illud
1737 5148 1911 5217 perci-
2010 5142 2142 5195 siam
2174 5141 2381 5196 venerit
2415 5139 2545 5194 nihil
2577 5141 2879 5206 innovetur,
2929 5142 3027 5197 nisi
3058 5146 3199 5215 quod
3232 5151 3480 5207 traditum
3513 5165 3596 5213 est

283 5250 594 5323 pientibus
616 5256 857 5303 sanctum
883 5260 1035 5311 esse,
1070 5259 1170 5298 nec
1215 5243 1482 5297 sanctitati
1509 5243 1626 5312 ejus
1653 5241 1911 5310 augenda!
2012 5234 2396 5298 innovandum,
2430 5241 2489 5286 nt
2512 5233 2714 5289 scilicet
2743 5249 2932 5288 manus
2961 5236 3009 5289 ei
3036 5237 3087 5291 in
3115 5239 3302 5297 lia-rest
3325 5244 3593 5317 imposita,

276 5341 405 5399 vel
444 5338 739 5396 minuendae
788 5336 1045 5393 tradentis
1084 5336 1167 5389 vel
1197 5334 1539 5404 suscipientis
1569 5348 1664 5389 seu
1692 5332 1915 5402 aequita-
2012 5327 2255 5384 redeunti
2288 5328 2480 5381 iterato
2508 5327 2831 5397 imponatur.
2867 5326 2930 5379 Et
2959 5326 3057 5382 hac
3078 5332 3290 5400 quidem
3323 5350 3597 5405 p05trema

280 5448 435 5493 tem
470 5449 560 5489 seu
590 5432 988 5503 perversitatem
1004 5430 1260 5499 prodesse
1279 5429 1363 5483 vel
1381 5430 1594 5483 obesse.
1625 5446 1645 5478 σ
1676 5425 1915 5480 Nihilin-
2014 5420 2222 5476 ratione
2274 5418 2528 5490 Stephani
2576 5419 2739 5473 verba
2792 5418 3208 5485 interpretantes
3251 5429 3548 5499 Cyprianus
3578 5476 3595 5501 ,

277 5536 519 5594 terest,
540 5527 730 5599 inquit,
749 5527 813 5581 ad
839 5523 1095 5595 Baptismi
1117 5524 1447 5578 sanctitatem
1471 5530 1668 5592 quanto
1693 5519 1916 5589 quisque
2016 5510 2359 5567 Firmilianus
2382 5527 2678 5583 eorumque
2708 5512 2950 5567 nonnulli
2974 5516 3127 5583 socii,
3156 5516 3601 5585 Contirtnationis

273 5624 485 5700 pejor
506 5622 557 5677 id
571 5622 763 5678 habeat
783 5618 1059 5690 etquando
1074 5618 1223 5687 pejor
1238 5615 1524 5670 idtradat.»
1544 5615 1655 5669 Hoc
1678 5622 1778 5668 eta
1805 5623 1913 5667 tra-
2016 5604 2352 5661 iterationem
2386 5604 2455 5659 ab
2482 5619 2549 5658 eo
2592 5604 2826 5675 permitti
2854 5604 2957 5659 sibi
2986 5622 3384 5675 persuaserunt.
3446 5618 3605 5678 Unde

268 5694 1914 5783 aiiionecumaccepissetStephanus,docebatqumendum
2016 5698 2275 5754 adversus
2306 5701 2447 5754 hunc
2496 5712 2710 5768 papam,
2757 5694 3057 5769 Cyprianus
3092 5701 3263 5772 Epist.
3309 5724 3505 5779 Lxxm,
3533 5713 3605 5770 ita

271 5824 429 5878 non
452 5820 582 5865 esse
610 5809 729 5879 quis
760 5804 1109 5876 baptizaverit
1135 5803 1247 5873 (lib.
1266 5819 1341 5869 vr,
1371 5820 1416 5857 c.
1438 5801 1493 5873 5)
1519 5820 1534 5871 ;
1566 5800 1914 5872 quemadmo-
2018 5792 2288 5863 disputat:
2337 5811 2354 5844 ι
2413 5790 2568 5861 Quod
2599 5790 2643 5845 si
2668 5790 2961 5847 secundum
2992 5808 3212 5864 pravam
3241 5797 3400 5857 fidem
3425 5804 3607 5876 bapti-

817 5898 1091 5957 PATBOL.
1142 5894 1252 5956 ΙΙΙ.

3016 5884 3092 5947 1δο

3602 854 3629 863 α

4152 366 4157 431 l

4152 452 4157 515 ι

4152 536 4159 597 l

4152 606 4159 699 ι

4156 702 4161 761 1
