4216 6262
690 297 715 354 Ι
725 296 831 355 959

1769 288 2111 349 STEPHANI
2140 291 2164 348 l
2198 289 2405 350 ΡΔΡΒ
2441 288 2832 349 SENTENTIA

3824 280 3952 344 ησο

689 419 799 474 zari
826 417 1016 489 aliquis
1046 415 1197 481 foris,
1225 423 1283 472 et
1328 416 1609 473 remissam
1640 426 1981 486 peccatorum
2011 416 2265 487 consequi
2292 417 2345 477 Δ
2370 416 2643 485 Bsptismo
2667 414 3062 476 hzereticorum,
3091 413 3200 483 iam
3222 423 3383 482 supra
3400 411 3451 468 in
3479 410 3621 467 notis
3651 409 3718 466 ad
3748 408 3955 481 Episto-

698 510 871 581 potuit
895 527 908 561 :
964 508 1258 564 secundum
1284 508 1528 566 eamdem
1560 509 1716 564 fidem
1741 510 1999 580 consequi
2020 510 2274 579 Spiritum

697 616 936 660 sanctum
963 620 976 656 :
1007 604 1181 673 potuit
1206 613 1260 659 et
1286 620 1392 660 non
1430 613 1513 660 est
1546 619 1767 660 necesse
1796 604 2031 659 venienti
2061 618 2274 658 manum

698 700 917 770 imponi,
951 697 1295 780 ttt,Spiritum
1326 708 1569 753 sanetum
1607 709 1987 769 cuttsequatur,
2019 707 2073 752 et
2100 697 2279 766 signe-

698 804 802 848 tur.
834 793 940 847 Aut
971 800 1259 862 utrumque
1292 794 1434 848 enim
1482 793 1610 848 fides
1652 793 1779 848 furis
1810 794 2002 864 potuit,
2034 801 2128 847 aut
2151 806 2281 847 neu-

582 910 613 927 -
700 900 837 943 trum
870 904 1056 943 eorum
1085 888 1174 958 qtti
1203 888 1335 943 foris
1356 887 1529 944 fuerat
1548 890 1772 958 accepit.
1815 907 1835 941 ι
1882 888 2068 944 Simile
2113 900 2279 955 argu-

696 983 934 1028 mentum
980 971 1153 1043 Epist.
1201 989 1397 1039 Lxxtv,
1440 975 1686 1043 superius
1744 989 1869 1028 num
1924 974 1958 1028 5
1990 1015 2004 1036 ,
2052 987 2080 1025 a
2128 971 2283 1026 nobis

696 1065 1044 1135 descriptum,
1080 1075 1132 1120 et
1160 1064 1335 1135 Epist.
1388 1082 1549 1121 mm
1581 1067 1793 1135 repetit.
1845 1065 2015 1135 ipsius
2046 1063 2283 1133 vestigiis

695 1158 950 1213 insistens
976 1157 1339 1221 Firtnilianus,
1391 1177 1409 1210 t
1446 1157 1658 1228 Utique,
1689 1157 1879 1227 inquit,
1926 1154 2019 1225 qui
2070 1155 2180 1210 illic
2231 1154 2285 1208 in

696 1251 912 1309 Christo
958 1253 1253 1322 baptizatus
1294 1261 1397 1315 est,
1444 1250 1614 1307 induit
1652 1250 1967 1306 Christum:
2000 1250 2046 1303 si
2100 1256 2283 1303 autem

697 1347 871 1403 induit
912 1345 1207 1411 Christum,
1241 1348 1486 1415 accipere
1514 1346 1686 1417 potuit
1714 1356 1768 1399 et
1815 1344 2073 1415 Spiritum
2126 1358 2288 1397 sanc-

704 1452 813 1495 tum
846 1441 934 1510 qui
964 1456 994 1493 a
1018 1438 1234 1495 Christo
1263 1440 1460 1495 missus
1490 1450 1571 1493 est
1598 1456 1611 1503 ;
1641 1448 1696 1494 et
1724 1437 1920 1492 frustra
1952 1436 2027 1492 illi
2052 1434 2290 1491 venienti

697 1533 764 1586 ad
791 1531 1161 1601 accipiendum
1176 1531 1435 1600 Spiritum
1462 1540 1706 1585 sanctum
1724 1544 1914 1584 manus
1939 1528 2248 1597 imponitur.
2265 1543 2284 1579 ι

700 1625 766 1680 Et
788 1625 1031 1690 inferius,
1060 1625 1154 1681 ubi
1185 1625 1442 1695 Stephani
1489 1624 1557 1679 de
1606 1628 1802 1679 virtute
1831 1622 2061 1677 nominis
2089 1620 2291 1675 Christi

700 1720 752 1775 in
794 1718 1067 1790 Baptismo
1095 1719 1256 1774 verba
1285 1717 1487 1781 retulit,
1523 1718 1764 1786 proxime
1792 1714 2011 1783 subiicit
2039 1732 2051 1768 :
2094 1732 2113 1764 ι
2153 1712 2209 1768 Si
2239 1712 2290 1766 in

2378 508 2480 562 iam
2497 524 2530 562 II
2548 508 2811 570 laudatus,
2829 506 3067 561 eamdem
3082 505 3399 561 sententiam
3416 504 3583 573 primo
3599 512 3749 558 notat
3763 502 3842 556 bis
3854 518 3957 557 rer-

2380 601 2490 654 bis:
2511 617 2530 652 ι
2550 598 2728 670 Tuqui
2749 608 2943 654 novum
2956 597 3081 668 quid
3096 597 3326 661 inducis,
3342 601 3596 651 continuo
3628 594 3956 665 impatienter

2381 690 2714 761 respondens
2729 693 2889 761 (forte
2900 690 3221 759 respondes)
3248 698 3303 743 ut
3316 688 3479 754 soles,
3494 688 3697 743 dixisse
3718 688 3772 741 in
3793 686 3957 741 Eran-

2382 789 2520 858 gelio
2550 787 2830 842 Dominum
2866 803 2878 839 :
2920 784 3039 840 Nisi
3082 786 3193 856 quis
3231 793 3433 838 renatus
3474 785 3628 854 fuerit
3669 797 3879 850 araque
3912 791 3958 834 et

2385 880 2599 949 Spiritu,
2630 895 2729 933 non
2774 889 2931 949 potest
2974 879 3184 933 introire
3224 878 3273 930 in
3320 892 3530 947 regnum
3574 875 3833 929 certorum.
3880 872 3958 927 Ex

2385 986 2491 1040 quo
2537 970 2818 1026 manifeste
2848 978 3103 1039 apparet,
3148 968 3273 1023 illud
3307 968 3575 1038 Baptisms
3624 968 3795 1022 solum
3841 980 3962 1034 pro-

2385 1062 2563 1129 desse,
2595 1064 2680 1117 cui
2713 1063 3054 1133 possitetiam
3084 1061 3295 1133 Spritus
3324 1072 3541 1117 sanctus
3572 1061 3807 1115 incssea
3832 1059 3962 1113 Tum

2386 1158 2654 1223 opinionis
2698 1157 2857 1226 hujus
2906 1164 3231 1211 assertorem
3278 1158 3329 1210 in
3374 1171 3437 1210 ea
3494 1155 3763 1210 sententia
3810 1153 3965 1209 fuisse

2388 1251 2625 1321 exponit,
2656 1262 2708 1305 ut
2734 1250 2910 1305 nullus
2934 1251 3005 1304 sit
3057 1250 3381 1319 Baptismus,
3412 1249 3511 1303 nisi
3538 1248 3698 1302 simul
3723 1259 3779 1302 et
3808 1247 3970 1317 Spiri-

2391 1354 2475 1399 tus
2491 1355 2707 1399 sanetus
2746 1360 2841 1415 per
2888 1343 3282 1414 impositionem
3324 1358 3511 1398 manus
3548 1342 3791 1412 episcopi
3838 1342 3970 1396 acci-

2393 1436 2605 1506 piatur:
2646 1436 2782 1490 adeo
2826 1445 2880 1488 ut
2926 1436 3033 1489 duo
3063 1435 3149 1489 ilia
3182 1434 3527 1489 Sacramenta
3575 1434 3818 1504 separari
3876 1450 3974 1489 non

2393 1528 2792 1599 possint.'Quod
2823 1527 3123 1593 confutatis,
3157 1527 3395 1597 prmdicti
3414 1526 3695 1581 Tractatus
3722 1526 3973 1595 scriptor,

2396 1632 2506 1677 tum
2527 1623 2774 1693 exemplo
2801 1623 3200 1693 Apostolorum,
3257 1622 3347 1693 qui
3379 1622 3629 1690 baptizati
3676 1637 3706 1674 a
3766 1620 3978 1676 Christo

2394 1727 2517 1771 ante
2569 1717 2738 1786 ipsius
2777 1724 3027 1783 mortem,
3085 1723 3287 1769 tantum
3345 1724 3463 1784 post
3522 1714 3978 1768 resurrectionem

700 1812 918 1867 nomine
964 1810 1165 1866 Christi
1209 1811 1336 1864 foris
1387 1809 1555 1864 valuit
1593 1808 1861 1876 Baptisma
1912 1805 1977 1860 ad
2019 1805 2289 1860 hominem
2322 1815 2369 1877 Β
2396 1812 2513 1877 eius
2539 1809 2795 1877 Spiritum
2824 1818 3065 1863 sanctum
3110 1816 3484 1878 perceperunt,
3519 1815 3629 1861 tum
3667 1806 3794 1860 aliis
3824 1807 3979 1875 pluri-

701 1904 1059 1975 purgandum,
1090 1904 1141 1957 in
1196 1902 1436 1971 ejusdem
1479 1901 1675 1955 Christi
1714 1899 1930 1954 nomine
1958 1897 2136 1952 valere
2182 1896 2289 1951 illic

704 1999 878 2069 potuit
927 2012 1115 2053 manus
1166 1996 1435 2065 impositio
1484 1995 1549 2048 ad
1603 1992 1972 2064 accipiendum
2030 1989 2287 2060 Spiritum

704 2099 969 2145 sanctum.
1020 2108 1039 2141 ι
1093 2088 1206 2143 Νοιι
1254 2088 1352 2143 alia
1399 2097 1575 2142 mente
1630 2087 1681 2140 itt
1736 2086 1969 2140 concilio
2012 2082 2287 2152 Carthagi-

704 2183 854 2237 nensi
885 2198 937 2235 ιιι
970 2180 1068 2234 sub
1095 2179 1363 2252 Cypriano
1387 2194 1503 2248 cap.
1531 2178 1619 2233 Ἦ.
1668 2176 2039 2233 Secundianus
2081 2191 2111 2229 a
2150 2172 2285 2229 Car-

707 2275 788 2345 pis
833 2272 965 2327 dixit
1017 2291 1033 2323 I
1064 2270 1286 2325 Constat
1337 2286 1497 2341 super
1524 2270 1659 2324 filios
1717 2269 1920 2323 alienos
1968 2278 2023 2323 et
2074 2267 2288 2322 soboles

704 2365 1003 2421 atttichrtsti
1035 2365 1287 2435 Spiritum
1312 2374 1552 2419 sanctum
1570 2380 1663 2433 per
1686 2378 1874 2417 manus
1891 2360 2287 2430 itttpositiunent

704 2458 1069 2513 tantummodo
1098 2473 1202 2513 non
1236 2472 1391 2527 posse
1418 2455 1768 2519 descendere,
1792 2469 1913 2507 cum
1946 2452 2286 2506 manifestum

703 2554 772 2608 sit
802 2550 1082 2606 haereticos
1108 2548 1375 2621 Baptisma
1418 2566 1522 2604 non
1564 2549 1781 2603 habere.
1820 2566 1837 2598 ι
1874 2546 1983 2600 lloc
2012 2545 2154 2600 enim
2187 2545 2288 2600 sibi

704 2642 836 2699 vult.
869 2642 1152 2697 Falluntur
1179 2644 1398 2698 omnino
1420 2645 1507 2711 qui
1532 2641 1670 2711 apud
1702 2640 1985 2695 haereticos
2018 2638 2285 2709 Baptisma

704 2756 845 2805 esse,
880 2734 972 2793 sed
1003 2738 1371 2793 tantummodo
1396 2734 1830 2791 Conftrmatiouis
1884 2742 2276 2788 sacramentum

702 2835 860 2890 abiis
898 2833 1127 2889 conferri
1182 2850 1285 2887 non
1325 2848 1485 2905 posse
1524 2832 1851 2897 existimant,
1898 2843 2019 2884 cum
2057 2843 2154 2884 eos
2188 2842 2287 2884 nec

705 2926 1031 2998 Baptismum
1061 2918 1257 2980 habere
1286 2934 1516 2979 constet.

775 3020 862 3075 i7.
888 3021 946 3075 In
972 3020 1159 3075 eodem
1208 3019 1436 3074 concilio
1459 3034 1577 3089 cap.
1610 3021 1664 3085 5,
1716 3018 2066 3075 Nemesianus
2090 3032 2121 3069 ιι
2148 3014 2287 3071 Thu-

708 3112 863 3169 bunis
921 3114 1241 3167 sententiam
1298 3128 1447 3165 suam
1497 3113 1566 3166 ita
1614 3114 1909 3167 enuntiat:
1970 3134 1987 3162 ι
2041 3098 2297 3163 Christus

2391 1906 2510 1969 bus,
2541 1903 2872 1973 Baptismutn
2918 1902 3035 1956 sine
3078 1900 3280 1970 Spiritu
3310 1901 3479 1955 sancti
3526 1899 3827 1954 collatione
3871 1900 3978 1953 dari

2390 2007 2444 2053 et
2473 1997 2641 2066 accipi
2672 2010 2829 2066 posse
2849 1995 3075 2066 probat;
3108 2010 3172 2049 ac
3200 2004 3408 2049 rursum
3464 1993 3723 2062 exemplo
3770 2006 3978 2055 eorum,

2391 2092 2458 2147 de
2482 2092 2675 2162 quibus
2706 2092 2894 2146 Petrus
2926 2092 2975 2144 in
3008 2089 3155 2145 Actis
3186 2089 3569 2158 Apostolorum
3619 2088 3821 2141 dixisse
3850 2088 3984 2156 legi-

2392 2194 2514 2239 tur:
2552 2182 2816 2253 Numquid
2845 2183 3031 2252 aliquis
3056 2196 3245 2251 aquam
3267 2180 3535 2250 prohibere
3564 2190 3744 2251 potest,
3774 2189 3824 2233 ut
3871 2195 3979 2233 uol

2391 2277 2710 2344 baptizeutur
2734 2290 2752 2328 :
2774 2276 2848 2341 hi,
2874 2275 2960 2344 qui
2982 2284 3287 2344 acceperunt
3315 2272 3571 2342 Spiritum
3598 2282 3827 2327 sanetum
3850 2273 3985 2325 sicut

2393 2370 2527 2423 nos?
2559 2370 2815 2437 Spiritum
2838 2378 3079 2423 sanctum
3124 2369 3242 2422 sine
3273 2382 3410 2437 aqua
3436 2368 3673 2423 conferri
3713 2382 3876 2437 [esse
3904 2382 3988 2423 os-

2394 2464 2587 2519 tendit.
2625 2462 2775 2517 Unde
2796 2474 2849 2517 ct
2877 2463 3034 2517 infert
3066 2481 3076 2515 :
3115 2481 3134 2514 r
3159 2464 3330 2532 Atque
3346 2464 3445 2516 hoc
3473 2476 3579 2515 non
3609 2461 3717 2516 erit
3744 2462 3987 2527 dubium,

2393 2559 2445 2609 in
2466 2556 2666 2625 Spiritu
2693 2566 2878 2609 sancto
2906 2554 3150 2610 homines
3178 2569 3339 2624 posse
3366 2555 3482 2609 sine
3496 2568 3633 2623 aqua
3654 2553 3945 2623 baptizari.
3969 2574 3989 2605 ι

2392 2648 2510 2716 Quo
2533 2652 2672 2702 circa
2706 2664 2824 2717 quae
2849 2649 3077 2717 scriptor
3120 2647 3209 2701 ille
3259 2648 3310 2700 itt
3361 2648 3528 2717 prima
3584 2646 3887 2703 Tractatus
3915 2650 3991 2703 sui

2393 2752 2541 2809 parte
2598 2740 2875 2804 edisserit,
2950 2755 3069 2794 cum
3138 2739 3421 2809 superiore
3486 2739 3824 2794 Secundiani
3877 2756 3994 2795 sen-

2394 2834 2555 2887 tentia
2582 2834 2667 2902 qui
2698 2833 3005 2897 contulerit,
3039 2832 3174 2886 hanc
3198 2833 3347 2886 illttm
3389 2834 3441 2886 in
3485 2833 3673 2903 primis
3701 2834 3995 2889 confutare

2391 2927 2625 2983 voluisse
2654 2926 2793 2980 haud
2816 2936 3018 2981 temere
3045 2927 3426 2996 suspicabitur.

2463 3022 2552 3076 18.
2581 3020 2724 3075 ldent
2759 3028 2945 3075 auctor
2969 3020 3341 3090 quaestionem,
3374 3021 3441 3077 de
3468 3034 3571 3091 qua
3601 3030 3731 3076 tunc
3764 3022 4000 3093 discep-

2392 3114 2622 3179 tabatur,
2654 3112 2902 3183 proponit
2928 3116 2979 3167 in
3006 3114 3147 3168 hunc
3174 3114 3426 3169 modum:
3462 3134 3482 3166 r
3516 3114 3705 3171 Utrum
3726 3119 4001 3173 vetustis-

704 3208 914 3261 locutus
938 3216 1017 3259 est
1044 3205 1245 3271 dicens,
1277 3203 1388 3257 Nisi
1436 3205 1554 3274 quis
1586 3216 1806 3260 renatus
1836 3204 1995 3259 fuerit
2046 3219 2111 3257 ex
2140 3217 2277 3271 aqua
2312 3212 2358 3274 (ζ
2391 3208 2522 3261 sima
2548 3208 2932 3261 consuetudine
2970 3222 3033 3262 ac
3082 3208 3367 3263 traditione
3393 3209 3859 3264 ecclesiastica....
3892 3212 3990 3281 qui

708 3313 761 3355 et
792 3300 990 3371 Spiritu
1016 3311 1220 3366 sancto,
1255 3314 1360 3353 non
1395 3309 1569 3369 potest
1593 3300 1813 3356 introire
1841 3301 1891 3353 in
1919 3314 2139 3368 regnum
2171 3297 2283 3352 Dei.

705 3392 802 3449 llic
864 3402 945 3449 est
1002 3392 1253 3461 Spiritus,
1306 3392 1394 3460 qui
1459 3393 1525 3446 ab
1578 3393 1732 3448 initio
1789 3393 2057 3449 ferebatur
2122 3406 2282 3459 super

702 3502 915 3555 aquam.
939 3483 1119 3554 Neque
1144 3482 1282 3537 enim
1303 3482 1533 3551 Spiritus
1550 3485 1665 3539 sine
1688 3500 1820 3556 aqua
1846 3484 2055 3553 Operari
2090 3493 2283 3552 potest,

702 3596 873 3649 neque
892 3595 1026 3645 aqua
1056 3580 1171 3633 sine
1200 3578 1422 3647 Spiritu.
1451 3578 1585 3633 Male
1609 3594 1735 3649 ergo
1761 3579 1859 3634 sibi
1884 3578 2098 3649 quidam
2123 3578 2285 3632 inter-

702 3683 999 3746 pretantur,
1054 3681 1110 3725 ttt
1160 3671 1338 3727 dicant
1362 3671 1501 3740 quod
1536 3687 1629 3741 per
1658 3687 1847 3726 manus
1892 3672 2282 3741 impositionem

703 3752 956 3836 Spiritum
982 3774 1224 3817 sanctum
1255 3762 1521 3832 accipiant
1563 3763 1823 3833 (ltmretici
1852 3773 1906 3818 et
1959 3764 2285 3818 schismatici

701 3856 1081 3930 revertentes),
1114 3866 1169 3912 et
1221 3858 1298 3911 sic
1355 3858 1716 3924 recipiantur;
1776 3856 2285 3913 cunt'tnaniiestum

700 3954 768 4007 sit
791 3968 1031 4015 urnoous
1060 3965 1407 4005 sacuauexro
1429 3949 1626 4004 debere
1652 3965 1745 4004 eos
1776 3948 1980 4004 renasci
2012 3950 2063 4002 in
2096 3949 2283 4003 Eccle-

699 4046 777 4101 sia
818 4044 1099 4100 catholica.
1138 4062 1155 4093 ›
1210 4042 1324 4109 Qua
1356 4043 1405 4095 in
1430 4058 1487 4096 re
1520 4042 1867 4096 Netnesianus
1900 4042 2139 4095 imitatus
2166 4057 2285 4095 esse

698 4138 907 4193 videtur
958 4135 1109 4197 illud,
1155 4136 1295 4204 quod
1329 4136 1381 4189 in
1416 4134 1649 4205 Epistula
1682 4150 1865 4199 Lxxm,
1899 4135 2148 4207 Cypriani
2190 4136 2285 4189 toti

698 4231 929 4286 concilio
982 4240 1112 4283 tunc
1160 4230 1413 4299 praalecta
1455 4228 1699 4283 audierat
1744 4247 1755 4283 :
1817 4247 1836 4281 ι
1872 4226 2138 4299 Baptiza‘ri
2191 4246 2285 4284 eos

699 4334 929 4394 oportet,
963 4326 1049 4394 qui
1072 4322 1139 4377 de
1166 4322 1353 4377 liceresi
1383 4322 1447 4375 ad
1478 4322 1772 4378 Ecelesiam
1802 4324 2055 4389 veniunt;
2109 4332 2166 4378 ιιι
2194 4326 2284 4393 qui

695 4419 931 4488 legitimo
957 4426 1011 4472 et
1034 4417 1190 4472 unico
1220 4426 1420 4471 sanctte
1472 4418 1726 4474 Ecclesia:
1773 4419 2045 4489 Baptismo
2089 4420 2156 4474 ad
2195 4433 2282 4475 re-

697 4527 855 4583 gnum
888 4510 979 4565 Dei
1018 4509 1424 4579 regeneratione
1447 4508 1627 4564 divina
1657 4521 2044 4580 prmparautur,
2086 4527 2284 4569 διεκι-

2393 3301 2522 3353 foris
2559 3301 2803 3370 quidem,
2826 3301 2921 3354 sed
2942 3301 2994 3354 in
3013 3303 3229 3356 nomine
3257 3301 3383 3357 Iesu
3413 3302 3616 3357 Christi
3640 3304 3995 3360 Dominicutn

2393 3401 2714 3459 acceperunt
2744 3392 3033 3460 Baptistna,
3084 3394 3452 3448 tantummodo
3479 3396 3685 3465 imponi
3727 3395 3813 3451 eis
3877 3412 3997 3451 ma-

2393 3499 2515 3538 num
2556 3483 2622 3537 ab
2650 3484 2902 3553 episcopo
2928 3484 2994 3539 ad
3021 3486 3389 3554 accipiendum
3417 3486 3682 3555 Spiritum
3740 3501 3998 3545 sanetam

2392 3576 2681 3643 sufficeret,
2709 3589 2763 3634 et
2802 3578 2917 3633 inec
2950 3593 3139 3633 manus
3166 3580 3433 3649 impositio
3475 3582 3690 3651 signum
3722 3583 3862 3638 ﬁdei
3895 3586 3997 3639 ite-

2392 3682 2565 3727 ratum
2593 3682 2752 3742 atque
2796 3682 3221 3727 consummatum
3248 3674 3327 3727 eis
3354 3683 3633 3742 praestaret
3674 3693 3689 3729 :
3742 3691 3824 3730 an
3867 3693 3996 3731 vero

2392 3766 2552 3819 etiam
2608 3766 2854 3821 iteratum
2911 3765 3179 3833 Baptisma
3239 3766 3322 3819 his
3372 3766 3749 3821 necessarium
3812 3778 4000 3833 esset,

2395 3871 2663 3930 tamquam
2708 3860 2841 3915 nihil
2892 3860 3173 3923 habituris,
3225 3862 3270 3914 si
3317 3860 3417 3915 hoc
3443 3876 3663 3931 quoque
3707 3864 3911 3931 adepti
3934 3881 4001 3920 ex

2394 3954 2598 4022 integro
2625 3969 2728 4007 non
2760 3954 3003 4008 fuissent.
3039 3970 3060 4004 ι
3118 3953 3288 4017 Unde,
3338 3954 3614 4023 scriptoris
3663 3954 3846 4025 hujus
3876 3974 4002 4012 sett—

2393 4048 2578 4109 tentia,
2606 4062 2713 4111 non
2744 4047 2798 4099 itt
2826 4062 2890 4100 oo
2915 4057 3027 4099 erat
3049 4048 3295 4115 qumstio,
3317 4058 3496 4100 utrum
3519 4047 3902 4105 redeuntibus
3938 4053 4005 4106 ab

2395 4140 2580 4193 banesi
2630 4154 2819 4193 manus
2858 4140 3144 4208 impositio,
3173 4154 3295 4209 qua:
3328 4141 3399 4195 ab
3436 4142 3695 4211 episcopo
3739 4146 3827 4199 ad
3862 4148 4005 4201 acci-

2392 4232 2637 4301 piendum
2661 4232 2920 4300 Spiritum
2950 4242 3191 4286 sanctum
3216 4232 3513 4298 confertur,
3544 4249 3642 4289 seu
3688 4239 4003 4294 conﬁrma-

2394 4329 2466 4380 tio
2494 4326 2730 4380 iterauda
2766 4326 2943 4391 fuerit,
2974 4342 3095 4381 cum
3125 4328 3193 4381 de
3216 4326 3318 4381 hoc
3344 4330 3657 4385 conveniret
3680 4333 3847 4388 inter
3866 4350 3997 4405 par-

2394 4426 2513 4471 tes:
2542 4418 2635 4471 sed
2669 4417 2737 4471 de
2776 4433 2840 4471 eo
2886 4419 3060 4471 omnis
3089 4418 3250 4473 fuerit
3293 4424 3682 4485 controversis,
3716 4440 3801 4480 an
3836 4430 4005 4482 etiam

2393 4508 2659 4579 Baptistna
2690 4521 2834 4565 esset
2864 4511 3186 4577 iterandum,
3216 4511 3269 4567 id
3295 4513 3693 4571 affirmantibus
3747 4523 4003 4577 nonnisi-

698 4618 874 4658 uesro
904 4617 1149 4665 υτιιορυε
1180 4610 1485 4663 nascantur,
1532 4602 1656 4672 quia
1699 4602 1957 4669 scriptum
1985 4613 2066 4657 est
2106 4621 2118 4659 :
2171 4604 2288 4661 Nisi
2312 4610 2364 4671 Ι)
2392 4604 2476 4669 iis,
2507 4614 2561 4659 et
2599 4606 2883 4676 plerisque,
2912 4622 2939 4658 a
2981 4607 3174 4675 quibus
3226 4609 3342 4677 ipse
3365 4609 3593 4676 scriptor
3632 4622 3744 4665 stat
3804 4628 4001 4670 vetus-

698 4698 809 4766 quis
858 4707 1062 4751 renatus
1120 4696 1269 4766 fuerit
1314 4712 1376 4750 ea:
1430 4713 1563 4768 aqua
1617 4706 1661 4749 et
1706 4696 1929 4764 Spiritu,
1979 4714 2080 4750 non
2125 4709 2286 4766 potest

694 4792 904 4847 introire
947 4793 999 4847 in
1047 4809 1257 4863 regnum
1289 4790 1403 4845 Dei.
1434 4811 1452 4843 ι
1486 4789 1561 4845 Ita
1593 4800 1648 4845 et
1676 4807 1885 4846 rursum
1909 4790 2208 4862 Cyprianus
2228 4793 2283 4847 in

699 4884 961 4955 superiori
1015 4884 1255 4953 Epistula
1285 4899 1321 4938 ιι
1352 4883 1416 4937 ad
1452 4882 1804 4953 Stephanum,
1839 4900 1893 4938 η.
1921 4885 1973 4950 l,
2005 4883 2239 4952 loquitur
2267 4902 2281 4937 :

707 4998 724 5030 ι
756 4977 905 5033 Tunc
942 4977 1083 5031 enim
1134 4977 1348 5031 tletntttn
1380 4974 1539 5046 plene
1600 4975 1915 5031 sanetiiieati
1944 4986 1998 5031 et
2039 4990 2160 5030 esse
2188 4976 2281 5035 filii

700 5073 795 5128 Dei
829 5082 1069 5145 possunt,
1101 5072 1142 5126 si
1193 5080 1531 5127 sacramento
1562 5080 1788 5142 utquue
1820 5080 2127 5131 nascantur.
2157 5087 2281 5126 cum

694 5166 950 5235 scriptum
988 5167 1074 5232 sit,
1124 5162 1243 5219 Nisi
1294 5166 1405 5235 quis
1456 5175 1681 5231 renatus,
1735 5176 1838 5221 etc.
1885 5184 1904 5216 ι
1964 5162 2281 5235 Huiusmodi

695 5264 868 5313 autem
898 5257 1056 5312 verba
1081 5256 1421 5326 interpretari
1454 5258 1529 5311 sic
1559 5256 1784 5311 forsitan
1821 5257 2025 5320 liceret,
2059 5266 2115 5312 ut
2145 5257 2281 5311 frus-

694 5362 771 5406 tra
804 5351 1081 5421 quisquam
1110 5350 1314 5404 lavetur
1341 5365 1497 5422 aqua,
1527 5351 1569 5403 si
1614 5366 1716 5404 non
1742 5350 1900 5405 simul
1940 5361 1993 5404 et
2020 5351 2278 5420 Spiritum

694 5453 934 5497 sanctum
967 5457 1060 5496 seu
1084 5440 1381 5510 spiritalem
1404 5440 1625 5511 gratiam
1665 5452 2053 5510 consequatur;
2108 5445 2270 5497 adeo-

694 5548 798 5603 que
828 5534 890 5585 iis
916 5573 929 5595 ,
961 5531 1048 5602 qui
1101 5532 1396 5600 Spiritalem
1426 5533 1567 5585 illam
1594 5534 1815 5601 gratiam
1843 5534 2116 5588 consecuti
2165 5550 2269 5588 non

694 5622 909 5685 fuerint,
954 5621 1300 5675 redeuntibus
1357 5622 1554 5677 frustra
1602 5624 1902 5693 imponatur
1953 5642 2139 5681 manus
2202 5626 2269 5681 ad

692 5709 1055 5777 accipiendum
1102 5711 1359 5779 Spiritum
1392 5723 1656 5779 sanctum,
1693 5716 1791 5771 nisi
1822 5728 1978 5772 antea
2030 5728 2083 5773 et
2132 5734 2269 5788 aqua

691 5797 991 5852 abluantur.
1048 5800 1245 5854 Verum
1297 5805 1545 5872 antiquus
1586 5806 1819 5875 scriptor
1863 5809 2144 5865 Tractatus
2199 5811 2267 5866 de

2386 4696 2588 4749 tissitna
2613 4696 2997 4750 coarsuetuditte
3014 4708 3069 4750 et
3099 4697 3387 4754 traditione
3401 4701 3785 4757 ecclesiastica
3809 4708 3996 4769 nixus,

2386 4785 2525 4841 idem
2553 4786 2890 4853 negantibus.
2920 4786 3070 4852 Quod
3101 4788 3242 4842 enim
3274 4788 3413 4843 idem
3442 4799 3629 4844 auctor
3651 4792 3747 4848 bis
3783 4799 3997 4861 verbis,

2389 4894 2407 4928 ε
2445 4876 2663 4945 Signum
2686 4877 2805 4931 lidei
2838 4878 3083 4932 iteratum
3100 4889 3262 4948 atque
3278 4892 3740 4956 cuusummatum,
3785 4905 3810 4938 ι
3842 4886 3999 4943 Con-

2384 4970 2698 5029 iirmatiunis
2727 4980 3123 5027 sacramentum
3150 4974 3431 5044 intelligat,
3456 4978 3733 5032 evincitur
3757 4996 3900 5035 cum
3932 4998 4003 5036 ex

2385 5063 2757 5135 bis,Cypriani
2783 5065 2952 5136 Epist.
2988 5082 3168 5121 usui.
3207 5085 3225 5119 ι
3259 5067 3411 5124 Nunc
3438 5085 3654 5140 quoque
3679 5076 3847 5143 apud
3893 5091 4000 5131 nos

2384 5158 2483 5227 (id)
2513 5160 2733 5227 geritur,
2765 5172 2819 5214 ut
2844 5160 2936 5229 qui
2978 5162 3029 5215 itt
3082 5162 3319 5217 Ecclesia
3350 5164 3722 5233 baptizsntur,
3764 5184 4007 5241 pra-po-

2382 5257 2500 5312 sitis
2532 5256 2788 5312 Ecclesia:
2813 5260 3129 5325 oil'erantur,
3168 5271 3227 5314 ut
3255 5278 3351 5331 per
3383 5273 3622 5318 nostrum
3662 5266 4009 5321 orationem

2382 5362 2444 5402 ac
2490 5362 2680 5405 manus
2719 5349 3113 5417 impositionem
3182 5353 3437 5423 Spiritum
3481 5360 3729 5411 sanctum
3781 5373 4011 5415 conse-

2376 5452 2628 5510 quautur,
2672 5454 2727 5496 et
2775 5444 3052 5513 signaculo
3084 5445 3363 5503 Dominioo
3411 5462 3883 5507 consummentur
3922 5470 3943 5515 ;
3984 5473 4005 5504 ι

2373 5542 2486 5587 ιιιιιι
2513 5550 2577 5589 ex
2613 5534 2715 5589 ritu
2758 5536 2810 5588 in
2840 5537 3114 5591 veteribus
3140 5539 3609 5597 Sacramentorum
3638 5544 3809 5599 libris
3834 5554 4013 5615 psa~

2373 5627 2594 5695 scripto,
2619 5642 2726 5695 quo
2751 5627 2988 5697 pontifex
3018 5628 3248 5687 frontem
3270 5633 3486 5703 signans
3510 5633 3699 5691 dicere
3721 5636 4011 5706 iubetur,

2378 5735 2396 5769 ι
2430 5718 2651 5789 Signum
2679 5720 2879 5775 Christi
2932 5720 2987 5776 in
3015 5722 3178 5778 vitam
3227 5732 3504 5795 atternam,
3545 5727 3651 5794 vel,
3681 5728 3914 5803 Signat
3960 5740 4013 5788 Ic

2375 5811 2514 5868 Deus
2538 5811 2715 5883 sigillo
2742 5813 2867 5870 ﬁdei
2894 5833 2914 5868 ι
2968 5814 3224 5889 (Romae
3246 5821 3307 5876 de
3332 5822 3498 5893 Autiq.
3529 5818 3639 5878 Rit.
3664 5822 3833 5884 Eccl.
3878 5838 3931 5882 ε.
3972 5846 4011 5895 ι,
