  <div class='ocr_page' id='page_1' title='image "/cluster/home/n/w/nwhite01/storage/ocr_20150623/3/hvd.32044054086798/680.png"; bbox 0 0 4208 6276; ppageno 0'>
   <div class='ocr_carea' id='block_1_1' title="bbox 325 248 459 305">
    <p class='ocr_par' dir='ltr' id='par_1_1' title="bbox 325 248 459 305">
     <span class='ocr_line' id='line_1_1' title="bbox 325 248 459 305; baseline -0.015 0"><span class='ocrx_word' id='word_1_1' title='bbox 325 248 459 305; x_wconf 71' lang='grc'><strong>1261</strong></span> 
     </span>
    </p>
   </div>
   <div class='ocr_carea' id='block_1_2' title="bbox 1319 254 2622 323">
    <p class='ocr_par' dir='ltr' id='par_1_2' title="bbox 1319 254 2622 323">
     <span class='ocr_line' id='line_1_2' title="bbox 1319 254 2622 323; baseline 0.007 -12"><span class='ocrx_word' id='word_1_2' title='bbox 1319 254 1521 316; x_wconf 77' lang='lat' dir='ltr'><strong>CIRCA</strong></span> <span class='ocrx_word' id='word_1_3' title='bbox 1558 257 2040 318; x_wconf 83' lang='lat' dir='ltr'><strong>RECEPTIONEM</strong></span> <span class='ocrx_word' id='word_1_4' title='bbox 2080 261 2622 323; x_wconf 64' lang='lat' dir='ltr'><strong>HIERETICORUM.</strong></span> 
     </span>
    </p>
   </div>
   <div class='ocr_carea' id='block_1_3' title="bbox 3445 283 3585 341">
    <p class='ocr_par' dir='ltr' id='par_1_3' title="bbox 3445 283 3585 341">
     <span class='ocr_line' id='line_1_3' title="bbox 3445 283 3585 341; baseline 0.007 -3"><span class='ocrx_word' id='word_1_5' title='bbox 3445 283 3585 341; x_wconf 71' lang='lat'><strong>1262</strong></span> 
     </span>
    </p>
   </div>
   <div class='ocr_carea' id='block_1_4' title="bbox 320 365 3590 469">
    <p class='ocr_par' dir='ltr' id='par_1_4' title="bbox 320 365 3590 469">
     <span class='ocr_line' id='line_1_4' title="bbox 320 365 3590 469; baseline 0.011 -48"><span class='ocrx_word' id='word_1_6' title='bbox 320 385 442 438; x_wconf 85' lang='lat' dir='ltr'><strong>pag.</strong></span> <span class='ocrx_word' id='word_1_7' title='bbox 464 366 615 439; x_wconf 71' lang='lat'><strong>251).</strong></span> <span class='ocrx_word' id='word_1_8' title='bbox 647 365 753 425; x_wconf 85' lang='lat' dir='ltr'><strong>Sed</strong></span> <span class='ocrx_word' id='word_1_9' title='bbox 783 374 839 424; x_wconf 90' lang='lat' dir='ltr'><strong>et</strong></span> <span class='ocrx_word' id='word_1_10' title='bbox 864 382 930 425; x_wconf 81' lang='lat' dir='ltr'><strong>ex</strong></span> <span class='ocrx_word' id='word_1_11' title='bbox 957 369 1106 427; x_wconf 88' lang='lat' dir='ltr'><strong>citati</strong></span> <span class='ocrx_word' id='word_1_12' title='bbox 1127 371 1407 432; x_wconf 90' lang='lat' dir='ltr'><strong>Tractatus</strong></span> <span class='ocrx_word' id='word_1_13' title='bbox 1435 378 1575 433; x_wconf 88' lang='lat' dir='ltr'><strong>serie</strong></span> <span class='ocrx_word' id='word_1_14' title='bbox 1594 378 1899 449; x_wconf 82' lang='lat' dir='ltr'><strong>ambiguum</strong></span> <span class='ocrx_word' id='word_1_15' title='bbox 1927 381 1979 441; x_wconf 87' lang='grc' dir='ltr'><strong>Α</strong></span> <span class='ocrx_word' id='word_1_16' title='bbox 2005 379 2132 447; x_wconf 71' lang='grc'><strong>249,</strong></span> <span class='ocrx_word' id='word_1_17' title='bbox 2166 398 2318 453; x_wconf 83' lang='lat' dir='ltr'><strong>seqq.</strong></span> <span class='ocrx_word' id='word_1_18' title='bbox 2352 384 2419 439; x_wconf 90' lang='lat' dir='ltr'><strong>Et</strong></span> <span class='ocrx_word' id='word_1_19' title='bbox 2458 384 2574 440; x_wconf 80' lang='lat' dir='ltr'><strong>haec</strong></span> <span class='ocrx_word' id='word_1_20' title='bbox 2599 385 2813 455; x_wconf 85' lang='lat' dir='ltr'><strong>quidem</strong></span> <span class='ocrx_word' id='word_1_21' title='bbox 2846 386 3271 448; x_wconf 90' lang='lat' dir='ltr'><strong>benedictionum</strong></span> <span class='ocrx_word' id='word_1_22' title='bbox 3302 409 3397 451; x_wconf 93' lang='lat' dir='ltr'><strong>seu</strong></span> <span class='ocrx_word' id='word_1_23' title='bbox 3428 412 3590 469; x_wconf 85' lang='lat' dir='ltr'><strong>super</strong></span> 
     </span>
    </p>
   </div>
   <div class='ocr_carea' id='block_1_5' title="bbox 321 463 1902 535">
    <p class='ocr_par' dir='ltr' id='par_1_5' title="bbox 321 463 1902 535">
     <span class='ocr_line' id='line_1_5' title="bbox 321 463 1902 535; baseline 0.006 -18"><span class='ocrx_word' id='word_1_24' title='bbox 321 478 427 520; x_wconf 89' lang='lat' dir='ltr'><strong>non</strong></span> <span class='ocrx_word' id='word_1_25' title='bbox 459 475 561 528; x_wconf 89' lang='lat' dir='ltr'><strong>est,</strong></span> <span class='ocrx_word' id='word_1_26' title='bbox 594 463 988 535; x_wconf 83' lang='lat' dir='ltr'><strong>impositionem</strong></span> <span class='ocrx_word' id='word_1_27' title='bbox 1018 484 1206 522; x_wconf 86' lang='lat' dir='ltr'><strong>manus</strong></span> <span class='ocrx_word' id='word_1_28' title='bbox 1234 470 1302 526; x_wconf 90' lang='lat' dir='ltr'><strong>ab</strong></span> <span class='ocrx_word' id='word_1_29' title='bbox 1344 470 1532 527; x_wconf 72' lang='lat' dir='ltr'><strong>ltzrresi</strong></span> <span class='ocrx_word' id='word_1_30' title='bbox 1563 472 1902 527; x_wconf 81' lang='lat' dir='ltr'><strong>venientibus</strong></span> 
     </span>
    </p>
   </div>
   <div class='ocr_carea' id='block_1_6' title="bbox 319 558 1902 631">
    <p class='ocr_par' dir='ltr' id='par_1_6' title="bbox 319 558 1902 631">
     <span class='ocr_line' id='line_1_6' title="bbox 319 558 1902 631; baseline 0.007 -20"><span class='ocrx_word' id='word_1_31' title='bbox 319 558 684 627; x_wconf 65' lang='lat' dir='ltr'><strong>praescriptam</strong></span> <span class='ocrx_word' id='word_1_32' title='bbox 714 558 791 613; x_wconf 88' lang='lat' dir='ltr'><strong>sic</strong></span> <span class='ocrx_word' id='word_1_33' title='bbox 818 560 867 613; x_wconf 91' lang='lat' dir='ltr'><strong>in</strong></span> <span class='ocrx_word' id='word_1_34' title='bbox 886 574 953 615; x_wconf 88' lang='lat' dir='ltr'><strong>eo</strong></span> <span class='ocrx_word' id='word_1_35' title='bbox 1000 563 1252 631; x_wconf 83' lang='lat' dir='ltr'><strong>spectari,</strong></span> <span class='ocrx_word' id='word_1_36' title='bbox 1296 564 1440 619; x_wconf 89' lang='lat' dir='ltr'><strong>velut</strong></span> <span class='ocrx_word' id='word_1_37' title='bbox 1468 564 1902 623; x_wconf 83' lang='lat' dir='ltr'><strong>Conlirmationis</strong></span> 
     </span>
    </p>
   </div>
   <div class='ocr_carea' id='block_1_7' title="bbox 318 652 1895 727">
    <p class='ocr_par' dir='ltr' id='par_1_7' title="bbox 318 652 1895 727">
     <span class='ocr_line' id='line_1_7' title="bbox 318 652 1895 727; baseline 0.007 -22"><span class='ocrx_word' id='word_1_38' title='bbox 318 660 733 706; x_wconf 72' lang='lat' dir='ltr'><strong>sacramentum.</strong></span> <span class='ocrx_word' id='word_1_39' title='bbox 759 652 841 707; x_wconf 87' lang='lat' dir='ltr'><strong>An</strong></span> <span class='ocrx_word' id='word_1_40' title='bbox 870 670 999 710; x_wconf 90' lang='lat' dir='ltr'><strong>vero</strong></span> <span class='ocrx_word' id='word_1_41' title='bbox 1027 655 1128 710; x_wconf 88' lang='lat' dir='ltr'><strong>alia</strong></span> <span class='ocrx_word' id='word_1_42' title='bbox 1152 657 1260 711; x_wconf 91' lang='lat' dir='ltr'><strong>sint</strong></span> <span class='ocrx_word' id='word_1_43' title='bbox 1299 667 1540 714; x_wconf 87' lang='lat' dir='ltr'><strong>veterum</strong></span> <span class='ocrx_word' id='word_1_44' title='bbox 1571 660 1895 727; x_wconf 87' lang='lat' dir='ltr'><strong>testimonia,</strong></span> 
     </span>
    </p>
   </div>
   <div class='ocr_carea' id='block_1_8' title="bbox 316 745 1722 821">
    <p class='ocr_par' dir='ltr' id='par_1_8' title="bbox 316 745 1722 821">
     <span class='ocr_line' id='line_1_8' title="bbox 316 745 1722 821; baseline 0.006 -23"><span class='ocrx_word' id='word_1_45' title='bbox 316 760 436 814; x_wconf 70' lang='lat' dir='ltr'><strong>qua:</strong></span> <span class='ocrx_word' id='word_1_46' title='bbox 462 745 699 813; x_wconf 91' lang='lat' dir='ltr'><strong>opinioni</strong></span> <span class='ocrx_word' id='word_1_47' title='bbox 726 746 901 801; x_wconf 90' lang='lat' dir='ltr'><strong>eidem</strong></span> <span class='ocrx_word' id='word_1_48' title='bbox 929 747 1310 818; x_wconf 77' lang='lat' dir='ltr'><strong>suffragentur,</strong></span> <span class='ocrx_word' id='word_1_49' title='bbox 1335 752 1722 821; x_wconf 80' lang='lat' dir='ltr'><strong>expendamus.</strong></span> 
     </span>
    </p>
   </div>
   <div class='ocr_carea' id='block_1_9' title="bbox 388 837 1898 917">
    <p class='ocr_par' dir='ltr' id='par_1_9' title="bbox 388 837 1898 917">
     <span class='ocr_line' id='line_1_9' title="bbox 388 837 1898 917; baseline 0.009 -25"><span class='ocrx_word' id='word_1_50' title='bbox 388 837 476 893; x_wconf 78' lang='grc'><strong>19.</strong></span> <span class='ocrx_word' id='word_1_51' title='bbox 517 837 593 893; x_wconf 86' lang='lat' dir='ltr'><strong>Ea</strong></span> <span class='ocrx_word' id='word_1_52' title='bbox 623 838 691 893; x_wconf 89' lang='lat' dir='ltr'><strong>de</strong></span> <span class='ocrx_word' id='word_1_53' title='bbox 718 855 796 906; x_wconf 91' lang='lat' dir='ltr'><strong>re,</strong></span> <span class='ocrx_word' id='word_1_54' title='bbox 823 840 1008 896; x_wconf 81' lang='lat' dir='ltr'><strong>Patres</strong></span> <span class='ocrx_word' id='word_1_55' title='bbox 1036 843 1246 898; x_wconf 89' lang='lat' dir='ltr'><strong>Arelate</strong></span> <span class='ocrx_word' id='word_1_56' title='bbox 1270 860 1411 898; x_wconf 89' lang='lat' dir='ltr'><strong>anno</strong></span> <span class='ocrx_word' id='word_1_57' title='bbox 1438 846 1543 901; x_wconf 75' lang='grc'><strong>514</strong></span> <span class='ocrx_word' id='word_1_58' title='bbox 1568 848 1898 917; x_wconf 84' lang='lat' dir='ltr'><strong>congregati,</strong></span> 
     </span>
    </p>
   </div>
   <div class='ocr_carea' id='block_1_10' title="bbox 312 932 1901 1007">
    <p class='ocr_par' dir='ltr' id='par_1_10' title="bbox 312 932 1901 1007">
     <span class='ocr_line' id='line_1_10' title="bbox 312 932 1901 1007; baseline 0.006 -21"><span class='ocrx_word' id='word_1_59' title='bbox 312 934 366 986; x_wconf 91' lang='lat' dir='ltr'><strong>in</strong></span> <span class='ocrx_word' id='word_1_60' title='bbox 396 932 633 1001; x_wconf 84' lang='lat' dir='ltr'><strong>Epistola</strong></span> <span class='ocrx_word' id='word_1_61' title='bbox 683 934 748 989; x_wconf 89' lang='lat' dir='ltr'><strong>ad</strong></span> <span class='ocrx_word' id='word_1_62' title='bbox 774 934 1102 1004; x_wconf 75' lang='lat' dir='ltr'><strong>Sylvestrum</strong></span> <span class='ocrx_word' id='word_1_63' title='bbox 1136 952 1326 1007; x_wconf 88' lang='lat' dir='ltr'><strong>papam</strong></span> <span class='ocrx_word' id='word_1_64' title='bbox 1351 939 1594 993; x_wconf 89' lang='lat' dir='ltr'><strong>scribunt</strong></span> <span class='ocrx_word' id='word_1_65' title='bbox 1619 955 1647 992; x_wconf 88' lang='lat' dir='ltr'><strong>a</strong></span> <span class='ocrx_word' id='word_1_66' title='bbox 1676 956 1734 995; x_wconf 90' lang='lat' dir='ltr'><strong>se</strong></span> <span class='ocrx_word' id='word_1_67' title='bbox 1772 952 1901 996; x_wconf 84' lang='lat' dir='ltr'><strong>cen-</strong></span> 
     </span>
    </p>
   </div>
   <div class='ocr_carea' id='block_1_11' title="bbox 310 1027 1901 1103">
    <p class='ocr_par' dir='ltr' id='par_1_11' title="bbox 310 1027 1901 1103">
     <span class='ocr_line' id='line_1_11' title="bbox 310 1027 1901 1103; baseline 0.004 -19"><span class='ocrx_word' id='word_1_68' title='bbox 310 1027 594 1084; x_wconf 88' lang='lat' dir='ltr'><strong>stitutum:</strong></span> <span class='ocrx_word' id='word_1_69' title='bbox 634 1047 654 1081; x_wconf 83' lang='grc'><strong><em>‹</em></strong></span> <span class='ocrx_word' id='word_1_70' title='bbox 693 1038 752 1085; x_wconf 83' lang='grc' dir='ltr'><strong>ιιι</strong></span> <span class='ocrx_word' id='word_1_71' title='bbox 777 1030 821 1085; x_wconf 90' lang='lat' dir='ltr'><strong>si</strong></span> <span class='ocrx_word' id='word_1_72' title='bbox 850 1030 917 1085; x_wconf 90' lang='lat' dir='ltr'><strong>ad</strong></span> <span class='ocrx_word' id='word_1_73' title='bbox 946 1031 1235 1086; x_wconf 77' lang='lat' dir='ltr'><strong>Ecclesium</strong></span> <span class='ocrx_word' id='word_1_74' title='bbox 1260 1033 1451 1103; x_wconf 87' lang='lat' dir='ltr'><strong>aliquis</strong></span> <span class='ocrx_word' id='word_1_75' title='bbox 1483 1033 1764 1089; x_wconf 86' lang='lat' dir='ltr'><strong>haereticus</strong></span> <span class='ocrx_word' id='word_1_76' title='bbox 1809 1050 1901 1091; x_wconf 84' lang='lat' dir='ltr'><strong>ve—</strong></span> 
     </span>
    </p>
   </div>
   <div class='ocr_carea' id='block_1_12' title="bbox 313 1120 1903 1195">
    <p class='ocr_par' dir='ltr' id='par_1_12' title="bbox 313 1120 1903 1195">
     <span class='ocr_line' id='line_1_12' title="bbox 313 1120 1903 1195; baseline 0.005 -21"><span class='ocrx_word' id='word_1_77' title='bbox 313 1120 474 1188; x_wconf 91' lang='lat' dir='ltr'><strong>nerit,</strong></span> <span class='ocrx_word' id='word_1_78' title='bbox 512 1122 843 1191; x_wconf 81' lang='lat' dir='ltr'><strong>interrogent</strong></span> <span class='ocrx_word' id='word_1_79' title='bbox 863 1138 984 1178; x_wconf 94' lang='lat' dir='ltr'><strong>eum</strong></span> <span class='ocrx_word' id='word_1_80' title='bbox 1029 1122 1342 1195; x_wconf 84' lang='lat' dir='ltr'><strong>Symbolum</strong></span> <span class='ocrx_word' id='word_1_81' title='bbox 1375 1167 1390 1192; x_wconf 88' lang='lat'><strong>,</strong></span> <span class='ocrx_word' id='word_1_82' title='bbox 1423 1135 1478 1180; x_wconf 90' lang='lat' dir='ltr'><strong>et</strong></span> <span class='ocrx_word' id='word_1_83' title='bbox 1501 1126 1545 1180; x_wconf 85' lang='lat' dir='ltr'><strong>si</strong></span> <span class='ocrx_word' id='word_1_84' title='bbox 1579 1127 1903 1195; x_wconf 89' lang='lat' dir='ltr'><strong>perviderint</strong></span> 
     </span>
    </p>
   </div>
   <div class='ocr_carea' id='block_1_13' title="bbox 314 1214 1895 1290">
    <p class='ocr_par' dir='ltr' id='par_1_13' title="bbox 314 1214 1895 1290">
     <span class='ocr_line' id='line_1_13' title="bbox 314 1214 1895 1290; baseline 0.004 -21"><span class='ocrx_word' id='word_1_85' title='bbox 314 1230 438 1269; x_wconf 89' lang='lat' dir='ltr'><strong>eum</strong></span> <span class='ocrx_word' id='word_1_86' title='bbox 467 1214 517 1267; x_wconf 92' lang='lat' dir='ltr'><strong>in</strong></span> <span class='ocrx_word' id='word_1_87' title='bbox 546 1214 704 1270; x_wconf 83' lang='lat' dir='ltr'><strong>Patre</strong></span> <span class='ocrx_word' id='word_1_88' title='bbox 749 1226 804 1271; x_wconf 90' lang='lat' dir='ltr'><strong>et</strong></span> <span class='ocrx_word' id='word_1_89' title='bbox 850 1216 988 1272; x_wconf 90' lang='lat' dir='ltr'><strong>Filio</strong></span> <span class='ocrx_word' id='word_1_90' title='bbox 1014 1228 1066 1272; x_wconf 93' lang='lat' dir='ltr'><strong>et</strong></span> <span class='ocrx_word' id='word_1_91' title='bbox 1088 1218 1288 1287; x_wconf 85' lang='lat' dir='ltr'><strong>Spiritu</strong></span> <span class='ocrx_word' id='word_1_92' title='bbox 1319 1228 1504 1274; x_wconf 90' lang='lat' dir='ltr'><strong>sancto</strong></span> <span class='ocrx_word' id='word_1_93' title='bbox 1536 1220 1895 1290; x_wconf 87' lang='lat' dir='ltr'><strong>baptizatum,</strong></span> 
     </span>
    </p>
   </div>
   <div class='ocr_carea' id='block_1_14' title="bbox 312 1309 1898 1382">
    <p class='ocr_par' dir='ltr' id='par_1_14' title="bbox 312 1309 1898 1382">
     <span class='ocr_line' id='line_1_14' title="bbox 312 1309 1898 1382; baseline 0.005 -20"><span class='ocrx_word' id='word_1_94' title='bbox 312 1325 505 1363; x_wconf 90' lang='lat' dir='ltr'><strong>manus</strong></span> <span class='ocrx_word' id='word_1_95' title='bbox 529 1309 576 1363; x_wconf 90' lang='lat' dir='ltr'><strong>ei</strong></span> <span class='ocrx_word' id='word_1_96' title='bbox 626 1318 828 1365; x_wconf 90' lang='lat' dir='ltr'><strong>tantum</strong></span> <span class='ocrx_word' id='word_1_97' title='bbox 858 1312 1200 1382; x_wconf 88' lang='lat' dir='ltr'><strong>imponatur;</strong></span> <span class='ocrx_word' id='word_1_98' title='bbox 1240 1332 1259 1365; x_wconf 72' lang='grc' dir='ltr'><strong>ι</strong></span> <span class='ocrx_word' id='word_1_99' title='bbox 1304 1313 1355 1367; x_wconf 83' lang='lat' dir='ltr'><strong>iit</strong></span> <span class='ocrx_word' id='word_1_100' title='bbox 1407 1330 1615 1371; x_wconf 87' lang='lat' dir='ltr'><strong>canone</strong></span> <span class='ocrx_word' id='word_1_101' title='bbox 1656 1324 1834 1372; x_wconf 89' lang='lat' dir='ltr'><strong>autem</strong></span> <span class='ocrx_word' id='word_1_102' title='bbox 1866 1316 1898 1370; x_wconf 92' lang='lat'><strong>8</strong></span> 
     </span>
    </p>
   </div>
   <div class='ocr_carea' id='block_1_15' title="bbox 310 1401 1897 1474">
    <p class='ocr_par' dir='ltr' id='par_1_15' title="bbox 310 1401 1897 1474">
     <span class='ocr_line' id='line_1_15' title="bbox 310 1401 1897 1474; baseline 0.003 -17"><span class='ocrx_word' id='word_1_103' title='bbox 310 1401 538 1471; x_wconf 88' lang='lat' dir='ltr'><strong>idipsum</strong></span> <span class='ocrx_word' id='word_1_104' title='bbox 569 1402 838 1458; x_wconf 88' lang='lat' dir='ltr'><strong>edicentes</strong></span> <span class='ocrx_word' id='word_1_105' title='bbox 863 1445 878 1473; x_wconf 92' lang='lat'><strong>,</strong></span> <span class='ocrx_word' id='word_1_106' title='bbox 925 1414 1045 1474; x_wconf 89' lang='lat' dir='ltr'><strong>post</strong></span> <span class='ocrx_word' id='word_1_107' title='bbox 1093 1406 1253 1461; x_wconf 89' lang='lat' dir='ltr'><strong>verba</strong></span> <span class='ocrx_word' id='word_1_108' title='bbox 1282 1447 1299 1473; x_wconf 91' lang='lat'><strong>,</strong></span> <span class='ocrx_word' id='word_1_109' title='bbox 1332 1424 1350 1457; x_wconf 73' lang='grc' dir='ltr'><strong>ι</strong></span> <span class='ocrx_word' id='word_1_110' title='bbox 1380 1423 1570 1463; x_wconf 90' lang='lat' dir='ltr'><strong>manus</strong></span> <span class='ocrx_word' id='word_1_111' title='bbox 1613 1409 1661 1463; x_wconf 91' lang='lat' dir='ltr'><strong>ei</strong></span> <span class='ocrx_word' id='word_1_112' title='bbox 1695 1419 1897 1464; x_wconf 87' lang='lat' dir='ltr'><strong>tantum</strong></span> 
     </span>
    </p>
   </div>
   <div class='ocr_carea' id='block_1_16' title="bbox 308 1494 1892 1568">
    <p class='ocr_par' dir='ltr' id='par_1_16' title="bbox 308 1494 1892 1568">
     <span class='ocr_line' id='line_1_16' title="bbox 308 1494 1892 1568; baseline 0.002 -19"><span class='ocrx_word' id='word_1_113' title='bbox 308 1494 632 1565; x_wconf 82' lang='lat' dir='ltr'><strong>imponatur,</strong></span> <span class='ocrx_word' id='word_1_114' title='bbox 659 1496 723 1550; x_wconf 89' lang='lat' dir='ltr'><strong>ad</strong></span> <span class='ocrx_word' id='word_1_115' title='bbox 727 1497 937 1567; x_wconf 82' lang='lat' dir='ltr'><strong>jicittnt,</strong></span> <span class='ocrx_word' id='word_1_116' title='bbox 962 1496 1027 1553; x_wconf 88' lang='lat' dir='ltr'><strong>Ut</strong></span> <span class='ocrx_word' id='word_1_117' title='bbox 1052 1498 1279 1568; x_wconf 85' lang='lat' dir='ltr'><strong>accipiat</strong></span> <span class='ocrx_word' id='word_1_118' title='bbox 1317 1499 1570 1568; x_wconf 85' lang='lat' dir='ltr'><strong>Spiritum</strong></span> <span class='ocrx_word' id='word_1_119' title='bbox 1596 1512 1853 1555; x_wconf 89' lang='lat' dir='ltr'><strong>sanctum.</strong></span> <span class='ocrx_word' id='word_1_120' title='bbox 1872 1519 1892 1553; x_wconf 85' lang='grc'>›</span> 
     </span>
    </p>
   </div>
   <div class='ocr_carea' id='block_1_17' title="bbox 308 1586 1897 1657">
    <p class='ocr_par' dir='ltr' id='par_1_17' title="bbox 308 1586 1897 1657">
     <span class='ocr_line' id='line_1_17' title="bbox 308 1586 1897 1657; baseline 0.004 -16"><span class='ocrx_word' id='word_1_121' title='bbox 308 1586 532 1642; x_wconf 87' lang='lat' dir='ltr'><strong>Siricius</strong></span> <span class='ocrx_word' id='word_1_122' title='bbox 560 1603 681 1643; x_wconf 92' lang='lat' dir='ltr'><strong>cum</strong></span> <span class='ocrx_word' id='word_1_123' title='bbox 714 1592 768 1643; x_wconf 91' lang='lat' dir='ltr'><strong>in</strong></span> <span class='ocrx_word' id='word_1_124' title='bbox 787 1589 906 1644; x_wconf 91' lang='lat' dir='ltr'><strong>aliis</strong></span> <span class='ocrx_word' id='word_1_125' title='bbox 934 1589 1246 1657; x_wconf 81' lang='lat' dir='ltr'><strong>haereticis,-</strong></span> <span class='ocrx_word' id='word_1_126' title='bbox 1267 1599 1376 1644; x_wconf 92' lang='lat' dir='ltr'><strong>tum</strong></span> <span class='ocrx_word' id='word_1_127' title='bbox 1410 1592 1463 1644; x_wconf 92' lang='lat' dir='ltr'><strong>in</strong></span> <span class='ocrx_word' id='word_1_128' title='bbox 1492 1592 1556 1647; x_wconf 90' lang='lat' dir='ltr'><strong>iis</strong></span> <span class='ocrx_word' id='word_1_129' title='bbox 1583 1594 1897 1648; x_wconf 84' lang='lat' dir='ltr'><strong>nominatim</strong></span> 
     </span>
    </p>
   </div>
   <div class='ocr_carea' id='block_1_18' title="bbox 304 1680 1891 1756">
    <p class='ocr_par' dir='ltr' id='par_1_18' title="bbox 304 1680 1891 1756">
     <span class='ocr_line' id='line_1_18' title="bbox 304 1680 1891 1756; baseline 0.004 -22"><span class='ocrx_word' id='word_1_130' title='bbox 304 1680 681 1752; x_wconf 78' lang='lat' dir='ltr'><strong>suscipiendis,</strong></span> <span class='ocrx_word' id='word_1_131' title='bbox 706 1684 795 1753; x_wconf 91' lang='lat' dir='ltr'><strong>qui</strong></span> <span class='ocrx_word' id='word_1_132' title='bbox 828 1684 895 1737; x_wconf 87' lang='lat' dir='ltr'><strong>ab</strong></span> <span class='ocrx_word' id='word_1_133' title='bbox 926 1683 1138 1738; x_wconf 84' lang='lat' dir='ltr'><strong>Arianis</strong></span> <span class='ocrx_word' id='word_1_134' title='bbox 1164 1682 1495 1753; x_wconf 88' lang='lat' dir='ltr'><strong>Baptismum</strong></span> <span class='ocrx_word' id='word_1_135' title='bbox 1527 1696 1891 1756; x_wconf 81' lang='lat' dir='ltr'><strong>perceperant,</strong></span> 
     </span>
    </p>
   </div>
   <div class='ocr_carea' id='block_1_19' title="bbox 2007 478 3585 563">
    <p class='ocr_par' dir='ltr' id='par_1_19' title="bbox 2007 478 3585 563">
     <span class='ocr_line' id='line_1_19' title="bbox 2007 478 3585 563; baseline 0.015 -35"><span class='ocrx_word' id='word_1_136' title='bbox 2007 491 2098 530; x_wconf 83' lang='lat' dir='ltr'><strong>eos</strong></span> <span class='ocrx_word' id='word_1_137' title='bbox 2125 478 2215 547; x_wconf 89' lang='lat' dir='ltr'><strong>qui</strong></span> <span class='ocrx_word' id='word_1_138' title='bbox 2245 478 2461 533; x_wconf 86' lang='lat' dir='ltr'><strong>veniunt</strong></span> <span class='ocrx_word' id='word_1_139' title='bbox 2489 481 2556 535; x_wconf 91' lang='lat' dir='ltr'><strong>ab</strong></span> <span class='ocrx_word' id='word_1_140' title='bbox 2588 480 2778 538; x_wconf 68' lang='lat' dir='ltr'><strong>hiCI&#39;BSi</strong></span> <span class='ocrx_word' id='word_1_141' title='bbox 2804 526 2817 551; x_wconf 90' lang='lat'><strong>,</strong></span> <span class='ocrx_word' id='word_1_142' title='bbox 2846 500 2940 539; x_wconf 91' lang='lat' dir='ltr'><strong>seu</strong></span> <span class='ocrx_word' id='word_1_143' title='bbox 2961 500 3120 556; x_wconf 86' lang='lat' dir='ltr'><strong>super</strong></span> <span class='ocrx_word' id='word_1_144' title='bbox 3146 492 3540 551; x_wconf 89' lang='lat' dir='ltr'><strong>conﬁrmandos</strong></span> <span class='ocrx_word' id='word_1_145' title='bbox 3570 541 3585 563; x_wconf 92' lang='lat'><strong>,</strong></span> 
     </span>
    </p>
   </div>
   <div class='ocr_carea' id='block_1_20' title="bbox 2005 572 3587 655">
    <p class='ocr_par' dir='ltr' id='par_1_20' title="bbox 2005 572 3587 655">
     <span class='ocr_line' id='line_1_20' title="bbox 2005 572 3587 655; baseline 0.014 -30"><span class='ocrx_word' id='word_1_146' title='bbox 2005 572 2282 625; x_wconf 91' lang='lat' dir='ltr'><strong>consentio</strong></span> <span class='ocrx_word' id='word_1_147' title='bbox 2309 588 2414 627; x_wconf 89' lang='lat' dir='ltr'><strong>non</strong></span> <span class='ocrx_word' id='word_1_148' title='bbox 2441 590 2625 643; x_wconf 89' lang='lat' dir='ltr'><strong>parum</strong></span> <span class='ocrx_word' id='word_1_149' title='bbox 2647 577 2709 631; x_wconf 88' lang='lat' dir='ltr'><strong>iis</strong></span> <span class='ocrx_word' id='word_1_150' title='bbox 2734 577 2911 634; x_wconf 84' lang='lat' dir='ltr'><strong>favere</strong></span> <span class='ocrx_word' id='word_1_151' title='bbox 2942 581 3168 647; x_wconf 88' lang='lat' dir='ltr'><strong>videtur,</strong></span> <span class='ocrx_word' id='word_1_152' title='bbox 3202 588 3290 655; x_wconf 87' lang='lat' dir='ltr'><strong>qui</strong></span> <span class='ocrx_word' id='word_1_153' title='bbox 3322 590 3587 646; x_wconf 88' lang='lat' dir='ltr'><strong>venienti-</strong></span> 
     </span>
    </p>
   </div>
   <div class='ocr_carea' id='block_1_21' title="bbox 2004 660 3587 751">
    <p class='ocr_par' dir='ltr' id='par_1_21' title="bbox 2004 660 3587 751">
     <span class='ocr_line' id='line_1_21' title="bbox 2004 660 3587 751; baseline 0.015 -36"><span class='ocrx_word' id='word_1_154' title='bbox 2004 660 2106 717; x_wconf 91' lang='lat' dir='ltr'><strong>bus</strong></span> <span class='ocrx_word' id='word_1_155' title='bbox 2129 661 2196 718; x_wconf 85' lang='lat' dir='ltr'><strong>ah</strong></span> <span class='ocrx_word' id='word_1_156' title='bbox 2221 663 2410 719; x_wconf 73' lang='lat' dir='ltr'><strong>hteresi</strong></span> <span class='ocrx_word' id='word_1_157' title='bbox 2439 682 2654 723; x_wconf 90' lang='lat' dir='ltr'><strong>manum</strong></span> <span class='ocrx_word' id='word_1_158' title='bbox 2684 669 2753 724; x_wconf 90' lang='lat' dir='ltr'><strong>ah</strong></span> <span class='ocrx_word' id='word_1_159' title='bbox 2781 671 3033 743; x_wconf 88' lang='lat' dir='ltr'><strong>episc0po</strong></span> <span class='ocrx_word' id='word_1_160' title='bbox 3059 676 3358 744; x_wconf 82' lang='lat' dir='ltr'><strong>impositam</strong></span> <span class='ocrx_word' id='word_1_161' title='bbox 3383 692 3587 751; x_wconf 87' lang='lat' dir='ltr'><strong>putant,</strong></span> 
     </span>
    </p>
   </div>
   <div class='ocr_carea' id='block_1_22' title="bbox 2006 752 3589 830">
    <p class='ocr_par' dir='ltr' id='par_1_22' title="bbox 2006 752 3589 830">
     <span class='ocr_line' id='line_1_22' title="bbox 2006 752 3589 830; baseline 0.015 -24"><span class='ocrx_word' id='word_1_162' title='bbox 2006 763 2060 808; x_wconf 93' lang='lat' dir='ltr'><strong>ut</strong></span> <span class='ocrx_word' id='word_1_163' title='bbox 2090 754 2169 809; x_wconf 86' lang='lat' dir='ltr'><strong>eis</strong></span> <span class='ocrx_word' id='word_1_164' title='bbox 2191 752 2622 815; x_wconf 88' lang='lat' dir='ltr'><strong>Conﬁrmationis</strong></span> <span class='ocrx_word' id='word_1_165' title='bbox 2667 774 3056 821; x_wconf 86' lang='lat' dir='ltr'><strong>sacramentum</strong></span> <span class='ocrx_word' id='word_1_166' title='bbox 3111 770 3463 828; x_wconf 83' lang='lat' dir='ltr'><strong>conferretur.</strong></span> <span class='ocrx_word' id='word_1_167' title='bbox 3507 776 3589 830; x_wconf 84' lang='lat' dir='ltr'><strong>An</strong></span> 
     </span>
    </p>
   </div>
   <div class='ocr_carea' id='block_1_23' title="bbox 2006 849 3588 927">
    <p class='ocr_par' dir='ltr' id='par_1_23' title="bbox 2006 849 3588 927">
     <span class='ocr_line' id='line_1_23' title="bbox 2006 849 3588 927; baseline 0.016 -28"><span class='ocrx_word' id='word_1_168' title='bbox 2006 862 2132 902; x_wconf 87' lang='lat' dir='ltr'><strong>vero</strong></span> <span class='ocrx_word' id='word_1_169' title='bbox 2172 849 2277 904; x_wconf 87' lang='lat' dir='ltr'><strong>illis</strong></span> <span class='ocrx_word' id='word_1_170' title='bbox 2326 852 2498 922; x_wconf 89' lang='lat' dir='ltr'><strong>reipsa</strong></span> <span class='ocrx_word' id='word_1_171' title='bbox 2529 854 2847 927; x_wconf 74' lang='lat' dir='ltr'><strong>suffragetur</strong></span> <span class='ocrx_word' id='word_1_172' title='bbox 2871 901 2884 923; x_wconf 90' lang='lat'><strong>,</strong></span> <span class='ocrx_word' id='word_1_173' title='bbox 2915 865 3192 919; x_wconf 78' lang='lat' dir='ltr'><strong>exeussuri</strong></span> <span class='ocrx_word' id='word_1_174' title='bbox 3223 881 3343 922; x_wconf 82' lang='lat' dir='ltr'><strong>mox</strong></span> <span class='ocrx_word' id='word_1_175' title='bbox 3380 882 3588 924; x_wconf 91' lang='lat' dir='ltr'><strong>sumus.</strong></span> 
     </span>
    </p>
   </div>
   <div class='ocr_carea' id='block_1_24' title="bbox 2005 936 3591 1024">
    <p class='ocr_par' dir='ltr' id='par_1_24' title="bbox 2005 936 3591 1024">
     <span class='ocr_line' id='line_1_24' title="bbox 2005 936 3591 1024; baseline 0.018 -33"><span class='ocrx_word' id='word_1_176' title='bbox 2005 936 2230 995; x_wconf 87' lang='lat' dir='ltr'><strong>Tantum</strong></span> <span class='ocrx_word' id='word_1_177' title='bbox 2264 942 2349 997; x_wconf 87' lang='lat' dir='ltr'><strong>ltic</strong></span> <span class='ocrx_word' id='word_1_178' title='bbox 2372 944 2720 1004; x_wconf 87' lang='lat' dir='ltr'><strong>observamus</strong></span> <span class='ocrx_word' id='word_1_179' title='bbox 2745 991 2759 1016; x_wconf 91' lang='lat'><strong>,</strong></span> <span class='ocrx_word' id='word_1_180' title='bbox 2803 957 3163 1024; x_wconf 65' lang='lat' dir='ltr'><strong>prmscriptam</strong></span> <span class='ocrx_word' id='word_1_181' title='bbox 3193 960 3246 1013; x_wconf 90' lang='lat' dir='ltr'><strong>in</strong></span> <span class='ocrx_word' id='word_1_182' title='bbox 3278 961 3591 1020; x_wconf 85' lang='lat' dir='ltr'><strong>Gellonensi</strong></span> 
     </span>
    </p>
   </div>
   <div class='ocr_carea' id='block_1_25' title="bbox 2004 1033 3590 1117">
    <p class='ocr_par' dir='ltr' id='par_1_25' title="bbox 2004 1033 3590 1117">
     <span class='ocr_line' id='line_1_25' title="bbox 2004 1033 3590 1117; baseline 0.02 -34"><span class='ocrx_word' id='word_1_183' title='bbox 2004 1033 2293 1100; x_wconf 84' lang='lat' dir='ltr'><strong>exemplari</strong></span> <span class='ocrx_word' id='word_1_184' title='bbox 2318 1035 2745 1095; x_wconf 87' lang='lat' dir='ltr'><strong>benedictionem</strong></span> <span class='ocrx_word' id='word_1_185' title='bbox 2763 1058 2881 1098; x_wconf 89' lang='lat' dir='ltr'><strong>esse</strong></span> <span class='ocrx_word' id='word_1_186' title='bbox 2901 1048 3345 1117; x_wconf 85' lang='lat' dir='ltr'><strong>antiquissimam.</strong></span> <span class='ocrx_word' id='word_1_187' title='bbox 3373 1056 3438 1109; x_wconf 89' lang='lat' dir='ltr'><strong>Et</strong></span> <span class='ocrx_word' id='word_1_188' title='bbox 3455 1057 3590 1114; x_wconf 88' lang='lat' dir='ltr'><strong>hanc</strong></span> 
     </span>
    </p>
   </div>
   <div class='ocr_carea' id='block_1_26' title="bbox 2003 1124 3590 1213">
    <p class='ocr_par' dir='ltr' id='par_1_26' title="bbox 2003 1124 3590 1213">
     <span class='ocr_line' id='line_1_26' title="bbox 2003 1124 3590 1213; baseline 0.02 -37"><span class='ocrx_word' id='word_1_189' title='bbox 2003 1124 2216 1193; x_wconf 89' lang='lat' dir='ltr'><strong>quidem</strong></span> <span class='ocrx_word' id='word_1_190' title='bbox 2252 1128 2512 1186; x_wconf 86' lang='lat' dir='ltr'><strong>Eusebius</strong></span> <span class='ocrx_word' id='word_1_191' title='bbox 2535 1131 2696 1203; x_wconf 91' lang='lat' dir='ltr'><strong>(Hist.</strong></span> <span class='ocrx_word' id='word_1_192' title='bbox 2728 1136 2819 1193; x_wconf 88' lang='lat' dir='ltr'><strong>lib.</strong></span> <span class='ocrx_word' id='word_1_193' title='bbox 2852 1155 2941 1203; x_wconf 88' lang='lat' dir='ltr'><strong>vn,</strong></span> <span class='ocrx_word' id='word_1_194' title='bbox 2970 1156 3019 1197; x_wconf 91' lang='lat' dir='ltr'><strong>c.</strong></span> <span class='ocrx_word' id='word_1_195' title='bbox 3068 1143 3146 1213; x_wconf 76' lang='grc'><strong>2),</strong></span> <span class='ocrx_word' id='word_1_196' title='bbox 3179 1145 3318 1203; x_wconf 87' lang='lat' dir='ltr'><strong>haud</strong></span> <span class='ocrx_word' id='word_1_197' title='bbox 3364 1151 3590 1207; x_wconf 86' lang='lat' dir='ltr'><strong>obscure</strong></span> 
     </span>
    </p>
   </div>
   <div class='ocr_carea' id='block_1_27' title="bbox 2005 1218 3587 1312">
    <p class='ocr_par' dir='ltr' id='par_1_27' title="bbox 2005 1218 3587 1312">
     <span class='ocr_line' id='line_1_27' title="bbox 2005 1218 3587 1312; baseline 0.02 -43"><span class='ocrx_word' id='word_1_198' title='bbox 2005 1224 2153 1270; x_wconf 89' lang='lat' dir='ltr'><strong>notat</strong></span> <span class='ocrx_word' id='word_1_199' title='bbox 2178 1218 2260 1273; x_wconf 92' lang='lat' dir='ltr'><strong>his</strong></span> <span class='ocrx_word' id='word_1_200' title='bbox 2286 1222 2500 1277; x_wconf 88' lang='lat' dir='ltr'><strong>verbis:</strong></span> <span class='ocrx_word' id='word_1_201' title='bbox 2543 1244 2560 1274; x_wconf 74' lang='grc' dir='ltr'><strong>ι</strong></span> <span class='ocrx_word' id='word_1_202' title='bbox 2596 1228 2826 1298; x_wconf 85' lang='lat' dir='ltr'><strong>Antiqua</strong></span> <span class='ocrx_word' id='word_1_203' title='bbox 2872 1238 3199 1292; x_wconf 89' lang='lat' dir='ltr'><strong>consuetudo</strong></span> <span class='ocrx_word' id='word_1_204' title='bbox 3250 1229 3587 1312; x_wconf 49' lang='lat' dir='ltr'><strong>invalueraf,</strong></span> 
     </span>
    </p>
   </div>
   <div class='ocr_carea' id='block_1_28' title="bbox 2003 1312 3589 1409">
    <p class='ocr_par' dir='ltr' id='par_1_28' title="bbox 2003 1312 3589 1409">
     <span class='ocr_line' id='line_1_28' title="bbox 2003 1312 3589 1409; baseline 0.021 -47"><span class='ocrx_word' id='word_1_205' title='bbox 2003 1312 2129 1365; x_wconf 89' lang='lat' dir='ltr'><strong>utin</strong></span> <span class='ocrx_word' id='word_1_206' title='bbox 2156 1312 2460 1383; x_wconf 87' lang='lat' dir='ltr'><strong>hujusmndi</strong></span> <span class='ocrx_word' id='word_1_207' title='bbox 2493 1318 2794 1378; x_wconf 88' lang='lat' dir='ltr'><strong>hominibus</strong></span> <span class='ocrx_word' id='word_1_208' title='bbox 2818 1322 2929 1396; x_wconf 90' lang='lat' dir='ltr'><strong>(qui</strong></span> <span class='ocrx_word' id='word_1_209' title='bbox 2963 1328 3028 1381; x_wconf 91' lang='lat' dir='ltr'><strong>ab</strong></span> <span class='ocrx_word' id='word_1_210' title='bbox 3057 1328 3249 1387; x_wconf 76' lang='lat' dir='ltr'><strong>ltzeresi</strong></span> <span class='ocrx_word' id='word_1_211' title='bbox 3280 1337 3589 1409; x_wconf 82' lang='lat' dir='ltr'><strong>veniebant)</strong></span> 
     </span>
    </p>
   </div>
   <div class='ocr_carea' id='block_1_29' title="bbox 2003 1403 3583 1487">
    <p class='ocr_par' dir='ltr' id='par_1_29' title="bbox 2003 1403 3583 1487">
     <span class='ocr_line' id='line_1_29' title="bbox 2003 1403 3583 1487; baseline 0.019 -32"><span class='ocrx_word' id='word_1_212' title='bbox 2003 1403 2117 1458; x_wconf 89' lang='lat' dir='ltr'><strong>sola</strong></span> <span class='ocrx_word' id='word_1_213' title='bbox 2149 1420 2397 1462; x_wconf 90' lang='lat' dir='ltr'><strong>manuum</strong></span> <span class='ocrx_word' id='word_1_214' title='bbox 2426 1409 2693 1481; x_wconf 92' lang='lat' dir='ltr'><strong>impositio</strong></span> <span class='ocrx_word' id='word_1_215' title='bbox 2714 1430 2833 1469; x_wconf 91' lang='lat' dir='ltr'><strong>cum</strong></span> <span class='ocrx_word' id='word_1_216' title='bbox 2862 1422 3167 1487; x_wconf 90' lang='lat' dir='ltr'><strong>precatione</strong></span> <span class='ocrx_word' id='word_1_217' title='bbox 3185 1403 3583 1487; x_wconf 57' lang='lat' dir='ltr'><strong>aditiberetur.i</strong></span> 
     </span>
    </p>
   </div>
   <div class='ocr_carea' id='block_1_30' title="bbox 2001 1495 3586 1587">
    <p class='ocr_par' dir='ltr' id='par_1_30' title="bbox 2001 1495 3586 1587">
     <span class='ocr_line' id='line_1_30' title="bbox 2001 1495 3586 1587; baseline 0.02 -39"><span class='ocrx_word' id='word_1_218' title='bbox 2001 1495 2237 1553; x_wconf 88' lang='lat' dir='ltr'><strong>Eamden</strong></span> <span class='ocrx_word' id='word_1_219' title='bbox 2258 1497 2478 1556; x_wconf 90' lang='lat' dir='ltr'><strong>Siricius</strong></span> <span class='ocrx_word' id='word_1_220' title='bbox 2506 1504 2557 1557; x_wconf 93' lang='lat' dir='ltr'><strong>in</strong></span> <span class='ocrx_word' id='word_1_221' title='bbox 2586 1505 2702 1562; x_wconf 92' lang='lat' dir='ltr'><strong>loco</strong></span> <span class='ocrx_word' id='word_1_222' title='bbox 2734 1512 2977 1577; x_wconf 89' lang='lat' dir='ltr'><strong>superius</strong></span> <span class='ocrx_word' id='word_1_223' title='bbox 3014 1515 3177 1571; x_wconf 88' lang='lat' dir='ltr'><strong>citato</strong></span> <span class='ocrx_word' id='word_1_224' title='bbox 3203 1522 3439 1587; x_wconf 88' lang='lat' dir='ltr'><strong>apertius</strong></span> <span class='ocrx_word' id='word_1_225' title='bbox 3470 1539 3586 1580; x_wconf 89' lang='lat' dir='ltr'><strong>me-</strong></span> 
     </span>
    </p>
   </div>
   <div class='ocr_carea' id='block_1_31' title="bbox 2003 1593 3586 1672">
    <p class='ocr_par' dir='ltr' id='par_1_31' title="bbox 2003 1593 3586 1672">
     <span class='ocr_line' id='line_1_31' title="bbox 2003 1593 3586 1672; baseline 0.018 -29"><span class='ocrx_word' id='word_1_226' title='bbox 2003 1601 2175 1645; x_wconf 87' lang='lat' dir='ltr'><strong>morat</strong></span> <span class='ocrx_word' id='word_1_227' title='bbox 2204 1633 2220 1659; x_wconf 92' lang='lat'><strong>,</strong></span> <span class='ocrx_word' id='word_1_228' title='bbox 2253 1593 2408 1664; x_wconf 90' lang='lat' dir='ltr'><strong>eique</strong></span> <span class='ocrx_word' id='word_1_229' title='bbox 2449 1599 2683 1653; x_wconf 87' lang='lat' dir='ltr'><strong>concinit</strong></span> <span class='ocrx_word' id='word_1_230' title='bbox 2706 1598 3046 1661; x_wconf 90' lang='lat' dir='ltr'><strong>Innocentius</strong></span> <span class='ocrx_word' id='word_1_231' title='bbox 3073 1608 3207 1663; x_wconf 88' lang='lat' dir='ltr'><strong>infra</strong></span> <span class='ocrx_word' id='word_1_232' title='bbox 3250 1612 3586 1672; x_wconf 84' lang='lat' dir='ltr'><strong>referendus.</strong></span> 
     </span>
    </p>
   </div>
   <div class='ocr_carea' id='block_1_32' title="bbox 2000 1681 3591 1771">
    <p class='ocr_par' dir='ltr' id='par_1_32' title="bbox 2000 1681 3591 1771">
     <span class='ocr_line' id='line_1_32' title="bbox 2000 1681 3591 1771; baseline 0.019 -36"><span class='ocrx_word' id='word_1_233' title='bbox 2000 1681 2182 1753; x_wconf 85' lang='lat' dir='ltr'><strong>Neque</strong></span> <span class='ocrx_word' id='word_1_234' title='bbox 2222 1686 2393 1743; x_wconf 90' lang='lat' dir='ltr'><strong>minus</strong></span> <span class='ocrx_word' id='word_1_235' title='bbox 2431 1694 2712 1760; x_wconf 83' lang='lat' dir='ltr'><strong>perSpicue</strong></span> <span class='ocrx_word' id='word_1_236' title='bbox 2738 1695 2804 1749; x_wconf 90' lang='lat' dir='ltr'><strong>ad</strong></span> <span class='ocrx_word' id='word_1_237' title='bbox 2846 1697 3011 1764; x_wconf 87' lang='lat' dir='ltr'><strong>ipsam</strong></span> <span class='ocrx_word' id='word_1_238' title='bbox 3055 1704 3270 1771; x_wconf 90' lang='lat' dir='ltr'><strong>respicit</strong></span> <span class='ocrx_word' id='word_1_239' title='bbox 3309 1706 3417 1762; x_wconf 88' lang='lat' dir='ltr'><strong>Leo</strong></span> <span class='ocrx_word' id='word_1_240' title='bbox 3441 1709 3494 1763; x_wconf 90' lang='lat' dir='ltr'><strong>in</strong></span> <span class='ocrx_word' id='word_1_241' title='bbox 3520 1710 3591 1765; x_wconf 87' lang='lat' dir='ltr'><strong>E-</strong></span> 
     </span>
    </p>
   </div>
   <div class='ocr_carea' id='block_1_33' title="bbox 303 1772 3586 1859">
    <p class='ocr_par' dir='ltr' id='par_1_33' title="bbox 303 1772 3586 1859">
     <span class='ocr_line' id='line_1_33' title="bbox 303 1772 3586 1859; baseline 0.011 -37"><span class='ocrx_word' id='word_1_242' title='bbox 303 1772 560 1830; x_wconf 72' lang='lat' dir='ltr'><strong>Ecclesiac</strong></span> <span class='ocrx_word' id='word_1_243' title='bbox 580 1842 583 1847; x_wconf 16' lang='grc' dir='ltr'><strong><em>ί</em></strong></span> <span class='ocrx_word' id='word_1_244' title='bbox 605 1776 1049 1833; x_wconf 84' lang='lat' dir='ltr'><strong>consuetudinem</strong></span> <span class='ocrx_word' id='word_1_245' title='bbox 1100 1778 1179 1832; x_wconf 91' lang='lat' dir='ltr'><strong>sic</strong></span> <span class='ocrx_word' id='word_1_246' title='bbox 1219 1778 1451 1847; x_wconf 81' lang='lat' dir='ltr'><strong>explicat</strong></span> <span class='ocrx_word' id='word_1_247' title='bbox 1480 1796 1493 1831; x_wconf 90' lang='lat'><strong>:</strong></span> <span class='ocrx_word' id='word_1_248' title='bbox 1528 1798 1547 1829; x_wconf 77' lang='grc' dir='ltr'><strong>ι</strong></span> <span class='ocrx_word' id='word_1_249' title='bbox 1599 1780 1744 1848; x_wconf 85' lang='lat' dir='ltr'><strong>Quos</strong></span> <span class='ocrx_word' id='word_1_250' title='bbox 1788 1797 1894 1835; x_wconf 90' lang='lat' dir='ltr'><strong>non</strong></span> <span class='ocrx_word' id='word_1_251' title='bbox 1924 1781 1972 1843; x_wconf 90' lang='lat' dir='ltr'><strong>B</strong></span> <span class='ocrx_word' id='word_1_252' title='bbox 2002 1777 2192 1846; x_wconf 88' lang='lat' dir='ltr'><strong>pistola</strong></span> <span class='ocrx_word' id='word_1_253' title='bbox 2218 1795 2374 1835; x_wconf 80' lang='lat' dir='ltr'><strong>cxux</strong></span> <span class='ocrx_word' id='word_1_254' title='bbox 2397 1782 2463 1836; x_wconf 90' lang='lat' dir='ltr'><strong>ad</strong></span> <span class='ocrx_word' id='word_1_255' title='bbox 2506 1782 2765 1853; x_wconf 89' lang='lat' dir='ltr'><strong>Nicetam,</strong></span> <span class='ocrx_word' id='word_1_256' title='bbox 2795 1804 2914 1859; x_wconf 90' lang='lat' dir='ltr'><strong>cap.</strong></span> <span class='ocrx_word' id='word_1_257' title='bbox 2946 1793 2997 1857; x_wconf 89' lang='lat'><strong>7,</strong></span> <span class='ocrx_word' id='word_1_258' title='bbox 3025 1794 3110 1847; x_wconf 90' lang='lat' dir='ltr'><strong>ubi</strong></span> <span class='ocrx_word' id='word_1_259' title='bbox 3138 1796 3279 1852; x_wconf 91' lang='lat' dir='ltr'><strong>istud</strong></span> <span class='ocrx_word' id='word_1_260' title='bbox 3305 1799 3546 1857; x_wconf 90' lang='lat' dir='ltr'><strong>decernit</strong></span> <span class='ocrx_word' id='word_1_261' title='bbox 3573 1822 3586 1857; x_wconf 94' lang='lat'>:</span> 
     </span>
    </p>
   </div>
   <div class='ocr_carea' id='block_1_34' title="bbox 303 1867 1895 1944">
    <p class='ocr_par' dir='ltr' id='par_1_34' title="bbox 303 1867 1895 1944">
     <span class='ocr_line' id='line_1_34' title="bbox 303 1867 1895 1944; baseline 0.005 -23"><span class='ocrx_word' id='word_1_262' title='bbox 303 1882 423 1922; x_wconf 93' lang='lat' dir='ltr'><strong>cum</strong></span> <span class='ocrx_word' id='word_1_263' title='bbox 448 1867 755 1924; x_wconf 86' lang='lat' dir='ltr'><strong>Novatianis</strong></span> <span class='ocrx_word' id='word_1_264' title='bbox 783 1870 1007 1942; x_wconf 89' lang='lat' dir='ltr'><strong>aliisque</strong></span> <span class='ocrx_word' id='word_1_265' title='bbox 1038 1870 1307 1926; x_wconf 65' lang='lat' dir='ltr'><strong>haereticis</strong></span> <span class='ocrx_word' id='word_1_266' title='bbox 1326 1911 1342 1939; x_wconf 92' lang='lat'><strong>,</strong></span> <span class='ocrx_word' id='word_1_267' title='bbox 1366 1871 1505 1927; x_wconf 91' lang='lat' dir='ltr'><strong>sicut</strong></span> <span class='ocrx_word' id='word_1_268' title='bbox 1535 1883 1616 1927; x_wconf 90' lang='lat' dir='ltr'><strong>cst</strong></span> <span class='ocrx_word' id='word_1_269' title='bbox 1648 1874 1696 1927; x_wconf 89' lang='lat' dir='ltr'><strong>in</strong></span> <span class='ocrx_word' id='word_1_270' title='bbox 1729 1890 1895 1944; x_wconf 87' lang='lat' dir='ltr'><strong>syno—</strong></span> 
     </span>
    </p>
   </div>
   <div class='ocr_carea' id='block_1_35' title="bbox 301 1959 1895 2035">
    <p class='ocr_par' dir='ltr' id='par_1_35' title="bbox 301 1959 1895 2035">
     <span class='ocr_line' id='line_1_35' title="bbox 301 1959 1895 2035; baseline 0.004 -21"><span class='ocrx_word' id='word_1_271' title='bbox 301 1959 372 2015; x_wconf 90' lang='lat' dir='ltr'><strong>do</strong></span> <span class='ocrx_word' id='word_1_272' title='bbox 397 1962 741 2017; x_wconf 88' lang='lat' dir='ltr'><strong>constitntum</strong></span> <span class='ocrx_word' id='word_1_273' title='bbox 772 2003 788 2029; x_wconf 93' lang='lat'><strong>,</strong></span> <span class='ocrx_word' id='word_1_274' title='bbox 822 1979 916 2033; x_wconf 90' lang='lat' dir='ltr'><strong>per</strong></span> <span class='ocrx_word' id='word_1_275' title='bbox 946 1964 1341 2017; x_wconf 89' lang='lat' dir='ltr'><strong>invocationem</strong></span> <span class='ocrx_word' id='word_1_276' title='bbox 1372 1964 1544 2019; x_wconf 87' lang='lat' dir='ltr'><strong>solam</strong></span> <span class='ocrx_word' id='word_1_277' title='bbox 1568 1965 1895 2035; x_wconf 89' lang='lat' dir='ltr'><strong>septiformis</strong></span> 
     </span>
    </p>
   </div>
   <div class='ocr_carea' id='block_1_36' title="bbox 300 2054 1892 2126">
    <p class='ocr_par' dir='ltr' id='par_1_36' title="bbox 300 2054 1892 2126">
     <span class='ocr_line' id='line_1_36' title="bbox 300 2054 1892 2126; baseline 0.003 -16"><span class='ocrx_word' id='word_1_278' title='bbox 300 2054 513 2126; x_wconf 89' lang='lat' dir='ltr'><strong>Spritus</strong></span> <span class='ocrx_word' id='word_1_279' title='bbox 542 2096 555 2116; x_wconf 85' lang='lat'><strong>,</strong></span> <span class='ocrx_word' id='word_1_280' title='bbox 587 2056 907 2126; x_wconf 87' lang='lat' dir='ltr'><strong>episc0palis</strong></span> <span class='ocrx_word' id='word_1_281' title='bbox 946 2072 1132 2112; x_wconf 88' lang='lat' dir='ltr'><strong>manus</strong></span> <span class='ocrx_word' id='word_1_282' title='bbox 1161 2056 1503 2125; x_wconf 87' lang='lat' dir='ltr'><strong>impositione</strong></span> <span class='ocrx_word' id='word_1_283' title='bbox 1537 2101 1552 2125; x_wconf 92' lang='lat'><strong>,</strong></span> <span class='ocrx_word' id='word_1_284' title='bbox 1584 2058 1892 2114; x_wconf 86' lang='lat' dir='ltr'><strong>Catholico-</strong></span> 
     </span>
    </p>
   </div>
   <div class='ocr_carea' id='block_1_37' title="bbox 293 2149 1895 2222">
    <p class='ocr_par' dir='ltr' id='par_1_37' title="bbox 293 2149 1895 2222">
     <span class='ocr_line' id='line_1_37' title="bbox 293 2149 1895 2222; baseline 0.004 -19"><span class='ocrx_word' id='word_1_285' title='bbox 293 2163 414 2203; x_wconf 83' lang='lat' dir='ltr'><strong>rum</strong></span> <span class='ocrx_word' id='word_1_286' title='bbox 456 2149 743 2205; x_wconf 84' lang='lat' dir='ltr'><strong>conventui</strong></span> <span class='ocrx_word' id='word_1_287' title='bbox 791 2150 1094 2214; x_wconf 76' lang='lat' dir='ltr'><strong>sociemus;</strong></span> <span class='ocrx_word' id='word_1_288' title='bbox 1150 2150 1291 2222; x_wconf 91' lang='lat' dir='ltr'><strong>quod</strong></span> <span class='ocrx_word' id='word_1_289' title='bbox 1341 2152 1500 2207; x_wconf 91' lang='lat' dir='ltr'><strong>etiam</strong></span> <span class='ocrx_word' id='word_1_290' title='bbox 1534 2162 1674 2208; x_wconf 87' lang='lat' dir='ltr'><strong>totus</strong></span> <span class='ocrx_word' id='word_1_291' title='bbox 1703 2154 1895 2209; x_wconf 90' lang='lat' dir='ltr'><strong>Oriens</strong></span> 
     </span>
    </p>
   </div>
   <div class='ocr_carea' id='block_1_38' title="bbox 295 2243 1893 2319">
    <p class='ocr_par' dir='ltr' id='par_1_38' title="bbox 295 2243 1893 2319">
     <span class='ocr_line' id='line_1_38' title="bbox 295 2243 1893 2319; baseline 0.003 -19"><span class='ocrx_word' id='word_1_292' title='bbox 295 2243 663 2315; x_wconf 87' lang='lat' dir='ltr'><strong>Occidensque</strong></span> <span class='ocrx_word' id='word_1_293' title='bbox 686 2246 939 2301; x_wconf 89' lang='lat' dir='ltr'><strong>custodit.</strong></span> <span class='ocrx_word' id='word_1_294' title='bbox 977 2265 997 2296; x_wconf 74' lang='grc' dir='ltr'><strong>ι</strong></span> <span class='ocrx_word' id='word_1_295' title='bbox 1043 2245 1210 2315; x_wconf 83' lang='lat' dir='ltr'><strong>Hujus</strong></span> <span class='ocrx_word' id='word_1_296' title='bbox 1236 2256 1413 2300; x_wconf 89' lang='lat' dir='ltr'><strong>autem</strong></span> <span class='ocrx_word' id='word_1_297' title='bbox 1446 2247 1580 2301; x_wconf 90' lang='lat' dir='ltr'><strong>ritus</strong></span> <span class='ocrx_word' id='word_1_298' title='bbox 1608 2290 1621 2311; x_wconf 92' lang='lat'><strong>,</strong></span> <span class='ocrx_word' id='word_1_299' title='bbox 1677 2264 1835 2319; x_wconf 90' lang='lat' dir='ltr'><strong>quem</strong></span> <span class='ocrx_word' id='word_1_300' title='bbox 1863 2266 1893 2304; x_wconf 90' lang='lat' dir='ltr'><strong>a</strong></span> 
     </span>
    </p>
   </div>
   <div class='ocr_carea' id='block_1_39' title="bbox 295 2336 1891 2410">
    <p class='ocr_par' dir='ltr' id='par_1_39' title="bbox 295 2336 1891 2410">
     <span class='ocr_line' id='line_1_39' title="bbox 295 2336 1891 2410; baseline 0.004 -20"><span class='ocrx_word' id='word_1_301' title='bbox 295 2346 410 2392; x_wconf 89' lang='lat' dir='ltr'><strong>toto</strong></span> <span class='ocrx_word' id='word_1_302' title='bbox 434 2336 653 2393; x_wconf 86' lang='lat' dir='ltr'><strong>Oriente</strong></span> <span class='ocrx_word' id='word_1_303' title='bbox 678 2349 732 2393; x_wconf 91' lang='lat' dir='ltr'><strong>et</strong></span> <span class='ocrx_word' id='word_1_304' title='bbox 758 2338 1043 2396; x_wconf 88' lang='lat' dir='ltr'><strong>Occidente</strong></span> <span class='ocrx_word' id='word_1_305' title='bbox 1069 2339 1395 2396; x_wconf 88' lang='lat' dir='ltr'><strong>custoditum</strong></span> <span class='ocrx_word' id='word_1_306' title='bbox 1440 2341 1662 2401; x_wconf 84' lang='lat' dir='ltr'><strong>Siricius</strong></span> <span class='ocrx_word' id='word_1_307' title='bbox 1687 2344 1848 2399; x_wconf 89' lang='lat' dir='ltr'><strong>tradit</strong></span> <span class='ocrx_word' id='word_1_308' title='bbox 1876 2385 1891 2410; x_wconf 91' lang='lat'><strong>,</strong></span> 
     </span>
    </p>
   </div>
   <div class='ocr_carea' id='block_1_40' title="bbox 296 2431 1897 2507">
    <p class='ocr_par' dir='ltr' id='par_1_40' title="bbox 296 2431 1897 2507">
     <span class='ocr_line' id='line_1_40' title="bbox 296 2431 1897 2507; baseline 0.006 -23"><span class='ocrx_word' id='word_1_309' title='bbox 296 2445 452 2485; x_wconf 88' lang='lat' dir='ltr'><strong>usum</strong></span> <span class='ocrx_word' id='word_1_310' title='bbox 483 2431 697 2487; x_wconf 78' lang='lat' dir='ltr'><strong>exhibet</strong></span> <span class='ocrx_word' id='word_1_311' title='bbox 722 2432 1061 2489; x_wconf 85' lang='lat' dir='ltr'><strong>Gellonensis</strong></span> <span class='ocrx_word' id='word_1_312' title='bbox 1114 2434 1289 2491; x_wconf 79' lang='lat' dir='ltr'><strong>codex</strong></span> <span class='ocrx_word' id='word_1_313' title='bbox 1315 2436 1495 2491; x_wconf 89' lang='lat' dir='ltr'><strong>Caroli</strong></span> <span class='ocrx_word' id='word_1_314' title='bbox 1540 2436 1713 2507; x_wconf 84' lang='lat' dir='ltr'><strong>Magni</strong></span> <span class='ocrx_word' id='word_1_315' title='bbox 1761 2447 1897 2494; x_wconf 90' lang='lat' dir='ltr'><strong>tem-</strong></span> 
     </span>
    </p>
   </div>
   <div class='ocr_carea' id='block_1_41' title="bbox 293 2524 1896 2600">
    <p class='ocr_par' dir='ltr' id='par_1_41' title="bbox 293 2524 1896 2600">
     <span class='ocr_line' id='line_1_41' title="bbox 293 2524 1896 2600; baseline 0.005 -23"><span class='ocrx_word' id='word_1_316' title='bbox 293 2524 514 2595; x_wconf 83' lang='lat' dir='ltr'><strong>poribus</strong></span> <span class='ocrx_word' id='word_1_317' title='bbox 544 2534 798 2583; x_wconf 80' lang='lat' dir='ltr'><strong>exaratus</strong></span> <span class='ocrx_word' id='word_1_318' title='bbox 829 2568 845 2591; x_wconf 94' lang='lat'><strong>,</strong></span> <span class='ocrx_word' id='word_1_319' title='bbox 879 2527 931 2581; x_wconf 91' lang='lat' dir='ltr'><strong>in</strong></span> <span class='ocrx_word' id='word_1_320' title='bbox 979 2543 1085 2597; x_wconf 90' lang='lat' dir='ltr'><strong>quo</strong></span> <span class='ocrx_word' id='word_1_321' title='bbox 1126 2526 1318 2597; x_wconf 82' lang='lat' dir='ltr'><strong>legitur</strong></span> <span class='ocrx_word' id='word_1_322' title='bbox 1351 2547 1363 2582; x_wconf 92' lang='lat'>:</span> <span class='ocrx_word' id='word_1_323' title='bbox 1399 2528 1708 2584; x_wconf 72' lang='lat' dir='ltr'><strong>Benedicﬁo</strong></span> <span class='ocrx_word' id='word_1_324' title='bbox 1734 2546 1896 2600; x_wconf 90' lang='lat' dir='ltr'><strong>super</strong></span> 
     </span>
    </p>
   </div>
   <div class='ocr_carea' id='block_1_42' title="bbox 291 2617 1895 2687">
    <p class='ocr_par' dir='ltr' id='par_1_42' title="bbox 291 2617 1895 2687">
     <span class='ocr_line' id='line_1_42' title="bbox 291 2617 1895 2687; baseline 0.005 -15"><span class='ocrx_word' id='word_1_325' title='bbox 291 2631 415 2683; x_wconf 91' lang='lat' dir='ltr'><strong>eos,</strong></span> <span class='ocrx_word' id='word_1_326' title='bbox 446 2617 537 2687; x_wconf 90' lang='lat' dir='ltr'><strong>qui</strong></span> <span class='ocrx_word' id='word_1_327' title='bbox 558 2617 624 2672; x_wconf 91' lang='lat' dir='ltr'><strong>de</strong></span> <span class='ocrx_word' id='word_1_328' title='bbox 652 2618 880 2675; x_wconf 83' lang='lat' dir='ltr'><strong>diversis</strong></span> <span class='ocrx_word' id='word_1_329' title='bbox 908 2619 1203 2676; x_wconf 70' lang='lat' dir='ltr'><strong>hrcresihus</strong></span> <span class='ocrx_word' id='word_1_330' title='bbox 1232 2621 1475 2687; x_wconf 82' lang='lat' dir='ltr'><strong>veniunt.</strong></span> <span class='ocrx_word' id='word_1_331' title='bbox 1515 2642 1532 2675; x_wconf 75' lang='grc' dir='ltr'><strong>ι</strong></span> <span class='ocrx_word' id='word_1_332' title='bbox 1571 2624 1765 2680; x_wconf 89' lang='lat' dir='ltr'><strong>Sancte</strong></span> <span class='ocrx_word' id='word_1_333' title='bbox 1793 2624 1895 2680; x_wconf 81' lang='lat' dir='ltr'><strong>Pa—</strong></span> 
     </span>
    </p>
   </div>
   <div class='ocr_carea' id='block_1_43' title="bbox 290 2712 1892 2785">
    <p class='ocr_par' dir='ltr' id='par_1_43' title="bbox 290 2712 1892 2785">
     <span class='ocr_line' id='line_1_43' title="bbox 290 2712 1892 2785; baseline 0.004 -19"><span class='ocrx_word' id='word_1_334' title='bbox 290 2720 373 2766; x_wconf 89' lang='lat' dir='ltr'><strong>ter</strong></span> <span class='ocrx_word' id='word_1_335' title='bbox 394 2712 735 2782; x_wconf 88' lang='lat' dir='ltr'><strong>omnipotens</strong></span> <span class='ocrx_word' id='word_1_336' title='bbox 767 2754 782 2778; x_wconf 93' lang='lat'><strong>,</strong></span> <span class='ocrx_word' id='word_1_337' title='bbox 815 2713 905 2785; x_wconf 90' lang='lat' dir='ltr'><strong>qui</strong></span> <span class='ocrx_word' id='word_1_338' title='bbox 922 2712 1177 2769; x_wconf 89' lang='lat' dir='ltr'><strong>famulum</strong></span> <span class='ocrx_word' id='word_1_339' title='bbox 1210 2722 1358 2769; x_wconf 91' lang='lat' dir='ltr'><strong>tuum</strong></span> <span class='ocrx_word' id='word_1_340' title='bbox 1390 2715 1459 2769; x_wconf 84' lang='lat' dir='ltr'><strong>ab</strong></span> <span class='ocrx_word' id='word_1_341' title='bbox 1485 2731 1672 2772; x_wconf 92' lang='lat' dir='ltr'><strong>errore</strong></span> <span class='ocrx_word' id='word_1_342' title='bbox 1715 2718 1892 2773; x_wconf 73' lang='lat' dir='ltr'><strong>haere-</strong></span> 
     </span>
    </p>
   </div>
   <div class='ocr_carea' id='block_1_44' title="bbox 291 2802 1895 2874">
    <p class='ocr_par' dir='ltr' id='par_1_44' title="bbox 291 2802 1895 2874">
     <span class='ocr_line' id='line_1_44' title="bbox 291 2802 1895 2874; baseline 0.004 -17"><span class='ocrx_word' id='word_1_343' title='bbox 291 2816 417 2858; x_wconf 88' lang='lat' dir='ltr'><strong>seos</strong></span> <span class='ocrx_word' id='word_1_344' title='bbox 445 2803 694 2874; x_wconf 88' lang='lat' dir='ltr'><strong>dignatus</strong></span> <span class='ocrx_word' id='word_1_345' title='bbox 716 2819 774 2859; x_wconf 88' lang='lat' dir='ltr'><strong>es</strong></span> <span class='ocrx_word' id='word_1_346' title='bbox 804 2819 1016 2869; x_wconf 88' lang='lat' dir='ltr'><strong>eruere,</strong></span> <span class='ocrx_word' id='word_1_347' title='bbox 1040 2812 1095 2859; x_wconf 88' lang='lat' dir='ltr'><strong>et</strong></span> <span class='ocrx_word' id='word_1_348' title='bbox 1122 2802 1187 2859; x_wconf 88' lang='lat' dir='ltr'><strong>ad</strong></span> <span class='ocrx_word' id='word_1_349' title='bbox 1224 2816 1463 2861; x_wconf 88' lang='lat' dir='ltr'><strong>sanctam</strong></span> <span class='ocrx_word' id='word_1_350' title='bbox 1494 2807 1786 2863; x_wconf 86' lang='lat' dir='ltr'><strong>Ecclesiam</strong></span> <span class='ocrx_word' id='word_1_351' title='bbox 1810 2824 1895 2864; x_wconf 90' lang='lat' dir='ltr'><strong>re-</strong></span> 
     </span>
    </p>
   </div>
   <div class='ocr_carea' id='block_1_45' title="bbox 291 2897 1895 2968">
    <p class='ocr_par' dir='ltr' id='par_1_45' title="bbox 291 2897 1895 2968">
     <span class='ocr_line' id='line_1_45' title="bbox 291 2897 1895 2968; baseline 0.004 -18"><span class='ocrx_word' id='word_1_352' title='bbox 291 2912 504 2963; x_wconf 89' lang='lat' dir='ltr'><strong>vocare,</strong></span> <span class='ocrx_word' id='word_1_353' title='bbox 531 2911 835 2968; x_wconf 83' lang='lat' dir='ltr'><strong>quaesumus</strong></span> <span class='ocrx_word' id='word_1_354' title='bbox 866 2906 917 2952; x_wconf 90' lang='lat' dir='ltr'><strong>te</strong></span> <span class='ocrx_word' id='word_1_355' title='bbox 948 2940 962 2964; x_wconf 94' lang='lat'><strong>,</strong></span> <span class='ocrx_word' id='word_1_356' title='bbox 1007 2897 1230 2953; x_wconf 88' lang='lat' dir='ltr'><strong>Domine</strong></span> <span class='ocrx_word' id='word_1_357' title='bbox 1258 2939 1273 2964; x_wconf 94' lang='lat'><strong>,</strong></span> <span class='ocrx_word' id='word_1_358' title='bbox 1307 2898 1539 2954; x_wconf 90' lang='lat' dir='ltr'><strong>immitte</strong></span> <span class='ocrx_word' id='word_1_359' title='bbox 1566 2900 1617 2954; x_wconf 92' lang='lat' dir='ltr'><strong>in</strong></span> <span class='ocrx_word' id='word_1_360' title='bbox 1643 2916 1764 2955; x_wconf 91' lang='lat' dir='ltr'><strong>eum</strong></span> <span class='ocrx_word' id='word_1_361' title='bbox 1796 2900 1895 2956; x_wconf 88' lang='lat' dir='ltr'><strong>Pa-</strong></span> 
     </span>
    </p>
   </div>
   <div class='ocr_carea' id='block_1_46' title="bbox 289 2990 1894 3062">
    <p class='ocr_par' dir='ltr' id='par_1_46' title="bbox 289 2990 1894 3062">
     <span class='ocr_line' id='line_1_46' title="bbox 289 2990 1894 3062; baseline 0.002 -17"><span class='ocrx_word' id='word_1_362' title='bbox 289 2990 537 3045; x_wconf 90' lang='lat' dir='ltr'><strong>raclitum</strong></span> <span class='ocrx_word' id='word_1_363' title='bbox 570 2990 825 3061; x_wconf 87' lang='lat' dir='ltr'><strong>Spiritum</strong></span> <span class='ocrx_word' id='word_1_364' title='bbox 875 3002 1021 3045; x_wconf 88' lang='lat' dir='ltr'><strong>tuum</strong></span> <span class='ocrx_word' id='word_1_365' title='bbox 1051 2990 1415 3060; x_wconf 88' lang='lat' dir='ltr'><strong>septiformcm</strong></span> <span class='ocrx_word' id='word_1_366' title='bbox 1445 3033 1461 3057; x_wconf 92' lang='lat'><strong>,</strong></span> <span class='ocrx_word' id='word_1_367' title='bbox 1509 2992 1763 3062; x_wconf 89' lang='lat' dir='ltr'><strong>Spiritum</strong></span> <span class='ocrx_word' id='word_1_368' title='bbox 1806 3008 1894 3049; x_wconf 87' lang='lat' dir='ltr'><strong>sa-</strong></span> 
     </span>
    </p>
   </div>
   <div class='ocr_carea' id='block_1_47' title="bbox 290 3081 1894 3154">
    <p class='ocr_par' dir='ltr' id='par_1_47' title="bbox 290 3081 1894 3154">
     <span class='ocr_line' id='line_1_47' title="bbox 290 3081 1894 3154; baseline 0.002 -18"><span class='ocrx_word' id='word_1_369' title='bbox 290 3083 510 3154; x_wconf 71' lang='lat' dir='ltr'><strong>pientiae</strong></span> <span class='ocrx_word' id='word_1_370' title='bbox 538 3092 592 3136; x_wconf 90' lang='lat' dir='ltr'><strong>et</strong></span> <span class='ocrx_word' id='word_1_371' title='bbox 623 3082 923 3138; x_wconf 87' lang='lat' dir='ltr'><strong>intellectus</strong></span> <span class='ocrx_word' id='word_1_372' title='bbox 952 3125 967 3149; x_wconf 92' lang='lat'><strong>,</strong></span> <span class='ocrx_word' id='word_1_373' title='bbox 1001 3081 1259 3154; x_wconf 91' lang='lat' dir='ltr'><strong>Spiritum</strong></span> <span class='ocrx_word' id='word_1_374' title='bbox 1288 3084 1497 3139; x_wconf 87' lang='lat' dir='ltr'><strong>consilii</strong></span> <span class='ocrx_word' id='word_1_375' title='bbox 1527 3093 1581 3140; x_wconf 91' lang='lat' dir='ltr'><strong>et</strong></span> <span class='ocrx_word' id='word_1_376' title='bbox 1621 3084 1894 3140; x_wconf 85' lang='lat' dir='ltr'><strong>fortitudi-</strong></span> 
     </span>
    </p>
   </div>
   <div class='ocr_carea' id='block_1_48' title="bbox 2007 1871 3589 1958">
    <p class='ocr_par' dir='ltr' id='par_1_48' title="bbox 2007 1871 3589 1958">
     <span class='ocr_line' id='line_1_48' title="bbox 2007 1871 3589 1958; baseline 0.02 -37"><span class='ocrx_word' id='word_1_377' title='bbox 2007 1888 2027 1921; x_wconf 74' lang='grc' dir='ltr'><strong>ι</strong></span> <span class='ocrx_word' id='word_1_378' title='bbox 2051 1871 2149 1937; x_wconf 88' lang='lat' dir='ltr'><strong>Qui</strong></span> <span class='ocrx_word' id='word_1_379' title='bbox 2172 1873 2498 1943; x_wconf 85' lang='lat' dir='ltr'><strong>Baptismum</strong></span> <span class='ocrx_word' id='word_1_380' title='bbox 2528 1877 2596 1932; x_wconf 89' lang='lat' dir='ltr'><strong>ab</strong></span> <span class='ocrx_word' id='word_1_381' title='bbox 2622 1878 2885 1939; x_wconf 64' lang='lat' dir='ltr'><strong>haereticis</strong></span> <span class='ocrx_word' id='word_1_382' title='bbox 2902 1900 3256 1958; x_wconf 90' lang='lat' dir='ltr'><strong>acceperunt,</strong></span> <span class='ocrx_word' id='word_1_383' title='bbox 3284 1908 3404 1948; x_wconf 91' lang='lat' dir='ltr'><strong>cum</strong></span> <span class='ocrx_word' id='word_1_384' title='bbox 3432 1906 3589 1952; x_wconf 87' lang='lat' dir='ltr'><strong>antea</strong></span> 
     </span>
    </p>
   </div>
   <div class='ocr_carea' id='block_1_49' title="bbox 1997 1965 3589 2057">
    <p class='ocr_par' dir='ltr' id='par_1_49' title="bbox 1997 1965 3589 2057">
     <span class='ocr_line' id='line_1_49' title="bbox 1997 1965 3589 2057; baseline 0.016 -38"><span class='ocrx_word' id='word_1_385' title='bbox 1997 1965 2249 2037; x_wconf 86' lang='lat' dir='ltr'><strong>baptizati</strong></span> <span class='ocrx_word' id='word_1_386' title='bbox 2313 1985 2417 2024; x_wconf 90' lang='lat' dir='ltr'><strong>non</strong></span> <span class='ocrx_word' id='word_1_387' title='bbox 2473 1971 2746 2043; x_wconf 90' lang='lat' dir='ltr'><strong>fuissent,</strong></span> <span class='ocrx_word' id='word_1_388' title='bbox 2800 1978 2911 2032; x_wconf 89' lang='lat' dir='ltr'><strong>sola</strong></span> <span class='ocrx_word' id='word_1_389' title='bbox 2972 1980 3303 2040; x_wconf 87' lang='lat' dir='ltr'><strong>invocatione</strong></span> <span class='ocrx_word' id='word_1_390' title='bbox 3360 1988 3589 2057; x_wconf 91' lang='lat' dir='ltr'><strong>Spiritus</strong></span> 
     </span>
    </p>
   </div>
   <div class='ocr_carea' id='block_1_50' title="bbox 1997 2061 3583 2149">
    <p class='ocr_par' dir='ltr' id='par_1_50' title="bbox 1997 2061 3583 2149">
     <span class='ocr_line' id='line_1_50' title="bbox 1997 2061 3583 2149; baseline 0.016 -38"><span class='ocrx_word' id='word_1_391' title='bbox 1997 2061 2166 2113; x_wconf 89' lang='lat' dir='ltr'><strong>sancti</strong></span> <span class='ocrx_word' id='word_1_392' title='bbox 2196 2076 2293 2130; x_wconf 88' lang='lat' dir='ltr'><strong>per</strong></span> <span class='ocrx_word' id='word_1_393' title='bbox 2313 2063 2708 2133; x_wconf 87' lang='lat' dir='ltr'><strong>impositionem</strong></span> <span class='ocrx_word' id='word_1_394' title='bbox 2730 2086 2981 2127; x_wconf 87' lang='lat' dir='ltr'><strong>manuum</strong></span> <span class='ocrx_word' id='word_1_395' title='bbox 3010 2077 3360 2136; x_wconf 89' lang='lat' dir='ltr'><strong>conﬁrmandi</strong></span> <span class='ocrx_word' id='word_1_396' title='bbox 3389 2094 3583 2149; x_wconf 62' lang='lat' dir='ltr'><strong>suntp</strong></span> 
     </span>
    </p>
   </div>
   <div class='ocr_carea' id='block_1_51' title="bbox 1997 2154 3591 2240">
    <p class='ocr_par' dir='ltr' id='par_1_51' title="bbox 1997 2154 3591 2240">
     <span class='ocr_line' id='line_1_51' title="bbox 1997 2154 3591 2240; baseline 0.02 -38"><span class='ocrx_word' id='word_1_397' title='bbox 1997 2164 2091 2204; x_wconf 90' lang='lat' dir='ltr'><strong>seu</strong></span> <span class='ocrx_word' id='word_1_398' title='bbox 2118 2166 2238 2207; x_wconf 91' lang='lat' dir='ltr'><strong>cunt</strong></span> <span class='ocrx_word' id='word_1_399' title='bbox 2266 2154 2317 2209; x_wconf 93' lang='lat' dir='ltr'><strong>in</strong></span> <span class='ocrx_word' id='word_1_400' title='bbox 2345 2156 2576 2226; x_wconf 86' lang='lat' dir='ltr'><strong>Epistola</strong></span> <span class='ocrx_word' id='word_1_401' title='bbox 2608 2162 2750 2215; x_wconf 76' lang='lat' dir='ltr'><strong>n.ad</strong></span> <span class='ocrx_word' id='word_1_402' title='bbox 2775 2164 3070 2227; x_wconf 84' lang='lat' dir='ltr'><strong>Rusticum.</strong></span> <span class='ocrx_word' id='word_1_403' title='bbox 3103 2185 3223 2240; x_wconf 88' lang='lat' dir='ltr'><strong>cap.</strong></span> <span class='ocrx_word' id='word_1_404' title='bbox 3269 2174 3358 2240; x_wconf 81' lang='grc'><strong>18,</strong></span> <span class='ocrx_word' id='word_1_405' title='bbox 3390 2175 3457 2231; x_wconf 91' lang='lat' dir='ltr'><strong>de</strong></span> <span class='ocrx_word' id='word_1_406' title='bbox 3483 2178 3591 2233; x_wconf 89' lang='lat' dir='ltr'><strong>eis-</strong></span> 
     </span>
    </p>
   </div>
   <div class='ocr_carea' id='block_1_52' title="bbox 1997 2240 3588 2330">
    <p class='ocr_par' dir='ltr' id='par_1_52' title="bbox 1997 2240 3588 2330">
     <span class='ocr_line' id='line_1_52' title="bbox 1997 2240 3588 2330; baseline 0.019 -35"><span class='ocrx_word' id='word_1_407' title='bbox 1997 2240 2118 2296; x_wconf 90' lang='lat' dir='ltr'><strong>dem</strong></span> <span class='ocrx_word' id='word_1_408' title='bbox 2179 2248 2362 2301; x_wconf 86' lang='lat' dir='ltr'><strong>statuit</strong></span> <span class='ocrx_word' id='word_1_409' title='bbox 2392 2268 2405 2300; x_wconf 89' lang='lat'><strong>:</strong></span> <span class='ocrx_word' id='word_1_410' title='bbox 2444 2267 2462 2301; x_wconf 86' lang='grc'><strong>‹</strong></span> <span class='ocrx_word' id='word_1_411' title='bbox 2498 2250 2600 2305; x_wconf 90' lang='lat' dir='ltr'><strong>Per</strong></span> <span class='ocrx_word' id='word_1_412' title='bbox 2626 2269 2817 2311; x_wconf 87' lang='lat' dir='ltr'><strong>manus</strong></span> <span class='ocrx_word' id='word_1_413' title='bbox 2871 2258 3265 2327; x_wconf 90' lang='lat' dir='ltr'><strong>impositionem</strong></span> <span class='ocrx_word' id='word_1_414' title='bbox 3297 2307 3311 2330; x_wconf 92' lang='lat'><strong>,</strong></span> <span class='ocrx_word' id='word_1_415' title='bbox 3344 2268 3588 2325; x_wconf 90' lang='lat' dir='ltr'><strong>invocata</strong></span> 
     </span>
    </p>
   </div>
   <div class='ocr_carea' id='block_1_53' title="bbox 2000 2336 3591 2433">
    <p class='ocr_par' dir='ltr' id='par_1_53' title="bbox 2000 2336 3591 2433">
     <span class='ocr_line' id='line_1_53' title="bbox 2000 2336 3591 2433; baseline 0.02 -44"><span class='ocrx_word' id='word_1_416' title='bbox 2000 2336 2193 2393; x_wconf 87' lang='lat' dir='ltr'><strong>virtute</strong></span> <span class='ocrx_word' id='word_1_417' title='bbox 2218 2339 2448 2409; x_wconf 89' lang='lat' dir='ltr'><strong>Spiritus</strong></span> <span class='ocrx_word' id='word_1_418' title='bbox 2494 2348 2702 2412; x_wconf 88' lang='lat' dir='ltr'><strong>sancti,</strong></span> <span class='ocrx_word' id='word_1_419' title='bbox 2747 2365 2903 2419; x_wconf 92' lang='lat' dir='ltr'><strong>quam</strong></span> <span class='ocrx_word' id='word_1_420' title='bbox 2932 2353 2998 2408; x_wconf 89' lang='lat' dir='ltr'><strong>ah</strong></span> <span class='ocrx_word' id='word_1_421' title='bbox 3054 2356 3319 2415; x_wconf 62' lang='lat' dir='ltr'><strong>haereticis</strong></span> <span class='ocrx_word' id='word_1_422' title='bbox 3345 2363 3591 2433; x_wconf 89' lang='lat' dir='ltr'><strong>accipere</strong></span> 
     </span>
    </p>
   </div>
   <div class='ocr_carea' id='block_1_54' title="bbox 1997 2435 3586 2519">
    <p class='ocr_par' dir='ltr' id='par_1_54' title="bbox 1997 2435 3586 2519">
     <span class='ocr_line' id='line_1_54' title="bbox 1997 2435 3586 2519; baseline 0.02 -37"><span class='ocrx_word' id='word_1_423' title='bbox 1997 2443 2103 2483; x_wconf 89' lang='lat' dir='ltr'><strong>non</strong></span> <span class='ocrx_word' id='word_1_424' title='bbox 2118 2441 2406 2500; x_wconf 87' lang='lat' dir='ltr'><strong>potuerunt</strong></span> <span class='ocrx_word' id='word_1_425' title='bbox 2432 2476 2445 2500; x_wconf 92' lang='lat'><strong>,</strong></span> <span class='ocrx_word' id='word_1_426' title='bbox 2473 2435 2761 2496; x_wconf 87' lang='lat' dir='ltr'><strong>Catholicis</strong></span> <span class='ocrx_word' id='word_1_427' title='bbox 2786 2446 3069 2513; x_wconf 88' lang='lat' dir='ltr'><strong>copulandi</strong></span> <span class='ocrx_word' id='word_1_428' title='bbox 3114 2463 3271 2519; x_wconf 87' lang='lat' dir='ltr'><strong>sunt;</strong></span> <span class='ocrx_word' id='word_1_429' title='bbox 3312 2474 3331 2507; x_wconf 84' lang='grc'><strong>›</strong></span> <span class='ocrx_word' id='word_1_430' title='bbox 3365 2464 3419 2510; x_wconf 91' lang='lat' dir='ltr'><strong>et</strong></span> <span class='ocrx_word' id='word_1_431' title='bbox 3440 2457 3490 2510; x_wconf 93' lang='lat' dir='ltr'><strong>in</strong></span> <span class='ocrx_word' id='word_1_432' title='bbox 3520 2458 3586 2512; x_wconf 85' lang='lat' dir='ltr'><strong>E—</strong></span> 
     </span>
    </p>
   </div>
   <div class='ocr_carea' id='block_1_55' title="bbox 2000 2522 3590 2616">
    <p class='ocr_par' dir='ltr' id='par_1_55' title="bbox 2000 2522 3590 2616">
     <span class='ocr_line' id='line_1_55' title="bbox 2000 2522 3590 2616; baseline 0.021 -42"><span class='ocrx_word' id='word_1_433' title='bbox 2000 2522 2187 2616; x_wconf 82' lang='lat' dir='ltr'><strong>pistola</strong></span> <span class='ocrx_word' id='word_1_434' title='bbox 2209 2540 2333 2591; x_wconf 76' lang='lat' dir='ltr'><strong>ccv,</strong></span> <span class='ocrx_word' id='word_1_435' title='bbox 2365 2529 2430 2582; x_wconf 92' lang='lat' dir='ltr'><strong>ad</strong></span> <span class='ocrx_word' id='word_1_436' title='bbox 2455 2528 2690 2587; x_wconf 89' lang='lat' dir='ltr'><strong>Neonem</strong></span> <span class='ocrx_word' id='word_1_437' title='bbox 2716 2552 2729 2589; x_wconf 90' lang='lat'><strong>:</strong></span> <span class='ocrx_word' id='word_1_438' title='bbox 2766 2556 2783 2588; x_wconf 77' lang='grc' dir='ltr'><strong>ι</strong></span> <span class='ocrx_word' id='word_1_439' title='bbox 2825 2537 2937 2593; x_wconf 89' lang='lat' dir='ltr'><strong>Hoc</strong></span> <span class='ocrx_word' id='word_1_440' title='bbox 2965 2548 3168 2597; x_wconf 86' lang='lat' dir='ltr'><strong>tantum</strong></span> <span class='ocrx_word' id='word_1_441' title='bbox 3189 2585 3204 2611; x_wconf 93' lang='lat'><strong>,</strong></span> <span class='ocrx_word' id='word_1_442' title='bbox 3230 2548 3368 2616; x_wconf 91' lang='lat' dir='ltr'><strong>quod</strong></span> <span class='ocrx_word' id='word_1_443' title='bbox 3400 2550 3469 2605; x_wconf 90' lang='lat' dir='ltr'><strong>ibi</strong></span> <span class='ocrx_word' id='word_1_444' title='bbox 3493 2551 3590 2607; x_wconf 87' lang='lat' dir='ltr'><strong>de-</strong></span> 
     </span>
    </p>
   </div>
   <div class='ocr_carea' id='block_1_56' title="bbox 1996 2615 3588 2715">
    <p class='ocr_par' dir='ltr' id='par_1_56' title="bbox 1996 2615 3588 2715">
     <span class='ocr_line' id='line_1_56' title="bbox 1996 2615 3588 2715; baseline 0.022 -46"><span class='ocrx_word' id='word_1_445' title='bbox 1996 2615 2128 2684; x_wconf 89' lang='lat' dir='ltr'><strong>fuit,</strong></span> <span class='ocrx_word' id='word_1_446' title='bbox 2157 2621 2481 2689; x_wconf 85' lang='lat' dir='ltr'><strong>conferatur,</strong></span> <span class='ocrx_word' id='word_1_447' title='bbox 2512 2636 2566 2681; x_wconf 92' lang='lat' dir='ltr'><strong>ut</strong></span> <span class='ocrx_word' id='word_1_448' title='bbox 2597 2643 2689 2696; x_wconf 85' lang='lat' dir='ltr'><strong>per</strong></span> <span class='ocrx_word' id='word_1_449' title='bbox 2727 2633 3046 2704; x_wconf 89' lang='lat' dir='ltr'><strong>episcopalis</strong></span> <span class='ocrx_word' id='word_1_450' title='bbox 3074 2615 3263 2697; x_wconf 87' lang='lat' dir='ltr'><strong>manus</strong></span> <span class='ocrx_word' id='word_1_451' title='bbox 3290 2644 3588 2715; x_wconf 89' lang='lat' dir='ltr'><strong>impositio-</strong></span> 
     </span>
    </p>
   </div>
   <div class='ocr_carea' id='block_1_57' title="bbox 1998 2713 3347 2801">
    <p class='ocr_par' dir='ltr' id='par_1_57' title="bbox 1998 2713 3347 2801">
     <span class='ocr_line' id='line_1_57' title="bbox 1998 2713 3347 2801; baseline 0.02 -38"><span class='ocrx_word' id='word_1_452' title='bbox 1998 2724 2120 2764; x_wconf 85' lang='lat' dir='ltr'><strong>nem</strong></span> <span class='ocrx_word' id='word_1_453' title='bbox 2151 2713 2400 2771; x_wconf 90' lang='lat' dir='ltr'><strong>virtutern</strong></span> <span class='ocrx_word' id='word_1_454' title='bbox 2432 2721 2601 2775; x_wconf 88' lang='lat' dir='ltr'><strong>sancti</strong></span> <span class='ocrx_word' id='word_1_455' title='bbox 2626 2722 2853 2792; x_wconf 89' lang='lat' dir='ltr'><strong>Spiritus</strong></span> <span class='ocrx_word' id='word_1_456' title='bbox 2877 2743 3289 2801; x_wconf 85' lang='lat' dir='ltr'><strong>consequantur.</strong></span> <span class='ocrx_word' id='word_1_457' title='bbox 3328 2756 3347 2789; x_wconf 75' lang='grc' dir='ltr'><strong>ι</strong></span> 
     </span>
    </p>
   </div>
   <div class='ocr_carea' id='block_1_58' title="bbox 2069 2804 3585 2887">
    <p class='ocr_par' dir='ltr' id='par_1_58' title="bbox 2069 2804 3585 2887">
     <span class='ocr_line' id='line_1_58' title="bbox 2069 2804 3585 2887; baseline 0.019 -29"><span class='ocrx_word' id='word_1_458' title='bbox 2069 2804 2158 2860; x_wconf 76' lang='lat'><strong>20.</strong></span> <span class='ocrx_word' id='word_1_459' title='bbox 2188 2809 2269 2863; x_wconf 81' lang='lat' dir='ltr'><strong>Ad</strong></span> <span class='ocrx_word' id='word_1_460' title='bbox 2314 2810 2642 2881; x_wconf 81' lang='lat' dir='ltr'><strong>Stephanum</strong></span> <span class='ocrx_word' id='word_1_461' title='bbox 2671 2818 2812 2887; x_wconf 91' lang='lat' dir='ltr'><strong>quod</strong></span> <span class='ocrx_word' id='word_1_462' title='bbox 2847 2822 3073 2887; x_wconf 86' lang='lat' dir='ltr'><strong>attinet,</strong></span> <span class='ocrx_word' id='word_1_463' title='bbox 3104 2825 3237 2881; x_wconf 90' lang='lat' dir='ltr'><strong>nihil</strong></span> <span class='ocrx_word' id='word_1_464' title='bbox 3265 2837 3347 2884; x_wconf 91' lang='lat' dir='ltr'><strong>est</strong></span> <span class='ocrx_word' id='word_1_465' title='bbox 3376 2830 3430 2884; x_wconf 92' lang='lat' dir='ltr'><strong>in</strong></span> <span class='ocrx_word' id='word_1_466' title='bbox 3460 2847 3585 2886; x_wconf 86' lang='lat' dir='ltr'><strong>ver-</strong></span> 
     </span>
    </p>
   </div>
   <div class='ocr_carea' id='block_1_59' title="bbox 1998 2903 3584 2994">
    <p class='ocr_par' dir='ltr' id='par_1_59' title="bbox 1998 2903 3584 2994">
     <span class='ocr_line' id='line_1_59' title="bbox 1998 2903 3584 2994; baseline 0.016 -37"><span class='ocrx_word' id='word_1_467' title='bbox 1998 2903 2081 2959; x_wconf 89' lang='lat' dir='ltr'><strong>bis</strong></span> <span class='ocrx_word' id='word_1_468' title='bbox 2119 2904 2236 2974; x_wconf 91' lang='lat' dir='ltr'><strong>ejus</strong></span> <span class='ocrx_word' id='word_1_469' title='bbox 2263 2946 2278 2969; x_wconf 92' lang='lat'><strong>,</strong></span> <span class='ocrx_word' id='word_1_470' title='bbox 2311 2906 2451 2973; x_wconf 88' lang='lat' dir='ltr'><strong>quod</strong></span> <span class='ocrx_word' id='word_1_471' title='bbox 2480 2906 2913 2969; x_wconf 90' lang='lat' dir='ltr'><strong>Conﬁrmationis</strong></span> <span class='ocrx_word' id='word_1_472' title='bbox 2958 2931 3348 2978; x_wconf 89' lang='lat' dir='ltr'><strong>sacramentum</strong></span> <span class='ocrx_word' id='word_1_473' title='bbox 3396 2936 3584 2994; x_wconf 92' lang='lat' dir='ltr'><strong>sonet,</strong></span> 
     </span>
    </p>
   </div>
   <div class='ocr_carea' id='block_1_60' title="bbox 1999 2995 3587 3088">
    <p class='ocr_par' dir='ltr' id='par_1_60' title="bbox 1999 2995 3587 3088">
     <span class='ocr_line' id='line_1_60' title="bbox 1999 2995 3587 3088; baseline 0.016 -39"><span class='ocrx_word' id='word_1_474' title='bbox 1999 2995 2129 3050; x_wconf 90' lang='lat' dir='ltr'><strong>nihil</strong></span> <span class='ocrx_word' id='word_1_475' title='bbox 2176 3011 2282 3066; x_wconf 90' lang='lat' dir='ltr'><strong>quo</strong></span> <span class='ocrx_word' id='word_1_476' title='bbox 2311 2998 2469 3052; x_wconf 88' lang='lat' dir='ltr'><strong>aliam</strong></span> <span class='ocrx_word' id='word_1_477' title='bbox 2499 2999 2567 3054; x_wconf 86' lang='lat' dir='ltr'><strong>ab</strong></span> <span class='ocrx_word' id='word_1_478' title='bbox 2592 3017 2657 3056; x_wconf 91' lang='lat' dir='ltr'><strong>eo</strong></span> <span class='ocrx_word' id='word_1_479' title='bbox 2705 3020 2894 3061; x_wconf 89' lang='lat' dir='ltr'><strong>manus</strong></span> <span class='ocrx_word' id='word_1_480' title='bbox 2938 3008 3329 3080; x_wconf 88' lang='lat' dir='ltr'><strong>impositionem</strong></span> <span class='ocrx_word' id='word_1_481' title='bbox 3354 3057 3370 3082; x_wconf 91' lang='lat'><strong>,</strong></span> <span class='ocrx_word' id='word_1_482' title='bbox 3426 3034 3587 3088; x_wconf 88' lang='lat' dir='ltr'><strong>quam</strong></span> 
     </span>
    </p>
   </div>
   <div class='ocr_carea' id='block_1_61' title="bbox 2000 3090 3585 3182">
    <p class='ocr_par' dir='ltr' id='par_1_61' title="bbox 2000 3090 3585 3182">
     <span class='ocr_line' id='line_1_61' title="bbox 2000 3090 3585 3182; baseline 0.016 -39"><span class='ocrx_word' id='word_1_483' title='bbox 2000 3104 2120 3158; x_wconf 65' lang='lat' dir='ltr'><strong>quae</strong></span> <span class='ocrx_word' id='word_1_484' title='bbox 2171 3090 2500 3158; x_wconf 63' lang='lat' dir='ltr'><strong>paenitentia:</strong></span> <span class='ocrx_word' id='word_1_485' title='bbox 2548 3094 2799 3151; x_wconf 91' lang='lat' dir='ltr'><strong>indicium</strong></span> <span class='ocrx_word' id='word_1_486' title='bbox 2849 3112 3030 3169; x_wconf 90' lang='lat' dir='ltr'><strong>esset,</strong></span> <span class='ocrx_word' id='word_1_487' title='bbox 3063 3104 3359 3164; x_wconf 87' lang='lat' dir='ltr'><strong>desiderari</strong></span> <span class='ocrx_word' id='word_1_488' title='bbox 3396 3113 3585 3182; x_wconf 84' lang='lat' dir='ltr'><strong>opine-</strong></span> 
     </span>
    </p>
   </div>
   <div class='ocr_carea' id='block_1_62' title="bbox 291 3175 3585 3275">
    <p class='ocr_par' dir='ltr' id='par_1_62' title="bbox 291 3175 3585 3275">
     <span class='ocr_line' id='line_1_62' title="bbox 291 3175 3585 3275; baseline 0.008 -44"><span class='ocrx_word' id='word_1_489' title='bbox 291 3176 399 3243; x_wconf 87' lang='lat' dir='ltr'><strong>nis,</strong></span> <span class='ocrx_word' id='word_1_490' title='bbox 428 3175 682 3244; x_wconf 87' lang='lat' dir='ltr'><strong>Spiritum</strong></span> <span class='ocrx_word' id='word_1_491' title='bbox 715 3176 951 3230; x_wconf 78' lang='lat' dir='ltr'><strong>scientia:</strong></span> <span class='ocrx_word' id='word_1_492' title='bbox 976 3186 1028 3230; x_wconf 89' lang='lat' dir='ltr'><strong>et</strong></span> <span class='ocrx_word' id='word_1_493' title='bbox 1066 3176 1278 3247; x_wconf 89' lang='lat' dir='ltr'><strong>pietatis</strong></span> <span class='ocrx_word' id='word_1_494' title='bbox 1304 3218 1319 3243; x_wconf 92' lang='lat'><strong>,</strong></span> <span class='ocrx_word' id='word_1_495' title='bbox 1348 3186 1402 3232; x_wconf 90' lang='lat' dir='ltr'><strong>et</strong></span> <span class='ocrx_word' id='word_1_496' title='bbox 1431 3177 1665 3246; x_wconf 87' lang='lat' dir='ltr'><strong>adimple</strong></span> <span class='ocrx_word' id='word_1_497' title='bbox 1708 3178 1881 3232; x_wconf 82' lang='lat' dir='ltr'><strong>famu-</strong></span> <span class='ocrx_word' id='word_1_498' title='bbox 1911 3176 1956 3241; x_wconf 87' lang='lat' dir='ltr'><strong>C</strong></span> <span class='ocrx_word' id='word_1_499' title='bbox 1990 3198 2129 3237; x_wconf 90' lang='lat' dir='ltr'><strong>mur.</strong></span> <span class='ocrx_word' id='word_1_500' title='bbox 2162 3182 2262 3238; x_wconf 91' lang='lat' dir='ltr'><strong>Ubi</strong></span> <span class='ocrx_word' id='word_1_501' title='bbox 2290 3185 2431 3239; x_wconf 92' lang='lat' dir='ltr'><strong>enim</strong></span> <span class='ocrx_word' id='word_1_502' title='bbox 2461 3185 2583 3242; x_wconf 85' lang='lat' dir='ltr'><strong>huic</strong></span> <span class='ocrx_word' id='word_1_503' title='bbox 2609 3189 2857 3246; x_wconf 78' lang='lat' dir='ltr'><strong>Afrorum</strong></span> <span class='ocrx_word' id='word_1_504' title='bbox 2899 3200 3176 3254; x_wconf 57' lang='lat' dir='ltr'><strong>sententia</strong></span> <span class='ocrx_word' id='word_1_505' title='bbox 3205 3200 3274 3256; x_wconf 90' lang='lat' dir='ltr'><strong>de</strong></span> <span class='ocrx_word' id='word_1_506' title='bbox 3316 3218 3381 3258; x_wconf 91' lang='lat' dir='ltr'><strong>eo</strong></span> <span class='ocrx_word' id='word_1_507' title='bbox 3407 3175 3494 3275; x_wconf 76' lang='lat' dir='ltr'><strong>qui</strong></span> <span class='ocrx_word' id='word_1_508' title='bbox 3516 3208 3585 3262; x_wconf 83' lang='lat' dir='ltr'><strong>ab</strong></span> 
     </span>
    </p>
   </div>
   <div class='ocr_carea' id='block_1_63' title="bbox 291 3268 1884 3345">
    <p class='ocr_par' dir='ltr' id='par_1_63' title="bbox 291 3268 1884 3345">
     <span class='ocr_line' id='line_1_63' title="bbox 291 3268 1884 3345; baseline 0.001 -20"><span class='ocrx_word' id='word_1_509' title='bbox 291 3270 405 3325; x_wconf 87' lang='lat' dir='ltr'><strong>lum</strong></span> <span class='ocrx_word' id='word_1_510' title='bbox 440 3277 581 3324; x_wconf 91' lang='lat' dir='ltr'><strong>tuum</strong></span> <span class='ocrx_word' id='word_1_511' title='bbox 611 3268 809 3338; x_wconf 88' lang='lat' dir='ltr'><strong>Spiritu</strong></span> <span class='ocrx_word' id='word_1_512' title='bbox 838 3269 1041 3325; x_wconf 92' lang='lat' dir='ltr'><strong>timoris</strong></span> <span class='ocrx_word' id='word_1_513' title='bbox 1068 3270 1296 3325; x_wconf 91' lang='lat' dir='ltr'><strong>Domini.</strong></span> <span class='ocrx_word' id='word_1_514' title='bbox 1331 3292 1349 3324; x_wconf 71' lang='grc' dir='ltr'><strong>ι</strong></span> <span class='ocrx_word' id='word_1_515' title='bbox 1381 3271 1760 3345; x_wconf 82' lang='lat' dir='ltr'><strong>Nequenegari</strong></span> <span class='ocrx_word' id='word_1_516' title='bbox 1788 3289 1884 3343; x_wconf 79' lang='lat' dir='ltr'><strong>po-</strong></span> 
     </span>
    </p>
   </div>
   <div class='ocr_carea' id='block_1_64' title="bbox 293 3360 1885 3435">
    <p class='ocr_par' dir='ltr' id='par_1_64' title="bbox 293 3360 1885 3435">
     <span class='ocr_line' id='line_1_64' title="bbox 293 3360 1885 3435; baseline 0.003 -17"><span class='ocrx_word' id='word_1_517' title='bbox 293 3371 400 3419; x_wconf 84' lang='lat' dir='ltr'><strong>test</strong></span> <span class='ocrx_word' id='word_1_518' title='bbox 421 3360 844 3418; x_wconf 88' lang='lat' dir='ltr'><strong>benedictionem</strong></span> <span class='ocrx_word' id='word_1_519' title='bbox 874 3363 1027 3417; x_wconf 88' lang='lat' dir='ltr'><strong>istam</strong></span> <span class='ocrx_word' id='word_1_520' title='bbox 1050 3364 1379 3420; x_wconf 90' lang='lat' dir='ltr'><strong>consimilem</strong></span> <span class='ocrx_word' id='word_1_521' title='bbox 1407 3366 1624 3421; x_wconf 90' lang='lat' dir='ltr'><strong>omnino</strong></span> <span class='ocrx_word' id='word_1_522' title='bbox 1645 3382 1765 3422; x_wconf 90' lang='lat' dir='ltr'><strong>esse</strong></span> <span class='ocrx_word' id='word_1_523' title='bbox 1788 3365 1885 3435; x_wconf 92' lang='lat' dir='ltr'><strong>illi,</strong></span> 
     </span>
    </p>
   </div>
   <div class='ocr_carea' id='block_1_65' title="bbox 291 3456 1883 3529">
    <p class='ocr_par' dir='ltr' id='par_1_65' title="bbox 291 3456 1883 3529">
     <span class='ocr_line' id='line_1_65' title="bbox 291 3456 1883 3529; baseline 0.004 -18"><span class='ocrx_word' id='word_1_524' title='bbox 291 3472 412 3529; x_wconf 61' lang='lat' dir='ltr'><strong>quae</strong></span> <span class='ocrx_word' id='word_1_525' title='bbox 442 3471 603 3526; x_wconf 82' lang='lat' dir='ltr'><strong>super</strong></span> <span class='ocrx_word' id='word_1_526' title='bbox 632 3472 725 3512; x_wconf 89' lang='lat' dir='ltr'><strong>eos</strong></span> <span class='ocrx_word' id='word_1_527' title='bbox 757 3499 771 3524; x_wconf 89' lang='lat'><strong>,</strong></span> <span class='ocrx_word' id='word_1_528' title='bbox 796 3457 884 3525; x_wconf 90' lang='lat' dir='ltr'><strong>qui</strong></span> <span class='ocrx_word' id='word_1_529' title='bbox 931 3457 997 3513; x_wconf 90' lang='lat' dir='ltr'><strong>ad</strong></span> <span class='ocrx_word' id='word_1_530' title='bbox 1024 3456 1458 3521; x_wconf 84' lang='lat' dir='ltr'><strong>Conﬁrmationis</strong></span> <span class='ocrx_word' id='word_1_531' title='bbox 1485 3473 1883 3518; x_wconf 88' lang='lat' dir='ltr'><strong>sacramentum</strong></span> 
     </span>
    </p>
   </div>
   <div class='ocr_carea' id='block_1_66' title="bbox 291 3549 1889 3621">
    <p class='ocr_par' dir='ltr' id='par_1_66' title="bbox 291 3549 1889 3621">
     <span class='ocr_line' id='line_1_66' title="bbox 291 3549 1889 3621; baseline 0.005 -18"><span class='ocrx_word' id='word_1_532' title='bbox 291 3549 657 3618; x_wconf 84' lang='lat' dir='ltr'><strong>accedebant,</strong></span> <span class='ocrx_word' id='word_1_533' title='bbox 710 3550 1105 3620; x_wconf 81' lang='lat' dir='ltr'><strong>proferebatur.</strong></span> <span class='ocrx_word' id='word_1_534' title='bbox 1159 3549 1321 3621; x_wconf 82' lang='lat' dir='ltr'><strong>Cujus</strong></span> <span class='ocrx_word' id='word_1_535' title='bbox 1368 3555 1445 3609; x_wconf 92' lang='lat' dir='ltr'><strong>rei</strong></span> <span class='ocrx_word' id='word_1_536' title='bbox 1479 3553 1638 3610; x_wconf 88' lang='lat' dir='ltr'><strong>ﬁdem</strong></span> <span class='ocrx_word' id='word_1_537' title='bbox 1689 3557 1889 3612; x_wconf 89' lang='lat' dir='ltr'><strong>faciunt</strong></span> 
     </span>
    </p>
   </div>
   <div class='ocr_carea' id='block_1_67' title="bbox 291 3644 1888 3715">
    <p class='ocr_par' dir='ltr' id='par_1_67' title="bbox 291 3644 1888 3715">
     <span class='ocr_line' id='line_1_67' title="bbox 291 3644 1888 3715; baseline 0.004 -18"><span class='ocrx_word' id='word_1_538' title='bbox 291 3658 462 3715; x_wconf 79' lang='lat' dir='ltr'><strong>prepe</strong></span> <span class='ocrx_word' id='word_1_539' title='bbox 502 3657 688 3698; x_wconf 86' lang='lat' dir='ltr'><strong>omnes</strong></span> <span class='ocrx_word' id='word_1_540' title='bbox 719 3654 926 3699; x_wconf 86' lang='lat' dir='ltr'><strong>veteres</strong></span> <span class='ocrx_word' id='word_1_541' title='bbox 952 3644 1421 3701; x_wconf 86' lang='lat' dir='ltr'><strong>Sacramentorum</strong></span> <span class='ocrx_word' id='word_1_542' title='bbox 1444 3647 1584 3701; x_wconf 91' lang='lat' dir='ltr'><strong>libri.</strong></span> <span class='ocrx_word' id='word_1_543' title='bbox 1616 3648 1673 3703; x_wconf 81' lang='grc' dir='ltr'>ιη</span> <span class='ocrx_word' id='word_1_544' title='bbox 1705 3649 1888 3704; x_wconf 89' lang='lat' dir='ltr'><strong>codice</strong></span> 
     </span>
    </p>
   </div>
   <div class='ocr_carea' id='block_1_68' title="bbox 292 3736 1887 3807">
    <p class='ocr_par' dir='ltr' id='par_1_68' title="bbox 292 3736 1887 3807">
     <span class='ocr_line' id='line_1_68' title="bbox 292 3736 1887 3807; baseline 0.003 -15"><span class='ocrx_word' id='word_1_545' title='bbox 292 3736 516 3807; x_wconf 86' lang='lat' dir='ltr'><strong>insignis</strong></span> <span class='ocrx_word' id='word_1_546' title='bbox 542 3738 784 3792; x_wconf 72' lang='lat' dir='ltr'><strong>ecclesia:</strong></span> <span class='ocrx_word' id='word_1_547' title='bbox 832 3738 1230 3794; x_wconf 87' lang='lat' dir='ltr'><strong>Bellovacensis</strong></span> <span class='ocrx_word' id='word_1_548' title='bbox 1255 3738 1514 3794; x_wconf 87' lang='lat' dir='ltr'><strong>habemus</strong></span> <span class='ocrx_word' id='word_1_549' title='bbox 1541 3758 1553 3793; x_wconf 89' lang='lat'><strong>:</strong></span> <span class='ocrx_word' id='word_1_550' title='bbox 1583 3739 1766 3796; x_wconf 89' lang='lat' dir='ltr'><strong>Oratio</strong></span> <span class='ocrx_word' id='word_1_551' title='bbox 1794 3756 1887 3796; x_wconf 87' lang='lat' dir='ltr'><strong>su-</strong></span> 
     </span>
    </p>
   </div>
   <div class='ocr_carea' id='block_1_69' title="bbox 292 3832 1881 3904">
    <p class='ocr_par' dir='ltr' id='par_1_69' title="bbox 292 3832 1881 3904">
     <span class='ocr_line' id='line_1_69' title="bbox 292 3832 1881 3904; baseline 0.004 -20"><span class='ocrx_word' id='word_1_552' title='bbox 292 3846 393 3902; x_wconf 82' lang='lat' dir='ltr'><strong>per</strong></span> <span class='ocrx_word' id='word_1_553' title='bbox 417 3832 830 3887; x_wconf 87' lang='lat' dir='ltr'><strong>conﬁrmandos.</strong></span> <span class='ocrx_word' id='word_1_554' title='bbox 885 3852 904 3891; x_wconf 73' lang='grc' dir='ltr'><strong><em>α</em></strong></span> <span class='ocrx_word' id='word_1_555' title='bbox 938 3833 1287 3904; x_wconf 86' lang='lat' dir='ltr'><strong>Omnipotens</strong></span> <span class='ocrx_word' id='word_1_556' title='bbox 1328 3837 1650 3903; x_wconf 87' lang='lat' dir='ltr'><strong>sempiterne</strong></span> <span class='ocrx_word' id='word_1_557' title='bbox 1695 3837 1837 3891; x_wconf 86' lang='lat' dir='ltr'><strong>Deus</strong></span> <span class='ocrx_word' id='word_1_558' title='bbox 1866 3877 1881 3902; x_wconf 88' lang='lat'><strong>,</strong></span> 
     </span>
    </p>
   </div>
   <div class='ocr_carea' id='block_1_70' title="bbox 290 3924 1889 4000">
    <p class='ocr_par' dir='ltr' id='par_1_70' title="bbox 290 3924 1889 4000">
     <span class='ocr_line' id='line_1_70' title="bbox 290 3924 1889 4000; baseline 0.005 -24"><span class='ocrx_word' id='word_1_559' title='bbox 290 3924 384 3995; x_wconf 89' lang='lat' dir='ltr'><strong>qui</strong></span> <span class='ocrx_word' id='word_1_560' title='bbox 417 3938 734 3994; x_wconf 85' lang='lat' dir='ltr'><strong>regenerare</strong></span> <span class='ocrx_word' id='word_1_561' title='bbox 768 3924 1014 3994; x_wconf 79' lang='lat' dir='ltr'><strong>dignatus</strong></span> <span class='ocrx_word' id='word_1_562' title='bbox 1051 3941 1113 3983; x_wconf 91' lang='lat' dir='ltr'><strong>es</strong></span> <span class='ocrx_word' id='word_1_563' title='bbox 1160 3927 1259 3982; x_wconf 90' lang='lat' dir='ltr'><strong>hos</strong></span> <span class='ocrx_word' id='word_1_564' title='bbox 1289 3927 1516 3983; x_wconf 86' lang='lat' dir='ltr'><strong>famulos</strong></span> <span class='ocrx_word' id='word_1_565' title='bbox 1568 3945 1633 3984; x_wconf 82' lang='lat' dir='ltr'><strong>ex</strong></span> <span class='ocrx_word' id='word_1_566' title='bbox 1672 3945 1807 4000; x_wconf 86' lang='lat' dir='ltr'><strong>aqua</strong></span> <span class='ocrx_word' id='word_1_567' title='bbox 1834 3940 1889 3985; x_wconf 85' lang='lat' dir='ltr'><strong>et</strong></span> 
     </span>
    </p>
   </div>
   <div class='ocr_carea' id='block_1_71' title="bbox 293 4015 1890 4093">
    <p class='ocr_par' dir='ltr' id='par_1_71' title="bbox 293 4015 1890 4093">
     <span class='ocr_line' id='line_1_71' title="bbox 293 4015 1890 4093; baseline 0.004 -20"><span class='ocrx_word' id='word_1_568' title='bbox 293 4015 499 4087; x_wconf 90' lang='lat' dir='ltr'><strong>Spiritu</strong></span> <span class='ocrx_word' id='word_1_569' title='bbox 526 4025 711 4072; x_wconf 90' lang='lat' dir='ltr'><strong>sancto</strong></span> <span class='ocrx_word' id='word_1_570' title='bbox 742 4059 759 4085; x_wconf 90' lang='lat'><strong>,</strong></span> <span class='ocrx_word' id='word_1_571' title='bbox 790 4019 989 4088; x_wconf 89' lang='lat' dir='ltr'><strong>quique</strong></span> <span class='ocrx_word' id='word_1_572' title='bbox 1015 4019 1212 4075; x_wconf 92' lang='lat' dir='ltr'><strong>dedisti</strong></span> <span class='ocrx_word' id='word_1_573' title='bbox 1256 4021 1337 4076; x_wconf 90' lang='lat' dir='ltr'><strong>eis</strong></span> <span class='ocrx_word' id='word_1_574' title='bbox 1367 4022 1735 4078; x_wconf 87' lang='lat' dir='ltr'><strong>remissionem</strong></span> <span class='ocrx_word' id='word_1_575' title='bbox 1768 4038 1890 4093; x_wconf 87' lang='lat' dir='ltr'><strong>pec—</strong></span> 
     </span>
    </p>
   </div>
   <div class='ocr_carea' id='block_1_72' title="bbox 292 4108 1889 4181">
    <p class='ocr_par' dir='ltr' id='par_1_72' title="bbox 292 4108 1889 4181">
     <span class='ocr_line' id='line_1_72' title="bbox 292 4108 1889 4181; baseline 0.005 -18"><span class='ocrx_word' id='word_1_576' title='bbox 292 4118 559 4174; x_wconf 86' lang='lat' dir='ltr'><strong>catorum,</strong></span> <span class='ocrx_word' id='word_1_577' title='bbox 588 4108 771 4164; x_wconf 87' lang='lat' dir='ltr'><strong>emitte</strong></span> <span class='ocrx_word' id='word_1_578' title='bbox 793 4110 843 4165; x_wconf 93' lang='lat' dir='ltr'><strong>in</strong></span> <span class='ocrx_word' id='word_1_579' title='bbox 871 4126 963 4165; x_wconf 88' lang='lat' dir='ltr'><strong>eos</strong></span> <span class='ocrx_word' id='word_1_580' title='bbox 994 4111 1251 4181; x_wconf 87' lang='lat' dir='ltr'><strong>Spiritum</strong></span> <span class='ocrx_word' id='word_1_581' title='bbox 1282 4122 1524 4169; x_wconf 88' lang='lat' dir='ltr'><strong>sanctum</strong></span> <span class='ocrx_word' id='word_1_582' title='bbox 1549 4124 1694 4169; x_wconf 89' lang='lat' dir='ltr'><strong>tuum</strong></span> <span class='ocrx_word' id='word_1_583' title='bbox 1730 4115 1889 4170; x_wconf 86' lang='lat' dir='ltr'><strong>Para-</strong></span> 
     </span>
    </p>
   </div>
   <div class='ocr_carea' id='block_1_73' title="bbox 295 4201 1886 4279">
    <p class='ocr_par' dir='ltr' id='par_1_73' title="bbox 295 4201 1886 4279">
     <span class='ocr_line' id='line_1_73' title="bbox 295 4201 1886 4279; baseline 0.004 -24"><span class='ocrx_word' id='word_1_584' title='bbox 295 4201 483 4255; x_wconf 90' lang='lat' dir='ltr'><strong>clitum</strong></span> <span class='ocrx_word' id='word_1_585' title='bbox 509 4242 524 4264; x_wconf 88' lang='lat'><strong>,</strong></span> <span class='ocrx_word' id='word_1_586' title='bbox 567 4210 622 4257; x_wconf 89' lang='lat' dir='ltr'><strong>et</strong></span> <span class='ocrx_word' id='word_1_587' title='bbox 646 4201 714 4257; x_wconf 90' lang='lat' dir='ltr'><strong>da</strong></span> <span class='ocrx_word' id='word_1_588' title='bbox 746 4202 824 4257; x_wconf 89' lang='lat' dir='ltr'><strong>eis</strong></span> <span class='ocrx_word' id='word_1_589' title='bbox 856 4202 1111 4279; x_wconf 43' lang='lat' dir='ltr'><strong>Spiritum</strong></span> <span class='ocrx_word' id='word_1_590' title='bbox 1143 4204 1419 4276; x_wconf 68' lang='lat' dir='ltr'><strong>sapientiae</strong></span> <span class='ocrx_word' id='word_1_591' title='bbox 1463 4214 1516 4260; x_wconf 85' lang='lat' dir='ltr'><strong>et</strong></span> <span class='ocrx_word' id='word_1_592' title='bbox 1543 4206 1844 4261; x_wconf 91' lang='lat' dir='ltr'><strong>intellectus</strong></span> <span class='ocrx_word' id='word_1_593' title='bbox 1873 4249 1886 4274; x_wconf 93' lang='lat'><strong>,</strong></span> 
     </span>
    </p>
   </div>
   <div class='ocr_carea' id='block_1_74' title="bbox 292 4284 1891 4365">
    <p class='ocr_par' dir='ltr' id='par_1_74' title="bbox 292 4284 1891 4365">
     <span class='ocr_line' id='line_1_74' title="bbox 292 4284 1891 4365; baseline 0.003 -17"><span class='ocrx_word' id='word_1_594' title='bbox 292 4292 551 4363; x_wconf 82' lang='lat' dir='ltr'><strong>Spiritum</strong></span> <span class='ocrx_word' id='word_1_595' title='bbox 581 4293 791 4349; x_wconf 88' lang='lat' dir='ltr'><strong>consilii</strong></span> <span class='ocrx_word' id='word_1_596' title='bbox 822 4304 873 4348; x_wconf 89' lang='lat' dir='ltr'><strong>et</strong></span> <span class='ocrx_word' id='word_1_597' title='bbox 900 4284 1224 4350; x_wconf 82' lang='lat' dir='ltr'><strong>fortitudinis</strong></span> <span class='ocrx_word' id='word_1_598' title='bbox 1253 4339 1267 4363; x_wconf 91' lang='lat'><strong>,</strong></span> <span class='ocrx_word' id='word_1_599' title='bbox 1290 4297 1545 4365; x_wconf 90' lang='lat' dir='ltr'><strong>Spiritum</strong></span> <span class='ocrx_word' id='word_1_600' title='bbox 1571 4298 1813 4353; x_wconf 79' lang='lat' dir='ltr'><strong>scientia:</strong></span> <span class='ocrx_word' id='word_1_601' title='bbox 1838 4306 1891 4353; x_wconf 89' lang='lat' dir='ltr'><strong>et</strong></span> 
     </span>
    </p>
   </div>
   <div class='ocr_carea' id='block_1_75' title="bbox 295 4387 1890 4459">
    <p class='ocr_par' dir='ltr' id='par_1_75' title="bbox 295 4387 1890 4459">
     <span class='ocr_line' id='line_1_75' title="bbox 295 4387 1890 4459; baseline 0.003 -19"><span class='ocrx_word' id='word_1_602' title='bbox 295 4387 536 4459; x_wconf 90' lang='lat' dir='ltr'><strong>pietatis,</strong></span> <span class='ocrx_word' id='word_1_603' title='bbox 566 4397 619 4443; x_wconf 90' lang='lat' dir='ltr'><strong>et</strong></span> <span class='ocrx_word' id='word_1_604' title='bbox 637 4388 867 4458; x_wconf 85' lang='lat' dir='ltr'><strong>adimple</strong></span> <span class='ocrx_word' id='word_1_605' title='bbox 894 4388 1092 4458; x_wconf 89' lang='lat' dir='ltr'><strong>Spirittt</strong></span> <span class='ocrx_word' id='word_1_606' title='bbox 1125 4390 1331 4445; x_wconf 87' lang='lat' dir='ltr'><strong>timoris</strong></span> <span class='ocrx_word' id='word_1_607' title='bbox 1361 4391 1453 4445; x_wconf 89' lang='lat' dir='ltr'><strong>Dei</strong></span> <span class='ocrx_word' id='word_1_608' title='bbox 1484 4406 1578 4446; x_wconf 87' lang='lat' dir='ltr'><strong>eos</strong></span> <span class='ocrx_word' id='word_1_609' title='bbox 1598 4402 1650 4447; x_wconf 90' lang='lat' dir='ltr'><strong>et</strong></span> <span class='ocrx_word' id='word_1_610' title='bbox 1682 4392 1890 4446; x_wconf 92' lang='lat' dir='ltr'><strong>Domini</strong></span> 
     </span>
    </p>
   </div>
   <div class='ocr_carea' id='block_1_76' title="bbox 293 4481 1892 4556">
    <p class='ocr_par' dir='ltr' id='par_1_76' title="bbox 293 4481 1892 4556">
     <span class='ocr_line' id='line_1_76' title="bbox 293 4481 1892 4556; baseline 0.002 -19"><span class='ocrx_word' id='word_1_611' title='bbox 293 4484 471 4538; x_wconf 85' lang='lat' dir='ltr'><strong>nostri</strong></span> <span class='ocrx_word' id='word_1_612' title='bbox 496 4481 850 4545; x_wconf 74' lang='lat' dir='ltr'><strong>Jesu-Christi</strong></span> <span class='ocrx_word' id='word_1_613' title='bbox 882 4501 895 4547; x_wconf 88' lang='lat'><strong>;</strong></span> <span class='ocrx_word' id='word_1_614' title='bbox 926 4495 979 4540; x_wconf 92' lang='lat' dir='ltr'><strong>et</strong></span> <span class='ocrx_word' id='word_1_615' title='bbox 1006 4483 1131 4553; x_wconf 86' lang='lat' dir='ltr'><strong>jube</strong></span> <span class='ocrx_word' id='word_1_616' title='bbox 1162 4499 1257 4539; x_wconf 91' lang='lat' dir='ltr'><strong>eos</strong></span> <span class='ocrx_word' id='word_1_617' title='bbox 1272 4485 1573 4556; x_wconf 86' lang='lat' dir='ltr'><strong>consignari</strong></span> <span class='ocrx_word' id='word_1_618' title='bbox 1597 4488 1748 4555; x_wconf 80' lang='lat' dir='ltr'><strong>signo</strong></span> <span class='ocrx_word' id='word_1_619' title='bbox 1771 4502 1892 4540; x_wconf 89' lang='lat' dir='ltr'><strong>cru-</strong></span> 
     </span>
    </p>
   </div>
   <div class='ocr_carea' id='block_1_77' title="bbox 1990 3274 3585 3361">
    <p class='ocr_par' dir='ltr' id='par_1_77' title="bbox 1990 3274 3585 3361">
     <span class='ocr_line' id='line_1_77' title="bbox 1990 3274 3585 3361; baseline 0.017 -32"><span class='ocrx_word' id='word_1_620' title='bbox 1990 3274 2183 3330; x_wconf 79' lang='lat' dir='ltr'><strong>haeresi</strong></span> <span class='ocrx_word' id='word_1_621' title='bbox 2204 3278 2370 3343; x_wconf 91' lang='lat' dir='ltr'><strong>venit,</strong></span> <span class='ocrx_word' id='word_1_622' title='bbox 2401 3296 2421 3329; x_wconf 75' lang='grc' dir='ltr'><strong>ι</strong></span> <span class='ocrx_word' id='word_1_623' title='bbox 2449 3278 2809 3350; x_wconf 82' lang='lat' dir='ltr'><strong>Baptizandus</strong></span> <span class='ocrx_word' id='word_1_624' title='bbox 2825 3296 2909 3341; x_wconf 87' lang='lat' dir='ltr'><strong>est</strong></span> <span class='ocrx_word' id='word_1_625' title='bbox 2934 3297 2987 3343; x_wconf 92' lang='lat' dir='ltr'><strong>et</strong></span> <span class='ocrx_word' id='word_1_626' title='bbox 3015 3292 3401 3361; x_wconf 66' lang='lat' dir='ltr'><strong>innovandus,»</strong></span> <span class='ocrx_word' id='word_1_627' title='bbox 3426 3274 3585 3357; x_wconf 84' lang='lat' dir='ltr'><strong>suam</strong></span> 
     </span>
    </p>
   </div>
   <div class='ocr_carea' id='block_1_78' title="bbox 1989 3367 3586 3458">
    <p class='ocr_par' dir='ltr' id='par_1_78' title="bbox 1989 3367 3586 3458">
     <span class='ocr_line' id='line_1_78' title="bbox 1989 3367 3586 3458; baseline 0.018 -38"><span class='ocrx_word' id='word_1_628' title='bbox 1989 3367 2359 3437; x_wconf 54' lang='lat' dir='ltr'><strong>opposuit-,his</strong></span> <span class='ocrx_word' id='word_1_629' title='bbox 2386 3371 2558 3426; x_wconf 82' lang='lat' dir='ltr'><strong>verbis</strong></span> <span class='ocrx_word' id='word_1_630' title='bbox 2588 3391 2599 3425; x_wconf 92' lang='lat'>:</span> <span class='ocrx_word' id='word_1_631' title='bbox 2637 3392 2655 3424; x_wconf 74' lang='grc' dir='ltr'><strong>ι</strong></span> <span class='ocrx_word' id='word_1_632' title='bbox 2691 3374 2833 3431; x_wconf 88' lang='lat' dir='ltr'><strong>Nihil</strong></span> <span class='ocrx_word' id='word_1_633' title='bbox 2866 3379 3150 3438; x_wconf 89' lang='lat' dir='ltr'><strong>innovctur</strong></span> <span class='ocrx_word' id='word_1_634' title='bbox 3182 3385 3283 3441; x_wconf 89' lang='lat' dir='ltr'><strong>nisi</strong></span> <span class='ocrx_word' id='word_1_635' title='bbox 3314 3391 3453 3458; x_wconf 87' lang='lat' dir='ltr'><strong>quod</strong></span> <span class='ocrx_word' id='word_1_636' title='bbox 3481 3402 3586 3447; x_wconf 90' lang='lat' dir='ltr'><strong>tra-</strong></span> 
     </span>
    </p>
   </div>
   <div class='ocr_carea' id='block_1_79' title="bbox 1991 3458 3586 3550">
    <p class='ocr_par' dir='ltr' id='par_1_79' title="bbox 1991 3458 3586 3550">
     <span class='ocr_line' id='line_1_79' title="bbox 1991 3458 3586 3550; baseline 0.018 -38"><span class='ocrx_word' id='word_1_637' title='bbox 1991 3458 2161 3515; x_wconf 90' lang='lat' dir='ltr'><strong>ditum</strong></span> <span class='ocrx_word' id='word_1_638' title='bbox 2190 3471 2313 3526; x_wconf 91' lang='lat' dir='ltr'><strong>est;</strong></span> <span class='ocrx_word' id='word_1_639' title='bbox 2353 3482 2372 3514; x_wconf 70' lang='grc' dir='ltr'><strong>ι</strong></span> <span class='ocrx_word' id='word_1_640' title='bbox 2404 3462 2507 3519; x_wconf 89' lang='lat' dir='ltr'><strong>hoc</strong></span> <span class='ocrx_word' id='word_1_641' title='bbox 2525 3476 2627 3533; x_wconf 84' lang='lat' dir='ltr'><strong>est,</strong></span> <span class='ocrx_word' id='word_1_642' title='bbox 2655 3485 2758 3523; x_wconf 91' lang='lat' dir='ltr'><strong>non</strong></span> <span class='ocrx_word' id='word_1_643' title='bbox 2789 3472 3072 3530; x_wconf 86' lang='lat' dir='ltr'><strong>innovetur</strong></span> <span class='ocrx_word' id='word_1_644' title='bbox 3094 3478 3207 3545; x_wconf 88' lang='lat' dir='ltr'><strong>ejus</strong></span> <span class='ocrx_word' id='word_1_645' title='bbox 3235 3478 3536 3549; x_wconf 87' lang='lat' dir='ltr'><strong>Baptismus</strong></span> <span class='ocrx_word' id='word_1_646' title='bbox 3568 3528 3586 3550; x_wconf 85' lang='lat'><strong>,</strong></span> 
     </span>
    </p>
   </div>
   <div class='ocr_carea' id='block_1_80' title="bbox 1990 3551 3585 3634">
    <p class='ocr_par' dir='ltr' id='par_1_80' title="bbox 1990 3551 3585 3634">
     <span class='ocr_line' id='line_1_80' title="bbox 1990 3551 3585 3634; baseline 0.018 -30"><span class='ocrx_word' id='word_1_647' title='bbox 1990 3551 2084 3605; x_wconf 91' lang='lat' dir='ltr'><strong>sed</strong></span> <span class='ocrx_word' id='word_1_648' title='bbox 2127 3562 2331 3608; x_wconf 90' lang='lat' dir='ltr'><strong>tantum</strong></span> <span class='ocrx_word' id='word_1_649' title='bbox 2361 3563 2603 3613; x_wconf 88' lang='lat' dir='ltr'><strong>teneatur</strong></span> <span class='ocrx_word' id='word_1_650' title='bbox 2632 3562 2774 3629; x_wconf 90' lang='lat' dir='ltr'><strong>quod</strong></span> <span class='ocrx_word' id='word_1_651' title='bbox 2823 3565 3071 3620; x_wconf 88' lang='lat' dir='ltr'><strong>traditum</strong></span> <span class='ocrx_word' id='word_1_652' title='bbox 3126 3577 3246 3634; x_wconf 87' lang='lat' dir='ltr'><strong>est;</strong></span> <span class='ocrx_word' id='word_1_653' title='bbox 3297 3587 3359 3626; x_wconf 92' lang='lat' dir='ltr'><strong>ac</strong></span> <span class='ocrx_word' id='word_1_654' title='bbox 3387 3573 3585 3633; x_wconf 89' lang='lat' dir='ltr'><strong>deinde</strong></span> 
     </span>
    </p>
   </div>
   <div class='ocr_carea' id='block_1_81' title="bbox 1990 3642 3577 3736">
    <p class='ocr_par' dir='ltr' id='par_1_81' title="bbox 1990 3642 3577 3736">
     <span class='ocr_line' id='line_1_81' title="bbox 1990 3642 3577 3736; baseline 0.016 -37"><span class='ocrx_word' id='word_1_655' title='bbox 1990 3642 2074 3699; x_wconf 92' lang='lat' dir='ltr'><strong>his</strong></span> <span class='ocrx_word' id='word_1_656' title='bbox 2090 3644 2323 3709; x_wconf 86' lang='lat' dir='ltr'><strong>addidit,</strong></span> <span class='ocrx_word' id='word_1_657' title='bbox 2357 3658 2446 3703; x_wconf 69' lang='lat' dir='ltr'><strong>«ut</strong></span> <span class='ocrx_word' id='word_1_658' title='bbox 2465 3651 2511 3705; x_wconf 90' lang='lat' dir='ltr'><strong>ei</strong></span> <span class='ocrx_word' id='word_1_659' title='bbox 2538 3668 2725 3708; x_wconf 89' lang='lat' dir='ltr'><strong>manus</strong></span> <span class='ocrx_word' id='word_1_660' title='bbox 2750 3656 3121 3725; x_wconf 91' lang='lat' dir='ltr'><strong>imponaturin</strong></span> <span class='ocrx_word' id='word_1_661' title='bbox 3143 3666 3528 3736; x_wconf 61' lang='lat' dir='ltr'><strong>penitentiam;</strong></span> <span class='ocrx_word' id='word_1_662' title='bbox 3557 3691 3577 3724; x_wconf 75' lang='grc' dir='ltr'><strong>ι</strong></span> 
     </span>
    </p>
   </div>
   <div class='ocr_carea' id='block_1_82' title="bbox 1992 3738 3584 3820">
    <p class='ocr_par' dir='ltr' id='par_1_82' title="bbox 1992 3738 3584 3820">
     <span class='ocr_line' id='line_1_82' title="bbox 1992 3738 3584 3820; baseline 0.018 -30"><span class='ocrx_word' id='word_1_663' title='bbox 1992 3738 2229 3805; x_wconf 76' lang='lat' dir='ltr'><strong>proferre</strong></span> <span class='ocrx_word' id='word_1_664' title='bbox 2262 3738 2388 3793; x_wconf 91' lang='lat' dir='ltr'><strong>nihil</strong></span> <span class='ocrx_word' id='word_1_665' title='bbox 2437 3745 2606 3810; x_wconf 91' lang='lat' dir='ltr'><strong>potuit</strong></span> <span class='ocrx_word' id='word_1_666' title='bbox 2633 3744 2884 3802; x_wconf 88' lang='lat' dir='ltr'><strong>disertius</strong></span> <span class='ocrx_word' id='word_1_667' title='bbox 2913 3790 2926 3813; x_wconf 93' lang='lat'><strong>,</strong></span> <span class='ocrx_word' id='word_1_668' title='bbox 2956 3767 3063 3820; x_wconf 88' lang='lat' dir='ltr'><strong>quo</strong></span> <span class='ocrx_word' id='word_1_669' title='bbox 3094 3760 3411 3814; x_wconf 88' lang='lat' dir='ltr'><strong>sacramenti</strong></span> <span class='ocrx_word' id='word_1_670' title='bbox 3439 3759 3584 3817; x_wconf 91' lang='lat' dir='ltr'><strong>Con-</strong></span> 
     </span>
    </p>
   </div>
   <div class='ocr_carea' id='block_1_83' title="bbox 1991 3829 3582 3923">
    <p class='ocr_par' dir='ltr' id='par_1_83' title="bbox 1991 3829 3582 3923">
     <span class='ocr_line' id='line_1_83' title="bbox 1991 3829 3582 3923; baseline 0.019 -42"><span class='ocrx_word' id='word_1_671' title='bbox 1991 3829 2310 3884; x_wconf 88' lang='lat' dir='ltr'><strong>ﬁrmationis</strong></span> <span class='ocrx_word' id='word_1_672' title='bbox 2341 3832 2743 3903; x_wconf 88' lang='lat' dir='ltr'><strong>intelligentiam</strong></span> <span class='ocrx_word' id='word_1_673' title='bbox 2774 3854 3067 3898; x_wconf 87' lang='lat' dir='ltr'><strong>amoveret.</strong></span> <span class='ocrx_word' id='word_1_674' title='bbox 3111 3844 3255 3902; x_wconf 84' lang='lat' dir='ltr'><strong>Inter</strong></span> <span class='ocrx_word' id='word_1_675' title='bbox 3278 3865 3371 3906; x_wconf 90' lang='lat' dir='ltr'><strong>eos</strong></span> <span class='ocrx_word' id='word_1_676' title='bbox 3397 3855 3582 3923; x_wconf 87' lang='lat' dir='ltr'><strong>etiam,</strong></span> 
     </span>
    </p>
   </div>
   <div class='ocr_carea' id='block_1_84' title="bbox 1991 3920 3581 4005">
    <p class='ocr_par' dir='ltr' id='par_1_84' title="bbox 1991 3920 3581 4005">
     <span class='ocr_line' id='line_1_84' title="bbox 1991 3920 3581 4005; baseline 0.021 -33"><span class='ocrx_word' id='word_1_677' title='bbox 1991 3922 2104 3991; x_wconf 90' lang='lat' dir='ltr'><strong>qui,</strong></span> <span class='ocrx_word' id='word_1_678' title='bbox 2152 3920 2487 3979; x_wconf 87' lang='lat' dir='ltr'><strong>venientibus</strong></span> <span class='ocrx_word' id='word_1_679' title='bbox 2530 3928 2598 3981; x_wconf 90' lang='lat' dir='ltr'><strong>ab</strong></span> <span class='ocrx_word' id='word_1_680' title='bbox 2641 3927 2852 3995; x_wconf 64' lang='lat' dir='ltr'><strong>haeresi,</strong></span> <span class='ocrx_word' id='word_1_681' title='bbox 2888 3933 3155 4004; x_wconf 87' lang='lat' dir='ltr'><strong>Baptisma</strong></span> <span class='ocrx_word' id='word_1_682' title='bbox 3198 3920 3581 4005; x_wconf 83' lang='lat' dir='ltr'><strong>conferendum</strong></span> 
     </span>
    </p>
   </div>
   <div class='ocr_carea' id='block_1_85' title="bbox 1992 4016 3582 4108">
    <p class='ocr_par' dir='ltr' id='par_1_85' title="bbox 1992 4016 3582 4108">
     <span class='ocr_line' id='line_1_85' title="bbox 1992 4016 3582 4108; baseline 0.018 -40"><span class='ocrx_word' id='word_1_683' title='bbox 1992 4030 2111 4069; x_wconf 66' lang='lat' dir='ltr'><strong>esse</strong></span> <span class='ocrx_word' id='word_1_684' title='bbox 2138 4031 2260 4070; x_wconf 89' lang='lat' dir='ltr'><strong>cum</strong></span> <span class='ocrx_word' id='word_1_685' title='bbox 2286 4016 2552 4088; x_wconf 83' lang='lat' dir='ltr'><strong>Cypriane</strong></span> <span class='ocrx_word' id='word_1_686' title='bbox 2583 4024 2984 4081; x_wconf 87' lang='lat' dir='ltr'><strong>consentiebant</strong></span> <span class='ocrx_word' id='word_1_687' title='bbox 3014 4069 3029 4094; x_wconf 96' lang='lat'><strong>,</strong></span> <span class='ocrx_word' id='word_1_688' title='bbox 3086 4046 3193 4085; x_wconf 90' lang='lat' dir='ltr'><strong>non</strong></span> <span class='ocrx_word' id='word_1_689' title='bbox 3237 4035 3460 4093; x_wconf 87' lang='lat' dir='ltr'><strong>deerant</strong></span> <span class='ocrx_word' id='word_1_690' title='bbox 3490 4044 3582 4108; x_wconf 89' lang='lat' dir='ltr'><strong>qui</strong></span> 
     </span>
    </p>
   </div>
   <div class='ocr_carea' id='block_1_86' title="bbox 1994 4106 3581 4191">
    <p class='ocr_par' dir='ltr' id='par_1_86' title="bbox 1994 4106 3581 4191">
     <span class='ocr_line' id='line_1_86' title="bbox 1994 4106 3581 4191; baseline 0.017 -29"><span class='ocrx_word' id='word_1_691' title='bbox 1994 4106 2247 4176; x_wconf 84' lang='lat' dir='ltr'><strong>Stephani</strong></span> <span class='ocrx_word' id='word_1_692' title='bbox 2282 4110 2456 4165; x_wconf 90' lang='lat' dir='ltr'><strong>verbis</strong></span> <span class='ocrx_word' id='word_1_693' title='bbox 2479 4152 2494 4178; x_wconf 93' lang='lat'><strong>,</strong></span> <span class='ocrx_word' id='word_1_694' title='bbox 2526 4111 2577 4165; x_wconf 91' lang='lat' dir='ltr'><strong>in</strong></span> <span class='ocrx_word' id='word_1_695' title='bbox 2601 4128 2665 4167; x_wconf 93' lang='lat' dir='ltr'><strong>eo</strong></span> <span class='ocrx_word' id='word_1_696' title='bbox 2707 4116 2845 4184; x_wconf 89' lang='lat' dir='ltr'><strong>quod</strong></span> <span class='ocrx_word' id='word_1_697' title='bbox 2872 4119 2937 4173; x_wconf 88' lang='lat' dir='ltr'><strong>ad</strong></span> <span class='ocrx_word' id='word_1_698' title='bbox 2970 4122 3361 4191; x_wconf 88' lang='lat' dir='ltr'><strong>impositionem</strong></span> <span class='ocrx_word' id='word_1_699' title='bbox 3391 4106 3581 4189; x_wconf 87' lang='lat' dir='ltr'><strong>manus</strong></span> 
     </span>
    </p>
   </div>
   <div class='ocr_carea' id='block_1_87' title="bbox 1993 4202 3580 4283">
    <p class='ocr_par' dir='ltr' id='par_1_87' title="bbox 1993 4202 3580 4283">
     <span class='ocr_line' id='line_1_87' title="bbox 1993 4202 3580 4283; baseline 0.018 -29"><span class='ocrx_word' id='word_1_700' title='bbox 1993 4202 2203 4270; x_wconf 89' lang='lat' dir='ltr'><strong>attinet,</strong></span> <span class='ocrx_word' id='word_1_701' title='bbox 2247 4202 2531 4261; x_wconf 77' lang='lat' dir='ltr'><strong>hzererent.</strong></span> <span class='ocrx_word' id='word_1_702' title='bbox 2586 4207 2909 4267; x_wconf 89' lang='lat' dir='ltr'><strong>Nominatim</strong></span> <span class='ocrx_word' id='word_1_703' title='bbox 2964 4214 3223 4275; x_wconf 89' lang='lat' dir='ltr'><strong>Crescens</strong></span> <span class='ocrx_word' id='word_1_704' title='bbox 3253 4238 3281 4276; x_wconf 90' lang='lat' dir='ltr'><strong>a</strong></span> <span class='ocrx_word' id='word_1_705' title='bbox 3338 4225 3478 4281; x_wconf 90' lang='lat' dir='ltr'><strong>Cirta</strong></span> <span class='ocrx_word' id='word_1_706' title='bbox 3526 4229 3580 4283; x_wconf 89' lang='lat' dir='ltr'><strong>itt</strong></span> 
     </span>
    </p>
   </div>
   <div class='ocr_carea' id='block_1_88' title="bbox 1994 4298 3577 4401">
    <p class='ocr_par' dir='ltr' id='par_1_88' title="bbox 1994 4298 3577 4401">
     <span class='ocr_line' id='line_1_88' title="bbox 1994 4298 3577 4401; baseline 0.018 -53"><span class='ocrx_word' id='word_1_707' title='bbox 1994 4307 2289 4352; x_wconf 88' lang='lat' dir='ltr'><strong>memorato</strong></span> <span class='ocrx_word' id='word_1_708' title='bbox 2315 4298 2717 4371; x_wconf 87' lang='lat' dir='ltr'><strong>Carthaginensi</strong></span> <span class='ocrx_word' id='word_1_709' title='bbox 2748 4322 2802 4360; x_wconf 91' lang='lat' dir='ltr'><strong>Ill</strong></span> <span class='ocrx_word' id='word_1_710' title='bbox 2829 4310 3054 4366; x_wconf 86' lang='lat' dir='ltr'><strong>cencilio</strong></span> <span class='ocrx_word' id='word_1_711' title='bbox 3083 4327 3303 4373; x_wconf 91' lang='lat' dir='ltr'><strong>censere</strong></span> <span class='ocrx_word' id='word_1_712' title='bbox 3330 4334 3389 4373; x_wconf 89' lang='lat' dir='ltr'><strong>se</strong></span> <span class='ocrx_word' id='word_1_713' title='bbox 3424 4319 3577 4401; x_wconf 63' lang='lat' dir='ltr'><strong>dixit,</strong></span> 
     </span>
    </p>
   </div>
   <div class='ocr_carea' id='block_1_89' title="bbox 1994 4389 3580 4478">
    <p class='ocr_par' dir='ltr' id='par_1_89' title="bbox 1994 4389 3580 4478">
     <span class='ocr_line' id='line_1_89' title="bbox 1994 4389 3580 4478; baseline 0.015 -34"><span class='ocrx_word' id='word_1_714' title='bbox 1994 4404 2179 4445; x_wconf 90' lang='lat' dir='ltr'><strong>omnes</strong></span> <span class='ocrx_word' id='word_1_715' title='bbox 2222 4389 2503 4448; x_wconf 70' lang='lat' dir='ltr'><strong>hmreticos</strong></span> <span class='ocrx_word' id='word_1_716' title='bbox 2559 4396 2669 4449; x_wconf 90' lang='lat' dir='ltr'><strong>sive</strong></span> <span class='ocrx_word' id='word_1_717' title='bbox 2716 4398 3115 4469; x_wconf 89' lang='lat' dir='ltr'><strong>schismaticos,</strong></span> <span class='ocrx_word' id='word_1_718' title='bbox 3145 4410 3233 4478; x_wconf 93' lang='lat' dir='ltr'><strong>qui</strong></span> <span class='ocrx_word' id='word_1_719' title='bbox 3261 4410 3326 4465; x_wconf 87' lang='lat' dir='ltr'><strong>ad</strong></span> <span class='ocrx_word' id='word_1_720' title='bbox 3356 4389 3580 4468; x_wconf 59' lang='lat' dir='ltr'><strong>catholi-</strong></span> 
     </span>
    </p>
   </div>
   <div class='ocr_carea' id='block_1_90' title="bbox 1994 4482 3576 4574">
    <p class='ocr_par' dir='ltr' id='par_1_90' title="bbox 1994 4482 3576 4574">
     <span class='ocr_line' id='line_1_90' title="bbox 1994 4482 3576 4574; baseline 0.018 -39"><span class='ocrx_word' id='word_1_721' title='bbox 1994 4496 2110 4536; x_wconf 87' lang='lat' dir='ltr'><strong>cam</strong></span> <span class='ocrx_word' id='word_1_722' title='bbox 2159 4482 2451 4539; x_wconf 85' lang='lat' dir='ltr'><strong>Ecclesiam</strong></span> <span class='ocrx_word' id='word_1_723' title='bbox 2484 4488 2747 4543; x_wconf 86' lang='lat' dir='ltr'><strong>voluerint</strong></span> <span class='ocrx_word' id='word_1_724' title='bbox 2775 4495 2954 4549; x_wconf 83' lang='lat' dir='ltr'><strong>venire</strong></span> <span class='ocrx_word' id='word_1_725' title='bbox 2979 4540 2992 4561; x_wconf 95' lang='lat'><strong>,</strong></span> <span class='ocrx_word' id='word_1_726' title='bbox 3026 4514 3132 4553; x_wconf 90' lang='lat' dir='ltr'><strong>non</strong></span> <span class='ocrx_word' id='word_1_727' title='bbox 3186 4513 3308 4558; x_wconf 86' lang='lat' dir='ltr'><strong>ante</strong></span> <span class='ocrx_word' id='word_1_728' title='bbox 3354 4505 3576 4574; x_wconf 79' lang='lat' dir='ltr'><strong>ingredi,</strong></span> 
     </span>
    </p>
   </div>
   <div class='ocr_carea' id='block_1_91' title="bbox 296 4572 3581 4662">
    <p class='ocr_par' dir='ltr' id='par_1_91' title="bbox 296 4572 3581 4662">
     <span class='ocr_line' id='line_1_91' title="bbox 296 4572 3581 4662; baseline 0.008 -31"><span class='ocrx_word' id='word_1_729' title='bbox 296 4575 379 4631; x_wconf 87' lang='lat' dir='ltr'><strong>cis</strong></span> <span class='ocrx_word' id='word_1_730' title='bbox 402 4575 453 4629; x_wconf 91' lang='lat' dir='ltr'><strong>in</strong></span> <span class='ocrx_word' id='word_1_731' title='bbox 476 4575 635 4631; x_wconf 89' lang='lat' dir='ltr'><strong>vitam</strong></span> <span class='ocrx_word' id='word_1_732' title='bbox 657 4577 973 4646; x_wconf 90' lang='lat' dir='ltr'><strong>propitiatus</strong></span> <span class='ocrx_word' id='word_1_733' title='bbox 992 4586 1270 4632; x_wconf 69' lang='lat' dir='ltr'><strong>aeternam.</strong></span> <span class='ocrx_word' id='word_1_734' title='bbox 1296 4577 1415 4632; x_wconf 87' lang='lat' dir='ltr'><strong>Per.</strong></span> <span class='ocrx_word' id='word_1_735' title='bbox 1434 4598 1452 4630; x_wconf 77' lang='grc' dir='ltr'><strong>ι</strong></span> <span class='ocrx_word' id='word_1_736' title='bbox 1474 4578 1530 4633; x_wconf 90' lang='lat' dir='ltr'><strong>In</strong></span> <span class='ocrx_word' id='word_1_737' title='bbox 1556 4578 1885 4634; x_wconf 85' lang='lat' dir='ltr'><strong>Catnrcensi:</strong></span> <span class='ocrx_word' id='word_1_738' title='bbox 1913 4572 1965 4632; x_wconf 95' lang='lat' dir='ltr'><strong>D</strong></span> <span class='ocrx_word' id='word_1_739' title='bbox 1992 4574 2091 4629; x_wconf 85' lang='lat' dir='ltr'><strong>nisi</strong></span> <span class='ocrx_word' id='word_1_740' title='bbox 2120 4578 2401 4631; x_wconf 77' lang='lat' dir='ltr'><strong>exorcizati</strong></span> <span class='ocrx_word' id='word_1_741' title='bbox 2424 4587 2479 4633; x_wconf 88' lang='lat' dir='ltr'><strong>et</strong></span> <span class='ocrx_word' id='word_1_742' title='bbox 2506 4578 2757 4650; x_wconf 90' lang='lat' dir='ltr'><strong>baptizati</strong></span> <span class='ocrx_word' id='word_1_743' title='bbox 2809 4584 3005 4642; x_wconf 88' lang='lat' dir='ltr'><strong>fuerint</strong></span> <span class='ocrx_word' id='word_1_744' title='bbox 3028 4630 3043 4655; x_wconf 92' lang='lat'><strong>,</strong></span> <span class='ocrx_word' id='word_1_745' title='bbox 3073 4596 3311 4662; x_wconf 80' lang='lat' dir='ltr'><strong>exceptis</strong></span> <span class='ocrx_word' id='word_1_746' title='bbox 3343 4572 3431 4652; x_wconf 80' lang='lat' dir='ltr'><strong>his</strong></span> <span class='ocrx_word' id='word_1_747' title='bbox 3450 4572 3581 4656; x_wconf 88' lang='lat' dir='ltr'><strong>sane</strong></span> 
     </span>
    </p>
   </div>
   <div class='ocr_carea' id='block_1_92' title="bbox 294 4668 1897 4743">
    <p class='ocr_par' dir='ltr' id='par_1_92' title="bbox 294 4668 1897 4743">
     <span class='ocr_line' id='line_1_92' title="bbox 294 4668 1897 4743; baseline 0.001 -18"><span class='ocrx_word' id='word_1_748' title='bbox 294 4668 382 4725; x_wconf 78' lang='lat' dir='ltr'><strong>Ad</strong></span> <span class='ocrx_word' id='word_1_749' title='bbox 420 4669 896 4726; x_wconf 86' lang='lat' dir='ltr'><strong>Conﬁrmationem</strong></span> <span class='ocrx_word' id='word_1_750' title='bbox 928 4670 1248 4725; x_wconf 89' lang='lat' dir='ltr'><strong>benedictio.</strong></span> <span class='ocrx_word' id='word_1_751' title='bbox 1304 4689 1322 4721; x_wconf 73' lang='grc' dir='ltr'>ί</span> <span class='ocrx_word' id='word_1_752' title='bbox 1354 4670 1705 4743; x_wconf 89' lang='lat' dir='ltr'><strong>Omnipotens</strong></span> <span class='ocrx_word' id='word_1_753' title='bbox 1756 4688 1897 4727; x_wconf 85' lang='lat' dir='ltr'><strong>sem-</strong></span> 
     </span>
    </p>
   </div>
   <div class='ocr_carea' id='block_1_93' title="bbox 297 4764 1897 4837">
    <p class='ocr_par' dir='ltr' id='par_1_93' title="bbox 297 4764 1897 4837">
     <span class='ocr_line' id='line_1_93' title="bbox 297 4764 1897 4837; baseline 0.001 -19"><span class='ocrx_word' id='word_1_754' title='bbox 297 4765 511 4837; x_wconf 85' lang='lat' dir='ltr'><strong>piterne</strong></span> <span class='ocrx_word' id='word_1_755' title='bbox 554 4764 691 4819; x_wconf 86' lang='lat' dir='ltr'><strong>Deus</strong></span> <span class='ocrx_word' id='word_1_756' title='bbox 719 4805 735 4832; x_wconf 97' lang='lat'><strong>,</strong></span> <span class='ocrx_word' id='word_1_757' title='bbox 766 4765 854 4835; x_wconf 87' lang='lat' dir='ltr'><strong>qui</strong></span> <span class='ocrx_word' id='word_1_758' title='bbox 888 4779 1204 4834; x_wconf 86' lang='lat' dir='ltr'><strong>regenerarc</strong></span> <span class='ocrx_word' id='word_1_759' title='bbox 1245 4764 1493 4833; x_wconf 81' lang='lat' dir='ltr'><strong>dignatus</strong></span> <span class='ocrx_word' id='word_1_760' title='bbox 1523 4781 1582 4821; x_wconf 90' lang='lat' dir='ltr'><strong>es</strong></span> <span class='ocrx_word' id='word_1_761' title='bbox 1608 4765 1704 4821; x_wconf 81' lang='lat' dir='ltr'><strong>hos</strong></span> <span class='ocrx_word' id='word_1_762' title='bbox 1732 4765 1897 4819; x_wconf 83' lang='lat' dir='ltr'><strong>fantu-</strong></span> 
     </span>
    </p>
   </div>
   <div class='ocr_carea' id='block_1_94' title="bbox 295 4849 1896 4930">
    <p class='ocr_par' dir='ltr' id='par_1_94' title="bbox 295 4849 1896 4930">
     <span class='ocr_line' id='line_1_94' title="bbox 295 4849 1896 4930; baseline 0.004 -19"><span class='ocrx_word' id='word_1_763' title='bbox 295 4849 385 4911; x_wconf 85' lang='lat' dir='ltr'><strong>los</strong></span> <span class='ocrx_word' id='word_1_764' title='bbox 412 4866 533 4915; x_wconf 88' lang='lat' dir='ltr'><strong>tuos</strong></span> <span class='ocrx_word' id='word_1_765' title='bbox 570 4866 623 4913; x_wconf 90' lang='lat' dir='ltr'><strong>et</strong></span> <span class='ocrx_word' id='word_1_766' title='bbox 650 4857 912 4923; x_wconf 88' lang='lat' dir='ltr'><strong>famulas;</strong></span> <span class='ocrx_word' id='word_1_767' title='bbox 942 4859 1134 4930; x_wconf 89' lang='lat' dir='ltr'><strong>quique</strong></span> <span class='ocrx_word' id='word_1_768' title='bbox 1160 4858 1350 4913; x_wconf 83' lang='lat' dir='ltr'><strong>dedisti</strong></span> <span class='ocrx_word' id='word_1_769' title='bbox 1394 4859 1473 4914; x_wconf 91' lang='lat' dir='ltr'><strong>eis</strong></span> <span class='ocrx_word' id='word_1_770' title='bbox 1526 4860 1896 4917; x_wconf 87' lang='lat' dir='ltr'><strong>remissionem</strong></span> 
     </span>
    </p>
   </div>
   <div class='ocr_carea' id='block_1_95' title="bbox 295 4953 1895 5027">
    <p class='ocr_par' dir='ltr' id='par_1_95' title="bbox 295 4953 1895 5027">
     <span class='ocr_line' id='line_1_95' title="bbox 295 4953 1895 5027; baseline 0 -20"><span class='ocrx_word' id='word_1_771' title='bbox 295 4962 662 5027; x_wconf 84' lang='lat' dir='ltr'><strong>peccatorum,</strong></span> <span class='ocrx_word' id='word_1_772' title='bbox 712 4953 897 5008; x_wconf 88' lang='lat' dir='ltr'><strong>emitte</strong></span> <span class='ocrx_word' id='word_1_773' title='bbox 925 4954 975 5007; x_wconf 93' lang='lat' dir='ltr'><strong>in</strong></span> <span class='ocrx_word' id='word_1_774' title='bbox 1025 4969 1122 5010; x_wconf 89' lang='lat' dir='ltr'><strong>eos</strong></span> <span class='ocrx_word' id='word_1_775' title='bbox 1154 4954 1251 5008; x_wconf 85' lang='lat' dir='ltr'><strong>vel</strong></span> <span class='ocrx_word' id='word_1_776' title='bbox 1293 4954 1345 5009; x_wconf 91' lang='lat' dir='ltr'><strong>in</strong></span> <span class='ocrx_word' id='word_1_777' title='bbox 1390 4969 1481 5009; x_wconf 88' lang='lat' dir='ltr'><strong>eas</strong></span> <span class='ocrx_word' id='word_1_778' title='bbox 1526 4954 1895 5025; x_wconf 85' lang='lat' dir='ltr'><strong>septiformem</strong></span> 
     </span>
    </p>
   </div>
   <div class='ocr_carea' id='block_1_96' title="bbox 295 5045 1899 5119">
    <p class='ocr_par' dir='ltr' id='par_1_96' title="bbox 295 5045 1899 5119">
     <span class='ocr_line' id='line_1_96' title="bbox 295 5045 1899 5119; baseline 0.001 -18"><span class='ocrx_word' id='word_1_779' title='bbox 295 5045 554 5115; x_wconf 87' lang='lat' dir='ltr'><strong>Spiritum</strong></span> <span class='ocrx_word' id='word_1_780' title='bbox 586 5055 733 5099; x_wconf 89' lang='lat' dir='ltr'><strong>tuum</strong></span> <span class='ocrx_word' id='word_1_781' title='bbox 752 5045 1071 5100; x_wconf 78' lang='lat' dir='ltr'><strong>Paraclitum</strong></span> <span class='ocrx_word' id='word_1_782' title='bbox 1097 5045 1164 5100; x_wconf 89' lang='lat' dir='ltr'><strong>de</strong></span> <span class='ocrx_word' id='word_1_783' title='bbox 1191 5046 1344 5102; x_wconf 64' lang='lat' dir='ltr'><strong>cretis</strong></span> <span class='ocrx_word' id='word_1_784' title='bbox 1363 5089 1377 5112; x_wconf 90' lang='lat'><strong>,</strong></span> <span class='ocrx_word' id='word_1_785' title='bbox 1405 5047 1659 5119; x_wconf 87' lang='lat' dir='ltr'><strong>Spiritum</strong></span> <span class='ocrx_word' id='word_1_786' title='bbox 1686 5047 1899 5115; x_wconf 88' lang='lat' dir='ltr'><strong>sapien-</strong></span> 
     </span>
    </p>
   </div>
   <div class='ocr_carea' id='block_1_97' title="bbox 300 5137 1897 5207">
    <p class='ocr_par' dir='ltr' id='par_1_97' title="bbox 300 5137 1897 5207">
     <span class='ocr_line' id='line_1_97' title="bbox 300 5137 1897 5207; baseline 0.001 -16"><span class='ocrx_word' id='word_1_787' title='bbox 300 5137 393 5191; x_wconf 77' lang='lat' dir='ltr'><strong>tia:</strong></span> <span class='ocrx_word' id='word_1_788' title='bbox 418 5145 473 5191; x_wconf 88' lang='lat' dir='ltr'><strong>et</strong></span> <span class='ocrx_word' id='word_1_789' title='bbox 526 5137 828 5193; x_wconf 84' lang='lat' dir='ltr'><strong>intellectus</strong></span> <span class='ocrx_word' id='word_1_790' title='bbox 852 5178 867 5205; x_wconf 90' lang='lat'><strong>,</strong></span> <span class='ocrx_word' id='word_1_791' title='bbox 898 5137 1153 5207; x_wconf 83' lang='lat' dir='ltr'><strong>Spiritum</strong></span> <span class='ocrx_word' id='word_1_792' title='bbox 1196 5138 1406 5193; x_wconf 90' lang='lat' dir='ltr'><strong>consilii</strong></span> <span class='ocrx_word' id='word_1_793' title='bbox 1454 5147 1509 5192; x_wconf 92' lang='lat' dir='ltr'><strong>et</strong></span> <span class='ocrx_word' id='word_1_794' title='bbox 1532 5137 1857 5193; x_wconf 88' lang='lat' dir='ltr'><strong>fortitudinis</strong></span> <span class='ocrx_word' id='word_1_795' title='bbox 1881 5178 1897 5205; x_wconf 92' lang='lat'><strong>,</strong></span> 
     </span>
    </p>
   </div>
   <div class='ocr_carea' id='block_1_98' title="bbox 298 5227 1896 5299">
    <p class='ocr_par' dir='ltr' id='par_1_98' title="bbox 298 5227 1896 5299">
     <span class='ocr_line' id='line_1_98' title="bbox 298 5227 1896 5299; baseline -0.003 -15"><span class='ocrx_word' id='word_1_796' title='bbox 298 5227 562 5299; x_wconf 87' lang='lat' dir='ltr'><strong>Spiritum</strong></span> <span class='ocrx_word' id='word_1_797' title='bbox 590 5229 827 5283; x_wconf 84' lang='lat' dir='ltr'><strong>scientiae</strong></span> <span class='ocrx_word' id='word_1_798' title='bbox 848 5239 900 5283; x_wconf 91' lang='lat' dir='ltr'><strong>et</strong></span> <span class='ocrx_word' id='word_1_799' title='bbox 923 5230 1152 5299; x_wconf 89' lang='lat' dir='ltr'><strong>pietatis,</strong></span> <span class='ocrx_word' id='word_1_800' title='bbox 1182 5240 1237 5284; x_wconf 90' lang='lat' dir='ltr'><strong>et</strong></span> <span class='ocrx_word' id='word_1_801' title='bbox 1260 5228 1494 5298; x_wconf 88' lang='lat' dir='ltr'><strong>adimple</strong></span> <span class='ocrx_word' id='word_1_802' title='bbox 1522 5244 1636 5293; x_wconf 86' lang='lat' dir='ltr'><strong>eos,</strong></span> <span class='ocrx_word' id='word_1_803' title='bbox 1674 5228 1756 5283; x_wconf 89' lang='lat' dir='ltr'><strong>vel</strong></span> <span class='ocrx_word' id='word_1_804' title='bbox 1787 5244 1896 5292; x_wconf 86' lang='lat' dir='ltr'><strong>eas,</strong></span> 
     </span>
    </p>
   </div>
   <div class='ocr_carea' id='block_1_99' title="bbox 304 5321 1927 5392">
    <p class='ocr_par' dir='ltr' id='par_1_99' title="bbox 304 5321 1927 5392">
     <span class='ocr_line' id='line_1_99' title="bbox 304 5321 1927 5392; baseline -0.002 -17"><span class='ocrx_word' id='word_1_805' title='bbox 304 5321 510 5390; x_wconf 90' lang='lat' dir='ltr'><strong>Spiritu</strong></span> <span class='ocrx_word' id='word_1_806' title='bbox 530 5321 735 5376; x_wconf 89' lang='lat' dir='ltr'><strong>timoris</strong></span> <span class='ocrx_word' id='word_1_807' title='bbox 752 5323 823 5376; x_wconf 91' lang='lat' dir='ltr'><strong>tui</strong></span> <span class='ocrx_word' id='word_1_808' title='bbox 844 5338 858 5386; x_wconf 90' lang='lat'><strong>;</strong></span> <span class='ocrx_word' id='word_1_809' title='bbox 880 5333 931 5376; x_wconf 91' lang='lat' dir='ltr'><strong>et</strong></span> <span class='ocrx_word' id='word_1_810' title='bbox 952 5322 1209 5392; x_wconf 82' lang='lat' dir='ltr'><strong>cunsigna</strong></span> <span class='ocrx_word' id='word_1_811' title='bbox 1231 5338 1343 5389; x_wconf 90' lang='lat' dir='ltr'><strong>eos,</strong></span> <span class='ocrx_word' id='word_1_812' title='bbox 1368 5323 1455 5377; x_wconf 91' lang='lat' dir='ltr'><strong>vel</strong></span> <span class='ocrx_word' id='word_1_813' title='bbox 1476 5337 1589 5387; x_wconf 89' lang='lat' dir='ltr'><strong>eas,</strong></span> <span class='ocrx_word' id='word_1_814' title='bbox 1621 5322 1671 5374; x_wconf 90' lang='lat' dir='ltr'><strong>in</strong></span> <span class='ocrx_word' id='word_1_815' title='bbox 1694 5321 1927 5389; x_wconf 85' lang='lat' dir='ltr'><strong>signum</strong></span> 
     </span>
    </p>
   </div>
   <div class='ocr_carea' id='block_1_100' title="bbox 303 5418 1892 5488">
    <p class='ocr_par' dir='ltr' id='par_1_100' title="bbox 303 5418 1892 5488">
     <span class='ocr_line' id='line_1_100' title="bbox 303 5418 1892 5488; baseline -0.003 -17"><span class='ocrx_word' id='word_1_816' title='bbox 303 5424 512 5471; x_wconf 71' lang='lat' dir='ltr'><strong>sanetae</strong></span> <span class='ocrx_word' id='word_1_817' title='bbox 534 5418 708 5473; x_wconf 80' lang='lat' dir='ltr'><strong>crucis</strong></span> <span class='ocrx_word' id='word_1_818' title='bbox 737 5418 791 5473; x_wconf 93' lang='lat' dir='ltr'><strong>in</strong></span> <span class='ocrx_word' id='word_1_819' title='bbox 821 5418 982 5472; x_wconf 87' lang='lat' dir='ltr'><strong>vitam</strong></span> <span class='ocrx_word' id='word_1_820' title='bbox 1024 5418 1630 5488; x_wconf 65' lang='lat' dir='ltr'><strong>propitiatusaaternatn.</strong></span> <span class='ocrx_word' id='word_1_821' title='bbox 1665 5418 1892 5469; x_wconf 67' lang='lat' dir='ltr'><strong>Amen.»</strong></span> 
     </span>
    </p>
   </div>
   <div class='ocr_carea' id='block_1_101' title="bbox 301 5505 1900 5578">
    <p class='ocr_par' dir='ltr' id='par_1_101' title="bbox 301 5505 1900 5578">
     <span class='ocr_line' id='line_1_101' title="bbox 301 5505 1900 5578; baseline -0.003 -14"><span class='ocrx_word' id='word_1_822' title='bbox 301 5506 624 5564; x_wconf 84' lang='lat' dir='ltr'><strong>Orationum</strong></span> <span class='ocrx_word' id='word_1_823' title='bbox 653 5519 827 5564; x_wconf 87' lang='lat' dir='ltr'><strong>autem</strong></span> <span class='ocrx_word' id='word_1_824' title='bbox 848 5509 1153 5578; x_wconf 87' lang='lat' dir='ltr'><strong>hujttsmodi</strong></span> <span class='ocrx_word' id='word_1_825' title='bbox 1194 5524 1353 5577; x_wconf 87' lang='lat' dir='ltr'><strong>super</strong></span> <span class='ocrx_word' id='word_1_826' title='bbox 1389 5507 1788 5562; x_wconf 86' lang='lat' dir='ltr'><strong>conﬁrmandos</strong></span> <span class='ocrx_word' id='word_1_827' title='bbox 1816 5505 1900 5560; x_wconf 78' lang='lat' dir='ltr'><strong>di-</strong></span> 
     </span>
    </p>
   </div>
   <div class='ocr_carea' id='block_1_102' title="bbox 305 5598 1902 5671">
    <p class='ocr_par' dir='ltr' id='par_1_102' title="bbox 305 5598 1902 5671">
     <span class='ocr_line' id='line_1_102' title="bbox 305 5598 1902 5671; baseline -0.001 -16"><span class='ocrx_word' id='word_1_828' title='bbox 305 5599 602 5656; x_wconf 86' lang='lat' dir='ltr'><strong>cendarum</strong></span> <span class='ocrx_word' id='word_1_829' title='bbox 631 5602 833 5657; x_wconf 89' lang='lat' dir='ltr'><strong>similes</strong></span> <span class='ocrx_word' id='word_1_830' title='bbox 858 5601 1116 5657; x_wconf 81' lang='lat' dir='ltr'><strong>formulas</strong></span> <span class='ocrx_word' id='word_1_831' title='bbox 1146 5616 1175 5655; x_wconf 91' lang='lat' dir='ltr'><strong>e</strong></span> <span class='ocrx_word' id='word_1_832' title='bbox 1205 5600 1445 5671; x_wconf 88' lang='lat' dir='ltr'><strong>pluribus</strong></span> <span class='ocrx_word' id='word_1_833' title='bbox 1487 5599 1604 5653; x_wconf 89' lang='lat' dir='ltr'><strong>aliis</strong></span> <span class='ocrx_word' id='word_1_834' title='bbox 1632 5598 1902 5654; x_wconf 74' lang='lat' dir='ltr'><strong>veteribus</strong></span> 
     </span>
    </p>
   </div>
   <div class='ocr_carea' id='block_1_103' title="bbox 304 5692 1903 5764">
    <p class='ocr_par' dir='ltr' id='par_1_103' title="bbox 304 5692 1903 5764">
     <span class='ocr_line' id='line_1_103' title="bbox 304 5692 1903 5764; baseline -0.001 -17"><span class='ocrx_word' id='word_1_835' title='bbox 304 5692 464 5748; x_wconf 90' lang='lat' dir='ltr'><strong>libris</strong></span> <span class='ocrx_word' id='word_1_836' title='bbox 519 5692 815 5764; x_wconf 86' lang='lat' dir='ltr'><strong>descriptas</strong></span> <span class='ocrx_word' id='word_1_837' title='bbox 855 5698 937 5751; x_wconf 87' lang='lat' dir='ltr'><strong>vel</strong></span> <span class='ocrx_word' id='word_1_838' title='bbox 980 5695 1171 5751; x_wconf 90' lang='lat' dir='ltr'><strong>citatas</strong></span> <span class='ocrx_word' id='word_1_839' title='bbox 1226 5692 1425 5748; x_wconf 91' lang='lat' dir='ltr'><strong>videsis</strong></span> <span class='ocrx_word' id='word_1_840' title='bbox 1474 5692 1612 5764; x_wconf 89' lang='lat' dir='ltr'><strong>apud</strong></span> <span class='ocrx_word' id='word_1_841' title='bbox 1659 5700 1903 5750; x_wconf 89' lang='lat' dir='ltr'><strong>nostrum</strong></span> 
     </span>
    </p>
   </div>
   <div class='ocr_carea' id='block_1_104' title="bbox 308 5783 1901 5861">
    <p class='ocr_par' dir='ltr' id='par_1_104' title="bbox 308 5783 1901 5861">
     <span class='ocr_line' id='line_1_104' title="bbox 308 5783 1901 5861; baseline -0.002 -19"><span class='ocrx_word' id='word_1_842' title='bbox 308 5783 578 5842; x_wconf 80' lang='lat' dir='ltr'><strong>Edmund.</strong></span> <span class='ocrx_word' id='word_1_843' title='bbox 612 5785 851 5844; x_wconf 79' lang='lat' dir='ltr'><strong>Martene</strong></span> <span class='ocrx_word' id='word_1_844' title='bbox 885 5787 952 5853; x_wconf 90' lang='lat' dir='ltr'><strong>de</strong></span> <span class='ocrx_word' id='word_1_845' title='bbox 986 5786 1156 5861; x_wconf 89' lang='lat' dir='ltr'><strong>antiq.</strong></span> <span class='ocrx_word' id='word_1_846' title='bbox 1189 5785 1336 5842; x_wconf 88' lang='lat' dir='ltr'><strong>Eccl.</strong></span> <span class='ocrx_word' id='word_1_847' title='bbox 1380 5785 1489 5842; x_wconf 78' lang='lat' dir='ltr'><strong>Rit.</strong></span> <span class='ocrx_word' id='word_1_848' title='bbox 1536 5796 1663 5842; x_wconf 91' lang='lat' dir='ltr'><strong>tom.</strong></span> <span class='ocrx_word' id='word_1_849' title='bbox 1696 5801 1753 5852; x_wconf 83' lang='grc' dir='ltr'>ι,</span> <span class='ocrx_word' id='word_1_850' title='bbox 1783 5800 1901 5856; x_wconf 84' lang='lat' dir='ltr'><strong>pag.</strong></span> 
     </span>
    </p>
   </div>
   <div class='ocr_carea' id='block_1_105' title="bbox 1998 4669 3579 4757">
    <p class='ocr_par' dir='ltr' id='par_1_105' title="bbox 1998 4669 3579 4757">
     <span class='ocr_line' id='line_1_105' title="bbox 1998 4669 3579 4757; baseline 0.019 -37"><span class='ocrx_word' id='word_1_851' title='bbox 1998 4669 2086 4738; x_wconf 91' lang='lat' dir='ltr'><strong>qui</strong></span> <span class='ocrx_word' id='word_1_852' title='bbox 2114 4669 2165 4722; x_wconf 93' lang='lat' dir='ltr'><strong>in</strong></span> <span class='ocrx_word' id='word_1_853' title='bbox 2198 4670 2436 4726; x_wconf 89' lang='lat' dir='ltr'><strong>Ecclesia</strong></span> <span class='ocrx_word' id='word_1_854' title='bbox 2468 4673 2729 4729; x_wconf 88' lang='lat' dir='ltr'><strong>catholica</strong></span> <span class='ocrx_word' id='word_1_855' title='bbox 2766 4678 2964 4734; x_wconf 82' lang='lat' dir='ltr'><strong>fuerint</strong></span> <span class='ocrx_word' id='word_1_856' title='bbox 2994 4693 3117 4739; x_wconf 90' lang='lat' dir='ltr'><strong>ante</strong></span> <span class='ocrx_word' id='word_1_857' title='bbox 3152 4685 3444 4757; x_wconf 86' lang='lat' dir='ltr'><strong>baptizati;</strong></span> <span class='ocrx_word' id='word_1_858' title='bbox 3506 4695 3579 4750; x_wconf 87' lang='lat' dir='ltr'><strong>ita</strong></span> 
     </span>
    </p>
   </div>
   <div class='ocr_carea' id='block_1_106' title="bbox 1998 4767 3579 4852">
    <p class='ocr_par' dir='ltr' id='par_1_106' title="bbox 1998 4767 3579 4852">
     <span class='ocr_line' id='line_1_106' title="bbox 1998 4767 3579 4852; baseline 0.018 -36"><span class='ocrx_word' id='word_1_859' title='bbox 1998 4769 2196 4829; x_wconf 89' lang='lat' dir='ltr'><strong>tamen,</strong></span> <span class='ocrx_word' id='word_1_860' title='bbox 2228 4773 2284 4818; x_wconf 90' lang='lat' dir='ltr'><strong>ttt</strong></span> <span class='ocrx_word' id='word_1_861' title='bbox 2314 4781 2410 4833; x_wconf 89' lang='lat' dir='ltr'><strong>per</strong></span> <span class='ocrx_word' id='word_1_862' title='bbox 2438 4782 2628 4823; x_wconf 89' lang='lat' dir='ltr'><strong>manus</strong></span> <span class='ocrx_word' id='word_1_863' title='bbox 2660 4767 3055 4839; x_wconf 88' lang='lat' dir='ltr'><strong>impositionem</strong></span> <span class='ocrx_word' id='word_1_864' title='bbox 3110 4780 3161 4833; x_wconf 90' lang='lat' dir='ltr'><strong>in</strong></span> <span class='ocrx_word' id='word_1_865' title='bbox 3211 4784 3579 4852; x_wconf 64' lang='lat' dir='ltr'><strong>paenitentiam</strong></span> 
     </span>
    </p>
   </div>
   <div class='ocr_carea' id='block_1_107' title="bbox 1974 4854 3581 4937">
    <p class='ocr_par' dir='ltr' id='par_1_107' title="bbox 1974 4854 3581 4937">
     <span class='ocr_line' id='line_1_107' title="bbox 1974 4854 3581 4937; baseline 0.017 -29"><span class='ocrx_word' id='word_1_866' title='bbox 1974 4854 2258 4927; x_wconf 31' lang='lat' dir='ltr'><strong>(Ecclesia:</strong></span> <span class='ocrx_word' id='word_1_867' title='bbox 2300 4860 2726 4916; x_wconf 89' lang='lat' dir='ltr'><strong>reconcilientur.</strong></span> <span class='ocrx_word' id='word_1_868' title='bbox 2762 4883 2781 4915; x_wconf 79' lang='grc' dir='ltr'><strong>ι</strong></span> <span class='ocrx_word' id='word_1_869' title='bbox 2813 4864 3011 4921; x_wconf 88' lang='lat' dir='ltr'><strong>Eodem</strong></span> <span class='ocrx_word' id='word_1_870' title='bbox 3037 4870 3088 4923; x_wconf 92' lang='lat' dir='ltr'><strong>in</strong></span> <span class='ocrx_word' id='word_1_871' title='bbox 3107 4874 3330 4930; x_wconf 88' lang='lat' dir='ltr'><strong>concilio</strong></span> <span class='ocrx_word' id='word_1_872' title='bbox 3358 4878 3581 4937; x_wconf 83' lang='lat' dir='ltr'><strong>Vincen-</strong></span> 
     </span>
    </p>
   </div>
   <div class='ocr_carea' id='block_1_108' title="bbox 2002 4948 3578 5041">
    <p class='ocr_par' dir='ltr' id='par_1_108' title="bbox 2002 4948 3578 5041">
     <span class='ocr_line' id='line_1_108' title="bbox 2002 4948 3578 5041; baseline 0.016 -38"><span class='ocrx_word' id='word_1_873' title='bbox 2002 4948 2153 5003; x_wconf 89' lang='lat' dir='ltr'><strong>tiusa</strong></span> <span class='ocrx_word' id='word_1_874' title='bbox 2182 4948 2401 5004; x_wconf 90' lang='lat' dir='ltr'><strong>Thiburi</strong></span> <span class='ocrx_word' id='word_1_875' title='bbox 2447 4950 2619 5008; x_wconf 85' lang='lat' dir='ltr'><strong>dixit:</strong></span> <span class='ocrx_word' id='word_1_876' title='bbox 2656 4972 2673 5005; x_wconf 74' lang='grc' dir='ltr'><strong>ι</strong></span> <span class='ocrx_word' id='word_1_877' title='bbox 2712 4955 3000 5014; x_wconf 71' lang='lat' dir='ltr'><strong>lltrreticos</strong></span> <span class='ocrx_word' id='word_1_878' title='bbox 3024 4964 3221 5020; x_wconf 86' lang='lat' dir='ltr'><strong>scimus</strong></span> <span class='ocrx_word' id='word_1_879' title='bbox 3258 4983 3380 5023; x_wconf 91' lang='lat' dir='ltr'><strong>esse</strong></span> <span class='ocrx_word' id='word_1_880' title='bbox 3429 4972 3578 5041; x_wconf 92' lang='lat' dir='ltr'><strong>pejo-</strong></span> 
     </span>
    </p>
   </div>
   <div class='ocr_carea' id='block_1_109' title="bbox 1999 5041 3579 5131">
    <p class='ocr_par' dir='ltr' id='par_1_109' title="bbox 1999 5041 3579 5131">
     <span class='ocr_line' id='line_1_109' title="bbox 1999 5041 3579 5131; baseline 0.015 -36"><span class='ocrx_word' id='word_1_881' title='bbox 1999 5055 2087 5095; x_wconf 82' lang='lat' dir='ltr'><strong>res</strong></span> <span class='ocrx_word' id='word_1_882' title='bbox 2129 5056 2285 5111; x_wconf 89' lang='lat' dir='ltr'><strong>quam</strong></span> <span class='ocrx_word' id='word_1_883' title='bbox 2317 5041 2627 5099; x_wconf 89' lang='lat' dir='ltr'><strong>ethnicos...</strong></span> <span class='ocrx_word' id='word_1_884' title='bbox 2664 5046 2801 5116; x_wconf 84' lang='lat' dir='ltr'><strong>Ergo</strong></span> <span class='ocrx_word' id='word_1_885' title='bbox 2848 5051 3020 5119; x_wconf 89' lang='lat' dir='ltr'><strong>primo</strong></span> <span class='ocrx_word' id='word_1_886' title='bbox 3068 5071 3161 5121; x_wconf 92' lang='lat' dir='ltr'><strong>per</strong></span> <span class='ocrx_word' id='word_1_887' title='bbox 3192 5074 3379 5115; x_wconf 85' lang='lat' dir='ltr'><strong>manus</strong></span> <span class='ocrx_word' id='word_1_888' title='bbox 3410 5062 3579 5131; x_wconf 88' lang='lat' dir='ltr'><strong>impo-</strong></span> 
     </span>
    </p>
   </div>
   <div class='ocr_carea' id='block_1_110' title="bbox 2001 5131 3579 5224">
    <p class='ocr_par' dir='ltr' id='par_1_110' title="bbox 2001 5131 3579 5224">
     <span class='ocr_line' id='line_1_110' title="bbox 2001 5131 3579 5224; baseline 0.018 -40"><span class='ocrx_word' id='word_1_889' title='bbox 2001 5131 2247 5185; x_wconf 89' lang='lat' dir='ltr'><strong>sitionem</strong></span> <span class='ocrx_word' id='word_1_890' title='bbox 2278 5134 2326 5187; x_wconf 93' lang='lat' dir='ltr'><strong>in</strong></span> <span class='ocrx_word' id='word_1_891' title='bbox 2349 5136 2667 5202; x_wconf 79' lang='lat' dir='ltr'><strong>exorcismo,</strong></span> <span class='ocrx_word' id='word_1_892' title='bbox 2694 5140 2929 5197; x_wconf 89' lang='lat' dir='ltr'><strong>secundo</strong></span> <span class='ocrx_word' id='word_1_893' title='bbox 2955 5159 3049 5214; x_wconf 89' lang='lat' dir='ltr'><strong>per</strong></span> <span class='ocrx_word' id='word_1_894' title='bbox 3070 5146 3323 5217; x_wconf 62' lang='lat' dir='ltr'><strong>Baptismi</strong></span> <span class='ocrx_word' id='word_1_895' title='bbox 3354 5169 3579 5224; x_wconf 87' lang='lat' dir='ltr'><strong>regene-</strong></span> 
     </span>
    </p>
   </div>
   <div class='ocr_carea' id='block_1_111' title="bbox 2002 5224 3583 5306">
    <p class='ocr_par' dir='ltr' id='par_1_111' title="bbox 2002 5224 3583 5306">
     <span class='ocr_line' id='line_1_111' title="bbox 2002 5224 3583 5306; baseline 0.018 -30"><span class='ocrx_word' id='word_1_896' title='bbox 2002 5224 2262 5277; x_wconf 90' lang='lat' dir='ltr'><strong>rationem</strong></span> <span class='ocrx_word' id='word_1_897' title='bbox 2296 5233 2417 5279; x_wconf 91' lang='lat' dir='ltr'><strong>tunc</strong></span> <span class='ocrx_word' id='word_1_898' title='bbox 2451 5238 2670 5295; x_wconf 90' lang='lat' dir='ltr'><strong>possunt</strong></span> <span class='ocrx_word' id='word_1_899' title='bbox 2697 5230 2761 5284; x_wconf 92' lang='lat' dir='ltr'><strong>ad</strong></span> <span class='ocrx_word' id='word_1_900' title='bbox 2792 5231 2986 5289; x_wconf 84' lang='lat' dir='ltr'><strong>Christi</strong></span> <span class='ocrx_word' id='word_1_901' title='bbox 3026 5239 3458 5306; x_wconf 83' lang='lat' dir='ltr'><strong>pollicitationem</strong></span> <span class='ocrx_word' id='word_1_902' title='bbox 3493 5264 3583 5303; x_wconf 85' lang='lat' dir='ltr'><strong>ve-</strong></span> 
     </span>
    </p>
   </div>
   <div class='ocr_carea' id='block_1_112' title="bbox 2006 5314 3582 5407">
    <p class='ocr_par' dir='ltr' id='par_1_112' title="bbox 2006 5314 3582 5407">
     <span class='ocr_line' id='line_1_112' title="bbox 2006 5314 3582 5407; baseline 0.018 -39"><span class='ocrx_word' id='word_1_903' title='bbox 2006 5315 2139 5369; x_wconf 89' lang='lat' dir='ltr'><strong>nire.</strong></span> <span class='ocrx_word' id='word_1_904' title='bbox 2183 5337 2201 5367; x_wconf 77' lang='grc' dir='ltr'><strong>ι</strong></span> <span class='ocrx_word' id='word_1_905' title='bbox 2235 5314 2332 5371; x_wconf 91' lang='lat' dir='ltr'><strong>Ubi</strong></span> <span class='ocrx_word' id='word_1_906' title='bbox 2363 5334 2492 5373; x_wconf 88' lang='lat' dir='ltr'><strong>sane</strong></span> <span class='ocrx_word' id='word_1_907' title='bbox 2532 5335 2650 5375; x_wconf 90' lang='lat' dir='ltr'><strong>cum</strong></span> <span class='ocrx_word' id='word_1_908' title='bbox 2694 5338 2752 5375; x_wconf 83' lang='lat' dir='ltr'><strong>ea</strong></span> <span class='ocrx_word' id='word_1_909' title='bbox 2786 5326 3026 5394; x_wconf 79' lang='lat' dir='ltr'><strong>exigatur</strong></span> <span class='ocrx_word' id='word_1_910' title='bbox 3077 5348 3263 5389; x_wconf 86' lang='lat' dir='ltr'><strong>manus</strong></span> <span class='ocrx_word' id='word_1_911' title='bbox 3315 5337 3582 5407; x_wconf 85' lang='lat' dir='ltr'><strong>impositio</strong></span> 
     </span>
    </p>
   </div>
   <div class='ocr_carea' id='block_1_113' title="bbox 1999 5407 3578 5490">
    <p class='ocr_par' dir='ltr' id='par_1_113' title="bbox 1999 5407 3578 5490">
     <span class='ocr_line' id='line_1_113' title="bbox 1999 5407 3578 5490; baseline 0.018 -30"><span class='ocrx_word' id='word_1_912' title='bbox 1999 5422 2120 5477; x_wconf 74' lang='lat' dir='ltr'><strong>qua:</strong></span> <span class='ocrx_word' id='word_1_913' title='bbox 2146 5410 2211 5462; x_wconf 85' lang='lat' dir='ltr'><strong>ab</strong></span> <span class='ocrx_word' id='word_1_914' title='bbox 2233 5407 2423 5464; x_wconf 77' lang='lat' dir='ltr'><strong>haeresi</strong></span> <span class='ocrx_word' id='word_1_915' title='bbox 2456 5414 2788 5468; x_wconf 83' lang='lat' dir='ltr'><strong>venientibus</strong></span> <span class='ocrx_word' id='word_1_916' title='bbox 2819 5425 2941 5472; x_wconf 91' lang='lat' dir='ltr'><strong>ante</strong></span> <span class='ocrx_word' id='word_1_917' title='bbox 2972 5419 3299 5490; x_wconf 84' lang='lat' dir='ltr'><strong>Baptismum</strong></span> <span class='ocrx_word' id='word_1_918' title='bbox 3323 5430 3578 5488; x_wconf 84' lang='lat' dir='ltr'><strong>adhibea-</strong></span> 
     </span>
    </p>
   </div>
   <div class='ocr_carea' id='block_1_114' title="bbox 2004 5503 3583 5583">
    <p class='ocr_par' dir='ltr' id='par_1_114' title="bbox 2004 5503 3583 5583">
     <span class='ocr_line' id='line_1_114' title="bbox 2004 5503 3583 5583; baseline 0.016 -26"><span class='ocrx_word' id='word_1_919' title='bbox 2004 5512 2087 5557; x_wconf 88' lang='lat' dir='ltr'><strong>tur</strong></span> <span class='ocrx_word' id='word_1_920' title='bbox 2112 5544 2125 5566; x_wconf 88' lang='lat'><strong>,</strong></span> <span class='ocrx_word' id='word_1_921' title='bbox 2152 5512 2205 5557; x_wconf 89' lang='lat' dir='ltr'><strong>et</strong></span> <span class='ocrx_word' id='word_1_922' title='bbox 2233 5520 2331 5573; x_wconf 85' lang='lat' dir='ltr'><strong>qua</strong></span> <span class='ocrx_word' id='word_1_923' title='bbox 2357 5503 2463 5558; x_wconf 88' lang='lat' dir='ltr'><strong>Leo</strong></span> <span class='ocrx_word' id='word_1_924' title='bbox 2486 5504 2614 5577; x_wconf 88' lang='lat' dir='ltr'><strong>(Ep.</strong></span> <span class='ocrx_word' id='word_1_925' title='bbox 2637 5507 2775 5581; x_wconf 78' lang='grc' dir='ltr'>οινι)</span> <span class='ocrx_word' id='word_1_926' title='bbox 2801 5510 3141 5581; x_wconf 80' lang='lat' dir='ltr'><strong>baptizandus</strong></span> <span class='ocrx_word' id='word_1_927' title='bbox 3168 5520 3235 5575; x_wconf 91' lang='lat' dir='ltr'><strong>ad</strong></span> <span class='ocrx_word' id='word_1_928' title='bbox 3269 5524 3366 5578; x_wconf 91' lang='lat' dir='ltr'><strong>hoc</strong></span> <span class='ocrx_word' id='word_1_929' title='bbox 3393 5526 3583 5583; x_wconf 83' lang='lat' dir='ltr'><strong>Sacra-</strong></span> 
     </span>
    </p>
   </div>
   <div class='ocr_carea' id='block_1_115' title="bbox 2004 5599 3585 5680">
    <p class='ocr_par' dir='ltr' id='par_1_115' title="bbox 2004 5599 3585 5680">
     <span class='ocr_line' id='line_1_115' title="bbox 2004 5599 3585 5680; baseline 0.017 -30"><span class='ocrx_word' id='word_1_930' title='bbox 2004 5604 2240 5650; x_wconf 89' lang='lat' dir='ltr'><strong>mentum</strong></span> <span class='ocrx_word' id='word_1_931' title='bbox 2281 5599 2565 5666; x_wconf 50' lang='lat' dir='ltr'><strong>praeparari</strong></span> <span class='ocrx_word' id='word_1_932' title='bbox 2606 5611 2794 5666; x_wconf 85' lang='lat' dir='ltr'><strong>notat;</strong></span> <span class='ocrx_word' id='word_1_933' title='bbox 2855 5607 3028 5661; x_wconf 88' lang='lat' dir='ltr'><strong>nullus</strong></span> <span class='ocrx_word' id='word_1_934' title='bbox 3078 5621 3221 5680; x_wconf 90' lang='lat' dir='ltr'><strong>patet</strong></span> <span class='ocrx_word' id='word_1_935' title='bbox 3263 5622 3585 5677; x_wconf 88' lang='lat' dir='ltr'><strong>sacramenti</strong></span> 
     </span>
    </p>
   </div>
   <div class='ocr_carea' id='block_1_116' title="bbox 2005 5690 3587 5774">
    <p class='ocr_par' dir='ltr' id='par_1_116' title="bbox 2005 5690 3587 5774">
     <span class='ocr_line' id='line_1_116' title="bbox 2005 5690 3587 5774; baseline 0.008 -30"><span class='ocrx_word' id='word_1_936' title='bbox 2005 5690 2435 5749; x_wconf 88' lang='lat' dir='ltr'><strong>Conlirmationis</strong></span> <span class='ocrx_word' id='word_1_937' title='bbox 2478 5691 2811 5766; x_wconf 83' lang='lat' dir='ltr'><strong>intelligendi</strong></span> <span class='ocrx_word' id='word_1_938' title='bbox 2849 5697 3035 5766; x_wconf 81' lang='lat' dir='ltr'><strong>locus;</strong></span> <span class='ocrx_word' id='word_1_939' title='bbox 3068 5706 3330 5774; x_wconf 81' lang='lat' dir='ltr'><strong>siquidem</strong></span> <span class='ocrx_word' id='word_1_940' title='bbox 3359 5710 3463 5769; x_wconf 67' lang='lat' dir='ltr'><strong>hoc</strong></span> <span class='ocrx_word' id='word_1_941' title='bbox 3487 5714 3587 5771; x_wconf 70' lang='lat' dir='ltr'><strong>sa-</strong></span> 
     </span>
    </p>
   </div>
   <div class='ocr_carea' id='block_1_117' title="bbox 2007 5787 3141 5858">
    <p class='ocr_par' dir='ltr' id='par_1_117' title="bbox 2007 5787 3141 5858">
     <span class='ocr_line' id='line_1_117' title="bbox 2007 5787 3141 5858; baseline 0.01 -16"><span class='ocrx_word' id='word_1_942' title='bbox 2007 5792 2336 5843; x_wconf 77' lang='lat' dir='ltr'><strong>crumentum</strong></span> <span class='ocrx_word' id='word_1_943' title='bbox 2364 5787 2494 5845; x_wconf 89' lang='lat' dir='ltr'><strong>solis</strong></span> <span class='ocrx_word' id='word_1_944' title='bbox 2522 5788 2811 5858; x_wconf 85' lang='lat' dir='ltr'><strong>haptizatis</strong></span> <span class='ocrx_word' id='word_1_945' title='bbox 2849 5792 3141 5852; x_wconf 83' lang='lat' dir='ltr'><strong>confertur.</strong></span> 
     </span>
    </p>
   </div>
  </div>
