4116 6258
747 322 768 375 -1
781 320 883 377 '26‘5

1875 314 2209 376 STEPHANI
2247 320 2267 376 1
2308 314 2510 377 mm
2542 317 2929 375 SENTENTIA
2983 311 2999 336 ν
3036 318 3043 347 =

3758 326 3852 384 lilii

816 440 905 492 2t.
942 436 1057 505 lpse
1074 434 1232 489 etiam
1254 433 1572 504 Cyprianus,
1596 441 1654 487 ut
1677 433 1853 489 verbis
1876 445 1995 489 utar
2021 435 2321 507 Augustini,
2352 443 2403 503 Α
2430 434 2790 489 reconciliatio
2842 447 2944 485 non
3004 444 3097 500 per
3139 429 3272 484 illam
3316 428 3649 499 impositionem
3687 451 3853 504 manus,

753 554 771 585 α
804 549 925 587 cum
952 530 1157 585 exteris
1179 528 1361 583 statuit
1386 572 1400 596 ,
1432 538 1487 583 ut
1514 529 1556 582 si
1583 529 1649 582 ab
1680 528 1974 585 hzcresibns
2002 529 2233 585 redirent
2259 529 2324 583 ad

748 625 1038 680 Ecclesium
1087 623 1404 691 quicumque
1450 624 1654 676 fuerant
1686 623 1736 677 in
1782 638 1844 678 ea
1890 623 2137 691 baptizati
2172 665 2186 687 ,
2220 638 2324 677 non

742 720 849 787 jam
879 732 972 786 per
997 716 1345 785 Bapti-‘nium,
1379 715 1472 770 sed
1508 731 1601 784 per
1631 717 1995 786 paenitentiam
2023 717 2324 787 reciperen-

749 820 833 864 tur
879 809 1036 881 (Aug.
1062 808 1148 863 lib.
1170 824 1220 863 v.
1252 810 1315 861 de
1338 807 1471 879 Bap.
1504 817 1640 863 cont.
1667 808 1802 864 Dan.
1833 826 1949 879 cap.
1984 810 2093 880 Η).
2127 807 2326 864 «Immo

749 902 889 957 istud
925 918 1031 958 non
1088 915 1193 956 tam
1248 903 1501 957 statuisse
1552 903 1809 957 dicendus
1863 912 1945 958 est
1986 902 2323 974 Cyprianus,

744 1013 901 1069 quam
967 996 1108 1068 quod
1161 1011 1257 1051 usu
1314 1007 1583 1067 receptum
1643 1004 1758 1051 erat
1798 996 2163 1052 conﬁrmasse.
2219 995 2327 1049 Hac

745 1092 812 1147 de
843 1107 920 1154 re,
975 1091 1052 1144 sic
1105 1090 1327 1159 ipsemet
1357 1091 1408 1144 in
1459 1090 1689 1159 Epistola
1728 1089 1792 1143 ad
1852 1089 2100 1158 Quinttun
2150 1088 2324 1159 loqui-

746 1194 866 1239 tur:
901 1202 919 1235 ι
956 1184 1107 1250 Quod
1176 1194 1229 1238 et
1295 1198 1394 1238 nos
1443 1198 1655 1253 quoque
1707 1182 1862 1239 hodie
1926 1184 2274 1238 observamus
2306 1224 2321 1249 ,

743 1289 802 1335 ut
827 1292 961 1349 quos
988 1286 1195 1332 constat
1220 1319 1235 1342 ,
1269 1276 1355 1331 hic
1384 1276 1673 1346 baptizatos
1700 1291 1819 1331 esse
1844 1318 1858 1341 ,
1890 1287 1943 1331 et
1994 1292 2023 1330 a
2074 1276 2229 1331 nobis
2257 1276 2325 1331 ad

745 1373 1026 1428 litereticos
1062 1370 1318 1425 transisse
1342 1410 1357 1433 ,
1390 1371 1433 1424 si
1464 1369 1805 1439 postmodum
1850 1379 2070 1438 peccato
2108 1384 2208 1423 suo
2234 1382 2325 1423 co-

742 1470 889 1540 gnito
915 1478 969 1523 et
1006 1483 1189 1523 errore
1212 1466 1417 1537 digvsm
1454 1466 1518 1519 ad
1549 1466 1824 1519 veritatem
1854 1475 1902 1518 et
1931 1464 2206 1519 matricem
2238 1478 2323 1518 re-

745 1563 938 1628 deant,
986 1561 1114 1615 satis
1145 1559 1214 1613 sit
1238 1558 1302 1613 ad
1327 1557 1692 1629 paenitentiam
1737 1572 1924 1612 manus
1969 1558 2263 1627 imponere.
2298 1576 2317 1609 ι

746 1657 826 1712 Ex
854 1657 951 1710 hoc
981 1670 1137 1724 porro
1159 1655 1478 1707 usulirmum
1506 1651 1786 1706 conﬁcitur
1802 1661 2196 1721 argumentum,
2227 1666 2322 1704 uno

744 1752 812 1806 de
837 1752 1059 1821 quisque
1080 1748 1423 1803 convincatur
1451 1787 1466 1811 ,
1501 1745 1568 1799 ab
1596 1744 1784 1799 Incresi
1817 1744 1881 1799 ad
1918 1745 2203 1800 Ecclesiam
2234 1759 2318 1798 re-

2429 543 2547 598 qua:
2574 541 2667 594 per
2719 525 3106 579 invocationem
3137 520 3296 576 sancti
3322 521 3522 592 Spiritus
3545 534 3773 594 operatur,
3796 530 3857 585 sed

2426 634 2522 690 per
2548 618 2725 684 illam,
2754 633 2854 687 qua
2885 616 3206 686 paenitentia:
3230 614 3415 671 fruetus
3440 618 3680 688 acquiritur
3708 628 3750 674 et
3774 636 3858 676 sau-

2424 722 2524 767 cla:
2550 708 2941 767 communionis
2971 708 3253 771 restitutio,
3283 708 3541 778 perﬁcitur.
3564 731 3579 761 ι
3604 710 3765 777 Quibus
3780 727 3860 766 vet--

2426 806 2507 861 bis
2538 806 2732 875 duplex
2780 805 3122 875 distinguitur
3165 818 3341 857 manus
3384 804 3649 872 impositio,
3688 820 3861 874 unaque

2429 900 2753 969 pmnitcntite
2780 900 3033 954 luctuosae
3079 897 3350 969 imaginem
3392 897 3607 953 exhibeat
3626 913 3675 953 ac
3697 900 3864 955 similitu-

2426 995 2625 1063 dinem,
2658 996 2819 1050 altera
2861 1012 2978 1065 quae
3020 994 3208 1049 habeat
3237 996 3345 1061 ejus
3371 992 3643 1057 veritatem;
3667 1009 3866 1064 una,qua

2427 1105 2522 1158 per
2548 1089 2930 1144 invocationem
2970 1089 3135 1143 sancti
3183 1086 3398 1156 Spiritus
3431 1085 3756 1141 Catholicoruin
3787 1101 3868 1140 cou-

2427 1184 2601 1238 ventui
2630 1184 2813 1237 statim
2830 1182 3015 1250 siiciet,
3045 1182 3210 1237 altera
3232 1195 3329 1249 qua
3354 1178 3599 1234 dill‘eratur
3616 1187 3868 1233 sanctzecom-

2426 1278 2694 1333 munionis
2722 1279 2982 1335 restitutio
3005 1323 3019 1347 ,
3044 1287 3098 1334 et
3123 1293 3220 1349 per
3245 1277 3486 1349 plurimos
3508 1274 3769 1347 ptenitentite
3787 1276 3870 1329 lruc-

2426 1380 2513 1426 tus
2540 1371 2866 1441 acquiratur.

2496 1463 2585 1518 22.
2609 1463 2727 1519 Jam
2758 1478 2885 1519 vero
2911 1462 3360 1534 quemadmodum
3388 1461 3591 1517 diversis
3616 1460 3699 1515 illis
3718 1469 3873 1514 veterum

2425 1557 2775 1623 testimoniis,
2809 1571 2929 1627 quae
2957 1557 3213 1612 hactenus
3243 1555 3561 1626 protulimus,
3592 1568 3717 1607 nemo
3736 1568 3808 1605 non
3827 1552 3873 1605 ri-

2425 1651 2515 1707 det
2536 1668 2650 1707 eam
2695 1653 2864 1706 notari
2896 1653 3316 1709 benedictionem
3340 1697 3353 1718 ,
3387 1668 3531 1723 quam
3572 1652 3764 1719 superius
3790 1664 3875 1701 num.

2427 1746 2495 1802 l8
2530 1762 2561 1802 e
2605 1746 2909 1802 Gellonensi
2960 1747 3144 1802 codice
3191 1746 3585 1815 descripsimus:
3614 1744 3669 1798 ita
3694 1739 3876 1796 exiisdetn

746 1842 1029 1898 deuntibus
1084 1856 1187 1894 non
1231 1854 1347 1892 eam
1380 1846 1693 1907 praeceptam
1724 1852 1844 1891 esse
1888 1844 1978 1889 aut
2026 1835 2318 1889 adhibitam
2352 1843 2396 1903 Β
2426 1836 2582 1895 facile
2626 1842 2851 1911 quisque
2882 1842 3134 1911 percipit,
3168 1838 3295 1911 quid
3335 1838 3582 1908 impositio
3615 1850 3761 1889 manus
3787 1845 3879 1899 super

747 1948 940 1989 manus
973 1932 1361 2001 impositionem
1387 1971 1402 1994 ,
1427 1945 1545 2000 qua:
1571 1928 2003 1983 Conlirmationis
2054 1926 2326 1982 conferret

746 2035 1155 2088 sacramentum,
1186 2023 1276 2078 sed
1330 2038 1448 2093 qua:
1502 2021 1726 2091 publica:
1772 2021 2094 2089 pmnitentize
2137 2020 2325 2075 Saltem

746 2119 976 2188 Speciem
1008 2132 1115 2187 pra:
1138 2130 1195 2170 se
1218 2114 1397 2168 ferret.
1423 2113 1535 2167 Non
1565 2113 1705 2167 enim
1733 2113 1835 2166 alia
1866 2112 1914 2165 in
1936 2112 2173 2167 Ecclesia
2199 2113 2327 2182 bap-

748 2213 1007 2276 tizatis,e.t
1036 2211 1136 2263 alia
1168 2209 1218 2263 in
1244 2207 1432 2263 haeresi
1458 2208 1557 2262 hoc
1578 2207 1924 2263 Sacratnento
1947 2208 2165 2262 initiatis
2192 2224 2329 2278 prte—

747 2306 1041 2377 cipicbatur
1064 2312 1222 2373 atque
1256 2300 1607 2355 adhibebatur
1654 2314 1842 2355 manus
1890 2300 2158 2370 impositio
2186 2344 2201 2366 ,
2233 2300 2328 2355 sed

748 2415 847 2453 una
879 2408 932 2453 ct
956 2396 1139 2452 eadem
1169 2410 1285 2464 qua:
1310 2393 1547 2459 utriSqne
1566 2392 1865 2447 communis
1886 2401 2047 2447 esset.
2081 2392 2326 2461 Baptiza-

748 2493 815 2546 tis
837 2498 1011 2543 autem
1038 2490 1087 2542 in
1117 2486 1375 2550 Ecclesia,
1403 2501 1591 2540 manus
1620 2496 1828 2539 tantum
1862 2484 2235 2552 imponebatur
2260 2483 2329 2538 ad

748 2586 1114 2659 pmnitentiam
1141 2626 1157 2651 ,
1208 2599 1309 2638 non
1357 2582 1423 2638 ad
1466 2583 1865 2639 Sacramentum
1896 2578 2329 2635 Conlirmatiouis

747 2680 1131 2754 recipiendum;
1156 2679 1395 2750 adeoque
1420 2679 1579 2733 etiam
1600 2689 1748 2733 estra
1777 2676 2069 2731 Ecclesiam
2092 2675 2329 2745 baptiza-

746 2779 832 2833 tis.
881 2776 991 2833 Hoc
1017 2791 1111 2846 pro
1138 2784 1285 2829 certo
1327 2781 1570 2827 tenentes
1604 2770 1892 2825 Donatistae
1921 2810 1937 2835 ,
1970 2770 2167 2838 quibus
2205 2783 2331 2837 pro-

750 2872 969 2926 missum
994 2878 1127 2930 erat,
1154 2875 1211 2921 ut
1241 2866 1282 2921 si
1313 2867 1721 2934 regrederentnr
1740 2863 1804 2916 ad
1845 2862 2140 2917 Ecclesiam
2164 2905 2179 2927 ,
2206 2876 2328 2915 cum

750 2961 1043 3018 honoribus
1072 2961 1185 3015 suis
1201 2959 1582 3028 reciperentur,
1607 2956 1745 3027 apud
1772 2956 2124 3027 Augustinum
2155 2953 2326 3023 Epist.

748 3056 876 3111 olim
909 3071 975 3122 ι,
1018 3067 1156 3106 nunc
1200 3066 1407 3106 ccxxxv
1436 3093 1450 3115 ,
1496 3067 1547 3104 η.
1580 3049 1648 3103 44
1692 3049 1934 3118 inquiunt
1975 3066 1989 3102 :
2042 3068 2059 3099 ι
2092 3047 2147 3102 Si
2201 3063 2331 3117 ergo

749 3157 959 3218 Oportet
987 3186 1001 3212 ,
1026 3154 1083 3199 ut
1114 3160 1210 3199 nos
1252 3154 1401 3199 extra
1444 3143 1734 3197 Ecclesiam
1769 3151 1823 3196 et
1862 3141 2119 3196 adversus
2149 3141 2330 3195 Eccle-

2429 1947 2523 1987 eos
2562 1933 2648 2001 qui
2682 1933 2748 1987 ab
2790 1933 2978 1988 literesi
3008 1933 3272 2000 veniunt,
3318 1947 3431 1986 cum
3460 1944 3517 1985 ea
3555 1938 3879 1999 quazsupercon-

2429 2023 2718 2078 ﬁrmandos
2746 2025 3077 2087 celebratur,
3114 2038 3397 2079 commune
3440 2021 3644 2079 habeat.
3668 2026 3710 2072 et
3735 2013 3815 2084 quid
3834 2011 3879 2066 di-

2428 2131 2664 2173 versum.
2695 2118 2758 2172 Et
2784 2119 3023 2186 utrisque
3060 2118 3276 2187 quidem
3309 2132 3578 2172 commune
3599 2122 3668 2168 est
3687 2154 3699 2178 ,
3719 2108 3807 2180 quod
3822 2122 3881 2160 su-

2432 2226 2528 2282 per
2554 2227 2648 2268 eos
2667 2212 2895 2282 Spiritus
2936 2223 3152 2269 sanctus
3181 2214 3474 2268 inVocctur.
3507 2208 3711 2265 Ecclesia
3728 2206 3844 2275 quippe
3862 2214 3883 2253 ι

2431 2304 2645 2359 Christo
2686 2305 2869 2360 edocta
2903 2351 2917 2372 ,
2952 2305 3019 2360 ab
3066 2306 3255 2362 haeresi
3309 2306 3373 2360 ad
3404 2320 3460 2360 se
3497 2302 3728 2358 venientes
3750 2307 3885 2351 externo

2432 2397 2576 2451 cultu
2607 2396 2707 2451 sibi
2736 2398 2941 2451 sociare
2969 2400 3100 2452 satis
3128 2414 3231 2452 non
3266 2397 3425 2451 habet
3454 2441 3466 2463 ,
3492 2394 3584 2449 nisi
3606 2392 3735 2447 etiam
3757 2386 3889 2441 sibieos

2433 2489 2647 2543 interno
2687 2504 2749 2543 ac
2798 2490 3020 2559 Spiritali
3052 2490 3266 2543 vinculo
3293 2489 3505 2559 copulet
3544 2496 3680 2555 atque
3701 2478 3887 2536 devinciat.

2432 2584 2501 2638 At
2527 2600 2654 2639 vero
2682 2584 2732 2640 id
2770 2601 2906 2640 unus
2935 2597 3108 2656 potest
3138 2598 3392 2658 praestare
3437 2584 3646 2655 Spiritus
3678 2584 3894 2639 Sanctusut

2432 2688 2510 2733 tot
2541 2679 2776 2734 membra
2805 2696 2901 2751 per
2927 2681 3107 2737 urbem
3133 2696 3317 2752 Sparsa
3351 2683 3495 2736 uniat
3524 2723 3537 2745 ,
3566 2690 3613 2735 et
3632 2692 3755 2732 unum
3771 2689 3814 2726 et
3833 2671 3891 2733 iis,

2432 2786 2625 2842 corpus
2644 2774 2858 2829 efficiat.
2884 2774 3066 2845 Neque
3094 2778 3251 2847 igitur
3275 2779 3494 2843 mirum,
3518 2776 3557 2830 si
3576 2772 3767 2829 Ecclesia
3783 2766 3898 2821 iisdem

2435 2866 2613 2921 verbis
2638 2876 2692 2922 et
2719 2867 3051 2923 venientibus
3078 2869 3145 2923 ab
3187 2869 3382 2927 literesi
3413 2880 3466 2925 et
3494 2860 3803 2923 eonlirniandis
3830 2855 3899 2924 δνῑ·

2432 2960 2592 3012 ritum
2620 2968 2862 3015 sanctum
2919 2970 3184 3030 precetur.
3216 2962 3325 3019 Sed
3377 2963 3444 3029 si,
3476 2961 3639 3017 hacin
3663 2951 3904 3021 re,utrisque

2433 3054 2730 3107 Communis
2756 3065 2836 3108 est
2866 3054 3117 3109 Ecclesia:
3148 3070 3245 3125 pro
3264 3057 3395 3126 ipsis
3416 3055 3611 3117 oratio,
3634 3052 3674 3105 in
3698 3049 3764 3101 hoc
3783 3053 3905 3095 tamen

2432 3144 2613 3201 diﬂ‘ert
2640 3187 2656 3213 ,
2688 3147 2828 3217 quod
2870 3146 2978 3202 illis
3030 3162 3278 3218 premitur
3299 3191 3319 3216 ,
3370 3156 3431 3204 ut
3458 3146 3687 3219 Spiritum
3707 3142 3906 3193 sanctum.

750 3241 883 3296 siam
911 3240 1071 3293 fuisse
1096 3239 1375 3308 poeniteat,
1411 3244 1469 3291 ut
1494 3236 1627 3290 salvi
1648 3250 1767 3290 esse
1796 3236 2083 3304 pessimus,
2116 3249 2332 3303 quomo-
2358 3242 2402 3307 ο
2436 3254 2592 3308 quem
2622 3254 2726 3293 non
2752 3240 3036 3306 habebant,
3056 3240 3163 3310 jam
3193 3240 3399 3296 habere
3430 3230 3906 3307 incipiant;bisaulem

752 3332 821 3387 do
847 3338 964 3401 post
983 3330 1134 3384 istam
1164 3327 1528 3398 paenitentiam
1554 3326 1692 3398 apud
1719 3341 1813 3382 vas
1843 3327 2020 3381 clerici
2056 3326 2140 3380 vel
2171 3330 2329 3381 etiam

750 3422 985 3495 episcopi
1035 3420 1451 3491 pernianenius?
1500 3439 1519 3472 ι
1553 3419 1704 3487 Quod
1755 3434 1859 3473 non
1908 3419 2164 3473 dixissent
2213 3417 2329 3486 illi,

754 3517 854 3573 nisi
885 3530 1193 3587 persuasum
1216 3516 1295 3569 eis
1324 3514 1508 3569 fuisset
1527 3528 1713 3567 manus
1741 3514 2131 3583 impositionem
2158 3514 2331 3583 poeni-

754 3613 936 3669 tentia:
969 3610 1213 3681 publicae,
1246 3624 1364 3678 qua:
1416 3623 1600 3664 arcere
1645 3625 1673 3662 a
1705 3609 1853 3663 clero
1880 3608 2125 3676 solebat,
2160 3611 2333 3663 vicem

751 3703 1127 3776 gerere.llanc
1149 3701 1472 3773 prenitentite
1504 3702 1674 3771 potius
1702 3701 2005 3772 imaginem,
2038 3717 2194 3771 quam
2222 3716 2333 3771 poe-

754 3796 1029 3851 nitentiain
1083 3793 1353 3863 appellare
1390 3794 1592 3848 mavult
1642 3791 2022 3848 Innocentius:
2074 3793 2163 3864 qui
2207 3793 2330 3863 qui-

754 3888 874 3943 dem
914 3885 1229 3941 Arianorum
1266 3901 1328 3940 ac
1348 3885 1596 3939 similium
1628 3885 1995 3940 haereticorum
2026 3884 2248 3939 clericos
2280 3885 2332 3938 in

756 3980 1045 4035 honoribus
1100 3980 1209 4033 suis
1257 3978 1593 4048 recipiendos
1618 3977 1741 4032 dum
1791 3978 1985 4032 acriter
2024 3987 2213 4046 negat,
2266 3978 2334 4034 de

754 4078 904 4133 laicis
928 4092 1109 4131 corum
1141 4076 1255 4130 haec
1283 4075 1480 4130 habet:
1520 4094 1537 4125 ‹
1578 4076 1774 4130 Eorum
1817 4074 1981 4130 laicos
2020 4074 2119 4130 sub
2147 4073 2333 4144 imagi-

757 4187 825 4227 ne
850 4170 1173 4241 poenitentitc
1202 4183 1265 4223 ac
1311 4168 1477 4223 sancti
1523 4168 1751 4237 Spiritus
1780 4166 2197 4223 sanctificatione
2244 4181 2336 4234 per

757 4280 949 4321 manus
1000 4263 1389 4332 impositionem
1432 4262 1807 4332 suscipimus.»
1844 4262 1909 4316 Et
1940 4262 2122 4332 paucis
2167 4262 2331 4315 inter-

754 4359 911 4429 jectis
944 4376 956 4410 :
995 4376 1014 4409 ι
1050 4357 1147 4424 Qui
1178 4356 1291 4411 ﬁeri
1322 4364 1494 4426 potest
1521 4398 1534 4418 ,
1564 4366 1620 4410 ut
1657 4370 1841 4410 eorum
1876 4354 2124 4425 profanos
2152 4369 2333 4409 sacer-

757 4453 908 4508 dotes
931 4451 1120 4522 dignos
1145 4449 1339 4504 (.bristi
1372 4448 1665 4503 honoribus
1712 4449 2036 4503 arbitremur
2058 4488 2074 4511 ,
2106 4461 2332 4516 quorum

752 4551 920 4605 laicos
969 4546 1303 4618 imperfectos
1343 4544 1409 4598 ad
1455 4545 1624 4600 sancti
1669 4544 1894 4611 Spiritus
1943 4543 2334 4613 percipiendam

2437 3345 2491 3388 ut
2520 3351 2677 3405 quem
2719 3335 3025 3402 habebant,
3055 3338 3418 3393 abundantius
3447 3338 3696 3396 habeant,
3716 3342 3788 3383 seu
3814 3322 3909 3377 ιιιὶῐλ

2434 3426 2673 3482 dicamus
2699 3468 2714 3493 ,
2758 3427 2945 3484 fortius
2976 3429 3290 3501 impressum
3324 3429 3577 3484 habeant.
3608 3422 3733 3481 Unde
3752 3433 3795 3474 ca
3815 3415 3909 3466 etiam

2436 3520 2487 3574 in
2516 3530 2735 3592 utraque
2758 3520 3128 3577 benedictione
3162 3521 3466 3579 differentia
3490 3527 3570 3576 est
3596 3561 3610 3586 ,
3638 3511 3755 3587 quod
3776 3505 3909 3563 venien-

2437 3613 2574 3669 tibus
2601 3615 2667 3669 ab
2698 3614 2909 3679 haeresi,
2938 3616 3077 3670 nulla
3103 3614 3363 3687 signaculi
3390 3615 3654 3671 ntentioue
3680 3607 3787 3662 facta
3806 3646 3816 3668 ,
3836 3600 3911 3653 sim-

2436 3706 2643 3777 pliciter
2672 3707 2947 3762 invocetur
2975 3706 3202 3774 Spiritus
3224 3718 3444 3762 sanctus
3471 3723 3485 3770 ;
3531 3691 3913 3759 conliruiaudisau-

2438 3808 2567 3865 tem,
2593 3809 2783 3868 pr:rter
2808 3798 3135 3867 septifortnis
3162 3798 3397 3867 Spiritus
3421 3795 3777 3853 invocationem
3795 3827 3807 3851 ν
3823 3781 3915 3836 eum

2438 3893 2767 3962 consignatio
2804 3902 3038 3964 rogetur.
3090 3890 3259 3947 Nemo
3287 3907 3419 3948 vero
3451 3892 3686 3962 ignorat,
3715 3873 3919 3954 primm“

2439 3984 2866 4040 Conlirtnationis
2906 3984 3295 4051 differentiam,
3330 4002 3437 4057 qua
3489 3984 3591 4038 hoc
3631 3978 3921 4035 Sacramentum

2439 4095 2469 4134 a
2516 4080 2725 4134 caeteris
2770 4079 3142 4151 distinguatur,
3176 4080 3226 4135 in
3281 4076 3592 4149 hujusmodi
3634 4063 3922 4140 Consistit!le

2438 4173 2706 4228 constitui.
2731 4172 2841 4239 Qua
2868 4174 2933 4227 de
2964 4188 3020 4228 re
3041 4173 3192 4227 nobis
3208 4174 3337 4227 satis
3357 4174 3431 4226 sit
3461 4186 3624 4226 unum
3651 4163 3843 4221 recolere
3867 4166 3925 4208 ιεέο

2440 4268 2714 4322 limoninm
2753 4267 2985 4323 Cornelii
3028 4283 3150 4323 cum
3181 4266 3478 4349 Niiv’tiano
3504 4266 3582 4320 sic
3608 4248 3925 4349 CXpOSluiallllS‘l

2447 4378 2466 4409 ι
2500 4358 2684 4428 Neque
2715 4370 2992 4431 postquam
3025 4338 3405 4415 Iiberatusvest
3428 4359 3462 4414 ἐι
3490 4356 3675 4413 inorbo
3703 4395 3718 4420 ,
3747 4348 3883 4423 (Εμὺιο
3902 4338 3929 4391 9'

2440 4469 2495 4506 "~
2524 4452 2608 4524 4ο)
2635 4454 2710 4525 (ίη
2738 4470 2841 4524 «tuo
2866 4454 3192 4525 Bnplismum
3222 4455 3397 4512 solum
3427 4469 3568 4525 aqua
3601 4448 3814 4522 perfusus
3846 4448 3929 4493 ταῦ

2438 4549 2639 4615 peral,)
2674 4547 2873 4618 reliqua
2899 4549 3152 4618 percepit,
3182 4564 3300 4620 qua:
3325 4548 3628 4603 secundum
3674 4539 3862 4613 regulam
3884 4530 3935 4583 Et.

757 4644 979 4714 gratiam
1011 4656 1129 4696 enin
1162 4638 1488 4710 paenitentia:
1515 4637 1743 4708 imagine
1773 4636 2158 4706 recipiamus?»
2187 4634 2331 4707 (Iun.
2362 4639 2414 4701 Ι)
2440 4639 2619 4693 clesia:
2642 4640 2978 4709 percipienda
3010 4651 3136 4695 sunt
3162 4656 3331 4712 neque
3358 4642 3428 4697 ab
3458 4642 3710 4711 episc0po
3748 4638 3933 4687 cossim

756 4736 947 4808 quid.
973 4736 1037 4788 ad
1068 4735 1215 4789 Alex.
1243 4751 1295 4787 η.
1318 4734 1371 4789 4.
1394 4735 1412 4801 )
1435 4731 1533 4788 Ubi
1563 4746 1692 4787 sane
1724 4746 1912 4786 manus
1942 4732 2335 4800 impositionem

758 4830 1057 4901 cujusdam,
1091 4828 1463 4884 satisfactionis
1492 4843 1669 4895 causa,
1702 4826 1779 4881 eis
1809 4826 2047 4881 adhiberi
2087 4825 2215 4880 Satis
2255 4825 2337 4880 in-

760 4925 921 4981 dicat.
951 4923 1077 4980 ldeo
1110 4934 1285 4978 autem
1317 4921 1641 4993 ptenitentite
1673 4921 1845 4990 imago
1874 4920 1942 4974 ab
1971 4935 2037 4975 eo
2066 4928 2285 4975 vocatur
2318 4960 2334 4986 ,

756 5020 877 5089 quia
900 5018 1076 5088 ei,qui
1106 5016 1173 5072 ad
1207 5016 1499 5071 Ecclesiam
1523 5016 1590 5069 ab
1612 5014 1799 5069 haeresi
1832 5012 2060 5077 redibat,
2091 5013 2228 5067 nulla
2258 5013 2339 5068 in-

756 5110 1114 5181 jungebantur
1136 5124 1296 5179 opera
1328 5108 1586 5162 laboriosa
1620 5150 1636 5173 ,
1668 5123 1840 5178 neque
1860 5106 2162 5161 communio
2182 5105 2335 5162 diﬂe—

760 5201 1118 5266 rcbatnr;sed
1150 5202 1193 5256 is
1223 5202 1397 5255 statim
1425 5243 1439 5265 ,
1473 5210 1525 5254 ut
1556 5200 1787 5270 loquitur
1803 5199 1911 5254 Leo
1936 5199 2043 5269 jitlll
2074 5199 2335 5264 laudatus,

766 5316 784 5348 ι
827 5312 919 5367 per
945 5294 1328 5349 invocationem
1352 5294 1517 5347 solam
1548 5293 1870 5362 septiforniis
1897 5291 2125 5361 Spiritus
2158 5335 2171 5359 ,
2203 5293 2339 5362 epis-

761 5391 963 5460 copalis
994 5403 1181 5443 manus
1226 5387 1561 5457 impositione
1590 5431 1604 5454 ,
1639 5385 1925 5440 Catholicis
1954 5386 2275 5442 sociabatur.
2312 5406 2331 5437 ι

762 5482 1016 5548 Quocirca
1042 5481 1262 5550 Vigilius
1282 5496 1416 5550 papa
1460 5480 1626 5548 Epist.
1659 5496 1693 5533 ll
1716 5480 1780 5533 ad
1821 5479 2160 5535 Profuturum
2192 5498 2247 5535 n.
2276 5482 2330 5547 4,

760 5573 1090 5641 distinguens
1118 5588 1230 5637 eos,
1261 5573 1346 5641 qui
1375 5573 1424 5625 in
1454 5571 1640 5625 lucresi
1671 5572 1981 5642 simpliciter
2010 5581 2133 5628 sunt
2164 5573 2335 5642 bapti—

758 5679 785 5713 z
806 5664 859 5715 uti
880 5705 892 5726 ,
932 5664 998 5716 ab
1024 5664 1087 5715 iis
1111 5664 1247 5731 «qui,
1281 5663 1619 5731 Baptismatis
1635 5667 1797 5732 gratia
1825 5666 2067 5721 salutaris
2091 5676 2329 5736 accepta,

758 5752 896 5813 apud
928 5752 1148 5804 Arianos
1193 5754 1380 5804 iterum
1432 5753 1676 5819 baptizati
1703 5799 1716 5820 ,
1763 5756 2035 5824 profundae
2064 5757 2332 5827 voraginis

763 5844 886 5884 sunt
914 5844 1083 5888 morte
1128 5838 1393 5900 demersi,
1454 5858 1472 5889 ι
1507 5841 1571 5893 de
1610 5841 1692 5894 his
1735 5843 2004 5898 decernit:
2043 5867 2060 5897 ι
2091 5847 2329 5913 Quorum

2441 4750 2539 4789 'rus
2567 4743 2664 4789 est.
2687 4733 2797 4791 Hoc
2824 4744 2998 4790 autem
3017 4736 3291 4807 signaculo
3320 4737 3549 4792 minime
3583 4738 3813 4805 percepto
3835 4764 3846 4788 ,
3866 4729 3939 4785 φλ)

2442 4826 2601 4880 modo
2630 4826 2882 4896 Spiritum
2914 4839 3152 4883 sanctum
3186 4829 3353 4899 potuit
3392 4826 3693 4898 accipere?
3726 4842 3742 4875 ι
3771 4818 3814 4872 Id
3836 4814 3936 4881 ipsum

2440 4920 2757 4974 confirmant
2801 4921 2909 4990 jam
2991 4922 3233 4993 superius
3322 4922 3493 4977 relata
3562 4901 3941 4990 Cypriauiﬁ'em'

2442 5011 2573 5067 Cum
2591 5015 2748 5083 igitur
2763 5013 2829 5069 ab
2843 5029 2902 5068 ea
2925 5014 3312 5080 benedictione,
3336 5030 3439 5084 qua
3456 5010 3765 5069 deserentes
3779 4994 3940 5058 heresim

2442 5103 2496 5158 in
2551 5104 2785 5160 Ecclesia
2823 5105 3233 5174 suscipiebatur,
3292 5105 3429 5160 :ihsil
3485 5105 3582 5160 illa
3616 5098 3859 5173 precatio,
3891 5098 3947 5156 φη

2443 5197 2821 5251 contirmaudis
2867 5198 3195 5269 cmisignatio
3243 5197 3573 5269 rogabatur,
3608 5197 3741 5251 hanc
3783 5181 3946 5245 belli!!!“

2443 5288 2640 5342 tionem
2671 5304 2698 5341 a
2753 5301 3086 5344 sacramento
3124 5288 3569 5345 Conlirmationis
3616 5274 3950 5355 diStinguendm

2442 5395 2561 5436 esse
2586 5380 2921 5437 tnunifeslum
2952 5390 3053 5437 est.

2510 5475 2599 5530 9.5.
2632 5476 2762 5544 Quia
2788 5485 2961 5530 tamen
2989 5476 3364 5531 conﬁrmandis
3389 5484 3441 5531 et
3466 5471 3804 5531 venientibus
3826 5464 3877 5520 ab
3892 5460 3953 5513 Μ’

2440 5569 2544 5623 resi
2588 5569 2687 5623 hoc
2725 5586 3006 5625 commune
3024 5580 3157 5635 erat,
3184 5580 3238 5626 ut
3255 5572 3493 5641 utrisque
3513 5561 3877 5637 etepiscopalis
3897 5558 3951 5607 im'

2440 5674 2725 5733 poneretur
2754 5680 2962 5731 manus,
2994 5676 3047 5720 et
3076 5664 3399 5736 septiforinis
3426 5663 3674 5734 Spiritus
3703 5660 3871 5718 iisdem
3890 5664 3955 5703 κί’

2438 5757 2519 5813 bis
2561 5760 2894 5817 ί¹¹ν⁰⁰³ΐειω⁸
2924 5777 2938 5827 ;
2972 5760 3070 5817 hac
3093 5761 3326 5834 utrisque
3362 5761 3502 5817 ritus
3529 5758 3841 5831 cognatione
3864 5742 3952 5802 facii:

2438 5849 2637 5907 inducti
2666 5862 2789 5909 sunt
2820 5854 3094 5922 nonnulli,
3123 5862 3181 5913 ut
3222 5862 3628 5915 sacramentum
3657 5839 3955 5911 Confirmata-
