4116 6258
226 295 352 354 1265

1195 285 1397 345 amca
1435 284 1919 344 RECEPTIONEM
1963 272 2493 343 ιιιειιετιροιιιιιι.

3340 282 3477 340 1266

223 416 298 472 nis
322 412 518 485 pariter
533 411 768 482 utrisque
791 406 1018 464 conferri
1044 405 1429 463 existimarem.
1458 405 1789 474 Quamquam
1815 408 1869 466 Α
1894 403 2089 458 veritas
2106 403 2391 474 praevaleat
2416 443 2431 468 ,
2459 416 2579 456 nam
2607 399 2937 456 consuetudo
2982 401 3098 455 sine
3129 400 3352 454 veritate
3380 415 3467 452 ve-

223 506 549 565 inftciandum
582 520 685 559 non
716 512 797 558 est
836 500 1116 556 concilium
1149 499 1550 567 ConstantinOp.
1580 513 1617 565 ι,
1670 511 1791 551 can.

223 600 269 669 7,
299 602 452 655 etiam
486 597 610 653 illud
631 597 1030 651 Sacramentum
1060 593 1320 648 haereticis
1348 590 1630 656 nonnullis,
1663 604 1794 660 quos

221 688 706 765 appellat,conferri
730 688 979 754 voluisse,
1014 696 1193 756 utpote
1231 684 1421 755 quibus
1451 680 1795 736 redeuntibus

222 787 461 858 praecepit
486 782 737 845 frontem,
764 780 975 845 oculus,
1008 794 1162 833 nares
1187 820 1200 838 ,
1241 792 1300 831 os
1330 784 1384 830 et
1427 790 1587 829 aures
1611 783 1795 827 sancto

221 880 508 936 Cltrismate
551 878 770 948 signari.
799 886 853 932 et
901 894 927 929 a
959 873 1290 947 signantihus
1313 872 1416 927 dici
1440 913 1454 937 ,
1489 890 1506 921 ι
1542 870 1797 940 Signacn-

220 977 317 1031 lum
342 973 466 1028 doni
506 970 735 1042 Spiritus
762 971 952 1024 sancti.
986 987 1005 1020 ι
1041 969 1147 1023 Cur
1175 982 1299 1021 vero
1327 964 1640 1020 nominatim
1674 977 1795 1017 cum

218 1068 513 1125 Novatianis
539 1067 615 1121 sic
661 1068 741 1135 agi
772 1063 994 1119 voluerit
1024 1104 1040 1129 ,
1070 1061 1297 1132 explicat
1327 1057 1695 1112 Theodoretus
1711 1069 1799 1108 su-

218 1161 385 1235 perius
417 1176 534 1230 pag.
564 1158 668 1214 154
696 1200 710 1220 ,
736 1168 844 1212 ιιοι.
877 1171 926 1212 c.
956 1155 1171 1210 relatus.
1204 1154 1429 1208 Arianos
1459 1165 1586 1205 vero
1611 1191 1624 1214 ,
1666 1163 1799 1220 quos

220 1254 453 1310 sitnihter
479 1250 765 1322 signandos
792 1264 909 1304 esse
938 1247 1078 1302 idem
1107 1245 1390 1301 concilium
1423 1241 1605 1297 statuit
1638 1282 1654 1307 ,
1685 1240 1798 1294 sola

220 1363 400 1405 manus
430 1344 766 1416 impositione
790 1344 839 1395 in
871 1338 1157 1396 Occidente
1187 1337 1350 1407 recipi
1381 1334 1671 1406 Gregorius
1701 1332 1792 1386 lib.

224 1458 307 1510 ιιι,
337 1439 449 1495 1ηά.
475 1440 540 1503 4,
572 1436 741 1507 Epist.
780 1435 845 1490 67
868 1433 932 1488 ad
955 1433 1225 1502 Quiricum
1270 1440 1508 1485 testatur.
1539 1427 1799 1483 Cteterum

221 1532 565 1606 impositionis
612 1544 819 1596 manus,
874 1526 1141 1582 haereticis
1164 1522 1527 1587 redeuntibus,
1551 1518 1801 1573 adhibitae

221 1629 406 1699 duplex
435 1634 551 1682 erat
592 1622 833 1679 effectus.
874 1621 967 1675 Illa
1007 1620 1147 1675 enim
1174 1619 1225 1672 in
1257 1617 1321 1673 iis
1342 1624 1393 1670 ut
1425 1612 1803 1686 paenitentibus

222 1722 465 1778 abluebat
486 1718 749 1773 hzrt‘etica‘.
773 1716 941 1785 culpa:
965 1716 1135 1769 labem
1160 1730 1174 1777 ;
1202 1712 1418 1768 eosdem
1450 1726 1576 1765 vero
1604 1719 1659 1763 ut
1685 1723 1803 1763 cor-

1898 504 2064 552 tustas
2089 497 2286 552 erroris
2304 506 2387 551 est
2416 514 2430 561 ;
2480 515 2498 547 ι
2534 498 2588 549 ut
2614 498 2804 551 saltem
2831 497 2947 566 ejus
2975 505 3289 549 vetustatem
3321 492 3475 548 fateri

1896 599 2132 659 cogatur.
2165 587 2415 655 Eiusdem
2442 588 2804 660 antiquitatem
2853 590 3047 658 pariter
3087 586 3348 651 confiteri,
3385 602 3478 640 ve—

1896 683 2070 736 ritatis
2097 682 2147 735 vi
2194 682 2451 737 suadente
2477 693 2636 753 atque
2662 684 3030 748 convincente,
3063 681 3318 750 compulsi
3355 690 3482 735 sunt

1896 785 1952 832 et
1979 776 2066 830 alii
2097 777 2334 847 episcopi
2389 777 2477 846 qui
2533 792 2653 831 cum
2679 776 3023 847 Cyprianoin
3074 774 3478 844 Carthaginiensi

1897 873 2121 928 concilio
2144 872 2507 927 considebant.
2532 871 2596 925 Et
2618 871 2804 924 hormn
2827 868 3037 939 quidem
3061 868 3351 923 sententias
3372 868 3482 923 Au~

1897 966 2162 1033 gustinus,
2192 966 2283 1020 lib.
2314 980 2388 1018 ιιι.
2419 964 2486 1017 de
2513 963 2663 1032 Bapt.
2697 972 2841 1017 cont.
2879 962 3009 1016 Don.
3036 976 3152 1031 cap.
3179 961 3232 1026 5,
3268 958 3321 1025 6,
3352 969 3485 1026 etc.,

1899 1059 2142 1115 consulto
2158 1058 2387 1127 collegit,
2411 1064 2466 1111 ut
2494 1056 2545 1110 id
2573 1071 2664 1111 eos
2690 1054 2911 1110 inficiari
2942 1070 3046 1109 non
3076 1054 3311 1125 potuisse
3334 1067 3482 1108 com-

1899 1154 2173 1225 probaret.
2206 1136 2209 1147 ”

1970 1249 2059 1304 25.
2095 1247 2212 1317 Ipse
2245 1245 2404 1301 etiam
2432 1244 2793 1311 Firmilianus,
2813 1244 3056 1315 quamvis
3077 1241 3213 1311 apud
3240 1255 3364 1296 suos
3386 1255 3484 1295 an-

1902 1343 2105 1412 tiquum
2131 1356 2250 1396 esse
2270 1339 2525 1396 obtendat
2572 1339 2852 1393 haereticos
2903 1334 3202 1405 baptizandi
3230 1349 3432 1389 morem
3467 1376 3482 1400 ,

1902 1437 2147 1492 eumdem
2177 1444 2353 1490 tamen
2382 1434 2519 1504 apud
2548 1432 2709 1487 Afros‘
2730 1446 2923 1486 novum
2954 1432 3091 1483 ultro
3130 1428 3369 1499 agnoscit
3402 1427 3484 1480 his

1901 1530 2112 1586 verbis:
2150 1548 2167 1581 ι
2196 1529 2465 1583 Adversus
2505 1526 2829 1597 Stephanum
2861 1538 2955 1579 vos
3005 1522 3183 1577 dicere
3225 1520 3334 1575 Afri
3390 1534 3488 1590 po-

1904 1626 2055 1681 testis
2081 1666 2094 1690 ,
2124 1624 2334 1693 cognita
2386 1623 2606 1677 veritate
2630 1663 2645 1687 ,
2694 1635 2930 1675 errorem
2961 1632 3057 1673 vos
3086 1615 3487 1673 consuetudinis

1904 1719 2204 1789 reliquisse.
2244 1737 2262 1770 ι
2293 1716 2496 1785 Quibus
2519 1714 2712 1770 deinde
2737 1715 2787 1768 in
2810 1712 3030 1784 gratiam
3063 1712 3349 1780 provinciae
3380 1723 3490 1763 sua:

223 1824 392 1871 rectos
423 1812 676 1868 Ecclesiae
722 1807 1025 1879 copulabat.
1060 1805 1318 1861 Effectum
1371 1812 1652 1869 utrumque
1703 1801 1808 1854 Au-

1924 1811 2090 1866 lddil:
2127 1831 2145 1863 ι
2166 1810 2428 1865 Caeterum
2462 1825 2558 1864 nos
2584 1808 2792 1863 veritati
2821 1816 2877 1862 et
2903 1804 3341 1860 consuetudinem
3370 1805 3495 1872 jun-

225 1912 462 1981 gustinus
515 1906 584 1960 ita
631 1902 908 1958 enuntiat-
946 1919 964 1952 ι
996 1900 1179 1954 Manus
1222 1908 1397 1953 autem
1447 1894 1714 1966 impositio
1760 1893 1806 1947 si

224 2018 325 2059 non
353 1999 693 2055 adhiberetur
724 1996 792 2051 ab
826 1995 1015 2050 haeresi
1041 1993 1272 2048 venienti
1305 2033 1319 2056 ,
1360 2003 1627 2063 tamquam
1659 1999 1808 2046 extra

224 2110 429 2149 omnem
458 2093 666 2162 culpam
696 2103 815 2143 esse
858 2088 1207 2157 judicaretur.
1264 2084 1485 2153 Propter
1535 2084 1811 2138 charitatis

224 2198 393 2244 autem
423 2186 840 2258 copulationem,
872 2182 1014 2253 quod
1040 2190 1123 2236 est
1148 2181 1435 2235 maximum
1464 2180 1662 2234 donum
1693 2178 1812 2248 Spi-

224 2286 353 2342 ritus
369 2283 560 2348 sancti,
590 2281 706 2335 sine
732 2293 837 2350 quo
862 2293 965 2331 non
996 2276 1173 2331 valent
1195 2274 1261 2329 ad
1282 2274 1508 2329 salutem
1538 2289 1810 2345 qumcum-

227 2392 327 2448 que
349 2374 450 2429 alia
494 2382 677 2428 sancta
717 2370 769 2425 in
798 2370 1012 2425 homine
1040 2367 1233 2422 fuerint
1262 2408 1277 2431 ,
1312 2382 1501 2421 manus
1547 2365 1811 2420 haereticis

228 2470 513 2541 imponitur
536 2509 551 2531 ,
592 2486 610 2518 ι
645 2465 759 2533 (lib.
784 2480 836 2519 v.
869 2464 931 2518 de
957 2462 1109 2531 Bapt.
1167 2469 1301 2515 cont.
1338 2460 1523 2514 Donat.
1566 2477 1612 2513 ε.
1654 2459 1726 2514 25
1755 2476 1808 2515 rt.

232 2564 343 2633 55.)
375 2561 506 2615 Hinc
531 2569 584 2614 et
613 2558 678 2612 ad
707 2554 1073 2626 accipiendum
1104 2554 1357 2624 Spiritum
1381 2561 1645 2617 sanctum,
1684 2560 1739 2605 et
1761 2551 1813 2605 in

231 2654 594 2728 pcenitentiam
639 2664 827 2704 manus
849 2649 926 2702 eis
953 2646 1152 2716 intpOni
1186 2688 1201 2712 ,
1233 2656 1321 2700 aut
1370 2654 1650 2713 utrumque
1677 2685 1693 2709 ,
1725 2642 1813 2713 qui

231 2748 432 2810 dicunt,
461 2744 589 2798 nihil
621 2742 940 2811 eloquuntur
964 2781 977 2803 ,
1005 2738 1145 2809 quod
1178 2753 1279 2790 non
1320 2751 1443 2790 cum
1468 2736 1683 2805 antiqua
1712 2734 1815 2789 fide

232 2840 545 2901 consentiat.
586 2848 673 2892 aut
702 2836 840 2891 unde
861 2850 953 2890 eos
997 2833 1348 2903 impositionis
1398 2830 1697 2899 hujnsmodi
1726 2843 1817 2882 vo-

235 2934 421 2989 calmlo
451 2940 838 2985 sacramentum
869 2925 1300 2982 Confirmationis
1345 2923 1672 2979 intellexisse
1690 2936 1819 2975 cou-

236 3025 460 3082 liciatur.
504 3024 716 3078 Minime
742 3035 871 3077 vero
898 3021 1133 3075 omnium
1181 3017 1234 3073 id
1266 3033 1331 3074 ex
1357 3017 1534 3073 verbis
1564 3016 1819 3086 Stephani

235 3121 352 3177 elici
374 3128 563 3189 potest.

1910 1907 2107 1977 gimus,
2141 1916 2194 1961 et
2222 1906 2596 1961 consuetudini
2636 1905 2998 1959 Rontanortnn
3027 1900 3491 1963 consuetudinem,

1912 2000 2005 2055 sed
2026 2000 2261 2055 veritatis
2279 1999 2597 2068 opponimus
2619 2015 2635 2064 ;
2659 1998 2726 2052 ab
2744 1999 2893 2052 initio
2912 1997 3011 2052 hoc
3028 2006 3288 2061 tenentes,
3305 1993 3448 2065 quod
3468 2008 3496 2047 a

1910 2089 2125 2146 Christo
2151 2099 2203 2146 et
2244 2092 2312 2145 ab
2336 2091 2593 2160 Apostolo
2619 2091 2867 2145 traditum
2898 2098 2998 2143 est.
3038 2108 3056 2141 ι
3106 2088 3161 2143 lu
3192 2086 3291 2141 hac
3338 2100 3496 2156 porro

1913 2186 2294 2241 sententiarum
2333 2198 2505 2254 pugna
2527 2224 2542 2250 ,
2571 2183 2697 2237 dum
2728 2182 2850 2236 hinc
2881 2180 3185 2251 Stephanus
3213 2179 3493 2234 haéretico—

1912 2293 2029 2333 rum
2046 2277 2310 2347 Baptisma
2335 2275 2597 2345 recipiens
2626 2276 2772 2339 dicit,
2802 2294 2819 2327 ι
2851 2273 3002 2342 Quod
3024 2276 3092 2328 ab
3112 2272 3381 2344 Apostolis
3403 2286 3497 2327 ac-

1913 2372 2187 2439 cepimus,
2242 2371 2543 2441 sequimur,
2584 2389 2603 2421 ›
2637 2369 2780 2424 illinc
2835 2367 3172 2423 Firmilianus
3224 2365 3363 2421 idem
3409 2381 3500 2421 re-

1914 2481 2116 2537 Spuens
2149 2477 2333 2521 tenere
2359 2480 2418 2520 se
2443 2464 2694 2539 affirmat,
2732 2484 2749 2515 ι
2786 2464 2927 2534 quod
2958 2478 2988 2517 a
3013 2462 3232 2517 Christo
3257 2470 3311 2515 et
3333 2460 3401 2516 ab
3428 2460 3503 2515 A-

1916 2561 2127 2632 postolo
2155 2560 2401 2614 traditum
2429 2567 2547 2624 est;
2580 2576 2598 2608 ι
2629 2559 2732 2612 utri
2781 2557 3103 2613 credendum
3131 2557 3155 2609 ?
3183 2556 3237 2610 Si
3267 2566 3373 2609 tam
3396 2569 3498 2624 op-

1918 2656 2117 2724 positas
2163 2662 2373 2724 tamque
2425 2653 2719 2707 Contrarias
2747 2651 3074 2705 assertiones
3101 2648 3167 2702 ad
3222 2646 3501 2718 Augustini

1919 2745 2190 2817 exigamus
2218 2745 2451 2815 regulam
2482 2785 2497 2809 ,
2531 2759 2631 2814 qua
2664 2743 2713 2796 id
2742 2744 2810 2797 ah
2836 2741 3107 2811 Apostolis
3135 2739 3384 2794 traditum
3409 2739 3500 2808 ju-

1919 2838 2061 2894 dieat
2083 2880 2096 2901 ,
2117 2839 2254 2908 quod
2281 2853 2401 2892 cum
2432 2851 2693 2906 nusquam
2724 2835 2981 2902 St‘l‘iplum
3004 2833 3107 2898 sit,
3140 2833 3387 2886 universa
3418 2840 3501 2883 ta-

1921 2948 2043 2987 men
2098 2931 2394 3001 frequentat
2435 2930 2703 2992 Ecclesia;
2758 2925 3087 2997 Stephanum
3145 2923 3337 2993 potiori
3385 2922 3505 2992 jure

1922 3042 2081 3097 quam
2108 3026 2471 3081 Firmilianum
2499 3066 2533 3101 ,g
2555 3021 2861 3092 apostolica:
2894 3017 3189 3073 traditionis
3214 3016 3504 3071 auctorita-

1924 3130 2029 3175 tem
2060 3121 2159 3175 sibi
2190 3119 2456 3174 vindicare
2500 3118 2872 3173 concedemus.
2909 3113 3068 3168 Forte
3117 3114 3274 3166 etiam
3298 3112 3348 3165 in
3390 3110 3507 3178 ipso

367 3227 670 3269 STEPHANUS
696 3227 760 3267 ΑΒ
799 3223 1037 3274 Λητιρυιε
1066 3223 1348 3264 LAUDATUR
1375 3223 1443 3262 UT
1490 3221 1820 3263 APOS'I'OIJCJS

1924 3216 2139 3273 Oriente
2168 3215 2446 3270 haereticos
2481 3212 2782 3284 baptizandi
2821 3208 3151 3265 consuetudo
3179 3208 3246 3261 ab
3274 3204 3509 3261 Iconien-

308 3322 637 3366 TBADITIONIS
653 3322 843 3362 VINDEX
865 3350 879 3373 ,
910 3320 1009 3359 NEC
1037 3318 1255 3359 EBRORIS
1282 3318 1347 3357 AB
1370 3318 1504 3357 ULLO
1526 3316 1811 3367 ABGUITUR,

308 3417 407 3459 NISI
440 3418 504 3457 ΑΒ
555 3417 620 3457 IIS
668 3416 753 3465 ρυι
782 3414 1071 3465 ρυοιιυιίνιε
1118 3413 1510 3455 ΗΕΒΕΤΙΟΟΒΟΜ
1561 3411 1815 3453 BAP'I'ISIA

310 3511 663 3550 RESPUEBANT.

310 3612 400 3667 24.
434 3610 712 3665 Vincentio
756 3607 1015 3664 Lirinensi
1067 3607 1243 3663 nullus
1279 3608 1481 3662 occurit
1527 3605 1819 3677 Agrippino

239 3703 642 3774 Carthaginensi
695 3702 943 3770 episcopo
969 3700 1233 3769 antiquior
1263 3742 1278 3767 ,
1325 3701 1409 3753 cui
1443 3700 1721 3753 ha-reticos
1753 3697 1821 3751 ad

243 3798 536 3854 Ecclesiam
596 3796 878 3851 redeuntes
938 3793 1236 3863 baptizandi
1291 3791 1618 3846 consuetudo
1665 3790 1821 3845 tribui

244 3892 433 3965 possit.
475 3891 563 3945 Sic
586 3903 743 3959 porro
776 3887 1004 3958 loquitur
1029 3904 1041 3939 :
1081 3906 1097 3938 ι
1124 3884 1397 3952 Quondam
1426 3883 1580 3953 igitur
1604 3896 1826 3935 venera-

246 3986 370 4043 bilis
392 3985 661 4041 metnorize
690 3982 1031 4052 Agrippinus,
1056 3977 1491 4049 Carthaginensis
1519 3975 1823 4043 cpiscopus,

242 4083 450 4154 primus
479 4079 713 4134 omnium
746 4076 1045 4130 mortalium
1064 4081 1245 4128 contra
1285 4071 1519 4125 divinum
1545 4082 1823 4134 canonem,

242 4187 432 4233 contra
457 4170 768 4227 universalis
797 4167 1046 4224 Ecclesiae
1091 4165 1325 4236 regulam
1356 4205 1371 4227 ,
1400 4172 1583 4218 contra
1614 4175 1829 4216 sensum

243 4272 486 4329 omnium
528 4265 962 4324 consacerdotutn
992 4305 1008 4328 ,
1050 4269 1233 4316 contra
1264 4272 1466 4313 morem
1508 4264 1562 4311 et
1596 4253 1831 4309 instituta

247 4364 512 4432 majorum
535 4402 549 4425 ,
582 4356 1012 4429 rebaptizaudum
1062 4369 1181 4409 esse
1218 4350 1487 4407 censebat.
1519 4349 1647 4417 Quze
1702 4361 1833 4414 prte-

248 4458 486 4528 sumptio
512 4463 711 4510 tantum
753 4450 875 4506 mali
903 4449 1130 4517 invexit,
1163 4456 1220 4501 ut
1247 4460 1349 4500 non
1376 4444 1544 4499 solum
1575 4439 1836 4495 haereticis

250 4555 501 4612 omnibus
563 4554 786 4607 formam
834 4548 1132 4613 sacrilegii,
1176 4543 1268 4601 sed
1317 4542 1477 4599 etiam
1522 4538 1834 4611 quibusdam

1915 3314 1990 3369 sis
2034 3311 2239 3367 consilii
2280 3310 2592 3365 definitione
2624 3350 2640 3374 ,
2692 3321 2851 3376 quam
2896 3305 3234 3359 Firmiliauus
3281 3301 3503 3365 laudat,

1917 3409 2126 3465 initium
2155 3406 2404 3476 sumpsit.
2436 3404 2498 3458 Et
2524 3418 2655 3458 vero
2682 3399 2982 3454 definitioni
3018 3398 3160 3461 huic,
3195 3394 3510 3451 Firmiliano

1918 3512 2057 3559 teste
2084 3544 2098 3568 ,
2136 3501 2467 3555 occasionem
2494 3496 2643 3552 dedit
2673 3495 3044 3549 nonnullorum
3076 3492 3143 3546 de
3169 3489 3514 3545 Montanista-

1919 3612 2039 3652 rum
2093 3595 2406 3664 Baptismo,
2459 3606 2525 3645 an
2583 3587 2924 3659 recipiendus
2988 3594 3173 3647 esset,
3226 3582 3509 3637 dubitatio.

1922 3690 2175 3756 Quamvis
2204 3688 2345 3743 enim
2388 3699 2571 3740 eorum
2617 3684 2666 3735 in
2700 3681 3037 3736 confessione
3092 3676 3265 3732 Patris
3307 3684 3360 3729 et
3390 3672 3511 3727 Filii

1926 3783 2100 3837 nullus
2153 3788 2294 3835 esset
2323 3792 2493 3842 error,
2522 3776 2663 3831 circa
2694 3773 2852 3827 fidem
2879 3782 3055 3826 tamen
3085 3770 3315 3837 Spiritus
3342 3764 3514 3820 sancti

1927 3889 2149 3944 peccare
2176 3871 2509 3926 videbantur.
2562 3868 2919 3936 Quapropter,
2954 3863 3124 3931 inquit
3149 3862 3287 3915 idem
3320 3857 3514 3913 Firmi-

1929 3966 2103 4020 lianns
2131 4005 2143 4025 ,
2176 3983 2193 4015 ι
2232 3963 2443 4033 plurimi
2492 3961 2651 4015 simul
2695 3957 3076 4013 Convenientes
3113 3955 3162 4007 itt
3185 3953 3364 4008 Iconio
3395 3951 3516 4006 dili-

1931 4057 2240 4128 gentissime
2269 4053 2611 4108 tractavimus
2634 4094 2649 4117 ,
2678 4061 2731 4105 et
2764 4047 3206 4105 confirmavimus
3232 4045 3519 4114 repudian-

1935 4151 2058 4204 dum
2088 4164 2207 4202 esse
2233 4148 2452 4202 omnino
2477 4147 2770 4213 Baptisma,
2790 4141 2929 4214 quod
2958 4142 3193 4196 siteXIra
3220 4136 3517 4192 Ecclesium

1934 4243 2298 4297 constitutum.
2339 4260 2357 4291 ι
2392 4241 2412 4313 (
2445 4239 2595 4310 Apud
2624 4237 2777 4309 Cypr.
2813 4238 2960 4308 epist.
2999 4250 3139 4289 Lxxv
3171 4251 3290 4304 pug.
3327 4230 3430 4286 198
3475 4239 3521 4285 et

1934 4338 2042 4394 202
2069 4336 2087 4409 )
2120 4338 2173 4393 Si
2206 4345 2381 4391 autem
2416 4336 2468 4389 in
2500 4335 2716 4390 Oriente
2749 4344 3014 4402 tamquam
3044 4346 3131 4385 res
3156 4344 3185 4383 a
3226 4326 3442 4382 Christo
3468 4334 3523 4381 et

1938 4431 2005 4487 ab
2034 4429 2293 4501 Apostolo
2318 4428 2506 4484 tradita
2536 4429 2814 4483 tenebatur
2847 4466 2862 4487 ,
2893 4421 3265 4478 haereticorum
3317 4417 3525 4489 Baptis-

1943 4539 2028 4579 ma
2060 4520 2444 4593 repudiandum
2472 4536 2613 4581 esse:
2646 4518 2889 4574 undeilla
2921 4514 3296 4571 nonnullorum
3314 4512 3524 4566 dubita-

248 4651 543 4708 Catholicis
573 4648 903 4702 occasionem
928 4643 1187 4714 praeberet
1207 4640 1422 4695 erroris.
1439 4635 1570 4691 Cum
1589 4647 1715 4703 ergo
1745 4647 1821 4684 un.

1945 4616 2018 4670 tio
2047 4615 2187 4670 circa
2220 4614 2548 4685 Baptistnum
2598 4609 3035 4665 Montanistarum
3067 4648 3083 4673 ,
3114 4604 3202 4676 qui
3227 4604 3335 4673 jam
3368 4602 3527 4673 longe

251 4743 417 4813 dique
446 4741 511 4796 ad
532 4741 813 4794 novitatem
841 4736 915 4791 rei
936 4735 1111 4789 cuncti
1141 4732 1511 4793 reclamarent,
1544 4736 1700 4796 atque
1725 4739 1839 4779 om-

254 4850 359 4890 nes
389 4845 806 4904 qnaquaversum
834 4827 1138 4883 sacerdotes
1162 4841 1256 4896 pro
1285 4838 1383 4879 suo
1409 4822 1632 4892 quisque
1665 4817 1842 4873 studio

256 4927 618 4983 reniterentur
647 4941 661 4987 ;
696 4933 819 4978 tunc
841 4922 1006 4977 health
1033 4920 1304 4976 memorite
1336 4915 1657 4986 Stephanus,
1684 4926 1844 4983 apos-

258 5023 436 5080 tolicaa
449 5018 602 5075 Sedis
618 5019 855 5083 antistes,
873 5032 991 5072 cum
1014 5015 1221 5071 caeteris
1241 5010 1463 5083 quidem
1473 5006 1696 5076 collegis
1712 5004 1841 5069 suis,

255 5120 359 5177 sed
393 5128 571 5173 tamen
612 5130 721 5187 ιιι-ω
763 5114 971 5170 οίιιῐθιῑε
1002 5109 1233 5173 restitit;
1279 5074 1496 5176 dignufn
1552 5111 1609 5157 ut
1656 5100 1847 5169 opinor

254 5210 594 5275 existimans,
630 5208 672 5261 si
714 5206 946 5276 reliquos
974 5216 1161 5257 omnes
1187 5209 1389 5254 tantum
1422 5197 1540 5251 fidei
1566 5193 1851 5249 devotione

257 5305 540 5369 vinceret,
568 5308 823 5370 quantum
874 5295 974 5349 loci
1005 5290 1319 5347 auctoritate
1361 5292 1663 5357 superabat.
1696 5303 1715 5333 ι
1748 5280 1850 5352 Cy—

255 5396 483 5468 prianus
511 5393 625 5462 ipse
664 5405 767 5442 non
793 5386 1049 5441 diffitetur
1073 5398 1224 5438 usum
1252 5381 1400 5435 illum
1430 5420 1445 5445 ,
1475 5391 1632 5447 quem
1659 5389 1854 5444 propu-

260 5489 462 5559 gnabat
492 5527 509 5552 ,
542 5484 609 5537 ab
640 5480 929 5550 Agrippino
968 5478 1193 5545 primum
1240 5474 1290 5527 in
1322 5470 1553 5526 Africam
1586 5470 1849 5522 invectum

263 5594 412 5640 esse;
442 5590 540 5630 nec
564 5571 834 5641 antiquam
861 5584 979 5623 esse
1010 5577 1164 5636 negat
1188 5564 1622 5619 consuetudinem
1657 5603 1670 5625 ,
1696 5574 1853 5629 quam

265 5667 575 5734 Stephanus
591 5668 898 5715 constanter
925 5657 1187 5712 tuebatur.
1224 5653 1296 5708 Ita
1325 5655 1465 5708 enim
1493 5668 1610 5706 eam
1636 5650 1858 5705 veritate

266 5757 491 5814 destitui
512 5752 785 5809 eorutendit
812 5750 892 5805 his
915 5748 1109 5815 verbis,
1139 5766 1157 5800 ‹
1202 5745 1310 5801 Nec
1344 5741 1672 5800 consuetudo
1700 5783 1715 5805 ,
1743 5758 1860 5812 qua:

267 5852 417 5924 apud
436 5847 694 5922 quosdam
727 5847 1036 5913 obrepserat
1066 5886 1077 5907 ,
1115 5838 1371 5909 impedire
1384 5837 1553 5912 debet
1581 5833 1863 5907 quominus

1943 4720 2097 4765 antea
2125 4707 2415 4763 audiebant
2441 4716 2497 4760 ut
2555 4702 2789 4759 haeretici
2821 4745 2837 4767 ,
2872 4712 2925 4755 et
2952 4714 3017 4754 eo
3048 4698 3262 4752 nomine
3292 4694 3529 4751 damnati

1943 4802 2203 4859 fuerant?
2230 4801 2388 4855 Certe
2426 4797 2771 4853 Firmilianus
2796 4809 2916 4849 cum
2958 4805 3287 4862 nequaquam
3336 4786 3531 4843 memi-

1945 4900 2090 4952 nisse
2117 4911 2175 4950 se
2196 4894 2336 4949 dicat
2360 4934 2373 4957 ,
2409 4890 2781 4946 hmreticorum
2821 4885 3086 4954 Baptisma
3115 4883 3169 4937 in
3195 4882 3413 4936 Oriente
3444 4893 3531 4934 re-

1948 4989 2154 5061 pudiari
2180 4987 2462 5057 aliquando
2487 4985 2753 5053 coepisse;
2792 4977 2917 5032 illud
2950 4977 3092 5032 nullo
3118 4975 3382 5045 exemplo,
3415 4972 3534 5027 nul-

1949 5082 2076 5137 love
2102 5091 2318 5135 auctore
2356 5078 2584 5149 probare
2611 5075 2801 5145 potuit,
2831 5084 2984 5127 antea
3017 5070 3193 5138 reipsa
3236 5067 3401 5121 fuisse
3446 5077 3532 5119 re—

1952 5176 2245 5247 pudiatum.
2278 5173 2458 5243 Neque
2497 5173 2655 5226 etiam
2683 5170 2785 5222 ulla
2817 5172 3179 5236 pervenerunt
3205 5162 3270 5216 ad
3318 5173 3415 5215 nos
3439 5172 3536 5213 ve-

1954 5280 2125 5323 terum
2149 5268 2343 5331 scripta
2373 5307 2387 5329 ,
2419 5280 2536 5335 quae
2560 5260 2859 5317 traditionis
2898 5260 2965 5313 ab
3004 5260 3119 5328 ipso
3148 5257 3418 5311 vinditaue
3443 5270 3537 5310 ve-

1956 5361 2165 5417 ritatem
2213 5367 2551 5413 testarentur.
2607 5353 2833 5409 Tantum
2892 5350 3174 5422 Dionysius
3220 5346 3535 5403 Alexandri-

1955 5469 2055 5508 nus
2082 5494 2099 5519 ,
2130 5450 2215 5504 ubi
2267 5447 2522 5505 Ecclesia:
2572 5460 2685 5502 sua:
2721 5444 2788 5499 de
2818 5443 3124 5514 recipiendo
3162 5439 3539 5495 haereticorum

1956 5545 2227 5617 Baptismo
2261 5541 2597 5597 traditiOuem
2655 5537 2948 5607 explicuit,
2999 5533 3137 5590 istud
3190 5534 3242 5587 in
3290 5533 3539 5585 Afrorum

1959 5642 2179 5714 gratiam
2206 5637 2423 5708 adjicit:
2461 5656 2480 5689 ι
2510 5634 2677 5691 Didici
2703 5648 2807 5687 non
2837 5631 2906 5685 ab
2935 5630 3075 5685 Afris
3104 5629 3233 5684 solis
3262 5631 3401 5681 hunc
3431 5640 3546 5680 mo-

1962 5751 2076 5791 rem
2108 5748 2244 5788 nunc
2265 5730 2495 5803 primum
2526 5728 2792 5783 invectum
2812 5724 2998 5790 fuisse,
3047 5721 3141 5777 sed
3176 5729 3231 5775 et
3270 5719 3552 5774 multoan-

1964 5839 2073 5896 tea,
2094 5826 2430 5897 superiorum
2456 5824 2839 5893 episcoporum
2860 5814 3214 5889 temporibus,
3242 5814 3295 5871 in
3317 5810 3561 5869 ecclesiis
