4208 6276
589 281 724 337 1267

1692 273 2027 331 STEPHANI
2059 275 2075 327 Ι
2114 271 2314 329 ΡΑΡᾹΞ
2349 268 2733 328 SENTENTIA

3723 268 3862 324 1268

585 398 1031 471 populosissimis,
1063 405 1119 450 et
1150 396 1202 449 in
1228 395 1467 449 conciliis
1495 392 1634 464 apud
1690 391 1926 448 Iconium
1954 401 2009 446 et
2033 391 2172 462 Syu-
2198 403 2250 461 Α
2276 388 2341 443 Et
2367 396 2441 453 ut,
2476 382 2758 442 Facundos
2788 385 2880 442 lib.
2914 394 3090 441 contra
3121 385 3349 441 Mocian.
3380 383 3641 457 loquitur.
3693 403 3711 437 ι
3740 386 3863 441 Ste-

586 491 747 555 nada,
775 498 829 544 et
851 488 987 558 pud
1020 486 1152 541 alios
1183 487 1443 557 plurimos
1473 487 1611 542 idem
1636 483 1896 539 sancitum
1929 482 2116 538 fuisse.
2140 501 2159 533 ι

587 584 791 653 Quibus
809 583 859 636 in
890 581 1066 634 verbis
1095 595 1215 634 cum
1244 580 1370 633 nihil
1393 582 1599 635 omittat
1626 579 1707 631 vir
1737 576 1969 647 prudens
1995 591 2056 629 ac
2078 590 2171 643 pa-

586 680 665 733 cis
685 676 958 732 studiosus
980 720 992 739 .
1015 687 1070 732 ut
1093 679 1257 732 moris
1286 678 1353 732 ab
1381 676 1525 731 Afris
1552 674 1753 730 inducti
1798 673 2169 742 antiquitatem

589 778 882 840 exugeret,
938 769 1069 825 nihil
1118 781 1291 826 tamen
1344 770 1545 840 profert
1600 768 1860 823 Iconieusi
1899 766 2168 834 concilio,

589 863 730 932 quod
759 862 1111 933 Synnadense
1131 865 1471 917 subsecutum
1494 870 1595 925 est,
1632 858 1915 915 vetustius.
1950 859 2043 913 Hic
2075 860 2173 912 mi-

588 955 695 1009 rari
728 953 870 1007 subit
888 969 994 1022 quo
1018 965 1168 1023 pacto
1192 953 1456 1008 Eusebius
1476 996 1489 1019 ,
1514 955 1633 1007 eum
1661 953 1774 1007 h:ec
1798 953 2031 1023 Dionysii
2057 968 2173 1007 ver-

589 1047 655 1101 ba
681 1044 924 1099 Historia:
954 1062 1062 1099 sure
1088 1047 1223 1101 libro
1241 1062 1331 1109 vn,
1365 1061 1412 1099 c.
1440 1047 1492 1107 7,
1527 1046 1846 1108 inseruerit,
1873 1045 2067 1098 dixerit
2095 1046 2177 1098 ni-

588 1141 876 1195 hilominus
927 1156 1044 1210 cap.
1078 1144 1130 1195 5.
1169 1160 1187 1191 ‹
1226 1142 1432 1194 Primus
1476 1141 1713 1194 omnium
1741 1140 2055 1210 Cyprianus,
2088 1140 2176 1208 qui

592 1244 718 1287 tunc
767 1234 1023 1302 temporis
1074 1232 1545 1301 Carthaginensem
1598 1232 1816 1303 regebat
1860 1232 2174 1296 ecclesiam,

594 1324 875 1380 luereticos
901 1326 1109 1378 nonnisi
1140 1341 1233 1393 per
1263 1324 1592 1393 Baptismum
1623 1325 1691 1378 ab
1740 1338 1923 1378 errore
1954 1323 2178 1377 munda-

594 1428 677 1471 tos
704 1461 717 1482 ,
747 1419 1104 1473 admittendos
1123 1432 1243 1473 esse
1271 1420 1477 1472 censuit
1506 1435 1519 1471 :
1561 1439 1579 1469 )
1616 1419 1714 1473 nisi
1747 1418 2071 1488 Cyprianum
2112 1417 2180 1471 ab

595 1509 828 1564 Eusebio
857 1510 960 1564 dici
989 1511 1343 1580 intelligamus
1368 1552 1382 1576 ,
1430 1525 1533 1564 non
1563 1510 1965 1564 consuetudinis
1996 1510 2181 1564 induc—

594 1612 662 1655 tas
688 1642 702 1665 ,
729 1602 825 1657 sed
854 1602 1232 1656 controversia:
1264 1602 1385 1657 inde
1416 1612 1550 1655 natae
1592 1604 1817 1671 primum
1865 1612 2135 1655 auctorem
2164 1619 2179 1667 ;

596 1704 858 1763 quatenus
887 1697 1098 1749 concilii
1120 1696 1199 1749 sui
1224 1695 1501 1750 decretum
1528 1697 1593 1749 ad
1622 1696 1949 1766 Stephanum
1992 1711 2181 1765 papam

596 1789 836 1853 mittens,
870 1788 998 1841 illud
1025 1789 1093 1841 ab
1117 1803 1183 1841 eo
1214 1789 1485 1856 reprobari
1518 1788 1698 1857 iniquo
1728 1790 1905 1841 animo
1937 1787 2071 1841 tulit.

667 1880 757 1934 Eli.
796 1879 871 1934 Illi
890 1890 1067 1933 tamen
1090 1880 1286 1935 restitit
1306 1879 1627 1950 Stephanus,
1651 1881 1791 1934 nulla
1819 1880 2191 1935 contradicen-

599 1975 650 2029 di
679 1974 899 2029 libidine
922 2014 937 2039 ,
963 1976 1055 2028 sed
1082 1991 1186 2030 uno
1210 1975 1504 2030 traditionis
1531 1976 1807 2030 servanda:
1828 1976 2003 2029 Studio
2035 1994 2047 2028 :
2082 1991 2189 2030 non

598 2070 874 2122 decretum
904 2068 1153 2136 opposuit
1204 2069 1423 2124 decreto
1452 2109 1464 2133 ,
1499 2068 1592 2122 sed
1636 2068 1779 2137 quod
1820 2068 1888 2120 ab
1919 2068 2190 2136 Apostolis

599 2159 855 2214 traditum
910 2170 1234 2228 acceperat,
1288 2161 1530 2214 innovari
1562 2173 1625 2212 ac
1666 2160 1859 2213 mutari
1892 2158 2187 2229 prohibuit.

604 2252 706 2308 Ubi
736 2267 868 2307 vero
894 2252 962 2307 de
995 2252 1336 2307 traditionum
1364 2255 1589 2308 veritate
1616 2252 1993 2322 comperienda
2014 2268 2193 2307 sentio

600 2356 702 2412 est,
733 2346 850 2415 quis
869 2346 917 2399 ei
946 2345 1103 2399 Iidem
1134 2357 1291 2415 neget
1321 2346 1573 2401 Ecclesia:
1610 2388 1624 2413 ,
1653 2362 1771 2415 qua:
1813 2345 2193 2414 Apostolorum

607 2440 837 2508 primum
880 2449 1153 2508 parentem
1210 2440 1434 2505 habuit,
1486 2450 1647 2509 atque
1704 2439 1755 2492 in
1823 2438 2197 2492 traditionibus

606 2533 884 2587 servandis
908 2533 1147 2587 omnium
1190 2550 1405 2603 semper
1444 2535 1751 2604 religiosior
1791 2532 1936 2586 fuit?
1966 2531 2083 2600 Ipsa
2113 2540 2198 2585 est

606 2640 724 2695 qua:
755 2626 1037 2680 Ambrosio
1067 2627 1291 2697 aliisque
1333 2629 1599 2698 episcopis
1640 2643 1761 2681 cum
1795 2641 1859 2681 eo
1898 2639 2193 2695 congrega-

608 2718 675 2771 tis
722 2718 964 2782 testibus,
1003 2737 1021 2769 t
1049 2719 1428 2786 Apostolorum
1478 2721 1789 2792 Symbolum
1821 2719 2195 2773 intemeratum

608 2826 823 2883 semper
862 2814 1093 2868 custodit
1123 2828 1177 2869 et
1220 2826 1422 2870 servat.
1466 2835 1485 2867 ι
1517 2820 1534 2884 (
1570 2816 1723 2884 Apud
1776 2814 1929 2869 Siric.
1962 2819 2109 2885 epist.
2143 2819 2194 2867 8.

609 2924 663 2960 n.
686 2908 762 2977 4).
792 2908 846 2962 Id
875 2911 1047 2979 ipsum
1068 2926 1282 2979 quoque
1305 2910 1529 2963 Ruﬁnus
1549 2907 1728 2965 Tract.
1761 2912 1812 2965 in
1840 2910 2025 2981 Symb.
2054 2922 2200 2963 asse-

608 3011 779 3055 verat.
812 3003 917 3056 Sed
963 3012 1015 3056 et
1045 3002 1345 3058 traditionis
1373 3019 1401 3056 a
1429 3005 1701 3073 Stephano
1727 3015 2071 3075 propugnatee
2101 3021 2198 3057 an-

608 3096 908 3167 tiquitatem
934 3114 1000 3152 ne
1029 3098 1318 3151 adversarii
1344 3100 1560 3166 quidem
1609 3101 1723 3169 ejus
1752 3099 1970 3153 inliciat-i
2002 3100 2196 3152 valent.

2272 481 2431 552 phani
2474 481 2651 549 potius
2678 525 2691 548 ,
2724 494 2884 550 quam
2914 478 3163 550 Cypriani
3194 522 3208 544 ,
3241 479 3563 533 sententiam
3588 485 3737 533 tenet
3766 477 3866 532 Ec-

2272 574 2454 637 clesia,
2490 589 2593 627 non
2621 574 2791 627 solum
2821 572 2887 627 de
2902 586 3007 627 non
3032 570 3427 640 rebaptizandis-
3454 570 3745 635 hmreticis,
3772 570 3865 625 sed

2274 670 2431 724 etiam
2478 669 2961 737 rebaptizatoribus’
3003 683 3108 720 non
3133 665 3384 721 ferendis.
3418 684 3436 717 ι
3480 662 3599 720 1am
3630 680 3757 719 vero
3802 664 3865 719 ad

2275 777 2463 817 novam
2486 762 2830 832 quzcstionetn
2850 803 2863 824 ,
2888 775 2988 831 qua
3019 768 3125 813 tota
3152 757 3468 813 Dissertatio
3496 767 3675 811 nostra
3708 756 3831 810 clau
3849 787 3868 797 ο

2276 856 2445 911 denda
2460 864 2560 921 est,
2591 854 2705 909 haec
2726 854 2909 909 ultima
2939 852 3171 907 Facundi
3201 853 3361 906 verba
3395 865 3493 905 nos
3536 849 3859 921 perducunt.

2276 990 2383 1045 VII.
2441 1006 2505 1045 AN
2569 1004 2867 1045 srernuus
2919 1003 3453 1044 excouustcntous
3508 1003 3865 1044 rsacrsseetr

2349 1100 2785 1140 REBAPTIZANTES.
2830 1099 2896 1139 ΔΝ
2938 1097 3193 1138 SEVERIUS
3229 1097 3335 1138 CUI!
3378 1096 3522 1139 γιιιιε
3558 1095 3767 1136 ειητιε
3800 1097 3865 1135 SB

2351 1192 2626 1234 GESSERIT.

2350 1333 2439 1388 27.
2481 1333 2822 1387 Firtnilianus
2862 1333 3191 1403 Stephanum
3233 1348 3335 1388 non
3378 1330 3537 1387 modo
3571 1349 3591 1384 ι
3623 1346 3745 1386 cum
3789 1339 3867 1385 tot

2284 1428 2552 1498 episcopis
2595 1443 2689 1498 per
2731 1438 2897 1481 totum
2941 1429 3196 1481 mundum
3238 1426 3561 1481 dissensisse
3591 1444 3609 1477 ι
3650 1426 3874 1491 scribit,

2285 1521 2378 1576 sed
2410 1537 2531 1575 cum
2569 1522 2727 1574 etiam
2762 1519 2996 1586 inducit,
3030 1520 3195 1574 veluti
3234 1540 3251 1571 ‹
3283 1535 3464 1589 pacem
3498 1536 3620 1573 cum
3656 1518 3879 1587 singulis

2286 1617 2433 1668 vario
2455 1614 2741 1669 discordi:e
2764 1630 2959 1683 genere
2983 1622 3339 1683 rumpentem,
3370 1612 3525 1667 modo
3548 1626 3671 1665 cum
3694 1610 3883 1665 Orien-

2289 1705 2482 1760 talibus
2504 1748 2519 1771 ,
2552 1706 2694 1775 quod
2729 1721 2825 1760 nec
2860 1720 2989 1772 vos,
3022 1707 3183 1775 inquit
3219 1705 3286 1757 ad
3328 1704 3681 1775 Cyprianum,
3717 1703 3884 1757 latere

2215 1803 2262 1864 Β
2291 1799 2582 1864 credimus,
2609 1796 2768 1851 tnodo
2792 1795 3065 1852 vobiscum
3084 1840 3096 1864 ,
3121 1798 3207 1866 qui
3233 1796 3284 1850 in
3309 1796 3531 1851 meridie
3554 1796 3685 1850 estis
3711 1794 3888 1865 (Apud

2294 1889 2423 1962 Cyp.
2455 1895 2599 1961 epist.
2638 1893 2731 1957 75,
2767 1892 2857 1945 sub
2890 1893 3019 1962 ﬁn.)
3046 1912 3063 1943 ι
3099 1893 3163 1946 Et
3191 1892 3350 1961 paulo
3384 1901 3507 1946 ante
3539 1891 3784 1945 oratione
3817 1887 3885 1943 ad

2293 1986 2622 2055 Stephanum
2664 2000 2925 2041 conversa
2957 1986 3033 2039 sic
3068 1988 3238 2055 ipsum
3271 1986 3591 2055 alloquitur:
3632 2004 3650 2035 ι
3687 1985 3887 2039 Pecca-

2298 2090 2406 2134 tttm
2460 2096 2591 2133 vero
2638 2095 2795 2150 quam
2840 2094 3090 2149 magnum
3133 2080 3463 2148 exagerasti,
3509 2078 3719 2148 quando
3760 2088 3811 2131 te
3853 2092 3885 2129 a

2299 2181 2374 2226 tot
2410 2172 2662 2242 gregibus
2702 2170 2943 2226 scidisti!
2980 2171 3240 2225 Excidisti
3273 2172 3413 2225 enim
3447 2181 3497 2225 te
3530 2172 3692 2239 ipsum
3726 2209 3738 2221 .
3772 2212 3783 2223 .
3818 2211 3831 2223 .
3863 2208 3879 2221 .

2300 2266 2431 2318 Dum
2471 2265 2613 2318 enim
2658 2274 2810 2333 putas
2836 2279 3024 2318 omnes
3051 2280 3081 2317 a
3113 2274 3164 2318 te
3191 2263 3461 2318 abstinere
3491 2278 3641 2333 posse
3663 2306 3675 2327 ,
3706 2264 3888 2316 solum

2303 2367 2353 2409 te
2384 2356 2451 2408 ab
2476 2356 2723 2409 omnibus
2750 2355 3074 2410 abstinuisti.
3106 2373 3123 2407 ι
3152 2356 3354 2424 Quibus
3384 2357 3560 2410 verbis
3592 2356 3717 2408 moti
3748 2371 3893 2410 non-

2304 2451 2469 2516 nulli,
2498 2466 2590 2505 eos
2618 2464 2804 2504 omnes
2832 2452 2947 2505 sive
2974 2451 3023 2504 in
3052 2450 3304 2515 Oriente,
3334 2451 3446 2503 sive
3475 2451 3526 2502 iu
3554 2447 3731 2504 Africa
3755 2491 3769 2514 ,
3801 2450 3893 2519 qui

2301 2540 2583 2597 haereticos
2614 2543 3024 2611 rebaptizandos
3056 2544 3378 2609 censebant,
3415 2558 3442 2595 a
3475 2542 3753 2610 Stephano
3794 2557 3891 2596 ex-

2301 2636 2727 2690 communicatos
2750 2636 2913 2689 fuisse
2930 2636 3267 2691 existimant:
3296 2636 3525 2689 maxime
3543 2650 3664 2688 eum
3686 2637 3747 2701 is,
3774 2634 3895 2689 Fir-

2302 2728 2521 2784 miliano
2551 2729 2737 2783 eodem
2782 2739 2916 2783 teste
2940 2774 2953 2794 ,
2990 2732 3066 2783 sic
3096 2731 3377 2799 episc0pos
3410 2730 3475 2782 ab
3504 2728 3651 2782 Al‘ris
3693 2729 3894 2798 legatos

2304 2822 2566 2891 repulissc
2609 2822 2836 2886 dicatur,
2874 2841 2890 2872 ι
2919 2829 2975 2875 ut
3004 2837 3097 2875 eos
3131 2836 3227 2874 nec
3257 2820 3322 2874 ad
3354 2835 3658 2875 sermOnem
3704 2821 3894 2875 saltent

2302 2916 2552 2987 colloquii
2583 2917 2883 2969 communis
2912 2913 3251 2976 admitteret,
3282 2914 3436 2965 immo
3463 2913 3612 2964 etiam
3638 2912 3898 2981 prmcipe-

2302 3019 2387 3065 ret
2414 3009 2730 3065 fraternitati
2760 3009 3023 3061 universa:
3041 3049 3054 3070 ,
3082 3024 3147 3059 ne
3169 3007 3287 3076 quis
3307 3021 3401 3061 eos
3425 3006 3475 3059 in
3500 3006 3709 3060 domum
3738 3022 3891 3058 suam

2304 3104 2597 3171 reciperet;
2633 3110 2688 3155 ut
2717 3099 3057 3154 venientibus
3086 3114 3191 3151 non
3224 3098 3398 3152 solum
3432 3114 3558 3167 pax,
3591 3093 3679 3151 sed
3722 3097 3886 3150 etiam

611 3191 690 3245 Illi
712 3190 1066 3259 adstipulatur
1083 3191 1454 3259 episcoporum
1487 3205 1607 3244 cum
1637 3192 1728 3244 illo
1748 3191 2193 3245 consentientium
2223 3194 2267 3257 ί]
2304 3202 2499 3247 tectum
2531 3203 2584 3247 ct
2609 3192 2901 3261 hospitium
2933 3202 3239 3260 negaretur.
3278 3208 3297 3241 ι

611 3282 912 3337 multitudo.
965 3281 1083 3350 Ipse
1124 3282 1267 3335 illum
1311 3282 1497 3349 probat
1529 3284 1610 3335 vel
1642 3284 1889 3352 exemplo
1923 3282 2202 3335 lneretico-

610 3392 729 3430 rum
752 3416 767 3440 ,
798 3376 885 3444 qui
914 3374 1148 3443 undique
1187 3373 1253 3427 ad
1285 3390 1344 3428 se
1374 3374 1695 3428 venientium
1728 3374 1992 3443 Baptisma
2031 3372 2200 3426 susci-

612 3472 783 3541 piunt.
832 3469 943 3523 lloc
991 3478 1047 3522 et
1081 3469 1327 3537 antiquus
1372 3470 1601 3536 scriptor
1650 3468 1917 3522 Tractatus
1966 3467 2026 3519 de
2064 3465 2202 3537 Bap-

614 3563 760 3616 tismo
782 3561 1130 3617 lum-eticorum
1156 3578 1174 3609 ι
1215 3560 1569 3614 vetustissima
1595 3559 1981 3614 consuetudine
2008 3576 2067 3613 ac
2095 3572 2204 3614 trao

614 3653 814 3708 ditioue
849 3653 1206 3706 ecclesiastica
1237 3665 1506 3721 receptum
1542 3662 1781 3719 testatur,
1808 3652 1959 3719 (Lati.
1992 3663 2117 3706 tom.
2146 3655 2199 3708 l.

613 3760 766 3800 conc.
818 3759 871 3813 p.
920 3743 1393 3815 770)uteorutn,
1452 3745 1540 3812 qui
1590 3755 1738 3797 extra
1797 3744 2111 3807 Ecclesium,
2149 3745 2202 3798 itt

615 3839 833 3894 nomine
860 3838 1067 3892 Domini
1104 3837 1230 3893 Jesu
1255 3838 1501 3905 baptizati
1549 3848 1751 3901 essent,
1780 3837 2080 3906 Baptismus
2110 3839 2204 3892 ad-

615 3932 935 3985 mitteretur.
969 3930 1227 3984 Eusebius
1247 3944 1458 3999 quoque
1488 3930 1828 3984 traditionem
1857 3972 1871 3996 ,
1899 3947 2057 3999 qttam
2086 3931 2204 3986 Ste-

618 4023 826 4092 phanus
881 4022 1225 4087 vindicabat,
1286 4022 1353 4076 ab
1402 4024 1551 4077 initio
1597 4023 1854 4077 Ecclesia:
1909 4023 2205 4077 obtinuisse

621 4121 968 4194 χρατήσασαυ
996 4119 1250 4188 ἀγχῆθεν,
1292 4117 1495 4171 diserte
1519 4120 1713 4172 asserit
1735 4119 1884 4186 (Eus.
1918 4118 2010 4171 lib.
2043 4135 2093 4171 c.
2125 4118 2203 4189 5).

618 4210 756 4265 Hinc
812 4224 917 4263 non
974 4209 1239 4263 immerito
1281 4208 1637 4277 Augustinus,
1678 4210 1770 4264 lib.
1830 4226 1880 4263 v.
1934 4210 1997 4263 de
2048 4208 2203 4279 Bapt.

620 4310 753 4355 cont.
793 4299 983 4354 Donat.
1028 4316 1077 4354 c.
1103 4301 1193 4366 25,
1231 4303 1344 4355 ait:
1380 4320 1397 4351 t
1439 4303 1676 4369 Apostoli
1704 4301 1836 4356 nihil
1862 4303 2076 4371 quidem
2107 4318 2203 4357 ex-

619 4393 744 4447 inde
772 4404 1169 4463 przeceperunt;
1219 4394 1315 4448 sed
1343 4394 1675 4449 consuetudo
1707 4395 1795 4450 illa
1827 4438 1841 4459 ,
1886 4412 2004 4465 quae
2033 4410 2204 4465 oppo-

621 4484 845 4538 nebatur
880 4483 1148 4555 Cypriane
1190 4526 1205 4550 ,
1247 4486 1314 4539 ab
1361 4500 1545 4541 eorum
1594 4486 1877 4540 traditione
1922 4488 2202 4542 exordium

2375 3285 2460 3339 9-8.
2492 3286 2687 3339 Verum
2714 3284 2860 3353 prius
2879 3325 2893 3346 ,
2916 3296 3073 3352 quam
3104 3282 3410 3347 hujustuodi
3438 3282 3672 3352 opinioni
3704 3297 3895 3337 assen-

2306 3380 2517 3441 tiamus,
2538 3378 2679 3431 salva
2706 3387 2891 3429 sancto
2916 3374 3131 3443 prmsuli
3156 3373 3333 3428 debita
3368 3376 3679 3438 reverentia,
3708 3374 3894 3429 obser-

2307 3472 2531 3525 vatttlttttt
2566 3479 2677 3531 est,
2711 3486 2831 3523 cum
2868 3470 2937 3521 ita
2971 3470 3021 3521 itt
3054 3468 3155 3521 hoc
3186 3469 3398 3536 negotio
3426 3484 3483 3521 se
3522 3468 3794 3537 gessisse,
3839 3479 3895 3519 ut

2307 3564 2542 3632 suspicio
2583 3563 2633 3614 itt
2676 3578 2796 3615 eum
2831 3560 3115 3613 conveniat
3141 3561 3306 3613 animi
3339 3558 3498 3629 paulo
3528 3560 3887 3614 vehementio-

2307 3658 2414 3721 ris,
2450 3657 2537 3725 qui
2579 3670 2675 3708 nec
2718 3656 2933 3709 tttodutn
2977 3664 3160 3707 tenere
3203 3654 3402 3715 valeat,
3452 3669 3552 3706 nec
3592 3667 3885 3707 sermonem

2307 3750 2476 3818 aequis
2504 3758 2767 3802 accurata:
2797 3748 3036 3801 veritatis
3063 3746 3269 3814 legibus
3292 3747 3595 3799 continere.
3622 3748 3707 3800 Sic
3731 3761 3893 3815 porro

2307 3843 2560 3911 loquitur,
2599 3841 2751 3909 quasi
2782 3849 2925 3893 totus
2954 3838 3183 3892 mundus
3210 3852 3330 3891 cum
3359 3836 3479 3907 ipso
3502 3839 3801 3905 conspiret,
3833 3852 3901 3894 ac

2308 3935 2662 3990 minutissima
2711 3932 2885 4001 portio
2928 3932 3201 4001 Stephano
3245 3930 3468 3984 hzereat.
3514 3930 3624 3985 Nec
3662 3946 3783 3983 eum
3824 3931 3900 3985 ad

2306 4028 2537 4097 primum
2584 4025 2841 4079 Ecclesiae
2884 4024 3196 4093 praesulem,
3244 4022 3335 4090 qui
3378 4036 3499 4075 cum
3549 4022 3708 4075 totius
3748 4022 3903 4077 orbis

2307 4121 2571 4190 episcopis
2598 4119 2947 4186 apostolicam
2973 4115 3314 4171 traditionem
3344 4114 3653 4168 vendicabat
3672 4155 3686 4176 ,
3711 4114 3904 4171 dicere

2309 4214 2498 4282 pudet:
2530 4230 2547 4263 ι
2575 4212 2653 4266 'I‘u
2686 4212 2950 4264 ha‘reticis
2979 4208 3226 4263 omnibus
3255 4208 3405 4277 pejor
3431 4224 3507 4263 es.
3538 4227 3557 4258 ι
3583 4208 3683 4274 Qui
3714 4219 3903 4264 autem

2310 4307 2361 4360 in
2393 4306 2475 4359 ltis
2502 4304 2717 4358 modum
2747 4301 3045 4356 excessisse
3071 4300 3421 4364 convincitur,
3452 4315 3571 4354 eum
3604 4304 3803 4368 pariter
3824 4300 3905 4356 ad

2308 4395 2674 4453 excedendum
2717 4394 2768 4449 iit
2800 4410 2866 4448 eo
2894 4393 3033 4463 quod
3068 4392 3134 4444 de
3168 4392 3416 4448 Al'rorum
3459 4392 3641 4459 legatis
3676 4402 3903 4459 narrat,

2308 4492 2499 4547 eodem
2530 4490 2693 4544 animi
2726 4489 2927 4557 impetu
2958 4486 3241 4555 abreptum
3271 4499 3391 4539 esse
3424 4486 3613 4537 merito
3646 4486 3905 4553 sustiiee-

619 4577 914 4645 sumpsisse
942 4576 1208 4631 eredenda
1231 4589 1309 4631 est
1344 4595 1356 4630 :
1390 4578 1527 4632 sicut
1555 4588 1676 4631 sunt
1705 4580 1868 4634 tnulta
1895 4621 1909 4643 ,
1940 4594 2059 4647 qua:
2087 4579 2203 4633 uni—
2229 4586 2281 4646 D
2309 4586 2401 4639 ris.
2429 4583 2599 4637 llomo
2624 4580 2976 4635 exacerbatus
3001 4578 3169 4632 facilis
3194 4594 3255 4633 ac
3281 4592 3477 4647 pronus
3499 4587 3579 4631 est
3601 4578 3665 4629 ad
3687 4580 3906 4646 omnia,

621 4683 774 4722 versa
800 4677 944 4722 tenet
971 4667 1231 4733 Ecclesia,
1261 4680 1312 4722 et
1348 4670 1415 4723 ob
1444 4669 1542 4724 hoc
1570 4671 1637 4723 ab
1667 4670 1937 4738 Apostolis
1961 4686 2201 4740 praecep-

624 4772 675 4817 ta
698 4764 835 4817 bene
856 4763 1167 4826 creduntur,
1200 4779 1517 4835 quamquam
1551 4765 1745 4833 scripta
1775 4781 1880 4818 non
1922 4769 2201 4835 reperian-

625 4867 730 4912 tur.
770 4877 788 4909 ι
820 4857 1081 4912 Vincentii
1111 4858 1403 4913 Lirinensis
1431 4859 1590 4913 verba
1620 4875 1724 4914 non
1761 4870 1974 4930 repeto,
2010 4860 2203 4929 quibus

625 4952 913 5006 novitatem
944 4953 1010 5007 ab
1041 4952 1330 5022 Agrippino
1382 4952 1651 5008 inductam
1695 4968 1815 5009 esse
1842 4963 1990 5007 umat
2023 4972 2040 5004 ι
2071 4967 2203 5006 con-

625 5056 704 5100 tra
734 5046 969 5101 divinum
999 5056 1481 5113 canonem,contra
1506 5049 1821 5102 universalis
1852 5048 2103 5102 Ecclesiae
2120 5062 2205 5101 re-

623 5141 835 5209 gulam,
868 5151 1052 5195 contra
1078 5156 1293 5196 sensum
1321 5142 1558 5197 omnium
1586 5142 2026 5197 consacerdolum
2044 5156 2202 5210 ,cou-

628 5244 707 5286 tra
731 5248 933 5287 morem
961 5242 1013 5286 et
1036 5232 1274 5288 institttta
1303 5237 1585 5304 majorum.
1628 5243 1656 5288 i'
1683 5234 1911 5289 Tantum
1941 5235 2166 5290 observo
2185 5275 2199 5300 ,

628 5326 863 5393 exceptis
885 5326 948 5378 iis
974 5326 1063 5395 qui
1084 5324 1361 5381 haereticos
1390 5326 1730 5397 baptizandos
1750 5327 2040 5382 censebant
2067 5369 2083 5393 ,
2114 5342 2204 5381 ne-

628 5419 827 5473 miuem
850 5419 1103 5488 reperiri,
1134 5421 1223 5491 qui
1252 5421 1419 5477 ullum
1452 5423 1500 5475 in
1534 5420 1785 5490 Stephani
1814 5421 2078 5476 sententia
2116 5436 2203 5475 re-

631 5512 972 5580 prehenderit
1015 5552 1030 5578 ,
1084 5514 1165 5567 vel
1221 5517 1379 5568 etiam
1434 5515 1735 5584 suspicatus
1782 5515 1887 5579 sit,
1943 5530 2202 5569 errorem.

630 5604 758 5671 Quis
783 5619 930 5675 ergo,
965 5606 1133 5674 inquit
1158 5605 1466 5662 Vincentius
1489 5607 1657 5662 Lirin.
1686 5617 1810 5663 tunc
1842 5608 2071 5662 universi
2110 5622 2207 5661 ne-

632 5698 758 5766 gotii
777 5700 947 5752 exitus
968 5698 1135 5766 ?Quis
1162 5700 1359 5770 utique,
1392 5704 1491 5756 nisi
1516 5702 1738 5757 usitatus
1760 5712 1813 5757 et
1850 5702 2036 5758 solitus
2061 5702 2082 5753 ?
2114 5701 2214 5758 Re-

637 5796 782 5841 tenta
826 5799 911 5845 est
947 5790 1153 5845 scilicet
1180 5793 1466 5860 antiquitas
1497 5832 1513 5861 ,
1555 5804 1610 5851 et
1658 5794 1877 5864 explosa
1920 5795 2147 5851 novitas.
2183 5814 2202 5849 ι

2307 4694 2424 4747 qua:
2455 4687 2839 4746 praioccupata:
2870 4673 3028 4726 menti
3062 4674 3301 4735 l'aveaut,
3333 4672 3419 4723 vel
3448 4686 3512 4723 ex
3540 4686 3646 4723 uno
3674 4686 3907 4727 rumore

2307 4770 2641 4839 excipienda,
2664 4766 2908 4837 quamvis
2929 4781 3198 4820 rumorem
3225 4765 3421 4833 saepius
3448 4763 3650 4829 fallere,
3677 4780 3739 4817 ac
3760 4764 3907 4821 dum

2311 4882 2402 4933 per
2425 4865 2712 4917 multorum
2734 4877 2824 4916 ora
2852 4860 3114 4929 pervadit,
3142 4874 3228 4913 res
3251 4860 3407 4913 aliter
3429 4876 3584 4928 quam
3610 4869 3741 4913 acta:
3768 4872 3913 4916 sunt

2308 4956 2546 5028 perferre
2569 4955 2923 5023 experiamur.
2952 4954 3055 5007 Sed
3083 4952 3444 5008 Firntiliattum
3471 4952 3523 5006 iu
3548 4970 3629 5019 eo,
3655 4954 3794 5022 quod
3830 4956 3913 5011 de

2311 5049 2500 5117 legatis
2532 5036 2778 5100 Alron
2810 5056 3022 5108 narrat,
3057 5043 3188 5097 nihil
3215 5061 3242 5094 a
3272 5046 3499 5097 veritate
3538 5044 3767 5097 alienum
3815 5047 3915 5101 di-

2309 5145 2451 5198 xisse
2480 5154 2768 5209 ponamus:
2801 5154 2975 5193 nonne
2998 5137 3268 5207 Stephano
3292 5138 3549 5207 Speciules
3570 5138 3821 5209 qumdattt
3850 5149 3915 5195 et

2310 5237 2535 5291 occulta:
2557 5235 2812 5289 accedere
2839 5240 3128 5303 potuerunt
3151 5233 3403 5298 rationes,
3429 5248 3546 5300 qua:
3572 5232 3742 5300 ipsum
3764 5246 3915 5290 cum

2308 5331 2496 5401 legatis
2525 5329 2628 5385 illis
2657 5330 2725 5382 ita
2757 5344 2817 5384 se
2844 5343 3029 5398 gerere
3054 5328 3357 5397 coegerint?
3388 5328 3574 5383 Postea
3603 5326 3915 5386 Ilormisda

2309 5426 2487 5495 inique
2512 5442 2630 5478 cum
2656 5424 2866 5495 Scythis
2892 5422 3199 5487 monachis,
3230 5422 3317 5490 qui
3350 5437 3509 5475 unum
3533 5421 3599 5475 de
3622 5420 3916 5481 'l‘rinitate

2309 5520 2623 5573 cruciﬁxum
2658 5517 2757 5571 dici
2789 5518 3063 5582 volebant,
3095 5516 3269 5585 egisse
3300 5514 3563 5569 nonnullis
3593 5515 3738 5566 visus
3764 5528 3870 5571 est
3893 5560 3913 5584 ,

2312 5610 2739 5667 existimantibus
2756 5626 2871 5675 eos,
2891 5608 3280 5678 prsedicationis
3301 5606 3456 5675 hujus
3476 5622 3656 5669 causa,
3673 5622 3738 5659 ex
3756 5608 3916 5665 urbe

2314 5704 2475 5761 fuisse
2503 5704 2711 5775 pulsos;
2741 5719 2859 5758 cum
2891 5718 2994 5758 non
3022 5717 3139 5755 eam
3167 5701 3236 5756 ob
3262 5714 3502 5765 causam,
3532 5698 3624 5754 sed
3653 5698 3723 5753 ob
3747 5703 3914 5756 sedi-

2315 5799 2516 5868 tiones,
2548 5813 2679 5868 quas
2720 5798 2903 5854 Romte
2932 5795 3268 5861 excitabant,
3299 5793 3421 5851 inde
3450 5790 3725 5851 discedere
3751 5791 3909 5861 iussi
