4208 6276
299 206 444 264 Ιὲϐθ

1259 208 1465 269 CIRCA
1490 210 1975 271 RECEPTIONEM
2019 211 2562 272 HERETICORUM.

3433 216 3574 273 1270

296 325 426 381 sint.
452 328 533 382 Ita
552 335 607 383 et
625 326 897 398 Stephano
921 328 1261 386 metuendum
1290 339 1428 397 erat,
1453 346 1520 387 ne
1542 330 1667 401 quid
1688 330 1874 386 Romae
1902 332 1958 393 Α
1984 331 2265 402 peregerit,
2287 340 2378 386 aut
2400 329 2453 387 id
2473 340 2620 386 certe
2638 331 2891 405 Dionysio
2912 332 3153 403 ignotum
3174 332 3355 390 fuerit.
3380 333 3571 389 Eidem

300 428 583 475 moverent
614 418 725 474 Afri
748 462 763 487 ,
795 434 860 476 ac
886 420 1171 493 Cypriani,
1199 421 1351 492 cujus
1382 437 1634 491 magnum
1674 433 1790 476 erat
1826 422 1881 477 in

302 513 440 569 urbe
478 527 671 568 nomen
693 553 708 577 ,
741 512 1195 584 conciliorumque
1223 515 1339 583 ejus
1367 514 1687 569 auctoritate
1709 554 1722 578 ,
1755 528 1883 569 nec-

306 620 414 659 non
447 606 652 659 ratione
680 603 911 659 humana
941 604 1309 671 abuterentur,
1343 614 1397 659 ut
1427 606 1737 675 apostolicae
1769 612 1880 658 tra-

302 698 523 754 ditionis
548 700 824 754 veritatem
848 698 1245 754 labefactarent.
1274 698 1391 753 Jam
1414 697 1689 752 Novatiani
1707 741 1720 763 ,
1747 705 1881 752 teste

302 791 559 847 Jubaiano
587 792 727 860 apud
757 790 1100 863 Cyprianum,
1119 791 1422 848 Catholicos
1447 792 1513 846 ad
1530 807 1589 846 se
1605 794 1881 847 venientes

300 883 720 951 rebaptizabant.
738 883 919 954 Neque
940 884 1079 939 istud
1097 885 1390 956 Cyprianus
1406 884 1666 939 Jubaiauo
1688 883 1882 938 rescri-

299 977 432 1033 bens
474 976 699 1030 inliciari
729 977 910 1031 valuit.
946 977 1227 1046 Dionysius
1252 992 1463 1047 quoque
1490 976 1881 1030 Alexandrinus

300 1070 438 1140 apud
472 1068 757 1123 Eusebium
790 1069 880 1123 lib.
908 1085 1011 1129 vit.
1041 1084 1088 1124 c.
1118 1068 1171 1133 8,
1203 1078 1405 1124 tantum
1438 1070 1587 1123 nefas
1616 1068 1683 1122 ab
1711 1067 1882 1123 hiere-

302 1163 424 1218 ticis
453 1162 555 1216 illis
581 1161 863 1227 committi,
883 1176 1047 1231 seque
1076 1163 1350 1229 illos,eain
1382 1162 1450 1215 ob
1480 1177 1717 1229 causam,
1736 1161 1879 1232 justa

302 1256 663 1327 indignatione
703 1256 938 1333 aversari
978 1266 1226 1311 testatur.
1262 1257 1394 1311 Dum
1428 1257 1585 1327 igitur
1607 1254 1881 1325 Stephano

303 1349 676 1404 haereticorum
699 1348 1032 1413 earumdem,
1054 1352 1141 1419 qui
1165 1350 1216 1402 in
1238 1348 1382 1404 Urbe
1410 1348 1704 1417 praesertim
1732 1362 1883 1417 gras-

301 1442 577 1506 sabantur,
609 1454 779 1495 novus
807 1442 894 1495 ille
921 1442 1069 1495 furor
1094 1457 1246 1512 aequo
1274 1442 1479 1497 horrori
1506 1432 1621 1499 erat
1642 1484 1657 1508 ,
1686 1445 1880 1497 mirum

300 1549 408 1589 non
438 1543 521 1588 est
551 1534 698 1588 illum
728 1536 1123 1589 communicare
1158 1535 1302 1589 nullo
1343 1548 1495 1604 pacto
1532 1551 1653 1590 cum
1696 1536 1884 1605 legatis

300 1626 565 1692 voluisse,
610 1626 701 1696 qui
741 1626 969 1681 similem
1001 1640 1237 1681 errorem
1270 1628 1545 1696 prmfracte
1575 1628 1881 1683 tuebantur.

1986 423 2236 491 loquendi
2267 423 2426 479 modo
2456 424 2711 478 insistens
2734 425 3062 495 Augustinus
3103 426 3207 493 ait,
3242 444 3263 478 ‹
3286 425 3417 481 Cum
3448 442 3577 498 ergo

1984 514 2284 585 Stephanus
2330 530 2434 568 non
2482 514 2653 568 solum
2696 530 2803 570 non
2854 516 3213 586 rebaptizaret
3259 516 3573 583 haereticos,

1986 623 2169 663 verum
2205 608 2363 661 etiam
2406 609 2507 660 hoc
2540 606 2828 671 facientes,
2864 608 2947 662 vel
2990 617 3046 661 ut
3087 609 3240 663 fieret
3279 608 3576 665 decernen-

1986 709 2092 765 tes,
2140 712 2647 759 EXCOIIUNICANDOS
2686 715 2808 754 esse
2848 710 3127 766 censeret,
3173 700 3313 755 sicut
3351 700 3577 755 aliorum

1984 792 2353 861 episcoporum
2377 802 2431 844 et
2458 792 2622 859 ipsius
2645 791 2897 862 Cypriani
2927 792 3118 847 littera:
3144 792 3470 858 ostendunt;
3494 801 3579 846 ta-

1984 897 2104 937 men
2150 897 2269 935 cum
2309 896 2375 935 eo
2412 880 2709 952 Cyprianus
2750 883 2802 937 in
2846 883 3061 937 unitatis
3103 898 3233 953 pace
3274 884 3573 952 permansit

1985 974 2112 1048 (lib.
2142 976 2204 1029 de
2233 993 2320 1029 un.
2353 975 2508 1045 Bapt.
2549 988 2686 1029 cont.
2730 974 2885 1030 Petit.
2933 976 2989 1028 u°
3017 975 3088 1030 25
3106 976 3147 1044 ).
3174 995 3193 1029 ι
3228 975 3380 1031 Alter
3421 976 3573 1042 Afer,

1984 1068 2166 1123 saeculi
2195 1069 2328 1122 sexti
2360 1068 2593 1137 scriptor
2621 1067 3036 1134 celeberrimus,
3070 1068 3121 1121 id
3152 1071 3293 1138 quod
3326 1084 3387 1123 ea
3415 1068 3484 1124 de
3516 1084 3575 1124 re

1987 1162 2237 1217 traditum
2267 1171 2580 1229 acceperat;
2615 1163 2891 1217 memoria:
2929 1162 3201 1215 mandavit
3240 1162 3323 1217 his
3353 1164 3574 1218 verbis:

1990 1272 2010 1306 r
2036 1254 2226 1307 Beatus
2254 1268 2468 1323 quoque
2493 1252 2797 1323 Stephanus
2828 1255 3021 1321 praesul
3046 1254 3359 1325 apostolicae
3384 1255 3541 1311 Sedis
3564 1295 3579 1321 ,

1986 1362 2106 1403 cum
2128 1347 2185 1401 S.
2209 1346 2531 1417 Cyprianum
2563 1357 2720 1417 atque
2746 1347 2882 1401 alios
2912 1346 3069 1401 Afros
3094 1350 3378 1418 episeopos
3402 1348 3468 1403 de
3494 1347 3587 1402 ba-

1986 1438 2253 1511 ptizandis
2278 1438 2529 1493 oumibus
2561 1440 2828 1494 haereticis
2856 1438 3159 1495 decrevisse
3203 1449 3580 1511 cognosceret,

1987 1533 2254 1603 quamvis,
2282 1540 2338 1585 ut
2361 1532 2562 1587 dictum
2584 1540 2687 1595 est,
2714 1532 2861 1585 nullo
2883 1532 3199 1601 interposito
3218 1534 3581 1600 anathemate,

1992 1642 2164 1696 neque
2193 1624 2452 1679 adversus
2481 1624 2591 1678 ulla
2622 1624 2843 1678 concilii
2871 1626 3139 1694 generalis
3167 1626 3466 1695 antiquiora
3492 1626 3585 1680 de-

298 1720 407 1791 Ipsi
446 1721 697 1775 nimirum
739 1720 1081 1775 metuendum
1118 1730 1267 1785 erat,
1311 1736 1378 1775 ne
1407 1724 1453 1775 si
1485 1721 1733 1775 blandius
1762 1734 1884 1776 cum
1914 1728 1962 1790 Β
1990 1732 2168 1787 creta,
2215 1730 2307 1773 aut
2355 1720 2706 1774 conniventes
2752 1717 3020 1773 luereticis
3066 1718 3223 1772 talem
3267 1720 3584 1773 sententiam

298 1816 380 1870 eis
407 1824 616 1885 ageret,
650 1818 817 1870 errori
847 1830 1033 1870 eorum
1062 1815 1345 1870 connivere
1373 1825 1532 1886 atque
1560 1817 1745 1870 inanes
1784 1817 1883 1871 ad-

298 1924 487 1965 versus
522 1910 643 1964 illos
694 1910 865 1963 minas
913 1909 1145 1979 jactasse
1193 1910 1484 1965 videretur.
1539 1909 1611 1963 Ita
1664 1908 1883 1979 quidem

299 2018 422 2058 cum
451 2004 558 2058 illis
582 2004 718 2074 egit,
745 2003 1016 2074 quomodo
1037 2005 1117 2073 agi
1145 2003 1281 2058 solet
1305 2019 1424 2057 cum
1457 2004 1520 2057 iis
1546 2004 1638 2073 qui
1664 2018 1883 2058 excom-

297 2096 556 2152 municati
586 2108 907 2151 censentur:
937 2096 1031 2151 sed
1061 2096 1326 2150 interdum
1358 2095 1661 2166 hujusmodi
1692 2097 1884 2166 agendi

295 2191 436 2245 ratio
459 2198 662 2244 tantum
686 2198 769 2245 est
793 2203 1097 2259 suspensae,
1125 2205 1229 2243 non
1257 2189 1469 2258 penitus
1493 2189 1715 2244 sublata:
1737 2205 1886 2244 com-

297 2283 570 2337 munionis
593 2282 868 2336 indicium.
894 2280 1137 2335 Nondum
1165 2297 1260 2351 pro
1282 2284 1763 2337 excommunicatis
1791 2282 1885 2335 ha-

300 2374 500 2429 bebant.
526 2374 635 2429 Afri
665 2376 863 2445 legatos
890 2374 1198 2441 Novatiani,
1225 2391 1360 2445 quos
1378 2375 1680 2447 Cyprianus
1706 2376 1805 2444 Ep.
1842 2391 1880 2444 ι,

298 2467 370 2520 ad
426 2465 714 2521 Cornelium
766 2467 822 2520 n°
867 2468 929 2531 1,
960 2465 1334 2539 Carthaginem
1389 2470 1603 2523 venisse
1640 2468 1831 2522 scribit
1867 2486 1881 2521 ε

299 2570 355 2616 et
379 2576 501 2615 cum
530 2560 857 2630 postularent
881 2562 1084 2627 audiri,
1110 2574 1297 2632 negata
1324 2563 1618 2627 audientia,
1646 2581 1663 2614 ι
1685 2578 1714 2617 a
1738 2578 1886 2618 com-

300 2654 589 2716 munione,
627 2654 788 2725 inquit
828 2654 961 2707 idem
997 2652 1316 2725 Cyprianus,
1359 2670 1452 2711 eos
1482 2666 1670 2711 nostra
1703 2656 1882 2709 statim

299 2748 629 2804 cohibendos
674 2764 797 2803 esse
840 2749 1165 2806 censuimus.
1194 2770 1213 2801 ι
1248 2748 1337 2804 Sic
1381 2758 1438 2805 et
1480 2766 1547 2805 ex
1591 2766 1692 2816 eo,
1740 2748 1884 2818 quod

301 2842 604 2913 Stephanus
633 2841 884 2899 Afrorum
918 2843 1119 2912 legatos
1145 2842 1331 2897 audire
1359 2842 1565 2907 noluit,
1595 2851 1648 2898 et
1677 2858 1706 2896 a
1737 2857 1885 2896 com-

300 2936 558 2991 munione
594 2950 689 2990 eos
726 2950 821 2991 sua
860 2937 1037 2989 statim
1076 2935 1358 3002 cohibuit,
1404 2952 1510 2991 non
1550 2938 1791 3006 sequitur
1830 2944 1889 2991 ut

301 3032 562 3089 adversus
602 3030 762 3086 Afros
799 3032 1367 3087 excommunicationis
1412 3031 1737 3085 sententiain
1775 3031 1885 3099 jam

1991 1814 2371 1886 protulissent,
2422 1811 2680 1865 continuo
2719 1810 2769 1865 ei
2808 1810 3179 1875 denuntiavit,
3222 1811 3364 1879 quod
3407 1810 3455 1864 si
3494 1813 3586 1880 qui

1991 1908 2094 1962 hoc
2120 1906 2407 1969 auderent,
2439 1904 2506 1958 ab
2528 1902 2769 1958 Ecclesia
2799 1902 3126 1971 pellerentur
3149 1900 3423 1973 (Facund.
3448 1912 3582 1956 cont.

1991 2000 2277 2071 Mecium).
2306 2017 2324 2051 ι
2356 1999 2428 2053 Ita
2461 1998 2685 2068 loquens
2712 1995 2995 2050 Facundos
3025 1995 3194 2061 nihil,
3225 1995 3438 2065 opinor,
3471 1996 3585 2049 cla-

1991 2098 2104 2153 rius
2123 2093 2316 2149 aii'crre
2338 2092 2527 2163 potuit.
2548 2106 2653 2160 quo
2677 2088 3136 2158 rebaptizantibus
3156 2086 3440 2143 hiereticos
3463 2096 3583 2142 tan-

1991 2201 2101 2245 tum
2130 2203 2159 2242 a
2199 2186 2473 2255 Stephano
2498 2184 2731 2237 intentas
2758 2196 2882 2237 esse
2907 2180 3128 2236 doceret
3149 2180 3586 2236 excommunica-

1992 2282 2156 2339 tionis
2190 2282 2381 2335 minas.

2064 2376 2153 2430 30.
2183 2373 2366 2442 Neque
2392 2371 2571 2425 minus
2596 2377 2782 2438 aperte
2810 2368 2949 2423 idem
2978 2369 3229 2440 scriptor,
3253 2384 3409 2438 quam
3435 2384 3587 2440 {equa

1991 2470 2093 2526 sibi
2124 2468 2398 2524 videretur
2427 2464 2686 2535 Stephani
2717 2464 2976 2519 adversus
3001 2462 3324 2536 Cyprianum
3357 2478 3583 2520 censura

1992 2561 2319 2625 declaravit,
2371 2559 2458 2613 ubi
2508 2559 2617 2611 ait:
2666 2575 2687 2607 ι
2716 2556 2772 2611 Si
2822 2571 2982 2610 nemo
3029 2556 3244 2625 sapiens
3291 2555 3588 2611 Ecclesium

1992 2655 2162 2711 credit
2202 2654 2535 2718 hmreticam,
2567 2651 2691 2720 quia
2720 2649 3020 2704 doctrinam
3054 2649 3114 2703 Β.
3157 2647 3405 2719 Cypriani
3452 2651 3587 2704 Car-

1994 2748 2323 2819 thaginensis
2364 2746 2604 2816 episcopi
2644 2753 2699 2799 et
2744 2744 2996 2815 martyris
3049 2744 3268 2810 laudat,
3322 2760 3441 2798 cum
3496 2745 3587 2801 ille

1992 2857 2099 2897 non
2145 2840 2316 2895 solum
2359 2838 2639 2910 privatim,
2669 2847 2725 2891 ut
2763 2838 2812 2892 ei
2843 2838 3012 2891 visum
3040 2848 3154 2902 est,
3188 2853 3375 2892 verum
3423 2840 3585 2892 etiam

1991 2940 2313 3003 congregato
2338 2930 2570 2985 concilio
2598 2929 2903 2995 definierit,
2929 2939 2983 2982 ut
3009 2929 3184 2983 omnis
3212 2928 3495 2984 haereticus
3516 2931 3585 2984 ad

1991 3024 2287 3078 Ecclesiam
2309 3021 2529 3077 veniens
2551 3022 2866 3090 baptizetur,
2891 3031 2944 3074 et
2971 3029 3189 3091 propter
3213 3023 3313 3076 hoc
3336 3021 3585 3090 culpatus

302 3125 591 3194 protulisse
628 3124 1013 3179 existimandus
1051 3125 1139 3177 sit.
1177 3124 1359 3194 Neque
1398 3139 1526 3178 vero
1563 3124 1881 3179 crediderim
1910 3121 1955 3184 C
1988 3118 2056 3173 ab
2096 3115 2372 3186 Stephano
2414 3115 2653 3169 antisute
2698 3113 2941 3168 Romano
2989 3114 3276 3180 restiterit,
3329 3128 3586 3184 suamque

304 3212 556 3284 Cypriani
593 3229 657 3269 ac
695 3218 960 3269 sociorum
998 3217 1250 3280 nomina,
1282 3217 1325 3269 si
1352 3218 1460 3283 jam
1493 3214 1546 3269 in
1579 3216 1751 3269 sacris
1788 3216 1889 3270 Ec-

302 3306 482 3363 clesiae
508 3306 761 3363 Romanie
782 3309 1047 3381 diptychie
1072 3308 1447 3373 obtinuissent,
1477 3318 1601 3363 tunc
1637 3310 1890 3379 temporis

302 3402 431 3458 inde
468 3400 632 3456 fuisse
671 3414 955 3473 expuncta.
1000 3404 1236 3473 Denique
1274 3403 1317 3456 si
1360 3414 1631 3467 veterum,
1674 3403 1764 3472 qui
1807 3403 1890 3458 vel

302 3494 564 3565 Stephani
602 3510 717 3551 ξιξνο
744 3497 827 3551 vel
866 3506 983 3566 post
1018 3496 1287 3559 vixerunt,
1321 3495 1642 3549 testimoniis
1684 3495 1889 3550 haerea-

303 3605 453 3653 mus,
483 3590 784 3660 Stephanus
809 3592 969 3646 Afros
998 3601 1085 3644 aut
1116 3590 1416 3646 Orientales
1445 3606 1549 3644 non
1579 3606 1888 3646 excommu-

303 3684 505 3737 nicavit
536 3684 690 3753 plane
719 3693 810 3737 aut
838 3684 904 3737 de
936 3682 1175 3741 Ecclesia
1216 3682 1411 3753 ejecit,
1456 3681 1552 3737 sed
1593 3697 1708 3746 eos,
1751 3684 1794 3736 si
1835 3684 1886 3737 in

301 3779 569 3831 sententia
617 3792 711 3831 sua
761 3778 1145 3845 persistercnt,
1194 3773 1780 3831 excommunicaturum
1830 3790 1890 3830 se

301 3880 512 3924 tantum
552 3868 900 3927 denuntiavit.

378 3962 470 4019 29.
498 3962 636 4017 Nihil
662 3964 803 4018 aliud
834 3979 927 4031 per
950 3978 1008 4017 sc
1030 3972 1184 4018 sonat
1209 3960 1336 4017 illud
1362 3960 1612 4031 Cypriani
1638 3960 1705 4015 ad
1730 3958 1887 4015 Pom-

302 4060 554 4130 peianum
578 4060 646 4115 de
668 4060 972 4129 Stephano:
999 4076 1017 4109 ι
1040 4058 1421 4113 Hiereticoruni
1449 4057 1651 4110 amicus
1667 4097 1681 4120 ,
1710 4065 1763 4111 et
1790 4056 1887 4108 iiii—

304 4154 479 4208 mirus
501 4153 919 4207 Christianorum
943 4151 1247 4205 sacerdotes
1274 4149 1363 4202 Dei
1388 4150 1665 4202 veritatem
1688 4146 1887 4202 Christi

303 4255 367 4301 et
389 4246 638 4299 unitatem
664 4244 915 4298 Ecclesia-
934 4254 1141 4297 tuentes
1162 4255 1510 4296 ABS'I‘INENDOS
1530 4250 1674 4309 putat
1696 4239 1885 4310 (Epist.

308 4340 535 4410 Lxxw).
560 4358 578 4391 ι
602 4338 675 4392 lbi
704 4337 918 4408 quidem
943 4336 1162 4389 verbum
1190 4333 1531 4394 abstinendus,
1557 4333 1621 4385 de
1645 4333 1706 4385 iis
1728 4330 1886 4385 etiam

305 4434 404 4504 qui
432 4433 661 4486 abstenti
691 4432 940 4491 fuissent.
970 4429 1076 4483 dici
1104 4442 1167 4480 ac
1194 4424 1418 4493 intelligi
1450 4438 1605 4493 posse
1632 4438 1736 4477 non
1765 4420 1887 4475 iuli-

1996 3218 2318 3274 seutentiam
2352 3216 2594 3271 scribens
2623 3214 2689 3268 ad
2718 3213 3029 3282 Pompeium
3057 3222 3252 3283 quanta
3285 3213 3456 3282 potuit
3486 3213 3585 3267 hu—

1996 3325 2151 3365 mana
2202 3307 2666 3379 argumentatione
2694 3304 3030 3370 defenderit,
3063 3304 3320 3373 injuriose
3351 3314 3585 3360 tractans

1996 3402 2245 3458 eumdem
2281 3401 2339 3455 Β.
2370 3399 2739 3468 Stephanum,
2768 3415 2795 3451 a
2826 3413 2931 3467 quo
2961 3396 3133 3452 fuerat
3158 3413 3287 3453 JURE
3314 3413 3586 3454 cunnus

1995 3492 2122 3562 (lib.
2168 3508 2232 3556 ι,
2278 3506 2327 3544 c.
2360 3492 2453 3561 ὅ).
2484 3508 2502 3541 ι
2536 3490 2679 3544 Idem
2724 3503 2851 3543 vero
2890 3487 3219 3560 Cyprianus,
3265 3491 3354 3560 qui
3394 3490 3515 3561 jure
3553 3506 3585 3546 a

1992 3585 2269 3658 Stephano
2295 3586 2545 3656 culpatus
2573 3586 2624 3639 in
2653 3599 2718 3639 eo
2743 3583 2875 3647 fuit,
2903 3584 3045 3654 quod
3073 3586 3139 3639 ab
3168 3586 3437 3655 opinione,
3467 3602 3586 3655 qua:

1996 3678 2269 3736 traditioni
2296 3678 2707 3742 adversabatur,
2741 3691 2863 3731 sese
2891 3676 3075 3730 divelli
3105 3692 3210 3733 non
3240 3678 3449 3733 sinebat
3470 3723 3485 3743 ,
3514 3680 3584 3735 ob

1995 3774 2046 3828 id
2079 3771 2357 3842 Augustini
2390 3770 2583 3823 meruit
2608 3769 2827 3834 laudes,
2875 3768 3017 3838 quod
3060 3784 3182 3824 cum
3222 3770 3499 3841 Stephano
3529 3773 3582 3827 in

1995 3867 2214 3921 unitatis
2243 3880 2372 3934 pace
2399 3862 2712 3933 permansit.
2746 3862 2941 3931 Nempe
2965 3862 3018 3915 iu
3048 3877 3113 3915 eo
3140 3862 3285 3930 ipso,
3314 3865 3474 3933 inquit
3499 3867 3586 3919 ille

1996 3959 2202 4025 Doctor,
2236 3958 2287 4011 in
2314 3971 2420 4027 quo
2445 3956 2597 4009 aliter
2622 3954 2829 4023 sapuit,
2858 3953 3092 4025 collegas
3115 3954 3323 4008 diversa
3349 3959 3583 4009 sentien-

1993 4062 2076 4107 tes
2104 4066 2202 4105 nec
2225 4047 2564 4120 judicanolos,
2594 4062 2691 4102 nec
2716 4062 2746 4100 a
2768 4047 2886 4115 jure
2913 4046 3305 4100 communionis
3330 4061 3583 4102 amoven-

1993 4148 2092 4202 dos
2113 4160 2231 4201 esse
2252 4144 2487 4200 decrevit
2510 4141 2667 4213 (Aug.
2693 4141 2843 4211 epist.
2866 4140 2937 4191 at.
2965 4138 3052 4205 48,
3072 4156 3206 4193 nunc
3235 4139 3325 4206 95,
3347 4139 3403 4191 n°
3433 4134 3543 4210 56)'.
3560 4158 3578 4191 ι

1993 4239 2284 4295 Haereticos
2336 4235 2403 4290 ad
2458 4234 2750 4289 Ecclesiam
2781 4231 3057 4286 venientes
3090 4230 3437 4301 baptizandus
3465 4246 3587 4288 esse

1994 4333 2270 4390 constituit
2298 4330 2544 4402 quidem;
2597 4328 2712 4396 sed,
2746 4336 2805 4382 ut
2846 4343 3004 4396 supra
3045 4327 3347 4382 observavit
3379 4326 3587 4382 Facun-

1993 4430 2124 4495 dus,
2175 4428 2319 4483 nullo
2362 4426 2657 4495 interposito
2699 4424 3020 4479 anathemate
3056 4424 3312 4479 adversus
3358 4438 3451 4479 eos
3496 4427 3588 4495 qui

305 4527 459 4591 cior;
513 4526 605 4581 sed
647 4525 711 4579 de
743 4524 872 4578 solis
901 4518 1472 4576 excommunicationis
1524 4518 1680 4570 minis
1718 4517 1891 4584 reipsa
1917 4519 1971 4580 Ῑ)
1999 4522 2216 4580 eosdem
2249 4535 2353 4575 non
2387 4516 2734 4587 baptizandus
2762 4517 3072 4571 censebant.
3107 4517 3366 4584 Quocirca
3398 4515 3586 4571 Hiero-

308 4617 712 4688 intelligendum
752 4632 876 4670 esse
917 4612 1236 4685 persuadet,
1268 4610 1410 4681 quod
1445 4610 1725 4679 Dionysius
1765 4608 1894 4662 Ale—

310 4710 609 4765 xandrinus
637 4709 703 4763 ad
739 4708 963 4778 Xystum
990 4706 1245 4775 Stephani
1278 4718 1644 4757 successorem
1674 4702 1891 4755 scribit:

317 4821 337 4855 ι
370 4802 541 4860 Antea
582 4802 791 4870 quidem
836 4800 1042 4857 litteras
1082 4798 1369 4864 scripserat
1408 4793 1788 4864 (Stephanus)
1827 4793 1895 4847 de

309 4896 519 4952 Heleno
548 4904 600 4949 et
628 4893 692 4948 de
720 4892 1033 4947 Firiniliauo
1061 4904 1125 4943 ac
1153 4888 1222 4944 de
1253 4888 1499 4942 omnibus
1535 4902 1628 4956 per
1658 4886 1895 4943 Ciliciam

309 4999 370 5045 et
396 4987 781 5057 Cappadociam
805 4994 1131 5051 cunctasque
1156 4980 1408 5036 ﬁnitimas
1437 4979 1739 5050 provincias
1764 4994 1897 5032 con-

311 5083 549 5145 etitutis,
576 5096 693 5137 sese
720 5080 788 5135 ob
815 5078 1057 5136 eamdem
1082 5090 1296 5155 causam
1330 5074 1395 5130 ab
1427 5073 1635 5129 illorum
1662 5088 1899 5127 commu-

314 5179 478 5233 nione
503 5176 863 5230 discessurum
893 5172 1019 5241 (ossa
1045 5176 1235 5232 ἐκεινοις
1262 5168 1576 5237 κοινωνήσων)
1606 5166 1747 5235 quod
1793 5164 1901 5219 ha:-

310 5270 514 5326 reticos
561 5267 972 5338 rebaptizarent.
1003 5282 1020 5314 ι
1051 5263 1277 5318 Tantum
1322 5263 1478 5331 igitur
1531 5260 1901 5314 interminatus

315 5372 433 5418 erat
461 5360 762 5430 Stephanus
778 5401 793 5425 ,
818 5374 883 5413 ne
904 5356 1247 5412 Firmiliauus
1268 5372 1329 5411 ac
1349 5355 1480 5411 socii
1505 5353 1781 5409 haereticos
1809 5368 1895 5406 re-

315 5458 671 5529 baptizarent,
688 5456 925 5525 alioquin
950 5470 1009 5509 se
1034 5454 1101 5507 ab
1129 5455 1363 5523 ipsorum
1381 5450 1757 5506 communione
1784 5448 1893 5503 dis-

316 5568 628 5615 cessurum;
660 5551 899 5621 adeoque
929 5548 1164 5604 nondum
1194 5546 1260 5599 ab
1290 5546 1376 5599 illa
1405 5544 1743 5598 discesserat.
1777 5541 1901 5611 Haec

314 5656 499 5702 autem
534 5643 798 5699 scribebat
832 5642 1115 5713 Dionysius
1145 5646 1265 5707 post
1301 5646 1523 5690 mortem
1564 5635 1711 5704 ejus:
1760 5632 1902 5688 unde

318 5738 560 5811 sequitur
586 5749 644 5795 ut
672 5737 815 5807 quod
844 5736 1076 5793 minatus
1102 5743 1218 5790 erat
1243 5730 1568 5803 Stephanus,
1592 5743 1651 5787 re
1682 5728 1902 5786 minime

1997 4631 2188 4688 nynms
2229 4610 2413 4667 Hilarii
2446 4610 2652 4665 diaconi
2684 4608 3004 4678 discipulos,
3047 4609 3135 4679 qui
3166 4608 3417 4681 Cypriani
3458 4610 3590 4664 scri-

2000 4711 2102 4780 ptis
2145 4706 2517 4767 abutebantur,
2568 4702 2705 4756 istud
2751 4712 2967 4756 monet:
3001 4701 3232 4757 «Sciant
3278 4703 3425 4757 illum
3474 4702 3589 4757 haec

1999 4818 2106 4857 non
2134 4816 2253 4855 cum
2284 4798 2626 4852 anathemate
2654 4809 2839 4849 eorum
2858 4836 2872 4859 ,
2903 4796 2992 4864 qui
3019 4810 3077 4849 se
3103 4797 3253 4867 sequi
3284 4797 3584 4863 noluerant,

1998 4893 2232 4949 edidisse
2251 4932 2264 4956 ,
2293 4889 2555 4959 siquidem
2584 4888 2634 4942 in
2663 4887 3040 4942 communione
3064 4904 3248 4943 eorum
3277 4890 3583 4958 permansit,

1999 4986 2088 5056 qui
2118 4983 2401 5039 sentcntiae
2432 4998 2543 5036 sua:
2582 4979 2947 5034 contraierant
2988 4980 3006 5050 (
3032 4979 3140 5034 Sub
3168 4982 3261 5049 ﬁn.
3293 4979 3419 5034 dial.
3450 4988 3587 5032 cont.

2002 5078 2172 5149 Lucif.
2194 5076 2237 5146 ).
2271 5096 2288 5127 ι
2324 5075 2441 5144 Ipse
2469 5073 2766 5144 Cyprianus
2795 5072 3285 5128 constantissinuun
3328 5086 3425 5139 pro
3468 5070 3589 5123 uni-

2002 5168 2125 5224 tatis
2149 5183 2279 5239 pace
2302 5166 2533 5221 studium
2560 5179 2715 5220 suum
2741 5162 2914 5234 Epist.
2945 5181 3117 5221 Lxxui
3136 5207 3149 5228 ,
3177 5166 3243 5220 ad
3269 5164 3589 5220 Jubaianum

2002 5259 2262 5328 significat
2294 5260 2375 5314 bis
2404 5258 2614 5313 verbis:
2646 5278 2664 5309 ι
2692 5257 2814 5311 Haec
2855 5257 2949 5313 tibi
2991 5260 3223 5315 breviter
3266 5274 3363 5329 pro
3406 5267 3589 5314 nostra

1999 5352 2365 5408 medioeritate
2395 5353 2797 5421 rescripsimus,
2828 5350 2994 5407 frater
3020 5351 3355 5417 cbarissime,
3389 5350 3591 5407 nemini

2001 5443 2411 5515 prtescribeules
2458 5454 2549 5497 aut
2598 5444 3042 5515 przejudicantes,
3088 5445 3375 5513 quominus
3421 5458 3588 5498 unus-

2001 5537 2223 5609 quisque
2250 5537 2626 5607 episcoporum
2654 5535 2795 5607 quod
2824 5544 2974 5605 putat
2999 5535 3184 5597 faciat,
3216 5534 3421 5590 habens
3444 5534 3590 5589 arbi-

2004 5632 2088 5687 ti‘ii
2121 5630 2202 5684 sui
2232 5630 2557 5685 libertatem.
2603 5629 2712 5685 Nos
2733 5672 2746 5693 ,
2777 5640 3029 5701 quantum
3059 5632 3111 5685 in
3142 5629 3301 5685 nobis
3329 5637 3443 5696 est,
3473 5642 3596 5699 pro-

2007 5736 2126 5797 pter
2150 5726 2430 5783 hatreticos
2454 5740 2578 5782 cum
2598 5725 2824 5797 collegis
2844 5736 2899 5786 et
2916 5725 3249 5798 coepiscopis
3269 5724 3473 5782 nostris
3494 5734 3601 5779 non
