4116 6258
736 228 865 284 I'l'il

1395 226 1727 283 STEPHANI
1767 227 1786 281 l
1827 226 2028 283 PAPA‘.
2066 226 2449 283 SENTENTIA
2489 224 2689 283 CIRCA
2732 225 3022 283 BECEPT.
3063 227 3327 286 ΗΑΞΒΕΤ.

3772 244 3865 299 Ii?!

731 344 1104 400 contendimus
1122 384 1135 407 ,
1161 358 1279 397 cum
1303 344 1494 414 quibus
1520 344 1752 397 divinam
1779 342 2117 397 concordiam
2142 351 2196 397 et
2220 342 2317 397 do.
2342 346 2394 402 Α
2421 350 2535 407 tur;
2565 356 2767 412 nosque
2792 341 3101 412 religionem
3128 361 3228 401 non
3250 363 3349 415 qua
3372 347 3599 406 vellemus
3618 352 3785 419 ducere,
3802 361 3867 412 sed

733 437 982 493 minicam
1013 454 1193 507 pacem
1224 446 1486 491 tenemus.
1514 457 1531 489 ι
1554 437 1754 493 Similia
1783 438 1975 505 repetit
2011 446 2067 491 et
2101 436 2164 491 ad
2206 437 2316 491 cal-

733 547 851 587 cem
884 532 1137 601 Epistolae
1165 548 1362 595 Lxxw,
1398 532 1463 584 ad
1490 531 1754 602 Magnum.
1790 531 2046 585 Eumdem
2074 532 2232 584 etiam
2265 531 2317 584 in

730 626 990 694 superiori
1032 625 1264 690 Epistola
1294 642 1359 686 ιι,
1394 639 1552 694 quam
1582 623 1649 677 de
1683 624 1911 677 C(lnt'llio
1949 640 2069 678 cum
2109 623 2319 677 caneris

736 716 955 785 collegis
995 718 1059 769 ad
1090 716 1421 785 Stephanum
1454 718 1800 786 c0uscripsit,
1835 717 1884 770 id
1916 718 2084 785 ipsum
2116 717 2319 770 audivi-

733 825 854 864 mus
886 820 1191 866 testanteiu.
1224 812 1459 881 Denique
1499 822 1551 866 et
1595 812 1646 865 in
1679 811 1876 865 celebri
1920 812 2149 866 concilio
2190 810 2320 865 Car-

729 906 995 974 taginensi
1042 922 1092 959 ιιι
1116 949 1129 966 .
1158 906 1233 959 sic
1258 906 1321 959 ad
1351 906 1584 975 collegas
1614 904 1892 975 praifatur:
1932 925 1949 958 ι
1976 906 2229 975 Superest
2262 915 2321 960 ut

728 998 798 1053 de
826 998 927 1053 hac
956 1000 1066 1068 ipsa
1097 1016 1154 1053 re
1180 999 1307 1068 quid
1336 1000 1627 1053 sentiamus
1654 998 2019 1069 proferamus,
2050 1000 2316 1054 neminem

730 1090 1029 1160 jtnlicantes
1052 1100 1141 1145 aut
1161 1107 1189 1144 ιι
1217 1092 1337 1159 jure
1367 1092 1757 1146 communionis
1782 1092 2009 1161 aliquem
2031 1134 2044 1152 .
2072 1093 2115 1145 si
2144 1092 2321 1148 diver-

730 1197 848 1238 sum
878 1183 1101 1237 senserit
1122 1225 1137 1247 ,
1160 1194 1489 1237 amoventes.
1521 1202 1538 1235 ι
1565 1183 1863 1254 Cyprianus
1889 1184 2104 1253 quippe,
2136 1194 2187 1237 ut
2213 1184 2326 1239 Au-

733 1275 980 1345 gustinus
1026 1275 1363 1339 observavit,
1404 1294 1422 1326 ι
1451 1275 1760 1345 quaestionis
1807 1274 1972 1343 ipsius
2016 1273 2324 1331 difﬁcultate

736 1378 1045 1436 pertttotus,
1077 1375 1131 1419 et
1160 1367 1356 1420 sanctis
1384 1364 1658 1420 charitatis
1700 1367 1989 1421 visceribus
2029 1367 2325 1436 largissime

734 1462 988 1531 praeditus
1010 1502 1023 1521 ,
1053 1462 1102 1514 in
1132 1462 1331 1514 unitate
1356 1476 1475 1515 cum
1504 1462 1581 1514 eis
1613 1461 1933 1515 manendum
1952 1502 1967 1525 ,
1995 1462 2081 1531 qui
2113 1460 2323 1516 diversa

734 1552 998 1607 sentirent
1023 1552 1391 1607 constituerat.
1417 1551 1527 1605 Nec
1554 1551 1772 1605 dubium
1801 1553 1928 1621 quin
1956 1551 2322 1608 difﬁcultatem

736 1645 882 1700 illam
926 1655 1136 1715 pareret
1164 1658 1321 1716 atque
1362 1658 1578 1717 augeret
1612 1647 2042 1707 consuetudinis.
2076 1663 2235 1716 quam
2273 1649 2324 1703 in

2421 437 2598 505 potius
2628 449 2729 503 qua
2762 434 2851 489 illa
2882 434 3129 502 duceret,
3162 438 3308 508 sequi
3348 449 3597 509 oportere;
3636 443 3759 515 idque
3787 462 3869 504 esse

2422 528 2695 599 proprium
2723 526 3041 585 Christiana:
3072 532 3336 587 modestia:
3357 543 3403 587 et
3429 536 3689 603 gravitatis,
3712 555 3788 593 non
3806 556 3867 595 sua

2423 622 2654 693 posteris
2696 622 2934 686 tradere.
2968 623 3062 679 sed
3090 640 3117 677 a
3147 624 3425 695 majoribus
3450 639 3637 696 accepta
3662 644 3866 687 servare.»

2493 714 2582 771 52.
2608 713 2788 785 Neque
2813 717 2973 770 etiam
3000 715 3135 770 idem
3165 716 3257 771 fuit
3278 717 3507 788 Cypriani
3530 719 3810 791 Stephanique
3824 725 3869 779 de

2424 811 2510 864 illa
2538 811 2899 865 contraversia
2923 808 3201 879 judicium.
3232 808 3508 881 Cyprianus
3531 812 3591 864 ab
3615 812 3776 883 antiqua
3798 826 3870 870 tra-

2422 903 2623 959 ditione
2646 903 2947 968 discedens,
2971 903 3039 958 de
3066 903 3151 957 illa
3177 904 3253 959 sic
3274 904 3465 972 opinari
3482 912 3670 959 coactus
3689 909 3868 976 est,quasi

2424 997 2489 1052 ad
2530 1013 2728 1051 merant
2759 996 3092 1066 disciplinam
3134 997 3431 1066 pertineret.
3471 998 3532 1050 At
3558 997 3615 1051 de
3636 997 3775 1052 eadem
3794 999 3872 1054 Ste-

2428 1090 2633 1160 phanus
2674 1090 2827 1159 longe
2864 1089 3021 1143 aliter
3052 1088 3330 1157 judicavit.
3370 1088 3537 1158 Neque
3569 1104 3676 1143 vero
3703 1104 3749 1143 ea
3776 1099 3871 1154 erat,

2425 1184 2598 1254 qualis
2627 1184 2755 1239 olim
2784 1185 2922 1237 circa
2963 1182 3105 1237 diem
3146 1182 3391 1249 Paschre,
3431 1184 3478 1235 in
3516 1198 3606 1253 qua
3636 1186 3871 1238 contenden-

2429 1276 2557 1329 tium
2598 1276 2878 1345 unicuique
2916 1275 3234 1329 senteutiam
3275 1290 3419 1329 suam
3460 1274 3583 1329 tueri
3608 1290 3659 1329 ac
3683 1276 3871 1329 trnereil.

2427 1366 2551 1421 laesa
2584 1366 2687 1421 ﬁde
2716 1366 2922 1421 liceret.
2944 1366 3017 1421 De
3044 1366 3311 1435 praecipuo
3335 1366 3571 1436 agebatur
3596 1365 3874 1436 rebgionisno-

2427 1468 2552 1513 stra:
2580 1459 2774 1527 capite,
2809 1458 2908 1513 hoc
2938 1468 3019 1513 est
3045 1458 3114 1514 de
3143 1459 3338 1514 virtute
3374 1469 3522 1528 atque
3544 1458 3736 1513 eiticacia
3759 1470 3877 1513 escu-

2429 1552 2593 1608 tnenti
2634 1554 2854 1607 omnino
2885 1553 3211 1617 necessarii,
3244 1568 3349 1622 quo
3370 1552 3645 1616 deﬁciente,
3665 1553 3799 1607 nullus
3816 1552 3875 1607 die

2428 1655 2519 1700 aut
2542 1647 2747 1701 censeri
2776 1653 2953 1716 potest
2977 1644 3335 1701 Christianus.
3378 1643 3454 1700 Ad
3484 1643 3613 1707 ha-c,
3639 1642 3693 1698 de
3715 1643 3876 1711 Baptbmi

742 1738 981 1793 Ecclesia
1015 1739 1337 1804 obtinuisse,
1371 1749 1422 1794 et
1456 1742 1506 1793 iu
1540 1740 1806 1809 plerisque
1833 1741 2118 1810 provinciis
2155 1742 2328 1798 adhuc
2357 1744 2403 1806 B
2432 1737 2623 1792 luenda
2653 1738 2853 1791 unitate
2877 1736 3155 1807 agebatur.
3188 1737 3341 1791 llunc
3365 1736 3531 1799 enim,
3557 1751 3690 1806 quem
3710 1754 3725 1786 ι
3744 1751 3873 1789 ιιιιιιιιιι

734 1835 978 1890 obtinere
1005 1846 1254 1898 noverat,
1283 1835 1421 1903 apud
1463 1850 1590 1890 suos
1618 1852 1722 1889 non
1766 1836 1834 1889 ita
1878 1836 2084 1905 pridem
2120 1847 2322 1892 mutata

734 1926 1083 1981 conscientia.
1113 1926 1189 1980 Ne
1210 1927 1367 1993 igitur
1392 1927 1619 1995 majores
1646 1942 1773 1982 suos
1798 1943 1857 1981 ac
1887 1938 2046 1983 totam
2071 1944 2203 1999 pene
2223 1930 2323 1984 Ec-

733 2019 955 2074 clesiam
1002 2021 1257 2075 damnare
1298 2021 1586 2088 videretur,
1628 2024 1997 2091 episc0p0ruin
2042 2025 2324 2095 unicuique

735 2112 984 2182 permisit
1027 2113 1228 2167 sentire
1282 2114 1360 2167 vel
1405 2128 1565 2183 agere
1608 2113 1749 2181 quod
1800 2115 1989 2169 melius
2029 2116 2320 2184 judicaret;

739 2205 980 2275 adeoque
1045 2207 1197 2260 istam
1250 2206 1598 2275 quaistionetn
1636 2204 1700 2259 ad
1741 2221 1944 2261 meram
1986 2207 2324 2278 disciplinam

739 2300 1011 2369 pertinere
1041 2300 1380 2355 existimavit.

807 2395 896 2449 31.
931 2392 1059 2449 lude
1089 2395 1276 2448 saltem
1304 2410 1640 2465 consequens
1671 2410 1789 2449 esse
1823 2396 2091 2451 nonnullis
2116 2396 2326 2452 videbi-

735 2496 840 2551 tur,
874 2495 931 2539 ut
960 2486 1002 2539 si
1036 2487 1225 2540 merito
1254 2485 1497 2540 laudatus
1535 2495 1618 2540 est
1656 2485 1987 2557 Cyprianus,
2028 2487 2170 2557 quod
2213 2490 2328 2543 uni-

735 2580 931 2646 cuique
962 2580 1184 2634 liberum
1214 2580 1527 2649 permittens
1558 2581 1839 2634 sententia:
1872 2596 1980 2635 sum
2010 2581 2288 2635 arbitrium
2309 2622 2324 2645 ,

737 2675 1009 2727 nemiuem
1051 2688 1080 2726 a
1120 2673 1495 2728 conitituuione
1535 2688 1631 2727 sua
1672 2674 2056 2729 remowudum
2084 2674 2325 2739 duxerit;

731 2763 853 2834 jure
882 2767 1177 2833 culpandus
1208 2767 1274 2819 sit
1303 2766 1637 2834 Stephanus,
1667 2766 1810 2836 quod
1842 2782 2029 2821 omnes
2060 2782 2087 2818 a
2117 2781 2175 2821 se
2215 2766 2327 2821 dis-

736 2859 1033 2912 sentientes
1058 2858 1125 2910 ab
1152 2857 1387 2912 Ecclesia
1419 2856 1699 2926 pellendos
1725 2872 1845 2912 esse
1873 2857 2156 2911 deﬁnierit.
2187 2856 2329 2912 Istud

736 2960 915 3006 tamen
949 2954 1167 3007 minime
1199 2954 1462 3022 sequitur,
1500 2953 1598 3006 nisi
1628 2952 1694 3006 de
1726 2952 1811 3005 illa
1841 2952 2206 3007 controversia
2239 2968 2332 3021 par

733 3044 899 3098 fuerit
942 3045 1170 3115 Cyprani
1224 3047 1586 3115 Stephauique
1635 3046 1901 3112 conditio,
1955 3054 2009 3101 et
2056 3047 2333 3115 utriusque

2425 1830 2701 1900 Scriptura
2741 1831 3014 1900 conceptis
3053 1830 3234 1886 verbis
3274 1829 3544 1900 praedicat,
3572 1830 3799 1883 iterandum
3819 1843 3877 1881 non

2425 1939 2545 1979 eSse
2570 1924 2701 1977 ﬁdes
2726 1922 2902 1978 docet.
2930 1924 2995 1978 Et
3021 1939 3082 1978 ea
3104 1924 3322 1993 quidem
3349 1924 3412 1978 de
3438 1939 3494 1978 re
3518 1922 3641 1977 inter
3660 1935 3789 1992 partes
3803 1937 3878 1975 con-

2426 2019 2705 2073 veniebat:
2738 2018 2874 2072 adeo
2904 2026 2959 2070 ut
2987 2016 3288 2089 Cyprianus
3319 2028 3551 2071 metuens
3579 2032 3661 2079 ne,
3685 2018 3718 2069 si
3735 2016 3878 2083 rebava

2427 2113 2534 2168 zari
2582 2113 2864 2168 luereticos
2905 2112 3039 2166 velle
3076 2122 3373 2181 putaretur,
3398 2110 3522 2166 hinc
3548 2110 3639 2165 sibi
3672 2110 3877 2164 condantur

2428 2204 2647 2268 invidia,
2671 2204 2948 2274 scripserit
2970 2216 3080 2258 tum
3105 2204 3277 2273 Epist.
3305 2219 3434 2259 LXXI
3451 2248 3465 2271 ,
3489 2203 3551 2257 ad
3577 2199 3876 2269 QuintmiNos

2428 2307 2606 2351 autem
2630 2297 2855 2351 dicimus
2874 2312 2989 2361 eos,
3015 2297 3103 2365 qui
3129 2296 3255 2351 inde
3279 2297 3520 2360 veniunt,
3544 2312 3636 2348 non
3658 2305 3880 2349 caninum

2429 2392 2565 2462 apud
2595 2408 2722 2456 nos,
2756 2391 2848 2446 sed
2879 2407 3187 2446 BAP‘I‘IZABI:
3214 2411 3233 2444 ι
3271 2402 3379 2446 tum
3412 2391 3572 2460 Epist.
3603 2384 3884 2452 animum.

2431 2486 2687 2551 bcianum,
2719 2504 2737 2536 ι
2763 2484 2963 2539 Invidia
2990 2484 3241 2555 quadam,
3271 2484 3424 2554 quasi
3452 2498 3766 2538 trementum
3784 2480 3884 2549 bapti'

2434 2593 2558 2633 zare
2601 2588 2719 2646 post
2759 2576 2940 2632 hostes
2974 2577 3063 2631 Dei
3105 2574 3257 2631 nefas
3296 2576 3526 2631 ducitur.
3551 2596 3568 2626 ι
3593 2576 3795 2643 Quantum
3812 2588 3884 2625 vero

2431 2670 2499 2724 ab
2535 2669 2777 2723 iterando
2796 2668 3067 2737 Baptisnio
3103 2685 3206 2723 non
3240 2670 3359 2723 sine
3392 2668 3483 2723 Dei
3515 2677 3630 2722 nutu
3653 2666 3886 2721 abhnn'ereu

2432 2762 2753 2827 Christiani,
2800 2763 3126 2831 Augustinus
3170 2763 3473 2819 luculenter
3517 2772 3707 2819 teStatur
3740 2762 3775 2815 in
3806 2760 3886 2813 hunc

2434 2855 2670 2910 modum.
2702 2873 2720 2906 ι
2748 2854 2835 2909 Sic
2864 2854 3139 2919 homines,
3171 2857 3383 2910 occulta
3427 2857 3597 2911 nescio
3630 2871 3709 2925 qua
3739 2853 3887 2921 inspira-

2436 2948 2579 3003 tione
2612 2948 2734 3014 Dei,
2767 2947 3099 3002 detestantur
3129 2949 3171 3002 si
3204 2950 3327 3018 quis
3357 2950 3545 3003 iterum
3578 2948 3893 3019 Baptismumac-

2434 3039 2629 3109 cipiat,
2654 3056 2811 3111 quem
2841 3040 3163 3111 ubicumque
3182 3039 3292 3109 jam
3318 3051 3621 3112 acceperat,
3645 3051 3685 3095 ut
3701 3038 3806 3093 iidem
3824 3035 3890 3105 ipsi

735 3136 878 3191 idem
910 3138 1066 3191 fuerit
1092 3148 1183 3191 aut
1208 3152 1328 3192 esse
1356 3122 1601 3191 debuerit
1629 3136 1694 3190 de
1727 3137 1813 3191 illa
1842 3136 2118 3207 judicium.
2154 3139 2220 3190 At
2247 3153 2329 3192 se~
2357 3142 2400 3203 C
2436 3133 2672 3188 hmretici
2726 3132 3052 3205 (Donatium)
3084 3148 3203 3188 cum
3232 3133 3539 3204 disputant,
3569 3134 3743 3189 frontem
3762 3129 3895 3184 conisi-

734 3242 831 3282 cus
862 3230 1103 3299 contigit.
1154 3229 1351 3284 Durum
1398 3229 1674 3283 videbatur
1702 3231 1968 3299 Cypriano
1994 3231 2329 3286 communio-

737 3336 859 3374 nem
885 3322 963 3374 eis
990 3337 1206 3391 negare,
1230 3321 1318 3391 qui
1345 3331 1623 3374 servarent
1649 3322 1789 3390 quod
1819 3323 1869 3375 in
1894 3322 2140 3375 omnibus
2167 3338 2332 3393 prope

736 3414 980 3469 ecclesiis
1020 3414 1237 3468 videbat
1276 3415 1510 3478 servari,
1554 3416 1802 3485 quodque
1830 3431 1858 3469 a
1890 3416 2180 3483 majoribus
2220 3418 2331 3473 suis

737 3516 863 3560 ante
906 3507 1256 3577 Agrippinum
1302 3508 1647 3561 observatum
1703 3524 1825 3563 esse
1881 3524 1987 3563 non
2028 3510 2324 3578 ignorabat.

737 3600 1041 3667 Stephanus
1072 3616 1200 3653 vero
1227 3598 1463 3668 arquitati
1490 3609 1911 3655 consentaneum
1941 3600 2208 3669 judicabat
2228 3645 2243 3667 ,
2274 3612 2333 3656 ut

737 3698 827 3764 qui
860 3695 1122 3750 mandatis
1150 3695 1527 3764 Apostolorum
1564 3694 1846 3749 traditione
1877 3696 2109 3763 acceptis
2139 3711 2330 3766 parere

738 3788 975 3857 pessimo
1002 3788 1246 3853 exemplo
1270 3787 1667 3851 detrectarent,
1699 3786 1767 3840 ab
1796 3786 2035 3841 Ecclesia
2067 3788 2330 3856 pelleren-

738 3890 846 3935 tur.
876 3880 1144 3951 Cypriano
1174 3878 1227 3932 iu
1260 3878 1357 3932 hac
1387 3879 1808 3948 disceptatione,
1845 3893 1948 3932 non
1980 3879 2329 3948 quemadmo-

735 3973 865 4028 dum
897 3973 1023 4027 olim
1051 3971 1323 4043 Polycrati
1358 3971 1410 4025 in
1439 3972 1803 4026 controversia
1835 3971 1974 4025 circa
2015 3971 2157 4026 diem
2201 3971 2329 4027 Pas-

738 4066 891 4132 chaa,
925 4064 1197 4119 traditioni
1230 4064 1374 4119 Petri
1406 4062 1726 4133 opponenda
1758 4064 2071 4132 suppetebat
2104 4062 2329 4120 Joannis

736 4157 973 4212 traditio.
1002 4155 1133 4211 Cum
1161 4155 1435 4225 Stephano
1460 4158 1601 4211 enim
1628 4156 2004 4225 conspirabant
2028 4171 2215 4211 omnes
2241 4172 2329 4212 cc-

735 4254 918 4311 clesize
962 4261 1157 4323 praeter
1199 4252 1465 4306 africanas
1505 4261 1557 4305 et
1596 4265 1790 4320 paucas
1834 4252 2070 4305 Orientis
2111 4252 2329 4321 provin-

736 4348 865 4402 cias.
896 4344 953 4398 In
981 4344 1156 4399 Africa
1180 4358 1385 4399 morem
1414 4342 1660 4398 eumdem
1689 4342 1754 4397 ad
1783 4344 2132 4414 Agrippinum
2162 4359 2328 4414 usque

734 4435 1028 4492 obtinuisse
1049 4433 1350 4505 Cyprianus
1371 4449 1434 4488 ac
1454 4432 1585 4487 socii
1612 4433 1933 4500 fatebantur,
1966 4450 2137 4504 neque
2162 4435 2326 4489 ullum

2433 3236 2586 3291 cent,
2610 3236 2663 3281 et
2688 3241 2853 3296 prope
2880 3242 3070 3281 omnes
3096 3242 3280 3281 eorum
3312 3228 3435 3283 laici
3459 3270 3472 3282 .
3492 3268 3505 3281 .
3526 3271 3539 3282 .
3564 3228 3675 3282 .Iioc
3692 3225 3814 3280 solum
3832 3222 3894 3275 illic

2432 3320 2452 3390 (
2472 3322 2525 3374 in
2548 3330 2681 3375 secta
2711 3338 2802 3374 sua
2820 3363 2833 3386 ,
2862 3321 3000 3391 quod
3029 3320 3322 3389 Baptismus
3350 3322 3582 3394 iteratur)
3608 3322 3691 3377 sibi
3714 3317 3894 3389 displicere

2433 3413 2700 3467 fateantur
2731 3414 2857 3486 (tib.
2894 3432 2922 3468 v
2956 3415 3018 3468 de
3047 3413 3201 3484 Bapt.
3234 3425 3374 3471 cont.
3408 3415 3593 3470 Donat.
3624 3430 3664 3469 c.
3691 3415 3759 3484 5).
3784 3432 3796 3464 ι
3820 3409 3895 3461 l'idc

2432 3522 2486 3567 et
2510 3512 2768 3567 subnexa.
2806 3514 2917 3568 l'loc
2946 3525 3124 3569 autem
3158 3516 3415 3586 Baptismi
3445 3534 3549 3573 non
3580 3511 3763 3571 iterandi
3784 3507 3896 3574 dogma
3968 3498 3969 3507 “

2431 3615 2525 3659 aut
2563 3605 2869 3661 convellere
2898 3616 2990 3661 aut
3016 3610 3245 3664 convelli
3290 3612 3473 3666 sinere
3504 3626 3665 3666 nonne
3690 3608 3896 3660 visusessu

2431 3697 2767 3767 Stephanus,
2797 3699 2840 3752 si
2874 3699 3157 3754 haereticos
3189 3703 3552 3773 rebaptizaudi
3579 3693 3897 3759 consuetudinem

2434 3806 2538 3845 non
2571 3792 2640 3844 ita
2675 3793 2878 3861 pridem
2913 3792 3182 3855 inductam
3222 3794 3468 3851 ruborari
3508 3796 3688 3849 diutius
3722 3783 3898 3860 permisis-

2431 3886 2547 3940 set?
2574 3886 2689 3953 Quo
2720 3886 2939 3956 majOris
2968 3898 3119 3941 erant
3148 3890 3323 3943 meriti
3354 3894 3443 3960 qui
3474 3906 3587 3946 eam
3619 3887 3901 3944 tuebatttur.e0

2430 3978 2645 4047 gravius
2685 3979 2939 4034 Ecclesiae
2980 3980 3274 4049 periculum
3323 3984 3662 4047 imminebat,
3705 3980 3783 4034 nisi
3811 3974 3900 4028 [idem

2431 4072 2721 4141 apostolica
2746 4073 3027 4129 traditione
3049 4086 3321 4145 acceptam
3345 4077 3659 4132 vindicasset
3677 4073 3843 4129 acriter.
3857 4064 3901 4132 qui

2434 4164 2705 4233 prmcipua
2733 4166 3051 4221 auctoritate
3081 4168 3134 4221 iu
3163 4167 3402 4223 Ecclesia
3436 4170 3675 4238 pollebat.
3702 4162 3820 4219 Tanti
3837 4156 3903 4211 mai

2430 4257 2581 4313 labes
2618 4266 2782 4313 totam
2824 4259 3059 4314 Africam
3079 4303 3092 4325 ,
3122 4278 3241 4332 qua:
3269 4279 3376 4317 non
3407 4262 3586 4318 inﬁma
3616 4269 3720 4317 erat
3744 4250 3905 4312 Ecclesii

2430 4351 2638 4420 portio,
2670 4367 2875 4406 necnon
2904 4350 3143 4407 Ciliciam
3175 4365 3335 4425 atque
3365 4354 3742 4426 Cappadociam
3762 4350 3841 4419 jam
3862 4348 3902 4395 ιιι·

2428 4442 2651 4509 fecerat,
2677 4455 2731 4499 et
2755 4460 2873 4515 quae
2905 4446 2956 4499 in
2980 4444 3232 4501 ﬁnitimas
3262 4448 3565 4516 pervadere
3592 4463 3689 4502 non
3714 4438 3907 4500 desistant

735 4531 1021 4587 contraria:
1042 4525 1446 4581 consuetudinis
1464 4528 1742 4597 veStigium
1762 4528 1813 4581 in
1832 4527 2325 4585 Orientisecclesiis
2353 4538 2404 4600 D
2431 4538 2763 4607 provincias,
2810 4540 2958 4595 brevi
3000 4550 3165 4595 totum
3218 4539 3498 4598 Orientem
3547 4551 3658 4598 erat
3701 4537 3907 4611 perdituri.

735 4635 860 4677 ante
892 4621 1420 4693 deprehendebatur,
1455 4636 1613 4691 quam
1644 4620 1908 4677 dubitatio
1935 4623 2001 4677 de
2032 4622 2327 4680 Montanis-

736 4728 910 4771 tarum
934 4718 1208 4786 Baptismo
1240 4726 1363 4772 nata
1391 4715 1665 4771 decretum
1697 4714 1973 4772 Iconiense
2005 4718 2319 4787 peperisset.

737 4811 905 4868 Tanta
950 4822 1127 4867 autem
1156 4815 1516 4869 Ecclesiarum
1558 4814 1718 4868 totius
1745 4813 1891 4869 orbis
1925 4816 2210 4870 consensio
2235 4817 2324 4872 cui

736 4906 1018 4962 tribuenda
1046 4915 1158 4971 est,
1184 4907 1285 4961 nisi
1310 4906 1616 4976 apostolicm
1638 4906 1949 4963 traditioni?
1974 4907 2121 4963 lianc
2143 4916 2322 4965 tamen

733 5000 804 5055 ab
843 5000 1115 5071 Apostolis
1149 4999 1410 5069 prodiisse
1440 4997 1562 5054 ideo
1592 4998 1847 5055 nolebant
1876 4999 1987 5055 Afri
2008 5041 2024 5066 ,
2070 5001 2192 5070 quia
2224 5001 2321 5056 hu-

736 5111 909 5151 manm
934 5094 1127 5150 rationi
1156 5107 1451 5164 repugnare
1476 5093 1606 5163 ipsis
1628 5093 1923 5149 videbatur.
1953 5093 2056 5149 Sed
2078 5110 2183 5164 quo
2208 5097 2323 5152 veri

734 5190 949 5245 videtur
974 5190 1201 5245 similior
1228 5188 1316 5243 illa
1343 5188 1510 5255 ratio,
1541 5204 1699 5258 quam
1727 5187 2085 5259 objiciebaut,
2116 5202 2182 5243 eo
2208 5204 2321 5245 ma-

734 5284 815 5353 gis
856 5282 1137 5353 persuadet
1174 5281 1651 5347 consuetudinem,
1682 5297 1838 5351 quam
1878 5280 1967 5334 illa
1998 5280 2232 5351 respuit,
2265 5281 2317 5336 in

734 5374 983 5429 omnibus
1003 5374 1256 5429 Ecclesiis
1282 5375 1447 5446 recipi
1475 5374 1574 5430 nisi
1603 5371 1786 5428 divina
1812 5372 2093 5428 traditione
2122 5374 2322 5444 potuis-

732 5484 813 5524 se.
850 5469 1102 5537 Apposite
1133 5469 1289 5537 igitur
1316 5469 1626 5525 Vincentius
1657 5466 1954 5522 Lirinensis
1979 5468 2141 5523 dixit:
2179 5486 2199 5518 ‹
2233 5467 2319 5522 ln-

2434 4631 2537 4686 nisi
2572 4641 2814 4702 prompto
2845 4634 3086 4690 remedio
3114 4635 3349 4690 cohibita
3374 4650 3428 4693 et
3455 4648 3637 4693 sanata
3665 4643 3803 4690 esset.

2498 4723 2588 4778 55.
2630 4724 2901 4795 Stephano
2925 4726 3087 4797 igitur
3115 4737 3223 4783 tota
3251 4731 3584 4785 auctoritatis
3620 4742 3721 4784 sure
3746 4719 3909 4779 molein-

2428 4821 2811 4878 tercedendum
2838 4822 2933 4877 fuit
2956 4823 3156 4879 celebri
3177 4824 3419 4891 decreto,
3442 4841 3550 4896 quo
3569 4824 3827 4897 Cyprianus
3842 4826 3912 4868 cum

2425 4914 2655 4970 concilio
2690 4928 2788 4969 suo
2828 4925 3113 4982 sanxerat,
3151 4935 3169 4968 ι
3196 4916 3563 4988 Baptizandus
3592 4928 3643 4973 et
3671 4906 3913 4971 innovandos

2423 5017 2506 5064 est
2530 5008 2619 5076 qui
2648 5007 2713 5062 ad
2740 5007 3038 5065 Ecclesiam
3065 5012 3243 5077 venit,
3268 5022 3326 5067 ut
3352 5013 3497 5067 intus
3526 5028 3621 5084 per
3644 5020 3824 5067 sanctos
3842 5016 3913 5057 ιη’

2422 5100 2716 5165 οιὶίίοθιυτς
2741 5120 2760 5153 ι
2790 5108 2845 5156 et
2870 5100 2967 5167 iis,
2997 5104 3087 5173 qui
3113 5104 3443 5173 pertinacius
3470 5106 3599 5160 illud
3626 5100 3915 5160 defendebant.

2420 5192 2629 5249 fortiter
2648 5192 3016 5250 obnitendum.
3041 5194 3097 5251 Si
3119 5197 3259 5251 enim
3286 5197 3385 5253 hac
3409 5199 3460 5253 in
3487 5213 3646 5254 causa
3668 5212 3722 5252 se
3741 5192 3916 5266 gessisse1

2421 5286 2729 5341 remissius:
2760 5285 2804 5339 si
2832 5300 2927 5355 per
2949 5287 3181 5357 speciem
3212 5291 3358 5359 pacis
3382 5291 3630 5347 obtinere
3654 5300 3815 5360 passus
3831 5288 3917 5336 esse!

2422 5380 2560 5433 hanc
2580 5378 2910 5447 opinionem,
2936 5390 2994 5435 ut
3016 5383 3227 5438 nonnisi
3254 5399 3347 5453 per
3364 5396 3579 5440 sanctos
3601 5384 3817 5439 homines
3835 5389 3912 5430 sani

2422 5471 2643 5527 ctiﬁcari
2671 5472 2789 5541 quis
2815 5473 3016 5541 possit,
3047 5482 3106 5528 ut
3134 5474 3394 5545 Spiritum
3422 5485 3665 5532 sanctum
3696 5490 3779 5545 per
3798 5480 3918 5524 επη-

733 5561 1008 5630 telligebat
1049 5560 1129 5614 vir
1156 5571 1371 5616 sanctus
1398 5574 1452 5617 et
1492 5561 1726 5631 prudens
1765 5560 2131 5633 (Stephanus)
2182 5560 2316 5616 nihil

731 5652 873 5702 aliud
907 5653 1108 5705 ratione
1140 5653 1349 5720 pietatis
1379 5653 1691 5717 admittere,
1725 5663 1780 5707 ut
1808 5654 1984 5707 omnia
2016 5669 2121 5725 qua
2148 5654 2253 5709 ﬁde
2280 5670 2311 5710 ιι

733 5738 975 5794 datribus
1002 5752 1221 5809 accepta
1245 5752 1397 5809 sunt,
1426 5743 1613 5800 eadem
1637 5744 1742 5799 ﬁde
1771 5744 1896 5802 ﬁliis
1924 5748 2307 5817 consignaren-

2420 5578 2600 5623 menta
2638 5567 2766 5624 dare
2804 5585 2911 5625 non
2951 5569 3123 5625 valeat
3161 5572 3253 5641 qui
3282 5588 3389 5628 non
3430 5573 3624 5640 habet,
3666 5582 3719 5626 ut
3748 5562 3917 5639 quisqms

2413 5658 2669 5729 Spiritum
2699 5673 2942 5718 sanctum
2972 5666 3100 5718 dare
3128 5680 3233 5720 non
3265 5668 3466 5736 possit,
3498 5680 3606 5721 non
3634 5664 3787 5735 possit
3807 5656 3921 5724 δίψη·

2410 5768 2555 5819 zare,
2572 5769 2638 5811 ac
2660 5754 2952 5825 Baptisma,
2975 5756 3227 5815 collatum
3245 5760 3315 5816 ab
3340 5776 3406 5817 eo
3434 5760 3661 5824 irritum,
3676 5755 3860 5813 omnino
3876 5746 3916 5807 sit
