4116 6258
220 291 332 349 19.75

852 287 1408 347 DISSERTATIONIS
1464 286 2292 346 lllSTORlCO-DOGMATlCIE
2331 286 2491 345 PRIE
2502 286 2722 345 FATIO.

3322 288 3458 346 tm

216 421 355 482 atque
394 408 621 467 nullum.
663 408 798 478 Quid
842 410 1112 473 facerent,
1144 420 1201 463 nt
1250 410 1499 465 observat
1528 409 1778 479 Augusti-
1806 408 1853 469 A
1882 416 2042 478 atque
2084 406 2243 461 ﬁdem
2292 407 2513 462 illaasam
2557 410 2767 465 sincere
2808 407 3036 474 vellent;
3077 416 3132 463 et
3167 405 3237 462 de
3272 406 3463 478 quibus

218 520 301 560 nus
334 505 463 577 (lib.
490 521 543 567 γ,
577 504 638 557 de
665 501 818 573 Bapt.
852 514 987 558 cont.
1027 503 1220 557 Donat.
1255 519 1302 558 c.
1337 504 1429 561 2|)
1451 546 1466 571 ,
1498 505 1587 575 qui
1619 504 1778 558 etiam

216 600 339 655 intus
368 599 419 653 in
450 596 687 652 Ecclesia
721 597 996 652 hominem
1032 598 1120 653 Dei
1152 606 1454 669 quaerentes
1474 638 1488 662 ,
1522 598 1573 651 in
1609 597 1781 652 homi-

216 691 369 748 eidam
413 693 672 746 latentem
698 733 711 751 ,
747 691 797 743 in
829 690 1096 745 ebriosum
1120 734 1134 757 ,
1170 691 1222 745 in
1256 699 1523 761 raptorem
1556 700 1609 746 et
1640 690 1779 744 invi-

217 785 326 841 dutn
380 784 770 839 incurrissent?
799 784 929 851 Qua:
959 784 1150 838 exinde
1180 784 1626 840 conscientiarum
1662 800 1780 854 per-

218 877 459 943 turbatio,
490 893 609 948 quae
639 877 883 932 anxietas
913 877 1249 932 exoriretur?
1278 877 1387 931 Etsi
1419 879 1559 932 enim
1596 879 1783 947 rebap-

219 972 424 1026 tizantcs
465 984 572 1024 non
620 984 685 1023 eo
721 985 1065 1039 processere,
1111 978 1167 1023 ut
1206 969 1534 1039 Baptismum
1566 986 1594 1022 ει
1628 970 1783 1025 malis

215 1061 488 1116 Catholicis
535 1061 792 1116 collatum
841 1060 1199 1117 innovandum
1241 1077 1361 1117 esse
1403 1062 1672 1129 dicerent,
1716 1079 1783 1118 ex

222 1153 457 1208 Omnibus
499 1162 673 1208 tamen
719 1153 1034 1218 momentis,
1078 1169 1194 1221 qua:
1233 1153 1503 1223 Stephano
1547 1170 1780 1225 oppone-

215 1248 363 1311 hant,
414 1246 657 1317 sequitur
698 1256 753 1301 ut
793 1248 879 1318 qui
922 1262 950 1300 a
994 1248 1285 1303 Catholicis
1325 1248 1587 1305 charitate
1626 1261 1784 1321 atque

215 1344 368 1415 gratia
414 1343 686 1396 destitutis
732 1342 1029 1413 baptizatus
1072 1344 1334 1407 videatur,
1384 1345 1679 1413 baptizatus
1726 1362 1784 1402 re

216 1438 319 1508 ipsa
346 1451 450 1490 non
477 1435 576 1501 sit,
607 1434 849 1505 adeoque
875 1436 941 1489 sit
968 1437 1322 1491 innovandns.
1350 1437 1467 1504 Quo
1494 1440 1659 1493 semel
1686 1440 1782 1493 ads

213 1531 394 1594 misso,
426 1529 544 1598 quis
571 1542 629 1582 se
655 1527 975 1598 baptizatum
1003 1526 1331 1583 confideret?
1358 1545 1514 1599 quam
1547 1530 1696 1583 multi
1721 1546 1782 1585 ea

212 1625 273 1680 de
298 1639 353 1679 re
381 1622 572 1677 merito
601 1622 944 1678 dubitarent?
985 1622 1101 1677 Jam
1131 1635 1185 1678 et
1217 1625 1315 1679 hoc
1345 1624 1686 1679 Firmilianus
1715 1626 1783 1681 de

213 1720 271 1774 iis
290 1760 303 1785 ,
332 1733 465 1790 (ιιιος
491 1718 726 1787 episcopi
758 1719 827 1773 ob
856 1717 1175 1773 idololatriae
1201 1720 1403 1773 crimen
1433 1720 1501 1774 de
1528 1721 1781 1775 sacerdo-

1883 502 2212 572 Augustinus
2252 502 2411 558 dicit:
2448 523 2467 557 ‹
2492 504 2633 560 Vicit
2664 522 2763 576 pax
2794 506 2845 560 in
2876 505 3127 560 cordibus
3157 518 3372 568 eorum,
3408 512 3467 559 ut

1885 598 1936 651 in
1972 599 2061 653 tali
2093 599 2482 669 disceptatione
2524 601 2725 655 nullum
2767 602 2904 656 inter
2941 615 3035 654 eos
3065 598 3261 653 malum
3292 597 3467 653 schis-

1884 694 2041 747 matis
2070 694 2300 748 oriretur
2329 694 2440 767 (lib.
2493 711 2525 747 v
2553 696 2615 748 de
2641 694 2798 765 Bapt.
2831 704 2964 748 cont.
3001 692 3187 747 Donat.
3222 708 3272 749 c.
3298 689 3461 762 25).)

1886 785 2013 842 lude
2043 802 2253 857 quoque
2284 787 2496 842 discant
2528 788 2775 841 novitatis
2805 795 3071 841 amatores
3101 796 3151 841 et
3188 784 3471 839 ecclesias-

1887 880 2110 934 ticarum
2142 889 2562 948 comtcmptores
2593 880 2965 942 traditionum,
3005 883 3088 935 cui
3129 878 3372 950 periculo
3410 892 3469 932 se

1885 973 2219 1026 cenimittant
2238 1014 2252 1037 ,
2285 988 2405 1026 cum
2431 973 2692 1041 speciosis
2712 972 3029 1042 quibusdam
3055 971 3350 1027 rationibus
3374 970 3473 1025 hu-

1886 1069 2090 1133 manis,
2123 1069 2203 1123 vel
2234 1069 2391 1122 etiam
2434 1068 2498 1122 iis
2542 1083 2763 1137 prorsus
2802 1068 3070 1127 destituti.
3114 1083 3143 1122 a
3183 1078 3471 1123 consuetu-

1886 1160 2101 1215 dinibus
2132 1160 2183 1213 in
2218 1160 2455 1215 Ecclesia
2498 1175 2711 1230 semper
2738 1164 2969 1231 receptis
3007 1169 3063 1215 et
3103 1158 3343 1215 studiose
3372 1158 3473 1215 ob-

1886 1254 2112 1308 servatis
2144 1253 2400 1308 recodere
2432 1269 2538 1307 non
2572 1264 2844 1308 verentur.
2888 1253 2943 1308 Si
2982 1254 3142 1308 etiam
3184 1252 3474 1321 aliquando

1886 1362 1915 1400 a
1955 1361 2177 1400 summac
2216 1347 2515 1401 sanctitatis
2557 1357 2715 1417 atque
2755 1348 3087 1402 auctoritatis
3127 1347 3256 1401 viris
3297 1349 3473 1417 impu-

1886 1440 2032 1507 gnari
2064 1440 2236 1510 potuit
2261 1441 2526 1494 constanti
2563 1438 2848 1493 traditione
2876 1449 3095 1509 accepta
3127 1438 3378 1493 Ecclesia:
3412 1436 3471 1491 li-

1887 1531 2014 1595 des,
2045 1549 2073 1585 a
2106 1532 2251 1586 nullo
2292 1547 2542 1601 umquam
2587 1532 2759 1601 petuit
2795 1532 3055 1602 superari.
3101 1530 3158 1587 Si
3199 1547 3315 1586 xcvo
3345 1545 3473 1598 suo,

1887 1639 2007 1678 cum
2040 1626 2182 1679 nulla
2222 1624 2531 1691 legerentur
2558 1625 2770 1680 concilii
2801 1625 3065 1695 generalis
3093 1623 3341 1688 decreta,
3371 1623 3479 1696 Cy-

1890 1720 2105 1789 prianus
2144 1719 2407 1773 adversus
2450 1718 2783 1788 Stephanum
2827 1718 3110 1783 clamavit,
3148 1737 3166 1769 ‹
3191 1717 3301 1773 Nec
3328 1717 3479 1788 quis-

213 1812 296 1867 tali
321 1812 571 1882 dignitate
602 1811 784 1865 dimoti
818 1810 1178 1881 baptizarant,
1212 1812 1263 1866 in
1296 1813 1520 1867 ecclesia
1553 1828 1649 1867 sua
1682 1828 1781 1867 usu
1813 1807 1860 1868 Β
1887 1828 2041 1882 quam
2083 1812 2224 1866 dicat
2260 1812 2448 1881 :Qnod
2483 1813 2792 1883 accepimus
2822 1813 2890 1866 ab
2920 1812 3222 1880 Apostolis,
3254 1811 3359 1867 hoc
3388 1828 3478 1869 se-

212 1914 475 1974 receptum
510 1903 697 1969 tradit,
738 1922 756 1954 ‹
784 1913 839 1958 ut
870 1906 1193 1973 quicumque
1223 1904 1291 1957 ab
1320 1904 1425 1959 illis
1458 1905 1781 1979 (episcopis)

212 1997 351 2050 tincti
384 1995 449 2049 ad
483 2010 580 2049 nos
609 1995 849 2059 veniunt,
875 2004 1141 2063 tamquam
1173 1997 1331 2050 alieni
1367 2008 1418 2051 et
1439 1996 1571 2050 nihil
1596 2013 1783 2051 conse—

210 2090 330 2154 cuti,
362 2088 519 2142 unico
547 2097 600 2142 et
628 2103 757 2141 vero
784 2087 1054 2157 Baptismo
1080 2087 1219 2157 apud
1249 2102 1347 2141 nos
1374 2088 1727 2156 baptizentur.
1757 2109 1777 2141 ι

273 2185 360 2241 54.
390 2182 447 2237 ln
478 2182 576 2237 hac
604 2190 711 2237 tota
741 2182 1122 2251 disputatione,
1154 2197 1311 2251 quam
1343 2182 1494 2236 valde
1520 2198 1694 2238 acrem
1723 2199 1787 2238 ac

208 2276 429 2332 vividam
456 2277 624 2331 fuisse
656 2275 930 2330 fatendum
964 2285 1076 2341 est,
1109 2276 1152 2328 si
1186 2275 1315 2328 viris
1354 2276 1636 2329 sanctitate
1678 2292 1785 2330 non

207 2370 403 2440 vulgari
435 2370 705 2440 praeditis,
733 2368 857 2423 dtttn
888 2384 994 2422 uno
1023 2368 1263 2422 veritatis
1287 2368 1462 2423 studio
1487 2369 1658 2437 abripi
1685 2369 1785 2424 sibi

212 2463 474 2529 videntur,
512 2461 767 2517 nonnulla
806 2462 1122 2517 exciderunt
1159 2462 1352 2527 verba,
1385 2477 1503 2533 qua:
1542 2477 1784 2516 contmuv

210 2569 303 2609 nes
339 2554 644 2608 christiana:
687 2552 962 2609 modestim
1002 2553 1147 2625 leges
1197 2570 1302 2608 non
1354 2554 1610 2623 probant;
1661 2554 1786 2624 quid

216 2663 315 2704 non
344 2649 410 2703 ab
438 2648 542 2702 illis
566 2648 1010 2717 diSputationibus
1037 2649 1378 2703 metuendum
1400 2690 1414 2714 ,
1445 2664 1559 2719 qua:
1588 2656 1788 2703 temere

215 2758 276 2799 ac
303 2742 506 2797 levilms
534 2740 601 2795 de
631 2740 807 2795 causis
837 2742 1213 2810 suscipiuntur,
1247 2756 1309 2796 ac
1350 2756 1491 2810 saepe
1531 2757 1630 2794 una
1670 2741 1788 2811 glo-

208 2837 299 2891 riae
338 2835 629 2905 cupiditate
661 2834 909 2890 leventur
936 2850 999 2889 ac
1031 2836 1375 2890 nutriuntur?
1405 2834 1510 2890 Sed
1550 2834 1595 2889 si
1635 2834 1789 2888 vitari

208 2947 313 2988 non
349 2940 601 3000 possunt,
634 2932 711 2986 sic
741 2946 800 2986 se
829 2941 1013 3001 gerant
1048 2941 1224 3001 partes
1245 2973 1259 2997 ,
1293 2939 1348 2984 ut
1376 2940 1428 2986 et
1454 2931 1499 2984 ei
1533 2931 1618 2999 qui
1651 2929 1789 2983 veri-

209 3034 369 3082 tatem
404 3033 731 3096 propugnat,
767 3023 1079 3094 exprobrari
1114 3040 1216 3078 non
1252 3023 1419 3094 possit
1448 3022 1588 3093 quod
1621 3021 1791 3076 schis-

206 3118 459 3173 maticqu
502 3134 609 3188 pra:
650 3132 707 3172 se
749 3117 883 3172 ferat
923 3117 1192 3179 animum,
1237 3118 1362 3170 etis
1391 3118 1477 3187 qui
1519 3117 1729 3183 aberrat
1759 3132 1787 3169 a

1888 1906 2120 1975 quimur.
2148 1904 2380 1971 Quanto.
2406 1905 2565 1975 inquit
2588 1906 2902 1976 Augustinus
2924 1903 3082 1971 (Ibid.
3104 1903 3196 1958 lib.
3216 1919 3266 1957 tv
3286 1945 3301 1968 ,
3326 1919 3373 1958 c.
3397 1902 3477 1975 6),

1890 1997 2161 2053 robustius
2192 2013 2332 2051 nunc
2354 1997 2583 2052 dicimus
2619 2015 2631 2046 :
2671 1996 2823 2064 Quod
2857 1995 3118 2051 Ecclesiae.
3147 1995 3482 2051 consuetudo

1888 2108 2102 2162 semper
2124 2094 2309 2157 tenuit,
2328 2092 2468 2160 quod
2490 2091 2604 2145 inec
2625 2090 2914 2161 diSputatio
2935 2089 3236 2145 discindere
3258 2105 3364 2144 non
3389 2105 3483 2160 po-

1892 2186 2026 2251 tuit,
2072 2192 2126 2238 et
2165 2183 2305 2253 quod
2349 2183 2651 2253 plenariunt
2680 2181 2966 2235 concilium
2997 2181 3123 2253 (seu
3156 2182 3487 2235 Arelantense

1890 2294 2007 2332 can.
2032 2277 2082 2341 8,
2110 2293 2193 2330 seu
2215 2275 2483 2329 Nica’num
2505 2277 2625 2329 item
2645 2291 2763 2328 can.
2784 2274 2844 2343 8)
2867 2274 3203 2329 conﬁrmavit
3225 2292 3239 2338 ;
3266 2274 3371 2329 huc
3396 2288 3484 2328 ac-

1890 2370 2053 2435 cedit,
2077 2368 2219 2439 quod
2252 2369 2543 2438 perspectis
2568 2382 2633 2422 ex
2663 2377 2889 2437 utroque
2917 2366 3085 2422 latere
3108 2367 3484 2436 disputationis

1891 2466 2187 2521 rationibus
2216 2474 2268 2518 et
2309 2462 2705 2533 Scripturarum
2741 2462 3084 2527 testimoniis,
3120 2471 3294 2531 potest
3321 2463 3484 2517 etiam

1891 2561 1995 2615 dici
2020 2560 2197 2627 :Quod
2223 2560 2416 2613 veritas
2438 2556 2746 2615 declaravit.
2774 2556 2875 2609 hoc
2906 2555 3234 2625 sequimur.»
3262 2554 3485 2633 Miratur

1892 2655 2015 2709 alibi
2039 2653 2385 2722 Augustinus,
2406 2661 2460 2705 et
2482 2650 2582 2703 hoc
2608 2664 2733 2704 vere
2755 2648 3107 2703 admiratione
3132 2648 3349 2719 dignum
3374 2656 3482 2715 est,

1892 2748 2032 2820 quod
2073 2748 2367 2802 Petilianus
2401 2746 2704 2805 Donatista.
2741 2760 2861 2799 cum
2893 2742 3143 2815 Cypriani
3176 2743 3243 2797 de
3274 2743 3487 2812 Baptis-

1893 2858 1980 2896 mo
2011 2840 2329 2897 sententiam
2376 2839 2620 2893 laudaret
2659 2851 2719 2891 ac
2761 2845 3096 2904 sequeretur,
3135 2832 3487 2888 nihilominus

1890 2934 2217 3002 Stephanum
2248 2932 2387 2987 inter
2416 2946 2509 2985 eos
2554 2928 2988 2983 commemorarit
3015 2926 3271 2980 Romamn
3302 2925 3487 2980 Eccle-

1891 3030 1985 3084 siae
2018 3025 2305 3094 praesules,
2339 3044 2357 3076 ι
2381 3039 2515 3095 quos
2543 3022 2803 3077 illibatutn
2847 3021 3211 3091 episcopatum
3253 3018 3487 3090 gessisse

1892 3119 2174 3176 confessus
2206 3130 2307 3173 est.
2334 3137 2353 3170 ι
2382 3118 2455 3172 Ea
2498 3116 2749 3170 nintirum
2780 3124 2859 3169 est
2893 3115 2969 3168 vis
2999 3113 3268 3180 veritatis,
3310 3122 3367 3167 ut
3409 3113 3488 3167 in-

207 3226 334 3266 vero
355 3254 369 3273 ,
402 3210 468 3265 de
497 3210 757 3266 catholica
788 3221 963 3266 mente
989 3211 1206 3281 gloriari
1237 3210 1428 3265 valeat.
1463 3209 1789 3280 Stephanum
1819 3202 1863 3265 C
1897 3212 2106 3268 terdum
2133 3213 2290 3265 etiam
2319 3210 2385 3263 ab
2406 3209 2733 3265 adversariis
2757 3208 2868 3262 suis
2890 3223 3097 3275 teqnum
3123 3206 3486 3262 testimonium

207 3307 480 3364 imitentur
509 3316 666 3379 atque
707 3303 1062 3376 Cyprianum,
1105 3320 1331 3376 quorum
1372 3304 1534 3359 animi
1578 3320 1789 3373 semper

203 3397 421 3453 fuerunt
451 3399 519 3453 ita
549 3400 871 3469 comparati,
907 3408 963 3454 ut
994 3398 1249 3457 Ecclesiae
1279 3413 1462 3468 pacem
1496 3413 1599 3453 non
1633 3411 1789 3454 secus

1894 3316 2233 3377 extorqueat.
2268 3305 2394 3360 Post
2424 3304 2728 3374 hojnsmodi
2765 3312 2943 3358 autem
2977 3302 3344 3359 testimonium
3369 3300 3488 3372 quis

1896 3400 2057 3456 ullam
2087 3399 2141 3455 in
2169 3396 2427 3470 Stephani
2454 3396 2559 3454 [ide
2582 3397 2758 3455 labem
2786 3394 3123 3469 suspicetur?

212 3627 3477 3689 ἕω

294 3817 1825 3987 AUCTORITAS
1957 3818 3410 4013 PONTIFICIA,

978 4144 1573 4302 NOTISSIMO
1680 4144 2240 4298 CYPRIANI
2361 4144 2717 4299 ΡΜ]Το

363 4463 434 4542 Α
492 4453 1195 4570 QUIBUSDAM
1247 4446 1960 4535 NEOTERICIS
2018 4446 2539 4532 ACRITER
2595 4446 3331 4540 IMPUGNATA.

547 4650 692 4710 SED
738 4649 787 4710 A
832 4641 1454 4709 SAPIENTISSIMIS
1498 4639 1821 4703 GALLUE
1867 4639 2326 4702 THEOLOGIS
2370 4639 2656 4702 SOLIDE
2690 4639 3152 4702 VINDICATA.

917 4815 1367 4878 DlSSERTATIO
1406 4811 2214 4873 llISTORlCO-DOGMATICA.
2259 4811 2567 4880 AVENAM,
2612 4810 2769 4867 1740.

1343 4985 2327 5029 40%—

1187 5196 2481 5345 PRXEFATIO.

174 5643 202 5661 "
278 5642 439 5697 Varia
490 5644 630 5696 inter
677 5644 990 5709 argumenta
1046 5650 1166 5706 quzc
1212 5633 1280 5688 ad
1330 5645 1481 5687 nova:
1533 5630 1799 5700 Opinionis

179 5735 565 5807 patrocinium
596 5748 662 5787 ex
684 5732 962 5785 vetustiori
986 5730 1144 5785 etiam
1161 5727 1477 5796 antiquitate
1506 5722 1797 5779 extundere

174 5829 389 5886 conati
424 5828 537 5883 l‘unt
566 5824 820 5882 neoterici
871 5822 1376 5895 quidam,Romanze
1407 5818 1793 5877 inlallibilitatis

1904 5631 2107 5698 hostes,
2141 5632 2367 5699 nullum,
2399 5632 2625 5704 opinor,
2653 5628 2910 5684 famosius
2932 5625 3073 5696 apud
3104 5628 3250 5697 ipsos
3290 5641 3353 5682 ac
3394 5626 3501 5683 tre-

1902 5724 2153 5794 quentius
2171 5741 2328 5795 quam
2351 5724 2513 5797 quod,
2529 5740 2594 5778 ex
2616 5724 2738 5777 trito
2755 5720 3174 5792 pervulgatoque
3195 5719 3255 5775 S.
3280 5720 3502 5791 Cypria-

1901 5834 2029 5876 num
2061 5818 2201 5875 inter
2237 5827 2290 5875 et
2319 5818 2377 5877 S,
2402 5818 2728 5889 Stephanum
2751 5816 3049 5873 Romanum
3080 5813 3394 5871 Pontilicem
3430 5815 3485 5871 in
