4208 6276
624 312 763 374 1⁸175

1495 313 2049 373 DISSERTATIONIS
2106 317 2913 379 HlSTURlCO-DOGMATICE

3747 322 3848 378 127

622 446 781 488 causa
810 432 1147 503 Baptismatis
1188 432 1557 488 hmreticorum
1585 433 1805 490 dissidio
1834 450 2021 491 eruere
2047 437 2190 505 cogi-
2218 438 2268 497 Λ
2295 446 2351 489 ut
2393 451 2495 491 non
2544 438 2709 493 semel
2753 438 3103 493 observarunt
3154 434 3349 491 eruditi
3380 434 3567 493 Gallia:
3622 436 3873 507 theologi.

624 535 820 587 tarum.
854 526 929 580 En
949 535 1235 595 perpetuus
1262 526 1473 583 illorum
1518 542 1687 598 equus
1736 527 1978 593 bellator,
2009 530 2195 601 ρι’ωοὶ-

625 634 837 690 puaque
866 619 1133 683 machina,
1164 635 1263 689 qua
1293 620 1344 673 in
1374 635 1577 674 sacram
1614 621 1973 676 Romanorum
2017 622 2197 676 Ponti-

624 714 780 769 licnm
827 700 1201 767 auctoritatem
1232 714 1475 768 arietant.
1508 713 1641 769 Illud
1667 726 2057 785 argumentum,
2088 732 2195 787 quo

622 806 854 860 maxime
879 806 1192 875 gloriantur,
1225 806 1543 876 scriptorum
1592 823 1807 861 suorum
1859 809 2050 878 ubique
2080 825 2196 863 ver-

622 908 763 962 sant,
783 907 1049 955 ostentant
1070 917 1131 956 ac
1157 916 1343 972 urgere
1367 918 1467 954 non
1496 912 1723 956 cessant.
1750 902 1849 956 Tot
1876 904 2003 957 illud
2025 902 2195 957 modis

623 1002 911 1061 exponunt,
948 1001 1147 1063 totque,
1191 1008 1488 1065 opportune
1535 996 1838 1063 importune
1869 998 1997 1051 locis
2030 998 2195 1049 intru-

623 1086 779 1148 dunt,
799 1096 857 1141 ut
887 1087 1144 1157 majorem
1185 1102 1329 1157 saepe
1371 1089 1651 1143 voluminis
1698 1099 1897 1157 partem
1951 1100 2192 1157 occupet.

624 1181 840 1236 Diccres
888 1184 1209 1251 pontiiiciam
1237 1182 1606 1237 auctoritatem
1651 1198 1770 1235 cum
1818 1181 1917 1235 hoc
1947 1180 2197 1251 Cypriani

629 1274 852 1330 dissidio
895 1276 1029 1329 adeo
1078 1292 1290 1342 nexam,
1345 1286 1399 1329 ut
1427 1277 1493 1329 de
1522 1292 1583 1330 ea
1615 1277 1728 1330 sine
1783 1276 1885 1329 isto
1932 1276 2072 1346 loqui
2118 1277 2200 1330 vel

629 1366 788 1425 scribi
815 1383 917 1421 non
948 1374 1131 1436 possit.
1162 1367 1229 1422 At
1274 1368 1415 1421 enim
1448 1384 1543 1422 cur
1578 1383 1679 1422 non
1709 1368 1777 1421 ita
1801 1367 2080 1433 sentirent,
2112 1368 2200 1437 qui

635 1476 697 1515 es
733 1462 886 1514 unico
915 1462 1164 1531 Cypriani
1198 1460 1333 1515 facto
1362 1462 1612 1515 evidenter
1646 1477 1708 1515 ac
1744 1460 2024 1514 necessario
2054 1461 2201 1529 sequi

626 1554 952 1610 Contendnnt
998 1571 1100 1607 non
1143 1571 1258 1608 eam
1299 1555 1734 1626 splendidissimo
1783 1554 2034 1608 Ecclesize
2062 1552 2206 1607 Afri—

626 1664 772 1705 cana:
804 1649 989 1704 lumini
1022 1651 1278 1705 insedisse
1320 1649 1601 1719 poutilicia:
1643 1650 1946 1703 inerrantiae
1987 1659 2204 1702 senten-

630 1745 779 1811 tiam,
809 1746 894 1799 eui
928 1756 1004 1799 tot
1033 1762 1283 1816 nuperos,
1315 1756 1369 1799 ut
1407 1747 1571 1812 aittnt,
1602 1745 1855 1799 Rolnanze
1878 1744 2038 1797 curia:
2076 1744 2208 1797 adu-

627 1832 829 1889 latores
854 1836 1054 1890 servire
1086 1852 1189 1890 non
1214 1836 1390 1904 pudet.

699 1926 889 1981 Mirum
914 1926 1150 1995 profecto
1172 1928 1309 1995 quod
1338 1940 1441 1981 tam
1463 1928 1717 1991 validum,
1750 1937 1855 1981 tam
1886 1926 2123 1991 evidens,
2156 1936 2208 1981 et

630 2019 845 2089 quidem
888 2036 952 2075 ex
1002 2022 1248 2089 primaeva
1278 2024 1595 2089 antiquitate
1640 2024 2013 2092 depromptum
2055 2036 2211 2091 argu—

632 2121 893 2174 mentum,
924 2112 1125 2182 primos
1150 2128 1210 2166 ac
1232 2113 1559 2168 celebriores
1589 2112 1851 2181 etfugerit,
1884 2115 1973 2182 qui
2026 2126 2213 2181 supre-

633 2218 774 2258 mam
796 2213 1037 2273 evertere
1056 2204 1279 2258 Romani
1296 2204 1570 2259 Pontificis
1591 2206 1956 2261 auctoritatem
1979 2203 2213 2273 aggressi

636 2306 790 2361 sunt;
821 2296 1114 2353 Gersonem
1137 2298 1277 2363 dico,
1312 2300 1637 2365 Altnainum,
1668 2299 1997 2359 Ricberium.
2054 2299 2215 2368 Majo-

637 2408 775 2457 rem,
806 2393 1044 2462 aliosque
1076 2407 1270 2462 paucos
1300 2394 1521 2448 istorum
1549 2395 1944 2449 commilitones
1995 2394 2105 2461 qui,
2152 2392 2217 2447 ad

637 2489 893 2543 saeculum
918 2503 1083 2558 usque
1114 2490 1351 2558 proxime
1373 2490 1610 2558 elapsum
1643 2488 1964 2558 pontificiatn
1988 2492 2222 2542 inerran-

640 2582 767 2635 tiam
825 2581 1036 2650 scriptis
1094 2583 1486 2651 impugnarunt,
1539 2598 1761 2651 quorum
1805 2583 2023 2649 nemini,
2081 2579 2220 2651 quod

640 2678 828 2741 sciam,
858 2692 1102 2747 umquam
1131 2678 1275 2729 venit
1305 2677 1357 2729 in
1385 2688 1617 2731 mentem
1649 2677 1747 2731 hoc
1792 2676 2042 2747 Cypriani
2067 2674 2224 2727 dissi-

642 2771 787 2827 dium
818 2771 880 2823 ad
914 2784 1029 2825 eam
1059 2770 1415 2837 impetendam
1447 2770 1679 2839 allegare
1699 2770 1786 2823 vel
1808 2768 2063 2837 proferre.
2090 2766 2223 2822 Num

644 2863 743 2917 illis
772 2864 950 2934 ignota
980 2873 1082 2916 tam
1124 2862 1368 2927 celebris,
1398 2872 1502 2916 tam
1538 2864 1735 2931 ubique
1763 2871 1885 2915 nota
1914 2858 2226 2915 contentio?

645 2957 783 3012 Suos
808 2965 952 3012 certe
981 2956 1231 3010 neoterici
1276 2957 1441 3009 nostri
1478 2959 1759 3025 magistros
1786 2956 1852 3009 de
1894 2964 1998 3007 tam
2032 2952 2225 3022 supina

647 3053 941 3122 ignorantia
968 3052 1219 3121 postulari
1250 3065 1356 3104 non
1390 3057 1721 3119 paterentur.
1746 3047 2013 3102 Noverunt
2033 3046 2231 3100 Sorbe-

650 3145 751 3199 uici
775 3146 1019 3197 doctores
1045 3144 1182 3212 quod
1211 3147 1295 3197 vix
1319 3144 1550 3213 aliquem
1581 3144 1864 3212 theologia:
1889 3141 1970 3195 vel
1996 3142 2229 3194 historire

2301 529 2413 582 Pr.c
2440 532 2649 585 czeteris
2687 532 2954 595 audiatur,
2985 530 3072 600 qui
3100 526 3439 584 elucidandte
3474 526 3600 581 huic
3633 528 3883 598 Cypriani

2298 638 2415 677 cum
2473 625 2746 695 Stephano
2792 624 3036 679 Romano
3070 622 3325 678 Pontilice
3380 622 3715 677 contentioni
3767 622 3883 679 data

2298 730 2460 785 opera
2491 717 2749 784 incubuit,
2798 717 2857 772 D.
2893 716 3175 781 Cbiconot,
3211 716 3400 770 doctor
3448 715 3800 776 Sorhonicus.
3834 716 3885 770 in

2297 808 2673 864 dissertatione
2705 809 2907 865 Gallica
2949 826 3035 863 sur
3074 810 3125 862 la
3171 807 3362 863 célébre
3413 809 3609 874 dispute
3657 820 3796 862 entre
3841 808 3888 862 le

2300 900 2445 971 Pape
2474 900 2535 957 S.
2568 900 2782 957 Etienne
2832 913 2878 956 et
2927 902 2987 958 S.
3022 901 3240 974 Cyprien
3263 944 3277 967 ,
3304 902 3486 970 éréque
3525 903 3585 955 de
3612 902 3880 972 Carthage,

2298 999 2443 1067 regia
2493 1013 2612 1051 cum
2664 999 3052 1068 approbatione
3109 996 3329 1051 Parisiis
3383 996 3523 1049 edita
3573 1012 3658 1050 an.
3723 996 3879 1049 1725.

2306 1109 2324 1141 ι
2351 1091 2635 1155 Lutherus,
2666 1091 2855 1161 inquit,
2884 1089 3159 1155 Calvinus,
3190 1089 3453 1143 Antonius
3477 1088 3542 1143 de
3576 1089 3804 1143 Dominis
3830 1098 3886 1143 et

2300 1200 2362 1238 ac
2385 1185 2715 1254 potissimum
2739 1185 3047 1254 posterioris
3067 1184 3163 1237 τρνί
3194 1192 3477 1237 ιιονθῑοτες
3503 1181 3717 1249 indigne
3738 1182 3887 1235 abusi

2302 1290 2424 1332 sunt
2454 1278 2612 1331 modo
2640 1293 2745 1347 quo
2778 1276 2836 1330 S.
2882 1288 3085 1348 martyr
3115 1273 3417 1348 Cyprianus
3456 1274 3509 1329 in
3545 1289 3703 1327 eausa
3752 1273 3893 1341 Bap-

2304 1370 2443 1424 tismi
2474 1370 2843 1424 litereticorum
2881 1385 3005 1439 erga
3036 1369 3091 1423 S.
3118 1367 3451 1437 Stephanum
3488 1366 3643 1420 Bom.
3682 1365 3897 1419 Pontili-

2307 1482 2423 1520 cem
2458 1481 2579 1520 sese
2605 1466 2791 1536 gessit,
2818 1463 2884 1518 ad
2937 1461 3363 1517 labefactandam
3394 1460 3731 1515 auctoritatis
3760 1474 3895 1530 prae-

2310 1559 2558 1613 stantiam
2586 1573 2702 1630 qum
2734 1558 2931 1612 Christi
2964 1557 3161 1610 vicario
3183 1556 3457 1625 competit.
3483 1574 3501 1605 ι

2381 1650 2852 1719 Contemptissith
2875 1651 2981 1718 jam
3000 1649 3281 1703 incedebat
3298 1656 3401 1701 tota
3423 1646 3577 1700 istius
3599 1644 3900 1715 argumenti

2313 1744 2484 1798 moles
2514 1759 2542 1795 a
2592 1743 2919 1797 Lutheranis
2970 1752 3023 1795 et
3074 1741 3400 1795 Calvinianis
3448 1737 3725 1800 fabricata,
3780 1752 3900 1790 cum

2233 1842 2280 1901 B
2310 1836 2611 1892 recentibus
2667 1836 2921 1889 Romanae
2960 1832 3355 1888 infallibilitatis
3402 1830 3648 1884 osoribus
3709 1830 3905 1899 placuit

2311 1930 2554 1985 eamdem
2620 1944 2651 1983 e
2705 1929 2907 1982 tumulo
2961 1942 3067 1996 quo
3118 1927 3329 1995 sepulta
3388 1922 3630 1994 jacebat,
3687 1938 3899 1986 eruere,

2316 2023 2566 2092 illamque
2598 2035 2736 2074 novo
2765 2022 3065 2075 restitutam
3095 2029 3374 2088 apparatu,
3406 2016 3586 2070 multis
3633 2015 3902 2069 excultam

2276 2096 2281 2101 1
2318 2115 2590 2169 laboribus
2612 2111 2872 2179 obtinenti
2904 2111 3041 2181 apud
3069 2108 3375 2164 Catholicos
3413 2123 3600 2161 omnes
3647 2106 3905 2160 doctrina:

2317 2208 2574 2279 objicere.
2601 2206 2711 2260 Non
2746 2206 3231 2276 disquisitionibus,
3266 2219 3372 2257 non
3404 2203 3613 2273 vigiliis,
3648 2216 3747 2254 non
3778 2200 3905 2255 oleo

2324 2311 2698 2375 pepercerunt,
2725 2309 2780 2355 ut
2801 2298 3100 2369 argumenti
3123 2297 3443 2368 jampridem
3485 2294 3738 2366 profligati
3790 2292 3906 2346 rui-

2323 2411 2417 2450 nas
2448 2396 2793 2457 resarcirent,
2816 2393 3007 2447 rudera
3039 2392 3373 2461 colligerent,
3407 2404 3472 2443 ex
3498 2387 3689 2458 quibus
3714 2400 3915 2439 novum

2323 2489 2805 2544 machinamentum
2858 2486 3356 2540 architectarentur.
3428 2482 3626 2536 Verum
3706 2481 3911 2551 optime

2324 2582 2527 2637 conscii
2570 2596 2672 2634 non
2730 2594 2886 2649 posse
2932 2578 3058 2633 illud
3100 2578 3418 2640 consistere,
3452 2575 3552 2629 nisi
3595 2574 3920 2628 firmioribus

2328 2698 2484 2754 quam
2508 2692 2662 2736 antea
2695 2681 3018 2734 fulcimentis
3040 2676 3489 2735 communiretur,
3521 2672 3632 2727 duo
3665 2672 3915 2725 hactenus

2328 2776 2575 2829 inusitata
2626 2772 3024 2827 Confluxerunt.
3085 2769 3227 2823 Satis
3282 2766 3421 2819 haud
3474 2765 3582 2818 illis
3631 2763 3725 2817 fuit
3775 2761 3919 2832 quod

2329 2869 2624 2941 Cyprianus
2643 2866 2916 2937 Stephano
2940 2863 3218 2923 restiterit,
3269 2875 3498 2929 eumque
3548 2858 3751 2913 erroris
3795 2856 3925 2909 iusi-

2333 2962 2639 3026 mulaverit,
2670 2977 2789 3030 quae
2818 2958 3033 3029 quidem
3077 2957 3145 3010 ab
3191 2953 3534 3009 heterodosis
3558 2952 3666 3021 jam
3714 2950 3928 3005 fuerant

2332 3068 2730 3131 prmoccupata;
2772 3058 2913 3111 ultra
2949 3055 3214 3124 progressi
3249 3054 3421 3123 palam
3450 3058 3793 3107 asseruerunt
3820 3048 3924 3103 de-

2334 3167 2561 3218 cretum,
2590 3154 2675 3207 cui
2707 3153 2995 3206 reluctatus
3026 3158 3107 3203 est
3139 3147 3441 3219 Cyprianus
3471 3146 3705 3201 solemne
3751 3142 3928 3197 fuisse

652 3237 985 3307 tyrunculum
1017 3237 1243 3299 latebat;
1276 3248 1327 3290 at
1356 3237 1497 3305 quod
1528 3252 1590 3289 ex
1624 3236 1707 3289 illa
1740 3235 2062 3306 Cyprianum
2095 3235 2232 3287 inter

2338 3247 2561 3302 Romani
2587 3244 2855 3299 l'Ontilicis
2875 3241 3157 3311 judicium,
3192 3239 3335 3291 omni
3367 3254 3466 3308 qua
3499 3246 3703 3305 poterat
3734 3242 3932 3286 aucto-

651 3342 705 3387 et
729 3333 1054 3400 Stephanum
1084 3332 1424 3385 contentione
1454 3332 1784 3384 recentiores
1838 3328 2093 3382 adversus
2122 3327 2230 3379 lio-

654 3441 861 3480 tnanam
906 3424 1336 3481 infalllhilltatem
1365 3422 1663 3477 extundunt
1702 3431 2091 3490 :n-gumentum,
2140 3436 2233 3473 ne-

651 3518 777 3572 dum
807 3518 933 3587 ipsis
963 3517 1161 3570 evidens
1188 3532 1249 3570 ac
1275 3516 1614 3571 necessarium
1660 3514 1828 3567 visum
1875 3513 2052 3574 fuerit,
2084 3511 2233 3566 futile

653 3612 783 3668 adeo
806 3628 866 3667 ac
897 3612 1159 3667 imbecille
1173 3610 1500 3685 judicarnut,
1537 3619 1721 3669 utnec
1766 3610 1906 3672 inter
1962 3608 2234 3669 levissima

653 3722 770 3777 quae
798 3707 897 3776 ipsi
926 3722 1245 3777 congessere
1274 3714 1586 3775 argumenta
1640 3705 1813 3759 locum
1842 3704 2085 3757 obtinere
2117 3718 2237 3770 per-

655 3804 931 3865 miserint;
962 3803 1097 3855 adeo
1128 3817 1314 3857 verum
1344 3809 1429 3855 est
1472 3815 1533 3855 ea
1565 3814 1708 3868 swpe
1742 3807 2008 3865 tamquam
2044 3795 2238 3853 firmis-

656 3894 788 3948 sima
820 3902 871 3948 et
898 3893 1163 3948 evidentia
1195 3910 1220 3944 a
1253 3893 1529 3962 discipulis
1562 3890 1770 3957 haberi,
1815 3906 1931 3961 qua:
1971 3887 2237 3956 magistris

658 4003 759 4043 nee
788 3989 988 4058 prolatu
1019 3987 1171 4057 iligna
1202 3986 1535 4041 videbantur.

730 4081 797 4135 Et
822 4083 865 4136 si
901 4092 1072 4135 tamen
1103 4096 1291 4135 recens
1328 4079 1467 4148 apud
1500 4077 1802 4132 Catholicos
1833 4077 1900 4130 sit
1930 4074 2239 4129 ventilatum

658 4173 798 4227 istud
822 4188 851 4226 a
885 4173 1169 4227 neotericis
1196 4180 1587 4243 argumentum,
1636 4184 1806 4239 eoque
1851 4167 2067 4222 nomine
2094 4165 2241 4219 novi-

2336 3337 2821 3411 ritateprreditum,
2856 3344 2909 3389 et
2938 3334 3077 3388 illam
3097 3343 3271 3385 tamen
3301 3328 3547 3401 Cypriani
3575 3326 3927 3381 intercessio-

2336 3452 2456 3491 nem
2486 3433 2636 3502 culpa
2698 3432 2839 3484 omni
2894 3443 3113 3482 vacasse
3158 3425 3563 3480 contenderunt.
3618 3427 3797 3492 Atque
3848 3422 3930 3473 bis

2335 3529 2548 3600 quidem
2576 3528 2782 3581 duobus
2822 3523 3052 3577 recentis
3076 3520 3337 3574 doctrinm
3366 3516 3623 3587 capitibus
3649 3516 3795 3569 omni
3826 3529 3929 3583 qua

2338 3623 2588 3683 valebant
2627 3629 2744 3674 arte
2792 3614 3179 3675 conﬁrmandis
3228 3613 3323 3670 toti
3373 3609 3627 3679 deimps
3670 3606 3929 3662 allabere-

2341 3727 2550 3771 verunt.

2410 3807 2560 3878 Quod
2588 3815 2764 3865 autem
2785 3804 2851 3861 ad
2882 3802 3111 3873 primum
3140 3799 3347 3855 attinet.
3370 3798 3626 3853 lusonarc
3645 3800 3937 3862 cozperunt

2341 3917 2402 3957 ac
2434 3899 2639 3972 publice
2670 3898 2952 3957 contestari
2975 3894 3230 3965 Stephani
3246 3892 3505 3963 judicium
3523 3900 3630 3943 tota
3648 3884 3938 3947 Cathedrze

2342 3996 2655 4050 auctoritate
2679 3991 2837 4045 fuisse
2866 3990 3125 4059 prolatum
3180 3987 3292 4059 (1);
3328 3983 3475 4038 omni
3505 3982 3695 4035 robore
3732 3980 3876 4049 quod
3911 3993 3945 4031 ει

2342 4089 2584 4144 Romano
2607 4085 2862 4139 Pontifice
2892 4081 3122 4138 conferri
3150 4091 3307 4151 queat
3335 4079 3498 4133 fuisse
3525 4075 3785 4129 munitum
3816 4071 3902 4143 (Ξ)
3926 4088 3943 4135 ;

2347 4184 2487 4241 nilin
2519 4198 2585 4235 eo
2614 4180 2846 4236 defuisse
2886 4177 3025 4249 quod
3057 4178 3107 4232 in
3131 4174 3361 4230 decretis
3404 4189 3467 4228 ex
3504 4168 3773 4226 Cathedra
3816 4168 3951 4221 latis

2345 4278 2634 4348 requiritur
2669 4277 2781 4344 (3);
2841 4281 2945 4327 tam
2972 4269 3271 4340 splendida,
3328 4278 3433 4321 tam
3484 4264 3796 4335 magniﬁca,
3830 4271 3953 4315 tam

2348 4372 2543 4427 fastosa
2578 4378 2722 4435 sunt,
2764 4382 2881 4437 qua:
2914 4380 3009 4434 pro
3038 4359 3388 4417 describenda
3430 4359 3652 4423 hujusce
3694 4352 3959 4423 rescripti

2351 4463 2604 4536 pontiﬁcii
2634 4462 2907 4528 majestate
2940 4454 3312 4525 profuderunt,
3345 4462 3404 4506 ut
3428 4450 3618 4522 quibus
3651 4446 3772 4501 hmc
3800 4447 3954 4499 arri-

2349 4560 2499 4624 dent,
2533 4557 2603 4610 nil
2636 4555 2770 4609 ultra
2799 4549 3108 4607 desiderent
3135 4558 3225 4601 aut
3246 4544 3557 4600 desiderare
3578 4549 3797 4612 queant.

660 4275 827 4319 tntum
885 4266 1211 4324 amatoribus
1266 4264 1401 4316 haud
1450 4263 1739 4332 ingratum,
1795 4277 1899 4313 non
1958 4269 2241 4328 propterea

661 4372 810 4411 suam
844 4356 988 4410 hisce
1021 4356 1280 4425 theologis
1306 4356 1568 4424 originem
1593 4363 1863 4417 acceptam
1895 4349 2079 4414 refert,
2107 4349 2243 4401 anti-

662 4452 874 4520 quiores
899 4460 1147 4521 pareutes
1181 4450 1357 4512 habet,
1398 4465 1424 4502 a
1454 4450 1646 4521 quibus
1676 4446 1800 4501 illud
1848 4442 2072 4500 mutuati
2122 4452 2245 4497 sunt

663 4545 907 4600 hodierni
973 4545 1227 4597 Ruiname
1276 4544 1581 4597 inerrantizc
1629 4556 1835 4594 osores.
1897 4539 1986 4592 llis
2055 4552 2246 4605 nempe

666 4638 990 4707 praeixernnt
1016 4635 1302 4701 Lntherus,
1332 4634 1605 4697 Calvinus,
1632 4631 2021 4687 centuriatores
2041 4628 2243 4698 Magde-
2274 4638 2327 4698 Ι)
2422 4656 2555 4709 Cum
2580 4662 2757 4707 tamen
2784 4648 2983 4717 Optime
3014 4644 3289 4699 novisse,“
3310 4640 3568 4696 neoterici
3595 4634 3766 4692 “usu-1
3794 4648 3965 4687 ροηι.

668 4729 982 4799 Βιιτςρηδθς,
1036 4729 1241 4781 Marcus
1274 4726 1536 4779 Antonius
1581 4725 1647 4779 de
1705 4722 1962 4786 Dominis,
2015 4736 2165 4790 quos,
2192 4728 2249 4773 ut

668 4823 799 4876 alios
831 4823 879 4875 id
916 4821 1167 4891 ponderis
1191 4820 1729 4888 scriptoresmceam,
1780 4815 1950 4871 secuti
1980 4822 2103 4867 sttnt
2149 4812 2248 4866 Ca-

670 4916 961 4977 saubonus,
997 4915 1288 4968 llerbertns
1318 4911 1701 4975 TilOl‘tHiiCillS,
1744 4908 1941 4978 .losepb
1991 4906 2253 4960 Hernicus

671 5012 862 5077 Ottius,
904 5010 1211 5078 Basnagius,
1272 5006 1604 5070 Blondellus,
1655 5003 1892 5058 Joannes
1943 4998 2252 5063 Forbesius,

673 5106 977 5159 Friderieus
1008 5102 1384 5173 Spanbetnius,
1423 5101 1509 5170 qui
1541 5114 1746 5162 omnes,
1781 5097 1844 5149 ad
1876 5092 2256 5165 profligandam

676 5214 976 5270 supremam
1020 5198 1241 5250 ltoinani
1275 5196 1546 5249 Pontiﬁcis
1577 5194 1975 5254 auctoritatem.
2010 5188 2263 5261 Cypriani

676 5308 867 5348 sensus
909 5308 970 5344 ac
1008 5292 1058 5344 in
1088 5306 1248 5345 causa
1272 5288 1615 5358 Baptismatis
1646 5287 2021 5341 haereticorum
2072 5278 2261 5349 agendi

678 5388 936 5441 rationem
986 5398 1175 5455 urgere
1226 5384 1452 5445 centies,
1505 5398 1565 5436 ac
1608 5379 1894 5436 Catholicis
1919 5378 1982 5429 ad
2011 5389 2265 5429 nauseam

680 5498 850 5551 usque
878 5480 1148 5549 objectare
1175 5494 1276 5531 non
1307 5478 1645 5532 destiterunt.
1672 5474 1829 5528 Tales
1863 5486 2023 5541 porro
2070 5467 2261 5523 adver-

682 5576 837 5628 sariis
867 5573 1291 5643 prmdecessores
1321 5572 1437 5642 quis
1466 5570 1732 5625 invideat?
1754 5612 1765 5622 .
1791 5610 1802 5622 .
1826 5608 1838 5621 .

755 5668 837 5722 Nil
866 5668 1024 5737 igitur
1051 5670 1171 5720 novi
1220 5682 1248 5720 a
1304 5667 1584 5721 neotericis
1616 5665 1813 5719 nostris
1846 5663 1942 5716 hac
1971 5662 2023 5715 in
2055 5675 2110 5712 re
2144 5672 2270 5727 pro-

685 5762 877 5823 latum,
912 5760 983 5813 nil
1014 5760 1153 5828 quod
1186 5776 1214 5814 a
1250 5760 1572 5814 Lntheranis
1598 5769 1650 5813 et
1681 5750 2007 5812 Calvinianis
2032 5754 2142 5823 jam
2171 5751 2277 5821 prl-

690 5849 811 5899 dcm
838 5851 1263 5916 pra'formatnm,
1294 5866 1354 5902 ac
1377 5854 1580 5905 centies
1611 5850 1930 5904 inculcatum
1962 5860 2066 5900 non
2096 5843 2279 5911 fuerit,

2354 4749 2529 4819 plures
2554 4748 2685 4799 alios
2714 4760 2818 4797 non
2852 4752 2955 4794 tam
2979 4751 3193 4807 magno,
3223 4733 3616 4803 splendideque
3651 4728 3962 4781 verborum

2353 4850 2629 4913 apparatu,
2662 4854 2818 4907 quam
2873 4833 3055 4888 solidis
3092 4846 3270 4886 rerum
3337 4824 3737 4898 probationibus
3766 4822 3972 4879 delec-

2431 4977 2510 5046 (l)
2553 4972 2803 5046 Defensio
2828 4969 3189 5046 declaratjonjs
3224 4965 3358 5046 Cleri
3387 4962 3641 5046 Callia-ani
3662 4976 3750 5012 an.
3782 4958 3972 5025 H582,

2360 5034 2459 5106 sub
2492 5034 2704 5101 nomine
2729 5043 2985 5098 Bossuetii
3013 5034 3299 5095 Meldensis
3325 5034 3560 5106 episcopi
3591 5034 3657 5085 ab
3679 5046 3976 5106 anonymo

2365 5104 2503 5177 edita
2531 5115 2923 5184 Luxetnbourgi
2954 5129 3039 5165 an.
3067 5110 3209 5184 175γο
3229 5120 3385 5184 parte
3406 5122 3463 5166 tt.
3498 5105 3728 5184 libLAXIVJ
3758 5116 3869 5184 αξξ)
3910 5104 3977 5156 5-

2438 5190 2517 5264 (3)
2544 5173 3033 5264 ΡΙθριῇδῡιιεῘΗξεῑ.
3058 5182 3199 5264 ῌεει.
3228 5173 3427 5264 Ιξῑ)..ιίι;
3445 5191 3542 5244 cap

2367 5245 2592 5387 duxgape
2624 5259 2833 5321 Elienne
2860 5245 3029 5311 ravim
3053 5256 3114 5306 de
3151 5261 3285 5307 laute
3320 5249 3371 5302 la
3397 5252 3537 5320 force
3586 5245 3712 5316 qu'il
3740 5247 3977 5315 paueait

2369 5336 2442 5387 lui
2501 5349 2675 5387 uniter.

2369 5336 2442 5390 lui
2464 5337 2675 5387 (leuiter.

2442 5384 2792 5481 ("-lEvislota
2819 5400 2881 5451 άε
2914 5384 3982 5481 Romam.galatea“?!3021321293?

2372 5455 2628 5549 Steyaeri
2649 5455 2783 5549 typij
2808 5470 3055 5549 mandata
3085 5484 3151 5520 an
3182 5464 3354 5549 'l6-z58.‘
3392 5462 3594 5543 ldrravit
3639 5455 3980 5539 Cyprianus,

2374 5536 2620 5614 sed‘quiu
2647 5536 2871 5598 n'o'ndum
2902 5542 3067 5594 locuta
3095 5548 3201 5592 erat
3234 5536 3462 5614 Ecclesia
3483 5575 3496 5592 ,
3526 5536 3754 5614 quamvis
3780 5541 3988 5611 contra

2374 5604 2629 5682 sensisset,
2663 5616 2949 5682 scripsisset
2992 5624 3037 5665 et
3066 5610 3384 5682 prwcepisset
3415 5604 3707 5682 Stephanus
3739 5604 3991 5682 (quis_c.1:

2377 5670 2951 5748 nostrisrecentioribus
3002 5670 3318 5736 scholasticis
3345 5694 3457 5731 eum
3496 5670 3855 5753 ér-Cat'hed‘ra
3897 5676 3982 5727 lo-

2382 5744 2549 5819 cutum
2578 5761 2733 5834 fuisse
2767 5774 2867 5834 non
2886 5760 3319 5834 agnoscantur-or
3350 5759 3513 5834 tamen
3537 5744 3782 5834 Cypriani
3817 5761 3991 5799 excu-

2382 5848 2544 5901 satur,
2576 5818 2677 5887 itan
2705 5846 2823 5899 ergo
2845 5818 3141 5899 inﬁtlltbilis
3161 5822 3455 5893 Stephanus
3486 5818 3782 5874 trahebatur.
