  <div class='ocr_page' id='page_1' title='image "/cluster/home/n/w/nwhite01/storage/ocr_20150623/3/hvd.32044054086798/688.png"; bbox 0 0 4208 6276; ppageno 0'>
   <div class='ocr_carea' id='block_1_1' title="bbox 281 255 424 312">
    <p class='ocr_par' dir='ltr' id='par_1_1' title="bbox 281 255 424 312">
     <span class='ocr_line' id='line_1_1' title="bbox 281 255 424 312; baseline -0.007 0"><span class='ocrx_word' id='word_1_1' title='bbox 281 255 424 312; x_wconf 71' lang='lat' dir='ltr'><strong>H77</strong></span> 
     </span>
    </p>
   </div>
   <div class='ocr_carea' id='block_1_2' title="bbox 1735 246 2122 308">
    <p class='ocr_par' dir='ltr' id='par_1_2' title="bbox 1735 246 2122 308">
     <span class='ocr_line' id='line_1_2' title="bbox 1735 246 2122 308; baseline -0.008 -1"><span class='ocrx_word' id='word_1_2' title='bbox 1735 246 2122 308; x_wconf 65' lang='lat' dir='ltr'><strong>PREFATIO.</strong></span> 
     </span>
    </p>
   </div>
   <div class='ocr_carea' id='block_1_3' title="bbox 3414 245 3553 303">
    <p class='ocr_par' dir='ltr' id='par_1_3' title="bbox 3414 245 3553 303">
     <span class='ocr_line' id='line_1_3' title="bbox 3414 245 3553 303; baseline 0.007 -1"><span class='ocrx_word' id='word_1_3' title='bbox 3414 245 3553 303; x_wconf 72' lang='grc'><strong>1278</strong></span> 
     </span>
    </p>
   </div>
   <div class='ocr_carea' id='block_1_4' title="bbox 279 357 3557 442">
    <p class='ocr_par' dir='ltr' id='par_1_4' title="bbox 279 357 3557 442">
     <span class='ocr_line' id='line_1_4' title="bbox 279 357 3557 442; baseline -0.003 -13"><span class='ocrx_word' id='word_1_4' title='bbox 279 374 406 441; x_wconf 78' lang='lat' dir='ltr'><strong>tari,</strong></span> <span class='ocrx_word' id='word_1_5' title='bbox 426 386 528 430; x_wconf 92' lang='lat' dir='ltr'><strong>nec</strong></span> <span class='ocrx_word' id='word_1_6' title='bbox 547 385 614 429; x_wconf 91' lang='lat' dir='ltr'><strong>eo</strong></span> <span class='ocrx_word' id='word_1_7' title='bbox 637 384 809 442; x_wconf 86' lang='lat' dir='ltr'><strong>usque</strong></span> <span class='ocrx_word' id='word_1_8' title='bbox 824 371 1086 442; x_wconf 84' lang='lat' dir='ltr'><strong>attigisse,</strong></span> <span class='ocrx_word' id='word_1_9' title='bbox 1110 379 1422 441; x_wconf 79' lang='lat' dir='ltr'><strong>conceptam</strong></span> <span class='ocrx_word' id='word_1_10' title='bbox 1439 369 1508 426; x_wconf 90' lang='lat' dir='ltr'><strong>de</strong></span> <span class='ocrx_word' id='word_1_11' title='bbox 1527 357 1658 440; x_wconf 80' lang='lat' dir='ltr'><strong>ipsis</strong></span> <span class='ocrx_word' id='word_1_12' title='bbox 1684 369 1867 424; x_wconf 87' lang='lat' dir='ltr'><strong>existi-</strong></span> <span class='ocrx_word' id='word_1_13' title='bbox 1891 372 1944 434; x_wconf 80' lang='grc' dir='ltr'><strong>Α</strong></span> <span class='ocrx_word' id='word_1_14' title='bbox 1969 369 2200 438; x_wconf 78' lang='lat' dir='ltr'><strong>benigne</strong></span> <span class='ocrx_word' id='word_1_15' title='bbox 2236 367 2550 439; x_wconf 79' lang='lat' dir='ltr'><strong>excipienda</strong></span> <span class='ocrx_word' id='word_1_16' title='bbox 2581 365 2871 422; x_wconf 78' lang='lat' dir='ltr'><strong>redderent</strong></span> <span class='ocrx_word' id='word_1_17' title='bbox 2899 362 3293 436; x_wconf 88' lang='lat' dir='ltr'><strong>paratissimos,</strong></span> <span class='ocrx_word' id='word_1_18' title='bbox 3327 367 3557 420; x_wconf 80' lang='lat' dir='ltr'><strong>maxime</strong></span> 
     </span>
    </p>
   </div>
   <div class='ocr_carea' id='block_1_5' title="bbox 280 461 1863 535">
    <p class='ocr_par' dir='ltr' id='par_1_5' title="bbox 280 461 1863 535">
     <span class='ocr_line' id='line_1_5' title="bbox 280 461 1863 535; baseline -0.004 -13"><span class='ocrx_word' id='word_1_19' title='bbox 280 467 597 532; x_wconf 77' lang='lat' dir='ltr'><strong>mulionem,</strong></span> <span class='ocrx_word' id='word_1_20' title='bbox 627 475 686 518; x_wconf 91' lang='lat' dir='ltr'><strong>ut</strong></span> <span class='ocrx_word' id='word_1_21' title='bbox 714 479 849 518; x_wconf 86' lang='lat' dir='ltr'><strong>nova</strong></span> <span class='ocrx_word' id='word_1_22' title='bbox 871 476 1096 535; x_wconf 71' lang='lat' dir='ltr'><strong>quaeque</strong></span> <span class='ocrx_word' id='word_1_23' title='bbox 1116 463 1521 534; x_wconf 64' lang='lat' dir='ltr'><strong>prmdicantibus</strong></span> <span class='ocrx_word' id='word_1_24' title='bbox 1551 462 1705 532; x_wconf 87' lang='lat' dir='ltr'><strong>plena</strong></span> <span class='ocrx_word' id='word_1_25' title='bbox 1728 461 1863 517; x_wconf 90' lang='lat' dir='ltr'><strong>ﬁdes</strong></span> 
     </span>
    </p>
   </div>
   <div class='ocr_carea' id='block_1_6' title="bbox 279 555 1864 628">
    <p class='ocr_par' dir='ltr' id='par_1_6' title="bbox 279 555 1864 628">
     <span class='ocr_line' id='line_1_6' title="bbox 279 555 1864 628; baseline -0.003 -14"><span class='ocrx_word' id='word_1_26' title='bbox 279 559 742 623; x_wconf 80' lang='lat' dir='ltr'><strong>haberetur;eum</strong></span> <span class='ocrx_word' id='word_1_27' title='bbox 769 555 936 628; x_wconf 85' lang='lat' dir='ltr'><strong>probe</strong></span> <span class='ocrx_word' id='word_1_28' title='bbox 983 557 1340 627; x_wconf 74' lang='lat' dir='ltr'><strong>intelligerent</strong></span> <span class='ocrx_word' id='word_1_29' title='bbox 1370 571 1476 610; x_wconf 91' lang='lat' dir='ltr'><strong>non</strong></span> <span class='ocrx_word' id='word_1_30' title='bbox 1507 563 1710 610; x_wconf 91' lang='lat' dir='ltr'><strong>tantam</strong></span> <span class='ocrx_word' id='word_1_31' title='bbox 1741 568 1864 610; x_wconf 89' lang='lat' dir='ltr'><strong>esse</strong></span> 
     </span>
    </p>
   </div>
   <div class='ocr_carea' id='block_1_7' title="bbox 277 650 1865 724">
    <p class='ocr_par' dir='ltr' id='par_1_7' title="bbox 277 650 1865 724">
     <span class='ocr_line' id='line_1_7' title="bbox 277 650 1865 724; baseline -0.003 -16"><span class='ocrx_word' id='word_1_32' title='bbox 277 668 430 709; x_wconf 86' lang='lat' dir='ltr'><strong>suam</strong></span> <span class='ocrx_word' id='word_1_33' title='bbox 452 654 689 724; x_wconf 85' lang='lat' dir='ltr'><strong>ipsorum</strong></span> <span class='ocrx_word' id='word_1_34' title='bbox 718 650 856 721; x_wconf 84' lang='lat' dir='ltr'><strong>apud</strong></span> <span class='ocrx_word' id='word_1_35' title='bbox 878 665 1066 707; x_wconf 88' lang='lat' dir='ltr'><strong>omnes</strong></span> <span class='ocrx_word' id='word_1_36' title='bbox 1083 652 1476 716; x_wconf 82' lang='lat' dir='ltr'><strong>auctoritatem,</strong></span> <span class='ocrx_word' id='word_1_37' title='bbox 1502 659 1558 704; x_wconf 91' lang='lat' dir='ltr'><strong>ut</strong></span> <span class='ocrx_word' id='word_1_38' title='bbox 1586 665 1746 720; x_wconf 89' lang='lat' dir='ltr'><strong>quam</strong></span> <span class='ocrx_word' id='word_1_39' title='bbox 1763 650 1865 720; x_wconf 87' lang='lat' dir='ltr'><strong>ipsi</strong></span> 
     </span>
    </p>
   </div>
   <div class='ocr_carea' id='block_1_8' title="bbox 281 744 1864 813">
    <p class='ocr_par' dir='ltr' id='par_1_8' title="bbox 281 744 1864 813">
     <span class='ocr_line' id='line_1_8' title="bbox 281 744 1864 813; baseline -0.001 -12"><span class='ocrx_word' id='word_1_40' title='bbox 281 747 539 802; x_wconf 82' lang='lat' dir='ltr'><strong>Romanis</strong></span> <span class='ocrx_word' id='word_1_41' title='bbox 568 745 912 800; x_wconf 87' lang='lat' dir='ltr'><strong>Pontiﬁeibus</strong></span> <span class='ocrx_word' id='word_1_42' title='bbox 955 746 1301 800; x_wconf 76' lang='lat' dir='ltr'><strong>inerrantium</strong></span> <span class='ocrx_word' id='word_1_43' title='bbox 1327 744 1652 812; x_wconf 89' lang='lat' dir='ltr'><strong>abjndicant,</strong></span> <span class='ocrx_word' id='word_1_44' title='bbox 1702 746 1864 813; x_wconf 81' lang='lat' dir='ltr'><strong>ipsis-</strong></span> 
     </span>
    </p>
   </div>
   <div class='ocr_carea' id='block_1_9' title="bbox 278 839 1867 910">
    <p class='ocr_par' dir='ltr' id='par_1_9' title="bbox 278 839 1867 910">
     <span class='ocr_line' id='line_1_9' title="bbox 278 839 1867 910; baseline -0.002 -15"><span class='ocrx_word' id='word_1_45' title='bbox 278 849 390 896; x_wconf 90' lang='lat' dir='ltr'><strong>met</strong></span> <span class='ocrx_word' id='word_1_46' title='bbox 418 839 526 893; x_wconf 88' lang='lat' dir='ltr'><strong>illis</strong></span> <span class='ocrx_word' id='word_1_47' title='bbox 572 839 932 908; x_wconf 88' lang='lat' dir='ltr'><strong>adjudicetur,</strong></span> <span class='ocrx_word' id='word_1_48' title='bbox 984 839 1277 910; x_wconf 81' lang='lat' dir='ltr'><strong>prudenter</strong></span> <span class='ocrx_word' id='word_1_49' title='bbox 1323 839 1562 892; x_wconf 83' lang='lat' dir='ltr'><strong>arbitrati</strong></span> <span class='ocrx_word' id='word_1_50' title='bbox 1606 846 1730 893; x_wconf 92' lang='lat' dir='ltr'><strong>sunt</strong></span> <span class='ocrx_word' id='word_1_51' title='bbox 1760 853 1867 892; x_wconf 87' lang='lat' dir='ltr'><strong>non</strong></span> 
     </span>
    </p>
   </div>
   <div class='ocr_carea' id='block_1_10' title="bbox 275 929 1867 1001">
    <p class='ocr_par' dir='ltr' id='par_1_10' title="bbox 275 929 1867 1001">
     <span class='ocr_line' id='line_1_10' title="bbox 275 929 1867 1001; baseline -0.001 -15"><span class='ocrx_word' id='word_1_52' title='bbox 275 931 575 986; x_wconf 87' lang='lat' dir='ltr'><strong>rhetorices</strong></span> <span class='ocrx_word' id='word_1_53' title='bbox 627 929 810 1001; x_wconf 89' lang='lat' dir='ltr'><strong>ﬁguris</strong></span> <span class='ocrx_word' id='word_1_54' title='bbox 841 940 1067 996; x_wconf 88' lang='lat' dir='ltr'><strong>tantum,</strong></span> <span class='ocrx_word' id='word_1_55' title='bbox 1107 931 1200 986; x_wconf 90' lang='lat' dir='ltr'><strong>sed</strong></span> <span class='ocrx_word' id='word_1_56' title='bbox 1230 941 1286 986; x_wconf 88' lang='lat' dir='ltr'><strong>et</strong></span> <span class='ocrx_word' id='word_1_57' title='bbox 1310 930 1520 996; x_wconf 85' lang='lat' dir='ltr'><strong>validis,</strong></span> <span class='ocrx_word' id='word_1_58' title='bbox 1555 939 1610 984; x_wconf 93' lang='lat' dir='ltr'><strong>ut</strong></span> <span class='ocrx_word' id='word_1_59' title='bbox 1629 939 1867 1000; x_wconf 83' lang='lat' dir='ltr'><strong>possent,</strong></span> 
     </span>
    </p>
   </div>
   <div class='ocr_carea' id='block_1_11' title="bbox 277 1021 1864 1095">
    <p class='ocr_par' dir='ltr' id='par_1_11' title="bbox 277 1021 1864 1095">
     <span class='ocr_line' id='line_1_11' title="bbox 277 1021 1864 1095; baseline -0.001 -16"><span class='ocrx_word' id='word_1_60' title='bbox 277 1022 609 1095; x_wconf 78' lang='lat' dir='ltr'><strong>argumentis</strong></span> <span class='ocrx_word' id='word_1_61' title='bbox 639 1022 1029 1078; x_wconf 87' lang='lat' dir='ltr'><strong>ostendendum</strong></span> <span class='ocrx_word' id='word_1_62' title='bbox 1057 1037 1176 1078; x_wconf 85' lang='lat' dir='ltr'><strong>esse</strong></span> <span class='ocrx_word' id='word_1_63' title='bbox 1202 1022 1343 1092; x_wconf 87' lang='lat' dir='ltr'><strong>quod</strong></span> <span class='ocrx_word' id='word_1_64' title='bbox 1372 1021 1440 1076; x_wconf 88' lang='lat' dir='ltr'><strong>de</strong></span> <span class='ocrx_word' id='word_1_65' title='bbox 1469 1022 1697 1077; x_wconf 88' lang='lat' dir='ltr'><strong>solemni</strong></span> <span class='ocrx_word' id='word_1_66' title='bbox 1744 1023 1864 1077; x_wconf 84' lang='lat' dir='ltr'><strong>Ste-</strong></span> 
     </span>
    </p>
   </div>
   <div class='ocr_carea' id='block_1_12' title="bbox 275 1115 1874 1190">
    <p class='ocr_par' dir='ltr' id='par_1_12' title="bbox 275 1115 1874 1190">
     <span class='ocr_line' id='line_1_12' title="bbox 275 1115 1874 1190; baseline -0.003 -17"><span class='ocrx_word' id='word_1_67' title='bbox 275 1118 1067 1190; x_wconf 85' lang='lat' dir='ltr'><strong>phanirescriptojaetitabaut.</strong></span> <span class='ocrx_word' id='word_1_68' title='bbox 1096 1117 1264 1171; x_wconf 88' lang='lat' dir='ltr'><strong>Tanta</strong></span> <span class='ocrx_word' id='word_1_69' title='bbox 1293 1131 1418 1171; x_wconf 90' lang='lat' dir='ltr'><strong>vero</strong></span> <span class='ocrx_word' id='word_1_70' title='bbox 1445 1115 1540 1170; x_wconf 80' lang='lat' dir='ltr'><strong>fuit</strong></span> <span class='ocrx_word' id='word_1_71' title='bbox 1570 1116 1620 1169; x_wconf 93' lang='lat' dir='ltr'><strong>in</strong></span> <span class='ocrx_word' id='word_1_72' title='bbox 1652 1115 1713 1169; x_wconf 68' lang='lat' dir='ltr'><strong>iis</strong></span> <span class='ocrx_word' id='word_1_73' title='bbox 1744 1115 1874 1170; x_wconf 81' lang='lat' dir='ltr'><strong>seli—</strong></span> 
     </span>
    </p>
   </div>
   <div class='ocr_carea' id='block_1_13' title="bbox 277 1210 1870 1284">
    <p class='ocr_par' dir='ltr' id='par_1_13' title="bbox 277 1210 1870 1284">
     <span class='ocr_line' id='line_1_13' title="bbox 277 1210 1870 1284; baseline -0.002 -18"><span class='ocrx_word' id='word_1_74' title='bbox 277 1211 465 1284; x_wconf 65' lang='lat' dir='ltr'><strong>gendis</strong></span> <span class='ocrx_word' id='word_1_75' title='bbox 486 1211 683 1267; x_wconf 91' lang='lat' dir='ltr'><strong>mentis</strong></span> <span class='ocrx_word' id='word_1_76' title='bbox 710 1213 991 1280; x_wconf 81' lang='lat' dir='ltr'><strong>sagacitas,</strong></span> <span class='ocrx_word' id='word_1_77' title='bbox 1025 1219 1171 1265; x_wconf 88' lang='lat' dir='ltr'><strong>tanta</strong></span> <span class='ocrx_word' id='word_1_78' title='bbox 1201 1210 1398 1282; x_wconf 81' lang='lat' dir='ltr'><strong>ingenii</strong></span> <span class='ocrx_word' id='word_1_79' title='bbox 1426 1210 1506 1265; x_wconf 91' lang='lat' dir='ltr'><strong>vis</strong></span> <span class='ocrx_word' id='word_1_80' title='bbox 1535 1215 1588 1264; x_wconf 91' lang='lat' dir='ltr'><strong>et</strong></span> <span class='ocrx_word' id='word_1_81' title='bbox 1614 1210 1779 1273; x_wconf 85' lang='lat' dir='ltr'><strong>acies,</strong></span> <span class='ocrx_word' id='word_1_82' title='bbox 1813 1216 1870 1263; x_wconf 90' lang='lat' dir='ltr'><strong>ut</strong></span> 
     </span>
    </p>
   </div>
   <div class='ocr_carea' id='block_1_14' title="bbox 282 1301 1869 1372">
    <p class='ocr_par' dir='ltr' id='par_1_14' title="bbox 282 1301 1869 1372">
     <span class='ocr_line' id='line_1_14' title="bbox 282 1301 1869 1372; baseline -0.001 -15"><span class='ocrx_word' id='word_1_83' title='bbox 282 1302 540 1358; x_wconf 76' lang='lat' dir='ltr'><strong>ofﬁrmari</strong></span> <span class='ocrx_word' id='word_1_84' title='bbox 595 1317 700 1357; x_wconf 91' lang='lat' dir='ltr'><strong>non</strong></span> <span class='ocrx_word' id='word_1_85' title='bbox 753 1317 942 1358; x_wconf 86' lang='lat' dir='ltr'><strong>verear</strong></span> <span class='ocrx_word' id='word_1_86' title='bbox 983 1303 1395 1372; x_wconf 83' lang='lat' dir='ltr'><strong>congruentiora</strong></span> <span class='ocrx_word' id='word_1_87' title='bbox 1453 1303 1528 1358; x_wconf 90' lang='lat' dir='ltr'><strong>rei</strong></span> <span class='ocrx_word' id='word_1_88' title='bbox 1580 1301 1869 1372; x_wconf 71' lang='lat' dir='ltr'><strong>probandae</strong></span> 
     </span>
    </p>
   </div>
   <div class='ocr_carea' id='block_1_15' title="bbox 279 1393 1870 1466">
    <p class='ocr_par' dir='ltr' id='par_1_15' title="bbox 279 1393 1870 1466">
     <span class='ocr_line' id='line_1_15' title="bbox 279 1393 1870 1466; baseline 0.002 -18"><span class='ocrx_word' id='word_1_89' title='bbox 279 1403 593 1463; x_wconf 80' lang='lat' dir='ltr'><strong>argumenta</strong></span> <span class='ocrx_word' id='word_1_90' title='bbox 635 1393 818 1450; x_wconf 72' lang='lat' dir='ltr'><strong>aﬁerrl</strong></span> <span class='ocrx_word' id='word_1_91' title='bbox 863 1411 968 1450; x_wconf 89' lang='lat' dir='ltr'><strong>non</strong></span> <span class='ocrx_word' id='word_1_92' title='bbox 1018 1396 1291 1465; x_wconf 87' lang='lat' dir='ltr'><strong>potuisse;</strong></span> <span class='ocrx_word' id='word_1_93' title='bbox 1349 1395 1476 1465; x_wconf 86' lang='lat' dir='ltr'><strong>quid</strong></span> <span class='ocrx_word' id='word_1_94' title='bbox 1507 1397 1648 1450; x_wconf 90' lang='lat' dir='ltr'><strong>enim</strong></span> <span class='ocrx_word' id='word_1_95' title='bbox 1700 1395 1870 1466; x_wconf 88' lang='lat' dir='ltr'><strong>magis</strong></span> 
     </span>
    </p>
   </div>
   <div class='ocr_carea' id='block_1_16' title="bbox 277 1487 1867 1558">
    <p class='ocr_par' dir='ltr' id='par_1_16' title="bbox 277 1487 1867 1558">
     <span class='ocr_line' id='line_1_16' title="bbox 277 1487 1867 1558; baseline -0.001 -15"><span class='ocrx_word' id='word_1_96' title='bbox 277 1497 724 1554; x_wconf 82' lang='lat' dir='ltr'><strong>consentaneum,</strong></span> <span class='ocrx_word' id='word_1_97' title='bbox 750 1501 933 1558; x_wconf 86' lang='lat' dir='ltr'><strong>quam,</strong></span> <span class='ocrx_word' id='word_1_98' title='bbox 963 1489 1118 1543; x_wconf 81' lang='lat' dir='ltr'><strong>sicuti</strong></span> <span class='ocrx_word' id='word_1_99' title='bbox 1147 1487 1311 1543; x_wconf 84' lang='lat' dir='ltr'><strong>certis</strong></span> <span class='ocrx_word' id='word_1_100' title='bbox 1357 1487 1598 1556; x_wconf 84' lang='lat' dir='ltr'><strong>indubia,</strong></span> <span class='ocrx_word' id='word_1_101' title='bbox 1630 1489 1867 1558; x_wconf 86' lang='lat' dir='ltr'><strong>antiquis</strong></span> 
     </span>
    </p>
   </div>
   <div class='ocr_carea' id='block_1_17' title="bbox 277 1581 1868 1652">
    <p class='ocr_par' dir='ltr' id='par_1_17' title="bbox 277 1581 1868 1652">
     <span class='ocr_line' id='line_1_17' title="bbox 277 1581 1868 1652; baseline 0.002 -18"><span class='ocrx_word' id='word_1_102' title='bbox 277 1591 460 1636; x_wconf 82' lang='lat' dir='ltr'><strong>vetera</strong></span> <span class='ocrx_word' id='word_1_103' title='bbox 522 1581 835 1652; x_wconf 88' lang='lat' dir='ltr'><strong>probantur,</strong></span> <span class='ocrx_word' id='word_1_104' title='bbox 888 1581 969 1637; x_wconf 83' lang='lat' dir='ltr'><strong>sic</strong></span> <span class='ocrx_word' id='word_1_105' title='bbox 1018 1583 1286 1652; x_wconf 84' lang='lat' dir='ltr'><strong>ﬁgmentis</strong></span> <span class='ocrx_word' id='word_1_106' title='bbox 1335 1594 1661 1647; x_wconf 90' lang='lat' dir='ltr'><strong>commenta,</strong></span> <span class='ocrx_word' id='word_1_107' title='bbox 1713 1583 1868 1638; x_wconf 90' lang='lat' dir='ltr'><strong>novis</strong></span> 
     </span>
    </p>
   </div>
   <div class='ocr_carea' id='block_1_18' title="bbox 277 1673 1869 1744">
    <p class='ocr_par' dir='ltr' id='par_1_18' title="bbox 277 1673 1869 1744">
     <span class='ocr_line' id='line_1_18' title="bbox 277 1673 1869 1744; baseline 0.001 -14"><span class='ocrx_word' id='word_1_108' title='bbox 277 1675 517 1730; x_wconf 84' lang='lat' dir='ltr'><strong>recentia</strong></span> <span class='ocrx_word' id='word_1_109' title='bbox 541 1673 906 1730; x_wconf 84' lang='lat' dir='ltr'><strong>conﬁrmare?</strong></span> <span class='ocrx_word' id='word_1_110' title='bbox 946 1675 1000 1729; x_wconf 79' lang='grc' dir='ltr'>ω</span> <span class='ocrx_word' id='word_1_111' title='bbox 1055 1689 1217 1744; x_wconf 88' lang='lat' dir='ltr'><strong>porro</strong></span> <span class='ocrx_word' id='word_1_112' title='bbox 1259 1675 1504 1738; x_wconf 83' lang='lat' dir='ltr'><strong>viriliter,</strong></span> <span class='ocrx_word' id='word_1_113' title='bbox 1550 1674 1869 1744; x_wconf 83' lang='lat' dir='ltr'><strong>abundeque</strong></span> 
     </span>
    </p>
   </div>
   <div class='ocr_carea' id='block_1_19' title="bbox 1964 455 3555 535">
    <p class='ocr_par' dir='ltr' id='par_1_19' title="bbox 1964 455 3555 535">
     <span class='ocr_line' id='line_1_19' title="bbox 1964 455 3555 535; baseline -0.004 -16"><span class='ocrx_word' id='word_1_114' title='bbox 1964 463 2219 535; x_wconf 85' lang='lat' dir='ltr'><strong>Cypriani</strong></span> <span class='ocrx_word' id='word_1_115' title='bbox 2251 465 2443 518; x_wconf 86' lang='lat' dir='ltr'><strong>merita</strong></span> <span class='ocrx_word' id='word_1_116' title='bbox 2471 461 2872 527; x_wconf 86' lang='lat' dir='ltr'><strong>commendare,</strong></span> <span class='ocrx_word' id='word_1_117' title='bbox 2901 462 3165 515; x_wconf 88' lang='lat' dir='ltr'><strong>immensa</strong></span> <span class='ocrx_word' id='word_1_118' title='bbox 3195 455 3264 516; x_wconf 92' lang='lat' dir='ltr'><strong>de</strong></span> <span class='ocrx_word' id='word_1_119' title='bbox 3283 457 3555 531; x_wconf 84' lang='lat' dir='ltr'><strong>Cypriane</strong></span> 
     </span>
    </p>
   </div>
   <div class='ocr_carea' id='block_1_20' title="bbox 1966 554 3556 627">
    <p class='ocr_par' dir='ltr' id='par_1_20' title="bbox 1966 554 3556 627">
     <span class='ocr_line' id='line_1_20' title="bbox 1966 554 3556 627; baseline -0.002 -14"><span class='ocrx_word' id='word_1_120' title='bbox 1966 557 2244 613; x_wconf 87' lang='lat' dir='ltr'><strong>celebrare</strong></span> <span class='ocrx_word' id='word_1_121' title='bbox 2299 559 2564 627; x_wconf 73' lang='lat' dir='ltr'><strong>przeconia</strong></span> <span class='ocrx_word' id='word_1_122' title='bbox 2610 555 2783 611; x_wconf 89' lang='lat' dir='ltr'><strong>adorti</strong></span> <span class='ocrx_word' id='word_1_123' title='bbox 2839 564 2981 610; x_wconf 90' lang='lat' dir='ltr'><strong>sunt.</strong></span> <span class='ocrx_word' id='word_1_124' title='bbox 3024 554 3260 621; x_wconf 82' lang='lat' dir='ltr'><strong>Quaesita</strong></span> <span class='ocrx_word' id='word_1_125' title='bbox 3315 554 3556 623; x_wconf 80' lang='lat' dir='ltr'><strong>undique</strong></span> 
     </span>
    </p>
   </div>
   <div class='ocr_carea' id='block_1_21' title="bbox 1969 646 3558 722">
    <p class='ocr_par' dir='ltr' id='par_1_21' title="bbox 1969 646 3558 722">
     <span class='ocr_line' id='line_1_21' title="bbox 1969 646 3558 722; baseline -0.003 -16"><span class='ocrx_word' id='word_1_126' title='bbox 1969 651 2152 706; x_wconf 89' lang='lat' dir='ltr'><strong>labore</strong></span> <span class='ocrx_word' id='word_1_127' title='bbox 2194 651 2460 705; x_wconf 85' lang='lat' dir='ltr'><strong>immenso</strong></span> <span class='ocrx_word' id='word_1_128' title='bbox 2489 661 2648 722; x_wconf 89' lang='lat' dir='ltr'><strong>atque</strong></span> <span class='ocrx_word' id='word_1_129' title='bbox 2681 658 2932 719; x_wconf 86' lang='lat' dir='ltr'><strong>congesta</strong></span> <span class='ocrx_word' id='word_1_130' title='bbox 2965 663 3316 718; x_wconf 83' lang='lat' dir='ltr'><strong>quaecumque</strong></span> <span class='ocrx_word' id='word_1_131' title='bbox 3354 646 3418 701; x_wconf 89' lang='lat' dir='ltr'><strong>ad</strong></span> <span class='ocrx_word' id='word_1_132' title='bbox 3452 647 3558 720; x_wconf 86' lang='lat' dir='ltr'><strong>Cy-</strong></span> 
     </span>
    </p>
   </div>
   <div class='ocr_carea' id='block_1_22' title="bbox 1970 741 3551 816">
    <p class='ocr_par' dir='ltr' id='par_1_22' title="bbox 1970 741 3551 816">
     <span class='ocr_line' id='line_1_22' title="bbox 1970 741 3551 816; baseline -0.003 -16"><span class='ocrx_word' id='word_1_133' title='bbox 1970 747 2136 816; x_wconf 86' lang='lat' dir='ltr'><strong>priani</strong></span> <span class='ocrx_word' id='word_1_134' title='bbox 2195 744 2716 802; x_wconf 88' lang='lat' dir='ltr'><strong>commendationem</strong></span> <span class='ocrx_word' id='word_1_135' title='bbox 2771 744 3105 812; x_wconf 83' lang='lat' dir='ltr'><strong>aliquatenus</strong></span> <span class='ocrx_word' id='word_1_136' title='bbox 3163 741 3551 801; x_wconf 85' lang='lat' dir='ltr'><strong>conducerent.</strong></span> 
     </span>
    </p>
   </div>
   <div class='ocr_carea' id='block_1_23' title="bbox 1970 833 3557 906">
    <p class='ocr_par' dir='ltr' id='par_1_23' title="bbox 1970 833 3557 906">
     <span class='ocr_line' id='line_1_23' title="bbox 1970 833 3557 906; baseline -0.003 -12"><span class='ocrx_word' id='word_1_137' title='bbox 1970 839 2194 894; x_wconf 88' lang='lat' dir='ltr'><strong>concilia</strong></span> <span class='ocrx_word' id='word_1_138' title='bbox 2229 849 2338 893; x_wconf 89' lang='lat' dir='ltr'><strong>tum</strong></span> <span class='ocrx_word' id='word_1_139' title='bbox 2372 841 2718 902; x_wconf 75' lang='lat' dir='ltr'><strong>mcnmenica,</strong></span> <span class='ocrx_word' id='word_1_140' title='bbox 2777 849 2884 891; x_wconf 92' lang='lat' dir='ltr'><strong>tum</strong></span> <span class='ocrx_word' id='word_1_141' title='bbox 2919 835 3280 906; x_wconf 87' lang='lat' dir='ltr'><strong>particularia.</strong></span> <span class='ocrx_word' id='word_1_142' title='bbox 3327 833 3557 889; x_wconf 82' lang='lat' dir='ltr'><strong>Romani</strong></span> 
     </span>
    </p>
   </div>
   <div class='ocr_carea' id='block_1_24' title="bbox 1973 927 3646 1001">
    <p class='ocr_par' dir='ltr' id='par_1_24' title="bbox 1973 927 3646 1001">
     <span class='ocr_line' id='line_1_24' title="bbox 1973 927 3646 1001; baseline -0.003 -16"><span class='ocrx_word' id='word_1_143' title='bbox 1973 932 2070 1001; x_wconf 91' lang='lat' dir='ltr'><strong>ipsi</strong></span> <span class='ocrx_word' id='word_1_144' title='bbox 2099 931 2409 998; x_wconf 84' lang='lat' dir='ltr'><strong>Pontiﬁces,</strong></span> <span class='ocrx_word' id='word_1_145' title='bbox 2435 929 2691 988; x_wconf 74' lang='lat' dir='ltr'><strong>Ecclesia:</strong></span> <span class='ocrx_word' id='word_1_146' title='bbox 2711 931 2898 986; x_wconf 88' lang='lat' dir='ltr'><strong>Patres</strong></span> <span class='ocrx_word' id='word_1_147' title='bbox 2927 935 2981 984; x_wconf 80' lang='lat' dir='ltr'><strong>tt</strong></span> <span class='ocrx_word' id='word_1_148' title='bbox 3006 929 3282 995; x_wconf 82' lang='lat' dir='ltr'><strong>Doctores,</strong></span> <span class='ocrx_word' id='word_1_149' title='bbox 3317 927 3560 982; x_wconf 81' lang='lat' dir='ltr'><strong>liismrici</strong></span> <span class='ocrx_word' id='word_1_150' title='bbox 3633 970 3646 980; x_wconf 89' lang='lat'><strong>.</strong></span> 
     </span>
    </p>
   </div>
   <div class='ocr_carea' id='block_1_25' title="bbox 1973 1019 3564 1094">
    <p class='ocr_par' dir='ltr' id='par_1_25' title="bbox 1973 1019 3564 1094">
     <span class='ocr_line' id='line_1_25' title="bbox 1973 1019 3564 1094; baseline -0.002 -16"><span class='ocrx_word' id='word_1_151' title='bbox 1973 1033 2025 1078; x_wconf 92' lang='lat' dir='ltr'><strong>et</strong></span> <span class='ocrx_word' id='word_1_152' title='bbox 2053 1024 2227 1080; x_wconf 59' lang='lat' dir='ltr'><strong>Graeci</strong></span> <span class='ocrx_word' id='word_1_153' title='bbox 2258 1035 2311 1080; x_wconf 89' lang='lat' dir='ltr'><strong>et</strong></span> <span class='ocrx_word' id='word_1_154' title='bbox 2345 1023 2538 1088; x_wconf 89' lang='lat' dir='ltr'><strong>Latini,</strong></span> <span class='ocrx_word' id='word_1_155' title='bbox 2569 1032 2832 1094; x_wconf 90' lang='lat' dir='ltr'><strong>quotquot</strong></span> <span class='ocrx_word' id='word_1_156' title='bbox 2883 1037 3006 1077; x_wconf 91' lang='lat' dir='ltr'><strong>esse</strong></span> <span class='ocrx_word' id='word_1_157' title='bbox 3050 1029 3316 1090; x_wconf 81' lang='lat' dir='ltr'><strong>poterant,</strong></span> <span class='ocrx_word' id='word_1_158' title='bbox 3345 1019 3564 1088; x_wconf 83' lang='lat' dir='ltr'><strong>apellatl</strong></span> 
     </span>
    </p>
   </div>
   <div class='ocr_carea' id='block_1_26' title="bbox 1973 1112 3564 1184">
    <p class='ocr_par' dir='ltr' id='par_1_26' title="bbox 1973 1112 3564 1184">
     <span class='ocr_line' id='line_1_26' title="bbox 1973 1112 3564 1184; baseline -0.002 -14"><span class='ocrx_word' id='word_1_159' title='bbox 1973 1116 2206 1171; x_wconf 83' lang='lat' dir='ltr'><strong>luerunt.</strong></span> <span class='ocrx_word' id='word_1_160' title='bbox 2240 1115 2483 1171; x_wconf 77' lang='lat' dir='ltr'><strong>Adducta</strong></span> <span class='ocrx_word' id='word_1_161' title='bbox 2504 1131 2638 1171; x_wconf 89' lang='lat' dir='ltr'><strong>nova</strong></span> <span class='ocrx_word' id='word_1_162' title='bbox 2679 1125 2733 1169; x_wconf 83' lang='lat' dir='ltr'><strong>et</strong></span> <span class='ocrx_word' id='word_1_163' title='bbox 2788 1125 2970 1169; x_wconf 86' lang='lat' dir='ltr'><strong>vetera</strong></span> <span class='ocrx_word' id='word_1_164' title='bbox 3001 1112 3374 1184; x_wconf 80' lang='lat' dir='ltr'><strong>Martyrologia</strong></span> <span class='ocrx_word' id='word_1_165' title='bbox 3404 1120 3564 1180; x_wconf 88' lang='lat' dir='ltr'><strong>atque</strong></span> 
     </span>
    </p>
   </div>
   <div class='ocr_carea' id='block_1_27' title="bbox 1972 1207 3563 1277">
    <p class='ocr_par' dir='ltr' id='par_1_27' title="bbox 1972 1207 3563 1277">
     <span class='ocr_line' id='line_1_27' title="bbox 1972 1207 3563 1277; baseline -0.003 -13"><span class='ocrx_word' id='word_1_166' title='bbox 1972 1208 2307 1277; x_wconf 84' lang='lat' dir='ltr'><strong>Calendaria,</strong></span> <span class='ocrx_word' id='word_1_167' title='bbox 2329 1209 2540 1264; x_wconf 79' lang='lat' dir='ltr'><strong>Missale</strong></span> <span class='ocrx_word' id='word_1_168' title='bbox 2563 1207 2997 1271; x_wconf 74' lang='lat' dir='ltr'><strong>Ambrosianum,</strong></span> <span class='ocrx_word' id='word_1_169' title='bbox 3020 1207 3209 1276; x_wconf 84' lang='lat' dir='ltr'><strong>prisca:</strong></span> <span class='ocrx_word' id='word_1_170' title='bbox 3239 1221 3303 1262; x_wconf 89' lang='lat' dir='ltr'><strong>ac</strong></span> <span class='ocrx_word' id='word_1_171' title='bbox 3321 1216 3563 1261; x_wconf 89' lang='lat' dir='ltr'><strong>recentes</strong></span> 
     </span>
    </p>
   </div>
   <div class='ocr_carea' id='block_1_28' title="bbox 1972 1298 3562 1371">
    <p class='ocr_par' dir='ltr' id='par_1_28' title="bbox 1972 1298 3562 1371">
     <span class='ocr_line' id='line_1_28' title="bbox 1972 1298 3562 1371; baseline -0.003 -13"><span class='ocrx_word' id='word_1_172' title='bbox 1972 1303 2304 1358; x_wconf 90' lang='lat' dir='ltr'><strong>diversarum</strong></span> <span class='ocrx_word' id='word_1_173' title='bbox 2334 1303 2685 1357; x_wconf 90' lang='lat' dir='ltr'><strong>ecclesiarum</strong></span> <span class='ocrx_word' id='word_1_174' title='bbox 2717 1302 2913 1364; x_wconf 58' lang='grc' dir='ltr'><strong>Μίδεω,</strong></span> <span class='ocrx_word' id='word_1_175' title='bbox 2943 1301 3308 1371; x_wconf 71' lang='lat' dir='ltr'><strong>prmfationes,</strong></span> <span class='ocrx_word' id='word_1_176' title='bbox 3359 1308 3414 1353; x_wconf 89' lang='lat' dir='ltr'><strong>et</strong></span> <span class='ocrx_word' id='word_1_177' title='bbox 3447 1298 3562 1368; x_wconf 89' lang='lat' dir='ltr'><strong>ipse</strong></span> 
     </span>
    </p>
   </div>
   <div class='ocr_carea' id='block_1_29' title="bbox 1973 1390 3556 1452">
    <p class='ocr_par' dir='ltr' id='par_1_29' title="bbox 1973 1390 3556 1452">
     <span class='ocr_line' id='line_1_29' title="bbox 1973 1390 3556 1452; baseline -0.005 0"><span class='ocrx_word' id='word_1_178' title='bbox 1973 1397 2175 1452; x_wconf 92' lang='lat' dir='ltr'><strong>Canon.</strong></span> <span class='ocrx_word' id='word_1_179' title='bbox 2219 1397 2390 1452; x_wconf 88' lang='lat' dir='ltr'><strong>Citata</strong></span> <span class='ocrx_word' id='word_1_180' title='bbox 2445 1411 2578 1450; x_wconf 89' lang='lat' dir='ltr'><strong>nova</strong></span> <span class='ocrx_word' id='word_1_181' title='bbox 2629 1405 2681 1451; x_wconf 93' lang='lat' dir='ltr'><strong>et</strong></span> <span class='ocrx_word' id='word_1_182' title='bbox 2735 1407 2916 1450; x_wconf 79' lang='lat' dir='ltr'><strong>vetera</strong></span> <span class='ocrx_word' id='word_1_183' title='bbox 2968 1393 3240 1448; x_wconf 89' lang='lat' dir='ltr'><strong>Breviaria</strong></span> <span class='ocrx_word' id='word_1_184' title='bbox 3293 1390 3556 1450; x_wconf 83' lang='lat' dir='ltr'><strong>Romana.</strong></span> 
     </span>
    </p>
   </div>
   <div class='ocr_carea' id='block_1_30' title="bbox 1975 1483 3564 1559">
    <p class='ocr_par' dir='ltr' id='par_1_30' title="bbox 1975 1483 3564 1559">
     <span class='ocr_line' id='line_1_30' title="bbox 1975 1483 3564 1559; baseline -0.004 -16"><span class='ocrx_word' id='word_1_185' title='bbox 1975 1489 2284 1559; x_wconf 78' lang='lat' dir='ltr'><strong>Hispanica,</strong></span> <span class='ocrx_word' id='word_1_186' title='bbox 2306 1488 2529 1555; x_wconf 85' lang='lat' dir='ltr'><strong>Gallica,</strong></span> <span class='ocrx_word' id='word_1_187' title='bbox 2547 1497 2601 1543; x_wconf 94' lang='lat' dir='ltr'><strong>et</strong></span> <span class='ocrx_word' id='word_1_188' title='bbox 2623 1489 2788 1542; x_wconf 91' lang='lat' dir='ltr'><strong>immo</strong></span> <span class='ocrx_word' id='word_1_189' title='bbox 2805 1487 2987 1542; x_wconf 76' lang='lat' dir='ltr'><strong>relata:</strong></span> <span class='ocrx_word' id='word_1_190' title='bbox 3012 1487 3179 1557; x_wconf 89' lang='lat' dir='ltr'><strong>ipsius</strong></span> <span class='ocrx_word' id='word_1_191' title='bbox 3200 1483 3453 1539; x_wconf 88' lang='lat' dir='ltr'><strong>Breviarii</strong></span> <span class='ocrx_word' id='word_1_192' title='bbox 3474 1498 3564 1537; x_wconf 91' lang='lat' dir='ltr'><strong>ru-</strong></span> 
     </span>
    </p>
   </div>
   <div class='ocr_carea' id='block_1_31' title="bbox 1973 1576 3565 1650">
    <p class='ocr_par' dir='ltr' id='par_1_31' title="bbox 1973 1576 3565 1650">
     <span class='ocr_line' id='line_1_31' title="bbox 1973 1576 3565 1650; baseline -0.004 -12"><span class='ocrx_word' id='word_1_193' title='bbox 1973 1585 2156 1647; x_wconf 62' lang='lat' dir='ltr'><strong>bricae,</strong></span> <span class='ocrx_word' id='word_1_194' title='bbox 2189 1599 2288 1640; x_wconf 90' lang='lat' dir='ltr'><strong>nec</strong></span> <span class='ocrx_word' id='word_1_195' title='bbox 2315 1600 2418 1639; x_wconf 92' lang='lat' dir='ltr'><strong>non</strong></span> <span class='ocrx_word' id='word_1_196' title='bbox 2454 1585 2636 1650; x_wconf 65' lang='lat' dir='ltr'><strong>varite,</strong></span> <span class='ocrx_word' id='word_1_197' title='bbox 2670 1583 3021 1638; x_wconf 79' lang='lat' dir='ltr'><strong>ecclesiarum</strong></span> <span class='ocrx_word' id='word_1_198' title='bbox 3049 1577 3269 1634; x_wconf 76' lang='lat' dir='ltr'><strong>Litanize</strong></span> <span class='ocrx_word' id='word_1_199' title='bbox 3300 1576 3565 1633; x_wconf 67' lang='lat' dir='ltr'><strong>:laudataa</strong></span> 
     </span>
    </p>
   </div>
   <div class='ocr_carea' id='block_1_32' title="bbox 1973 1671 3562 1750">
    <p class='ocr_par' dir='ltr' id='par_1_32' title="bbox 1973 1671 3562 1750">
     <span class='ocr_line' id='line_1_32' title="bbox 1973 1671 3562 1750; baseline -0.005 -15"><span class='ocrx_word' id='word_1_200' title='bbox 1973 1695 2186 1750; x_wconf 87' lang='lat' dir='ltr'><strong>quoque</strong></span> <span class='ocrx_word' id='word_1_201' title='bbox 2233 1679 2483 1749; x_wconf 87' lang='lat' dir='ltr'><strong>Cypriani</strong></span> <span class='ocrx_word' id='word_1_202' title='bbox 2533 1677 2876 1747; x_wconf 89' lang='lat' dir='ltr'><strong>reliquiarum</strong></span> <span class='ocrx_word' id='word_1_203' title='bbox 2932 1673 3334 1741; x_wconf 88' lang='lat' dir='ltr'><strong>translationes,</strong></span> <span class='ocrx_word' id='word_1_204' title='bbox 3393 1671 3562 1742; x_wconf 88' lang='lat' dir='ltr'><strong>ipsius</strong></span> 
     </span>
    </p>
   </div>
   <div class='ocr_carea' id='block_1_33' title="bbox 277 1765 3565 1847">
    <p class='ocr_par' dir='ltr' id='par_1_33' title="bbox 277 1765 3565 1847">
     <span class='ocr_line' id='line_1_33' title="bbox 277 1765 3565 1847; baseline -0.001 -26"><span class='ocrx_word' id='word_1_205' title='bbox 277 1767 646 1836; x_wconf 73' lang='lat' dir='ltr'><strong>praestiterunt</strong></span> <span class='ocrx_word' id='word_1_206' title='bbox 684 1767 941 1822; x_wconf 85' lang='lat' dir='ltr'><strong>neoterici</strong></span> <span class='ocrx_word' id='word_1_207' title='bbox 987 1769 1177 1822; x_wconf 83' lang='lat' dir='ltr'><strong>nostri.</strong></span> <span class='ocrx_word' id='word_1_208' title='bbox 1225 1765 1436 1821; x_wconf 88' lang='lat' dir='ltr'><strong>Etenim</strong></span> <span class='ocrx_word' id='word_1_209' title='bbox 1463 1766 1606 1836; x_wconf 92' lang='lat' dir='ltr'><strong>quod</strong></span> <span class='ocrx_word' id='word_1_210' title='bbox 1659 1781 1689 1820; x_wconf 90' lang='lat' dir='ltr'><strong>a</strong></span> <span class='ocrx_word' id='word_1_211' title='bbox 1739 1765 1864 1822; x_wconf 85' lang='lat' dir='ltr'><strong>Ste-</strong></span> <span class='ocrx_word' id='word_1_212' title='bbox 1895 1785 1944 1847; x_wconf 77' lang='grc' dir='ltr'><strong>Β</strong></span> <span class='ocrx_word' id='word_1_213' title='bbox 1971 1773 2094 1829; x_wconf 80' lang='lat' dir='ltr'><strong>festi</strong></span> <span class='ocrx_word' id='word_1_214' title='bbox 2127 1772 2500 1827; x_wconf 83' lang='lat' dir='ltr'><strong>sulemuitates</strong></span> <span class='ocrx_word' id='word_1_215' title='bbox 2521 1785 2583 1824; x_wconf 87' lang='lat' dir='ltr'><strong>ac</strong></span> <span class='ocrx_word' id='word_1_216' title='bbox 2625 1769 2805 1838; x_wconf 85' lang='lat' dir='ltr'><strong>plures</strong></span> <span class='ocrx_word' id='word_1_217' title='bbox 2827 1768 2928 1822; x_wconf 87' lang='lat' dir='ltr'><strong>sub</strong></span> <span class='ocrx_word' id='word_1_218' title='bbox 2959 1766 3100 1820; x_wconf 89' lang='lat' dir='ltr'><strong>illius</strong></span> <span class='ocrx_word' id='word_1_219' title='bbox 3147 1765 3364 1820; x_wconf 90' lang='lat' dir='ltr'><strong>nomine</strong></span> <span class='ocrx_word' id='word_1_220' title='bbox 3391 1765 3565 1819; x_wconf 91' lang='lat' dir='ltr'><strong>eccle-</strong></span> 
     </span>
    </p>
   </div>
   <div class='ocr_carea' id='block_1_34' title="bbox 277 1861 1863 1933">
    <p class='ocr_par' dir='ltr' id='par_1_34' title="bbox 277 1861 1863 1933">
     <span class='ocr_line' id='line_1_34' title="bbox 277 1861 1863 1933; baseline 0.001 -18"><span class='ocrx_word' id='word_1_221' title='bbox 277 1863 458 1933; x_wconf 85' lang='lat' dir='ltr'><strong>phano</strong></span> <span class='ocrx_word' id='word_1_222' title='bbox 483 1862 724 1916; x_wconf 79' lang='lat' dir='ltr'><strong>Romano</strong></span> <span class='ocrx_word' id='word_1_223' title='bbox 748 1861 1006 1916; x_wconf 88' lang='lat' dir='ltr'><strong>Pontilice</strong></span> <span class='ocrx_word' id='word_1_224' title='bbox 1031 1871 1194 1916; x_wconf 61' lang='lat' dir='ltr'><strong>tanta;</strong></span> <span class='ocrx_word' id='word_1_225' title='bbox 1217 1861 1572 1916; x_wconf 87' lang='lat' dir='ltr'><strong>solemnitatis</strong></span> <span class='ocrx_word' id='word_1_226' title='bbox 1587 1861 1863 1916; x_wconf 86' lang='lat' dir='ltr'><strong>decretum</strong></span> 
     </span>
    </p>
   </div>
   <div class='ocr_carea' id='block_1_35' title="bbox 278 1955 1862 2026">
    <p class='ocr_par' dir='ltr' id='par_1_35' title="bbox 278 1955 1862 2026">
     <span class='ocr_line' id='line_1_35' title="bbox 278 1955 1862 2026; baseline -0.001 -16"><span class='ocrx_word' id='word_1_227' title='bbox 278 1955 583 2026; x_wconf 81' lang='lat' dir='ltr'><strong>prodiisset,</strong></span> <span class='ocrx_word' id='word_1_228' title='bbox 614 1971 751 2010; x_wconf 84' lang='lat' dir='ltr'><strong>nova</strong></span> <span class='ocrx_word' id='word_1_229' title='bbox 787 1970 875 2011; x_wconf 87' lang='lat' dir='ltr'><strong>res</strong></span> <span class='ocrx_word' id='word_1_230' title='bbox 907 1965 1022 2010; x_wconf 90' lang='lat' dir='ltr'><strong>erat</strong></span> <span class='ocrx_word' id='word_1_231' title='bbox 1063 1965 1118 2010; x_wconf 89' lang='lat' dir='ltr'><strong>et</strong></span> <span class='ocrx_word' id='word_1_232' title='bbox 1145 1957 1403 2011; x_wconf 86' lang='lat' dir='ltr'><strong>hactenus</strong></span> <span class='ocrx_word' id='word_1_233' title='bbox 1444 1955 1697 2009; x_wconf 87' lang='lat' dir='ltr'><strong>inaudita.</strong></span> <span class='ocrx_word' id='word_1_234' title='bbox 1727 1955 1862 2023; x_wconf 82' lang='lat' dir='ltr'><strong>Quid</strong></span> 
     </span>
    </p>
   </div>
   <div class='ocr_carea' id='block_1_36' title="bbox 278 2049 1865 2120">
    <p class='ocr_par' dir='ltr' id='par_1_36' title="bbox 278 2049 1865 2120">
     <span class='ocr_line' id='line_1_36' title="bbox 278 2049 1865 2120; baseline -0.001 -15"><span class='ocrx_word' id='word_1_235' title='bbox 278 2064 409 2120; x_wconf 87' lang='lat' dir='ltr'><strong>ergo</strong></span> <span class='ocrx_word' id='word_1_236' title='bbox 433 2049 728 2105; x_wconf 84' lang='lat' dir='ltr'><strong>neoterici?</strong></span> <span class='ocrx_word' id='word_1_237' title='bbox 758 2050 903 2104; x_wconf 86' lang='lat' dir='ltr'><strong>Nova</strong></span> <span class='ocrx_word' id='word_1_238' title='bbox 934 2049 1132 2118; x_wconf 82' lang='lat' dir='ltr'><strong>pariter</strong></span> <span class='ocrx_word' id='word_1_239' title='bbox 1172 2063 1271 2105; x_wconf 84' lang='lat' dir='ltr'><strong>nec</strong></span> <span class='ocrx_word' id='word_1_240' title='bbox 1301 2051 1446 2117; x_wconf 90' lang='lat' dir='ltr'><strong>prius</strong></span> <span class='ocrx_word' id='word_1_241' title='bbox 1475 2049 1650 2103; x_wconf 87' lang='lat' dir='ltr'><strong>audita</strong></span> <span class='ocrx_word' id='word_1_242' title='bbox 1694 2050 1760 2103; x_wconf 88' lang='lat' dir='ltr'><strong>ad</strong></span> <span class='ocrx_word' id='word_1_243' title='bbox 1810 2049 1865 2103; x_wconf 95' lang='lat' dir='ltr'><strong>id</strong></span> 
     </span>
    </p>
   </div>
   <div class='ocr_carea' id='block_1_37' title="bbox 279 2141 1865 2212">
    <p class='ocr_par' dir='ltr' id='par_1_37' title="bbox 279 2141 1865 2212">
     <span class='ocr_line' id='line_1_37' title="bbox 279 2141 1865 2212; baseline -0.003 -16"><span class='ocrx_word' id='word_1_244' title='bbox 279 2141 616 2212; x_wconf 80' lang='lat' dir='ltr'><strong>probandum</strong></span> <span class='ocrx_word' id='word_1_245' title='bbox 643 2150 957 2212; x_wconf 86' lang='lat' dir='ltr'><strong>argumenta</strong></span> <span class='ocrx_word' id='word_1_246' title='bbox 984 2141 1330 2205; x_wconf 79' lang='lat' dir='ltr'><strong>fabricarum,</strong></span> <span class='ocrx_word' id='word_1_247' title='bbox 1359 2141 1426 2194; x_wconf 88' lang='lat' dir='ltr'><strong>ab</strong></span> <span class='ocrx_word' id='word_1_248' title='bbox 1449 2141 1510 2195; x_wconf 91' lang='lat' dir='ltr'><strong>iis</strong></span> <span class='ocrx_word' id='word_1_249' title='bbox 1535 2142 1676 2194; x_wconf 91' lang='lat' dir='ltr'><strong>enim</strong></span> <span class='ocrx_word' id='word_1_250' title='bbox 1697 2141 1865 2210; x_wconf 88' lang='lat' dir='ltr'><strong>scrip-</strong></span> 
     </span>
    </p>
   </div>
   <div class='ocr_carea' id='block_1_38' title="bbox 278 2234 1864 2304">
    <p class='ocr_par' dir='ltr' id='par_1_38' title="bbox 278 2234 1864 2304">
     <span class='ocr_line' id='line_1_38' title="bbox 278 2234 1864 2304; baseline 0 -15"><span class='ocrx_word' id='word_1_251' title='bbox 278 2236 483 2290; x_wconf 79' lang='lat' dir='ltr'><strong>toribus</strong></span> <span class='ocrx_word' id='word_1_252' title='bbox 523 2234 850 2291; x_wconf 83' lang='lat' dir='ltr'><strong>cltristianus</strong></span> <span class='ocrx_word' id='word_1_253' title='bbox 905 2235 1123 2290; x_wconf 83' lang='lat' dir='ltr'><strong>tandem</strong></span> <span class='ocrx_word' id='word_1_254' title='bbox 1171 2235 1358 2290; x_wconf 88' lang='lat' dir='ltr'><strong>didicit</strong></span> <span class='ocrx_word' id='word_1_255' title='bbox 1408 2235 1555 2290; x_wconf 90' lang='lat' dir='ltr'><strong>orbis</strong></span> <span class='ocrx_word' id='word_1_256' title='bbox 1606 2234 1864 2304; x_wconf 85' lang='lat' dir='ltr'><strong>Stephani</strong></span> 
     </span>
    </p>
   </div>
   <div class='ocr_carea' id='block_1_39' title="bbox 278 2326 1863 2400">
    <p class='ocr_par' dir='ltr' id='par_1_39' title="bbox 278 2326 1863 2400">
     <span class='ocr_line' id='line_1_39' title="bbox 278 2326 1863 2400; baseline -0.001 -18"><span class='ocrx_word' id='word_1_257' title='bbox 278 2331 554 2382; x_wconf 85' lang='lat' dir='ltr'><strong>decretum</strong></span> <span class='ocrx_word' id='word_1_258' title='bbox 599 2329 652 2382; x_wconf 91' lang='lat' dir='ltr'><strong>in</strong></span> <span class='ocrx_word' id='word_1_259' title='bbox 697 2329 929 2384; x_wconf 89' lang='lat' dir='ltr'><strong>concilio</strong></span> <span class='ocrx_word' id='word_1_260' title='bbox 973 2329 1216 2382; x_wconf 74' lang='lat' dir='ltr'><strong>Roruano</strong></span> <span class='ocrx_word' id='word_1_261' title='bbox 1282 2328 1485 2383; x_wconf 92' lang='lat' dir='ltr'><strong>editum</strong></span> <span class='ocrx_word' id='word_1_262' title='bbox 1537 2326 1733 2395; x_wconf 79' lang='lat' dir='ltr'><strong>fuisse,</strong></span> <span class='ocrx_word' id='word_1_263' title='bbox 1784 2326 1863 2400; x_wconf 92' lang='lat' dir='ltr'><strong>(l)</strong></span> 
     </span>
    </p>
   </div>
   <div class='ocr_carea' id='block_1_40' title="bbox 279 2418 1866 2489">
    <p class='ocr_par' dir='ltr' id='par_1_40' title="bbox 279 2418 1866 2489">
     <span class='ocr_line' id='line_1_40' title="bbox 279 2418 1866 2489; baseline 0.003 -17"><span class='ocrx_word' id='word_1_264' title='bbox 279 2418 347 2473; x_wconf 90' lang='lat' dir='ltr'><strong>ad</strong></span> <span class='ocrx_word' id='word_1_265' title='bbox 376 2433 565 2474; x_wconf 84' lang='lat' dir='ltr'><strong>omnes</strong></span> <span class='ocrx_word' id='word_1_266' title='bbox 606 2420 859 2474; x_wconf 77' lang='lat' dir='ltr'><strong>ecclesias</strong></span> <span class='ocrx_word' id='word_1_267' title='bbox 904 2435 933 2473; x_wconf 89' lang='lat' dir='ltr'><strong>a</strong></span> <span class='ocrx_word' id='word_1_268' title='bbox 983 2418 1258 2489; x_wconf 80' lang='lat' dir='ltr'><strong>Stephano</strong></span> <span class='ocrx_word' id='word_1_269' title='bbox 1305 2419 1470 2475; x_wconf 77' lang='lat' dir='ltr'><strong>fuisse</strong></span> <span class='ocrx_word' id='word_1_270' title='bbox 1514 2421 1775 2476; x_wconf 90' lang='lat' dir='ltr'><strong>directum</strong></span> <span class='ocrx_word' id='word_1_271' title='bbox 1802 2435 1866 2476; x_wconf 87' lang='lat' dir='ltr'><strong>ac</strong></span> 
     </span>
    </p>
   </div>
   <div class='ocr_carea' id='block_1_41' title="bbox 281 2509 1865 2582">
    <p class='ocr_par' dir='ltr' id='par_1_41' title="bbox 281 2509 1865 2582">
     <span class='ocr_line' id='line_1_41' title="bbox 281 2509 1865 2582; baseline 0.003 -19"><span class='ocrx_word' id='word_1_272' title='bbox 281 2511 501 2566; x_wconf 87' lang='lat' dir='ltr'><strong>missum</strong></span> <span class='ocrx_word' id='word_1_273' title='bbox 531 2509 629 2582; x_wconf 71' lang='lat'><strong>(2),</strong></span> <span class='ocrx_word' id='word_1_274' title='bbox 673 2511 900 2566; x_wconf 82' lang='lat' dir='ltr'><strong>solemni</strong></span> <span class='ocrx_word' id='word_1_275' title='bbox 929 2512 1022 2566; x_wconf 90' lang='lat' dir='ltr'><strong>illo</strong></span> <span class='ocrx_word' id='word_1_276' title='bbox 1048 2511 1271 2568; x_wconf 85' lang='lat' dir='ltr'><strong>decreto</strong></span> <span class='ocrx_word' id='word_1_277' title='bbox 1300 2513 1655 2569; x_wconf 84' lang='lat' dir='ltr'><strong>certissimam</strong></span> <span class='ocrx_word' id='word_1_278' title='bbox 1700 2512 1865 2568; x_wconf 80' lang='lat' dir='ltr'><strong>fuisse</strong></span> 
     </span>
    </p>
   </div>
   <div class='ocr_carea' id='block_1_42' title="bbox 277 2602 1867 2673">
    <p class='ocr_par' dir='ltr' id='par_1_42' title="bbox 277 2602 1867 2673">
     <span class='ocr_line' id='line_1_42' title="bbox 277 2602 1867 2673; baseline 0.003 -14"><span class='ocrx_word' id='word_1_279' title='bbox 277 2602 536 2673; x_wconf 84' lang='lat' dir='ltr'><strong>Stephani</strong></span> <span class='ocrx_word' id='word_1_280' title='bbox 565 2615 827 2672; x_wconf 87' lang='lat' dir='ltr'><strong>entem,</strong></span> <span class='ocrx_word' id='word_1_281' title='bbox 859 2617 915 2660; x_wconf 95' lang='lat' dir='ltr'><strong>ut</strong></span> <span class='ocrx_word' id='word_1_282' title='bbox 940 2607 1195 2661; x_wconf 86' lang='lat' dir='ltr'><strong>omnibus</strong></span> <span class='ocrx_word' id='word_1_283' title='bbox 1221 2608 1442 2662; x_wconf 91' lang='lat' dir='ltr'><strong>omnino</strong></span> <span class='ocrx_word' id='word_1_284' title='bbox 1483 2607 1730 2663; x_wconf 87' lang='lat' dir='ltr'><strong>ﬁdelibus</strong></span> <span class='ocrx_word' id='word_1_285' title='bbox 1760 2607 1867 2663; x_wconf 87' lang='lat' dir='ltr'><strong>ﬁde</strong></span> 
     </span>
    </p>
   </div>
   <div class='ocr_carea' id='block_1_43' title="bbox 278 2697 1866 2771">
    <p class='ocr_par' dir='ltr' id='par_1_43' title="bbox 278 2697 1866 2771">
     <span class='ocr_line' id='line_1_43' title="bbox 278 2697 1866 2771; baseline 0.004 -20"><span class='ocrx_word' id='word_1_286' title='bbox 278 2697 603 2752; x_wconf 88' lang='lat' dir='ltr'><strong>credendum</strong></span> <span class='ocrx_word' id='word_1_287' title='bbox 650 2710 974 2768; x_wconf 87' lang='lat' dir='ltr'><strong>proponeret</strong></span> <span class='ocrx_word' id='word_1_288' title='bbox 1021 2715 1126 2755; x_wconf 89' lang='lat' dir='ltr'><strong>non</strong></span> <span class='ocrx_word' id='word_1_289' title='bbox 1177 2716 1298 2755; x_wconf 88' lang='lat' dir='ltr'><strong>esse</strong></span> <span class='ocrx_word' id='word_1_290' title='bbox 1351 2702 1528 2757; x_wconf 89' lang='lat' dir='ltr'><strong>denuo</strong></span> <span class='ocrx_word' id='word_1_291' title='bbox 1585 2703 1866 2771; x_wconf 85' lang='lat' dir='ltr'><strong>tingendos</strong></span> 
     </span>
    </p>
   </div>
   <div class='ocr_carea' id='block_1_44' title="bbox 279 2790 1864 2863">
    <p class='ocr_par' dir='ltr' id='par_1_44' title="bbox 279 2790 1864 2863">
     <span class='ocr_line' id='line_1_44' title="bbox 279 2790 1864 2863; baseline 0.004 -19"><span class='ocrx_word' id='word_1_292' title='bbox 279 2790 525 2846; x_wconf 80' lang='lat' dir='ltr'><strong>homines</strong></span> <span class='ocrx_word' id='word_1_293' title='bbox 553 2792 620 2844; x_wconf 89' lang='lat' dir='ltr'><strong>ab</strong></span> <span class='ocrx_word' id='word_1_294' title='bbox 649 2793 917 2849; x_wconf 70' lang='lat' dir='ltr'><strong>haereticis</strong></span> <span class='ocrx_word' id='word_1_295' title='bbox 945 2794 1263 2863; x_wconf 82' lang='lat' dir='ltr'><strong>baptizatos,</strong></span> <span class='ocrx_word' id='word_1_296' title='bbox 1295 2810 1416 2849; x_wconf 90' lang='lat' dir='ltr'><strong>cum</strong></span> <span class='ocrx_word' id='word_1_297' title='bbox 1450 2797 1586 2850; x_wconf 89' lang='lat' dir='ltr'><strong>intra</strong></span> <span class='ocrx_word' id='word_1_298' title='bbox 1613 2797 1864 2850; x_wconf 75' lang='lat' dir='ltr'><strong>Ecclesia:</strong></span> 
     </span>
    </p>
   </div>
   <div class='ocr_carea' id='block_1_45' title="bbox 279 2881 1864 2961">
    <p class='ocr_par' dir='ltr' id='par_1_45' title="bbox 279 2881 1864 2961">
     <span class='ocr_line' id='line_1_45' title="bbox 279 2881 1864 2961; baseline 0.004 -24"><span class='ocrx_word' id='word_1_299' title='bbox 279 2884 711 2938; x_wconf 87' lang='lat' dir='ltr'><strong>communionem</strong></span> <span class='ocrx_word' id='word_1_300' title='bbox 759 2881 884 2940; x_wconf 86' lang='lat' dir='ltr'><strong>sese</strong></span> <span class='ocrx_word' id='word_1_301' title='bbox 932 2887 1261 2957; x_wconf 88' lang='lat' dir='ltr'><strong>recipiebant</strong></span> <span class='ocrx_word' id='word_1_302' title='bbox 1312 2886 1426 2961; x_wconf 74' lang='lat'><strong>(5);</strong></span> <span class='ocrx_word' id='word_1_303' title='bbox 1484 2904 1604 2959; x_wconf 80' lang='lat' dir='ltr'><strong>qua:</strong></span> <span class='ocrx_word' id='word_1_304' title='bbox 1649 2890 1864 2959; x_wconf 89' lang='lat' dir='ltr'><strong>quidem</strong></span> 
     </span>
    </p>
   </div>
   <div class='ocr_carea' id='block_1_46' title="bbox 279 2978 1864 3036">
    <p class='ocr_par' dir='ltr' id='par_1_46' title="bbox 279 2978 1864 3036">
     <span class='ocr_line' id='line_1_46' title="bbox 279 2978 1864 3036; baseline 0.006 -10"><span class='ocrx_word' id='word_1_305' title='bbox 279 2978 458 3030; x_wconf 84' lang='lat' dir='ltr'><strong>omnia</strong></span> <span class='ocrx_word' id='word_1_306' title='bbox 516 2991 639 3030; x_wconf 92' lang='lat' dir='ltr'><strong>cum</strong></span> <span class='ocrx_word' id='word_1_307' title='bbox 689 2986 844 3031; x_wconf 83' lang='lat' dir='ltr'><strong>antea</strong></span> <span class='ocrx_word' id='word_1_308' title='bbox 903 2979 1210 3033; x_wconf 86' lang='lat' dir='ltr'><strong>mortalium</strong></span> <span class='ocrx_word' id='word_1_309' title='bbox 1263 2980 1462 3035; x_wconf 87' lang='lat' dir='ltr'><strong>nemini</strong></span> <span class='ocrx_word' id='word_1_310' title='bbox 1517 2981 1570 3034; x_wconf 93' lang='lat' dir='ltr'><strong>in</strong></span> <span class='ocrx_word' id='word_1_311' title='bbox 1630 2991 1864 3036; x_wconf 89' lang='lat' dir='ltr'><strong>mentem</strong></span> 
     </span>
    </p>
   </div>
   <div class='ocr_carea' id='block_1_47' title="bbox 280 3069 1862 3143">
    <p class='ocr_par' dir='ltr' id='par_1_47' title="bbox 280 3069 1862 3143">
     <span class='ocr_line' id='line_1_47' title="bbox 280 3069 1862 3143; baseline 0.003 -22"><span class='ocrx_word' id='word_1_312' title='bbox 280 3069 547 3137; x_wconf 77' lang='lat' dir='ltr'><strong>venerint,</strong></span> <span class='ocrx_word' id='word_1_313' title='bbox 581 3069 773 3124; x_wconf 85' lang='lat' dir='ltr'><strong>adduci</strong></span> <span class='ocrx_word' id='word_1_314' title='bbox 803 3069 1042 3140; x_wconf 85' lang='lat' dir='ltr'><strong>profecto</strong></span> <span class='ocrx_word' id='word_1_315' title='bbox 1071 3071 1407 3126; x_wconf 82' lang='lat' dir='ltr'><strong>debebantur</strong></span> <span class='ocrx_word' id='word_1_316' title='bbox 1457 3073 1522 3126; x_wconf 91' lang='lat' dir='ltr'><strong>ad</strong></span> <span class='ocrx_word' id='word_1_317' title='bbox 1566 3073 1695 3127; x_wconf 90' lang='lat' dir='ltr'><strong>illud</strong></span> <span class='ocrx_word' id='word_1_318' title='bbox 1739 3089 1862 3143; x_wconf 82' lang='lat' dir='ltr'><strong>pro-</strong></span> 
     </span>
    </p>
   </div>
   <div class='ocr_carea' id='block_1_48' title="bbox 280 3162 1863 3238">
    <p class='ocr_par' dir='ltr' id='par_1_48' title="bbox 280 3162 1863 3238">
     <span class='ocr_line' id='line_1_48' title="bbox 280 3162 1863 3238; baseline 0.004 -22"><span class='ocrx_word' id='word_1_319' title='bbox 280 3162 539 3230; x_wconf 89' lang='lat' dir='ltr'><strong>bandum,</strong></span> <span class='ocrx_word' id='word_1_320' title='bbox 590 3163 732 3233; x_wconf 88' lang='lat' dir='ltr'><strong>quod</strong></span> <span class='ocrx_word' id='word_1_321' title='bbox 761 3165 960 3218; x_wconf 90' lang='lat' dir='ltr'><strong>nullum</strong></span> <span class='ocrx_word' id='word_1_322' title='bbox 1011 3167 1061 3219; x_wconf 88' lang='lat' dir='ltr'><strong>in</strong></span> <span class='ocrx_word' id='word_1_323' title='bbox 1094 3168 1411 3236; x_wconf 87' lang='lat' dir='ltr'><strong>antiquitate</strong></span> <span class='ocrx_word' id='word_1_324' title='bbox 1445 3175 1549 3222; x_wconf 90' lang='lat' dir='ltr'><strong>tota</strong></span> <span class='ocrx_word' id='word_1_325' title='bbox 1583 3169 1863 3238; x_wconf 79' lang='lat' dir='ltr'><strong>vestigium</strong></span> 
     </span>
    </p>
   </div>
   <div class='ocr_carea' id='block_1_49' title="bbox 281 3254 1868 3327">
    <p class='ocr_par' dir='ltr' id='par_1_49' title="bbox 281 3254 1868 3327">
     <span class='ocr_line' id='line_1_49' title="bbox 281 3254 1868 3327; baseline 0.004 -19"><span class='ocrx_word' id='word_1_326' title='bbox 281 3254 534 3310; x_wconf 85' lang='lat' dir='ltr'><strong>habebat.</strong></span> <span class='ocrx_word' id='word_1_327' title='bbox 568 3255 692 3310; x_wconf 71' lang='lat' dir='ltr'><strong>Htec</strong></span> <span class='ocrx_word' id='word_1_328' title='bbox 737 3259 980 3326; x_wconf 82' lang='lat' dir='ltr'><strong>apposite</strong></span> <span class='ocrx_word' id='word_1_329' title='bbox 1023 3261 1275 3314; x_wconf 88' lang='lat' dir='ltr'><strong>neoterici</strong></span> <span class='ocrx_word' id='word_1_330' title='bbox 1335 3259 1527 3323; x_wconf 89' lang='lat' dir='ltr'><strong>nostri,</strong></span> <span class='ocrx_word' id='word_1_331' title='bbox 1557 3269 1615 3314; x_wconf 93' lang='lat' dir='ltr'><strong>ut</strong></span> <span class='ocrx_word' id='word_1_332' title='bbox 1647 3263 1868 3327; x_wconf 87' lang='lat' dir='ltr'><strong>petitutn</strong></span> 
     </span>
    </p>
   </div>
   <div class='ocr_carea' id='block_1_50' title="bbox 279 3346 1870 3425">
    <p class='ocr_par' dir='ltr' id='par_1_50' title="bbox 279 3346 1870 3425">
     <span class='ocr_line' id='line_1_50' title="bbox 279 3346 1870 3425; baseline 0.004 -23"><span class='ocrx_word' id='word_1_333' title='bbox 279 3347 424 3402; x_wconf 89' lang='lat' dir='ltr'><strong>istud</strong></span> <span class='ocrx_word' id='word_1_334' title='bbox 475 3363 505 3402; x_wconf 88' lang='lat' dir='ltr'><strong>a</strong></span> <span class='ocrx_word' id='word_1_335' title='bbox 549 3346 819 3420; x_wconf 85' lang='lat' dir='ltr'><strong>Cypriane</strong></span> <span class='ocrx_word' id='word_1_336' title='bbox 869 3361 1240 3421; x_wconf 83' lang='lat' dir='ltr'><strong>argumentum</strong></span> <span class='ocrx_word' id='word_1_337' title='bbox 1297 3353 1350 3407; x_wconf 90' lang='lat' dir='ltr'><strong>in</strong></span> <span class='ocrx_word' id='word_1_338' title='bbox 1383 3353 1870 3425; x_wconf 83' lang='lat' dir='ltr'><strong>Lutberanisjam-</strong></span> 
     </span>
    </p>
   </div>
   <div class='ocr_carea' id='block_1_51' title="bbox 280 3440 1872 3515">
    <p class='ocr_par' dir='ltr' id='par_1_51' title="bbox 280 3440 1872 3515">
     <span class='ocr_line' id='line_1_51' title="bbox 280 3440 1872 3515; baseline 0.006 -20"><span class='ocrx_word' id='word_1_339' title='bbox 280 3440 483 3496; x_wconf 90' lang='lat' dir='ltr'><strong>dudum</strong></span> <span class='ocrx_word' id='word_1_340' title='bbox 505 3442 852 3513; x_wconf 83' lang='lat' dir='ltr'><strong>proﬂigatum</strong></span> <span class='ocrx_word' id='word_1_341' title='bbox 875 3459 944 3500; x_wconf 75' lang='lat' dir='ltr'><strong>ex</strong></span> <span class='ocrx_word' id='word_1_342' title='bbox 974 3444 1074 3499; x_wconf 87' lang='lat' dir='ltr'><strong>hac</strong></span> <span class='ocrx_word' id='word_1_343' title='bbox 1103 3458 1252 3515; x_wconf 88' lang='lat' dir='ltr'><strong>parte</strong></span> <span class='ocrx_word' id='word_1_344' title='bbox 1278 3446 1614 3502; x_wconf 85' lang='lat' dir='ltr'><strong>suil‘ulcirent</strong></span> <span class='ocrx_word' id='word_1_345' title='bbox 1639 3464 1702 3504; x_wconf 89' lang='lat' dir='ltr'><strong>ac</strong></span> <span class='ocrx_word' id='word_1_346' title='bbox 1749 3464 1872 3504; x_wconf 81' lang='lat' dir='ltr'><strong>cor-</strong></span> 
     </span>
    </p>
   </div>
   <div class='ocr_carea' id='block_1_52' title="bbox 281 3533 623 3592">
    <p class='ocr_par' dir='ltr' id='par_1_52' title="bbox 281 3533 623 3592">
     <span class='ocr_line' id='line_1_52' title="bbox 281 3533 623 3592; baseline 0.009 -7"><span class='ocrx_word' id='word_1_347' title='bbox 281 3533 623 3592; x_wconf 86' lang='lat' dir='ltr'><strong>roborareut.</strong></span> 
     </span>
    </p>
   </div>
   <div class='ocr_carea' id='block_1_53' title="bbox 354 3624 1872 3701">
    <p class='ocr_par' dir='ltr' id='par_1_53' title="bbox 354 3624 1872 3701">
     <span class='ocr_line' id='line_1_53' title="bbox 354 3624 1872 3701; baseline 0.007 -21"><span class='ocrx_word' id='word_1_348' title='bbox 354 3624 438 3680; x_wconf 85' lang='lat' dir='ltr'><strong>Ad</strong></span> <span class='ocrx_word' id='word_1_349' title='bbox 466 3625 759 3681; x_wconf 88' lang='lat' dir='ltr'><strong>secundum</strong></span> <span class='ocrx_word' id='word_1_350' title='bbox 799 3643 927 3683; x_wconf 86' lang='lat' dir='ltr'><strong>vero</strong></span> <span class='ocrx_word' id='word_1_351' title='bbox 975 3629 1117 3698; x_wconf 92' lang='lat' dir='ltr'><strong>quod</strong></span> <span class='ocrx_word' id='word_1_352' title='bbox 1164 3639 1388 3700; x_wconf 89' lang='lat' dir='ltr'><strong>spectat,</strong></span> <span class='ocrx_word' id='word_1_353' title='bbox 1419 3647 1538 3701; x_wconf 69' lang='lat' dir='ltr'><strong>quae</strong></span> <span class='ocrx_word' id='word_1_354' title='bbox 1567 3647 1697 3700; x_wconf 88' lang='lat' dir='ltr'><strong>non,</strong></span> <span class='ocrx_word' id='word_1_355' title='bbox 1733 3625 1872 3690; x_wconf 88' lang='lat' dir='ltr'><strong>bene</strong></span> 
     </span>
    </p>
   </div>
   <div class='ocr_carea' id='block_1_54' title="bbox 288 3717 1870 3798">
    <p class='ocr_par' dir='ltr' id='par_1_54' title="bbox 288 3717 1870 3798">
     <span class='ocr_line' id='line_1_54' title="bbox 288 3717 1870 3798; baseline 0.008 -27"><span class='ocrx_word' id='word_1_356' title='bbox 288 3717 465 3773; x_wconf 83' lang='lat' dir='ltr'><strong>Densi</strong></span> <span class='ocrx_word' id='word_1_357' title='bbox 499 3719 575 3773; x_wconf 90' lang='lat' dir='ltr'><strong>illi</strong></span> <span class='ocrx_word' id='word_1_358' title='bbox 599 3719 866 3785; x_wconf 74' lang='lat' dir='ltr'><strong>dixerunt,</strong></span> <span class='ocrx_word' id='word_1_359' title='bbox 897 3738 1016 3791; x_wconf 78' lang='lat' dir='ltr'><strong>qua:</strong></span> <span class='ocrx_word' id='word_1_360' title='bbox 1039 3737 1143 3776; x_wconf 91' lang='lat' dir='ltr'><strong>non</strong></span> <span class='ocrx_word' id='word_1_361' title='bbox 1167 3725 1512 3779; x_wconf 86' lang='lat' dir='ltr'><strong>cumularunt</strong></span> <span class='ocrx_word' id='word_1_362' title='bbox 1538 3735 1591 3779; x_wconf 93' lang='lat' dir='ltr'><strong>ut</strong></span> <span class='ocrx_word' id='word_1_363' title='bbox 1614 3725 1870 3798; x_wconf 84' lang='lat' dir='ltr'><strong>Cypriani</strong></span> 
     </span>
    </p>
   </div>
   <div class='ocr_carea' id='block_1_55' title="bbox 280 3811 1871 3884">
    <p class='ocr_par' dir='ltr' id='par_1_55' title="bbox 280 3811 1871 3884">
     <span class='ocr_line' id='line_1_55' title="bbox 280 3811 1871 3884; baseline 0.007 -17"><span class='ocrx_word' id='word_1_364' title='bbox 280 3812 333 3867; x_wconf 92' lang='lat' dir='ltr'><strong>in</strong></span> <span class='ocrx_word' id='word_1_365' title='bbox 365 3811 700 3882; x_wconf 77' lang='lat' dir='ltr'><strong>Stephanum</strong></span> <span class='ocrx_word' id='word_1_366' title='bbox 731 3815 922 3884; x_wconf 83' lang='lat' dir='ltr'><strong>agendi</strong></span> <span class='ocrx_word' id='word_1_367' title='bbox 951 3818 1216 3871; x_wconf 86' lang='lat' dir='ltr'><strong>rationem</strong></span> <span class='ocrx_word' id='word_1_368' title='bbox 1250 3832 1354 3872; x_wconf 89' lang='lat' dir='ltr'><strong>non</strong></span> <span class='ocrx_word' id='word_1_369' title='bbox 1381 3820 1552 3873; x_wconf 85' lang='lat' dir='ltr'><strong>solum</strong></span> <span class='ocrx_word' id='word_1_370' title='bbox 1605 3822 1673 3874; x_wconf 89' lang='lat' dir='ltr'><strong>ab</strong></span> <span class='ocrx_word' id='word_1_371' title='bbox 1724 3823 1871 3878; x_wconf 81' lang='lat' dir='ltr'><strong>muni</strong></span> 
     </span>
    </p>
   </div>
   <div class='ocr_carea' id='block_1_56' title="bbox 280 3905 1870 3983">
    <p class='ocr_par' dir='ltr' id='par_1_56' title="bbox 280 3905 1870 3983">
     <span class='ocr_line' id='line_1_56' title="bbox 280 3905 1870 3983; baseline 0.007 -24"><span class='ocrx_word' id='word_1_372' title='bbox 280 3914 431 3965; x_wconf 85' lang='lat' dir='ltr'><strong>reatu</strong></span> <span class='ocrx_word' id='word_1_373' title='bbox 464 3905 778 3974; x_wconf 90' lang='lat' dir='ltr'><strong>immunem,</strong></span> <span class='ocrx_word' id='word_1_374' title='bbox 804 3908 897 3962; x_wconf 87' lang='lat' dir='ltr'><strong>sed</strong></span> <span class='ocrx_word' id='word_1_375' title='bbox 915 3920 967 3963; x_wconf 87' lang='lat' dir='ltr'><strong>et</strong></span> <span class='ocrx_word' id='word_1_376' title='bbox 993 3909 1269 3964; x_wconf 87' lang='lat' dir='ltr'><strong>charitatis</strong></span> <span class='ocrx_word' id='word_1_377' title='bbox 1290 3920 1345 3966; x_wconf 90' lang='lat' dir='ltr'><strong>et</strong></span> <span class='ocrx_word' id='word_1_378' title='bbox 1371 3913 1638 3981; x_wconf 69' lang='lat' dir='ltr'><strong>aequitatis</strong></span> <span class='ocrx_word' id='word_1_379' title='bbox 1659 3913 1870 3983; x_wconf 86' lang='lat' dir='ltr'><strong>plenam</strong></span> 
     </span>
    </p>
   </div>
   <div class='ocr_carea' id='block_1_57' title="bbox 280 3998 1872 4075">
    <p class='ocr_par' dir='ltr' id='par_1_57' title="bbox 280 3998 1872 4075">
     <span class='ocr_line' id='line_1_57' title="bbox 280 3998 1872 4075; baseline 0.006 -23"><span class='ocrx_word' id='word_1_380' title='bbox 280 4013 344 4053; x_wconf 87' lang='lat' dir='ltr'><strong>ae</strong></span> <span class='ocrx_word' id='word_1_381' title='bbox 363 3998 547 4054; x_wconf 89' lang='lat' dir='ltr'><strong>anitno</strong></span> <span class='ocrx_word' id='word_1_382' title='bbox 583 4001 872 4070; x_wconf 87' lang='lat' dir='ltr'><strong>episc0pali</strong></span> <span class='ocrx_word' id='word_1_383' title='bbox 906 4011 959 4054; x_wconf 90' lang='lat' dir='ltr'><strong>et</strong></span> <span class='ocrx_word' id='word_1_384' title='bbox 987 4003 1287 4070; x_wconf 88' lang='lat' dir='ltr'><strong>apostolico</strong></span> <span class='ocrx_word' id='word_1_385' title='bbox 1311 4019 1435 4059; x_wconf 82' lang='lat' dir='ltr'><strong>vere</strong></span> <span class='ocrx_word' id='word_1_386' title='bbox 1473 4003 1689 4075; x_wconf 82' lang='lat' dir='ltr'><strong>dignam</strong></span> <span class='ocrx_word' id='word_1_387' title='bbox 1718 4007 1872 4063; x_wconf 90' lang='lat' dir='ltr'><strong>nobis</strong></span> 
     </span>
    </p>
   </div>
   <div class='ocr_carea' id='block_1_58' title="bbox 280 4091 1872 4166">
    <p class='ocr_par' dir='ltr' id='par_1_58' title="bbox 280 4091 1872 4166">
     <span class='ocr_line' id='line_1_58' title="bbox 280 4091 1872 4166; baseline 0.005 -20"><span class='ocrx_word' id='word_1_388' title='bbox 280 4091 634 4147; x_wconf 83' lang='lat' dir='ltr'><strong>ostenderent</strong></span> <span class='ocrx_word' id='word_1_389' title='bbox 660 4107 724 4147; x_wconf 90' lang='lat' dir='ltr'><strong>ac</strong></span> <span class='ocrx_word' id='word_1_390' title='bbox 748 4093 1070 4148; x_wconf 84' lang='lat' dir='ltr'><strong>suaderent?</strong></span> <span class='ocrx_word' id='word_1_391' title='bbox 1098 4095 1224 4151; x_wconf 65' lang='lat' dir='ltr'><strong>Hinc</strong></span> <span class='ocrx_word' id='word_1_392' title='bbox 1253 4096 1354 4150; x_wconf 86' lang='lat' dir='ltr'><strong>nisi</strong></span> <span class='ocrx_word' id='word_1_393' title='bbox 1398 4097 1723 4166; x_wconf 77' lang='lat' dir='ltr'><strong>legerentur,</strong></span> <span class='ocrx_word' id='word_1_394' title='bbox 1751 4099 1872 4166; x_wconf 84' lang='lat' dir='ltr'><strong>quis</strong></span> 
     </span>
    </p>
   </div>
   <div class='ocr_carea' id='block_1_59' title="bbox 287 4184 1872 4260">
    <p class='ocr_par' dir='ltr' id='par_1_59' title="bbox 287 4184 1872 4260">
     <span class='ocr_line' id='line_1_59' title="bbox 287 4184 1872 4260; baseline 0.004 -20"><span class='ocrx_word' id='word_1_395' title='bbox 287 4184 492 4253; x_wconf 83' lang='lat' dir='ltr'><strong>uspiam</strong></span> <span class='ocrx_word' id='word_1_396' title='bbox 519 4184 836 4253; x_wconf 85' lang='lat' dir='ltr'><strong>catholicus,</strong></span> <span class='ocrx_word' id='word_1_397' title='bbox 859 4188 979 4256; x_wconf 89' lang='lat' dir='ltr'><strong>quis</strong></span> <span class='ocrx_word' id='word_1_398' title='bbox 1001 4203 1164 4242; x_wconf 87' lang='lat' dir='ltr'><strong>sanus</strong></span> <span class='ocrx_word' id='word_1_399' title='bbox 1190 4189 1410 4244; x_wconf 90' lang='lat' dir='ltr'><strong>credere</strong></span> <span class='ocrx_word' id='word_1_400' title='bbox 1429 4191 1731 4260; x_wconf 86' lang='lat' dir='ltr'><strong>potuisset?</strong></span> <span class='ocrx_word' id='word_1_401' title='bbox 1754 4192 1872 4246; x_wconf 80' lang='lat' dir='ltr'><strong>Sta-</strong></span> 
     </span>
    </p>
   </div>
   <div class='ocr_carea' id='block_1_60' title="bbox 284 4279 1871 4347">
    <p class='ocr_par' dir='ltr' id='par_1_60' title="bbox 284 4279 1871 4347">
     <span class='ocr_line' id='line_1_60' title="bbox 284 4279 1871 4347; baseline 0.004 -15"><span class='ocrx_word' id='word_1_402' title='bbox 284 4279 380 4334; x_wconf 90' lang='lat' dir='ltr'><strong>tim</strong></span> <span class='ocrx_word' id='word_1_403' title='bbox 410 4293 516 4347; x_wconf 92' lang='lat' dir='ltr'><strong>quo</strong></span> <span class='ocrx_word' id='word_1_404' title='bbox 540 4279 796 4334; x_wconf 86' lang='lat' dir='ltr'><strong>lectorem</strong></span> <span class='ocrx_word' id='word_1_405' title='bbox 820 4281 1028 4336; x_wconf 84' lang='lat' dir='ltr'><strong>animos</strong></span> <span class='ocrx_word' id='word_1_406' title='bbox 1069 4282 1167 4335; x_wconf 86' lang='lat' dir='ltr'><strong>sibi</strong></span> <span class='ocrx_word' id='word_1_407' title='bbox 1212 4283 1582 4346; x_wconf 87' lang='lat' dir='ltr'><strong>conciliarent,</strong></span> <span class='ocrx_word' id='word_1_408' title='bbox 1617 4299 1716 4339; x_wconf 89' lang='lat' dir='ltr'><strong>nec</strong></span> <span class='ocrx_word' id='word_1_409' title='bbox 1763 4299 1871 4339; x_wconf 92' lang='lat' dir='ltr'><strong>non</strong></span> 
     </span>
    </p>
   </div>
   <div class='ocr_carea' id='block_1_61' title="bbox 279 4369 1872 4446">
    <p class='ocr_par' dir='ltr' id='par_1_61' title="bbox 279 4369 1872 4446">
     <span class='ocr_line' id='line_1_61' title="bbox 279 4369 1872 4446; baseline 0.004 -20"><span class='ocrx_word' id='word_1_410' title='bbox 279 4369 350 4426; x_wconf 87' lang='lat' dir='ltr'><strong>ad</strong></span> <span class='ocrx_word' id='word_1_411' title='bbox 379 4385 440 4425; x_wconf 87' lang='lat' dir='ltr'><strong>ea</strong></span> <span class='ocrx_word' id='word_1_412' title='bbox 470 4385 585 4440; x_wconf 65' lang='lat' dir='ltr'><strong>qua:</strong></span> <span class='ocrx_word' id='word_1_413' title='bbox 616 4388 712 4442; x_wconf 89' lang='lat' dir='ltr'><strong>pro</strong></span> <span class='ocrx_word' id='word_1_414' title='bbox 735 4371 992 4444; x_wconf 87' lang='lat' dir='ltr'><strong>Cypriani</strong></span> <span class='ocrx_word' id='word_1_415' title='bbox 1043 4373 1362 4430; x_wconf 82' lang='lat' dir='ltr'><strong>defensione</strong></span> <span class='ocrx_word' id='word_1_416' title='bbox 1407 4376 1672 4446; x_wconf 87' lang='lat' dir='ltr'><strong>prolaturi</strong></span> <span class='ocrx_word' id='word_1_417' title='bbox 1718 4388 1872 4432; x_wconf 89' lang='lat' dir='ltr'><strong>erant</strong></span> 
     </span>
    </p>
   </div>
   <div class='ocr_carea' id='block_1_62' title="bbox 353 4503 1871 4578">
    <p class='ocr_par' dir='ltr' id='par_1_62' title="bbox 353 4503 1871 4578">
     <span class='ocr_line' id='line_1_62' title="bbox 353 4503 1871 4578; baseline 0.005 -19"><span class='ocrx_word' id='word_1_418' title='bbox 353 4503 424 4578; x_wconf 83' lang='lat' dir='ltr'><strong>(l</strong></span> <span class='ocrx_word' id='word_1_419' title='bbox 453 4505 473 4576; x_wconf 95' lang='lat'>)</span> <span class='ocrx_word' id='word_1_420' title='bbox 504 4504 651 4560; x_wconf 80' lang='lat' dir='ltr'><strong>Felix</strong></span> <span class='ocrx_word' id='word_1_421' title='bbox 682 4506 1013 4576; x_wconf 83' lang='lat' dir='ltr'><strong>Deschamps</strong></span> <span class='ocrx_word' id='word_1_422' title='bbox 1052 4509 1106 4561; x_wconf 93' lang='lat' dir='ltr'><strong>in</strong></span> <span class='ocrx_word' id='word_1_423' title='bbox 1137 4525 1228 4562; x_wconf 86' lang='lat' dir='ltr'><strong>sua</strong></span> <span class='ocrx_word' id='word_1_424' title='bbox 1257 4507 1323 4562; x_wconf 89' lang='lat' dir='ltr'><strong>de</strong></span> <span class='ocrx_word' id='word_1_425' title='bbox 1369 4524 1581 4562; x_wconf 89' lang='lat' dir='ltr'><strong>summo</strong></span> <span class='ocrx_word' id='word_1_426' title='bbox 1613 4509 1871 4566; x_wconf 87' lang='lat' dir='ltr'><strong>Pontilice</strong></span> 
     </span>
    </p>
   </div>
   <div class='ocr_carea' id='block_1_63' title="bbox 1969 1856 3566 1929">
    <p class='ocr_par' dir='ltr' id='par_1_63' title="bbox 1969 1856 3566 1929">
     <span class='ocr_line' id='line_1_63' title="bbox 1969 1856 3566 1929; baseline -0.007 -8"><span class='ocrx_word' id='word_1_427' title='bbox 1969 1865 2169 1921; x_wconf 87' lang='lat' dir='ltr'><strong>siarum</strong></span> <span class='ocrx_word' id='word_1_428' title='bbox 2201 1865 2590 1927; x_wconf 85' lang='lat' dir='ltr'><strong>dedicationes,</strong></span> <span class='ocrx_word' id='word_1_429' title='bbox 2622 1877 2719 1917; x_wconf 93' lang='lat' dir='ltr'><strong>nec</strong></span> <span class='ocrx_word' id='word_1_430' title='bbox 2747 1862 3001 1915; x_wconf 88' lang='lat' dir='ltr'><strong>omissum</strong></span> <span class='ocrx_word' id='word_1_431' title='bbox 3035 1859 3174 1929; x_wconf 88' lang='lat' dir='ltr'><strong>quod</strong></span> <span class='ocrx_word' id='word_1_432' title='bbox 3203 1859 3270 1912; x_wconf 89' lang='lat' dir='ltr'><strong>ab</strong></span> <span class='ocrx_word' id='word_1_433' title='bbox 3303 1856 3566 1925; x_wconf 85' lang='lat' dir='ltr'><strong>aliquibus</strong></span> 
     </span>
    </p>
   </div>
   <div class='ocr_carea' id='block_1_64' title="bbox 1969 1950 3567 2031">
    <p class='ocr_par' dir='ltr' id='par_1_64' title="bbox 1969 1950 3567 2031">
     <span class='ocr_line' id='line_1_64' title="bbox 1969 1950 3567 2031; baseline -0.008 -15"><span class='ocrx_word' id='word_1_434' title='bbox 1969 1962 2022 2016; x_wconf 92' lang='lat' dir='ltr'><strong>in</strong></span> <span class='ocrx_word' id='word_1_435' title='bbox 2052 1962 2109 2016; x_wconf 83' lang='grc'><strong>8.</strong></span> <span class='ocrx_word' id='word_1_436' title='bbox 2155 1958 2407 2031; x_wconf 90' lang='lat' dir='ltr'><strong>Cypriani</strong></span> <span class='ocrx_word' id='word_1_437' title='bbox 2433 1957 2610 2028; x_wconf 82' lang='lat' dir='ltr'><strong>vigilia</strong></span> <span class='ocrx_word' id='word_1_438' title='bbox 2637 1955 2897 2027; x_wconf 82' lang='lat' dir='ltr'><strong>jejunium</strong></span> <span class='ocrx_word' id='word_1_439' title='bbox 2947 1963 3120 2008; x_wconf 89' lang='lat' dir='ltr'><strong>actum</strong></span> <span class='ocrx_word' id='word_1_440' title='bbox 3170 1952 3332 2006; x_wconf 82' lang='lat' dir='ltr'><strong>fuerit</strong></span> <span class='ocrx_word' id='word_1_441' title='bbox 3361 1950 3462 2022; x_wconf 74' lang='grc'><strong>(4),</strong></span> <span class='ocrx_word' id='word_1_442' title='bbox 3511 1955 3567 2004; x_wconf 88' lang='lat' dir='ltr'><strong>et</strong></span> 
     </span>
    </p>
   </div>
   <div class='ocr_carea' id='block_1_65' title="bbox 1969 2045 3563 2124">
    <p class='ocr_par' dir='ltr' id='par_1_65' title="bbox 1969 2045 3563 2124">
     <span class='ocr_line' id='line_1_65' title="bbox 1969 2045 3563 2124; baseline -0.008 -15"><span class='ocrx_word' id='word_1_443' title='bbox 1969 2055 2120 2124; x_wconf 89' lang='lat' dir='ltr'><strong>quasi</strong></span> <span class='ocrx_word' id='word_1_444' title='bbox 2137 2061 2280 2109; x_wconf 88' lang='lat' dir='ltr'><strong>tanta</strong></span> <span class='ocrx_word' id='word_1_445' title='bbox 2307 2059 2650 2109; x_wconf 88' lang='lat' dir='ltr'><strong>monumenta</strong></span> <span class='ocrx_word' id='word_1_446' title='bbox 2675 2049 2924 2122; x_wconf 85' lang='lat' dir='ltr'><strong>Cypriani</strong></span> <span class='ocrx_word' id='word_1_447' title='bbox 2947 2045 3370 2118; x_wconf 83' lang='lat' dir='ltr'><strong>magnitudinem</strong></span> <span class='ocrx_word' id='word_1_448' title='bbox 3400 2051 3563 2112; x_wconf 87' lang='lat' dir='ltr'><strong>atque</strong></span> 
     </span>
    </p>
   </div>
   <div class='ocr_carea' id='block_1_66' title="bbox 1969 2135 3563 2216">
    <p class='ocr_par' dir='ltr' id='par_1_66' title="bbox 1969 2135 3563 2216">
     <span class='ocr_line' id='line_1_66' title="bbox 1969 2135 3563 2216; baseline -0.011 -10"><span class='ocrx_word' id='word_1_449' title='bbox 1969 2149 2342 2206; x_wconf 80' lang='lat' dir='ltr'><strong>excellentiam</strong></span> <span class='ocrx_word' id='word_1_450' title='bbox 2374 2155 2563 2213; x_wconf 88' lang='lat' dir='ltr'><strong>totam,</strong></span> <span class='ocrx_word' id='word_1_451' title='bbox 2597 2157 2790 2216; x_wconf 86' lang='lat' dir='ltr'><strong>quanta</strong></span> <span class='ocrx_word' id='word_1_452' title='bbox 2825 2141 2921 2197; x_wconf 86' lang='lat' dir='ltr'><strong>luit</strong></span> <span class='ocrx_word' id='word_1_453' title='bbox 2951 2143 3171 2196; x_wconf 91' lang='lat' dir='ltr'><strong>minime</strong></span> <span class='ocrx_word' id='word_1_454' title='bbox 3209 2139 3341 2193; x_wconf 88' lang='lat' dir='ltr'><strong>satis</strong></span> <span class='ocrx_word' id='word_1_455' title='bbox 3370 2135 3563 2190; x_wconf 86' lang='lat' dir='ltr'><strong>adum-</strong></span> 
     </span>
    </p>
   </div>
   <div class='ocr_carea' id='block_1_67' title="bbox 1971 2229 3559 2315">
    <p class='ocr_par' dir='ltr' id='par_1_67' title="bbox 1971 2229 3559 2315">
     <span class='ocr_line' id='line_1_67' title="bbox 1971 2229 3559 2315; baseline -0.011 -15"><span class='ocrx_word' id='word_1_456' title='bbox 1971 2246 2190 2300; x_wconf 87' lang='lat' dir='ltr'><strong>brarent</strong></span> <span class='ocrx_word' id='word_1_457' title='bbox 2213 2259 2276 2299; x_wconf 87' lang='lat' dir='ltr'><strong>ac</strong></span> <span class='ocrx_word' id='word_1_458' title='bbox 2303 2242 2611 2314; x_wconf 89' lang='lat' dir='ltr'><strong>proderent,</strong></span> <span class='ocrx_word' id='word_1_459' title='bbox 2645 2245 2720 2294; x_wconf 89' lang='lat' dir='ltr'><strong>tot</strong></span> <span class='ocrx_word' id='word_1_460' title='bbox 2749 2240 2896 2293; x_wconf 92' lang='lat' dir='ltr'><strong>illum</strong></span> <span class='ocrx_word' id='word_1_461' title='bbox 2923 2234 3248 2301; x_wconf 89' lang='lat' dir='ltr'><strong>nominibus,</strong></span> <span class='ocrx_word' id='word_1_462' title='bbox 3278 2229 3559 2315; x_wconf 84' lang='lat' dir='ltr'><strong>encomiis,</strong></span> 
     </span>
    </p>
   </div>
   <div class='ocr_carea' id='block_1_68' title="bbox 1971 2319 3567 2407">
    <p class='ocr_par' dir='ltr' id='par_1_68' title="bbox 1971 2319 3567 2407">
     <span class='ocr_line' id='line_1_68' title="bbox 1971 2319 3567 2407; baseline -0.01 -12"><span class='ocrx_word' id='word_1_463' title='bbox 1971 2337 2215 2395; x_wconf 89' lang='lat' dir='ltr'><strong>laudibus</strong></span> <span class='ocrx_word' id='word_1_464' title='bbox 2241 2319 2441 2407; x_wconf 90' lang='lat' dir='ltr'><strong>absque</strong></span> <span class='ocrx_word' id='word_1_465' title='bbox 2469 2347 2720 2390; x_wconf 86' lang='lat' dir='ltr'><strong>mensura</strong></span> <span class='ocrx_word' id='word_1_466' title='bbox 2751 2341 2805 2388; x_wconf 92' lang='lat' dir='ltr'><strong>et</strong></span> <span class='ocrx_word' id='word_1_467' title='bbox 2835 2343 3060 2385; x_wconf 90' lang='lat' dir='ltr'><strong>numero</strong></span> <span class='ocrx_word' id='word_1_468' title='bbox 3108 2325 3406 2391; x_wconf 88' lang='lat' dir='ltr'><strong>cumulant,</strong></span> <span class='ocrx_word' id='word_1_469' title='bbox 3436 2338 3567 2380; x_wconf 89' lang='lat' dir='ltr'><strong>one-</strong></span> 
     </span>
    </p>
   </div>
   <div class='ocr_carea' id='block_1_69' title="bbox 1971 2424 3137 2505">
    <p class='ocr_par' dir='ltr' id='par_1_69' title="bbox 1971 2424 3137 2505">
     <span class='ocr_line' id='line_1_69' title="bbox 1971 2424 3137 2505; baseline -0.009 -15"><span class='ocrx_word' id='word_1_470' title='bbox 1971 2443 2196 2505; x_wconf 87' lang='lat' dir='ltr'><strong>rantque</strong></span> <span class='ocrx_word' id='word_1_471' title='bbox 2220 2441 2276 2487; x_wconf 92' lang='lat' dir='ltr'><strong>ut</strong></span> <span class='ocrx_word' id='word_1_472' title='bbox 2309 2435 2400 2486; x_wconf 76' lang='lat' dir='ltr'><strong>vix</strong></span> <span class='ocrx_word' id='word_1_473' title='bbox 2433 2431 2707 2485; x_wconf 90' lang='lat' dir='ltr'><strong>hominem</strong></span> <span class='ocrx_word' id='word_1_474' title='bbox 2733 2426 2898 2482; x_wconf 82' lang='lat' dir='ltr'><strong>fuisse</strong></span> <span class='ocrx_word' id='word_1_475' title='bbox 2927 2424 3137 2480; x_wconf 89' lang='lat' dir='ltr'><strong>credas.</strong></span> 
     </span>
    </p>
   </div>
   <div class='ocr_carea' id='block_1_70' title="bbox 2041 2514 3563 2592">
    <p class='ocr_par' dir='ltr' id='par_1_70' title="bbox 2041 2514 3563 2592">
     <span class='ocr_line' id='line_1_70' title="bbox 2041 2514 3563 2592; baseline -0.005 -11"><span class='ocrx_word' id='word_1_476' title='bbox 2041 2527 2195 2581; x_wconf 75' lang='lat' dir='ltr'><strong>Absit</strong></span> <span class='ocrx_word' id='word_1_477' title='bbox 2235 2538 2291 2580; x_wconf 89' lang='lat' dir='ltr'><strong>ut</strong></span> <span class='ocrx_word' id='word_1_478' title='bbox 2329 2523 2574 2578; x_wconf 73' lang='lat' dir='ltr'><strong>maximis</strong></span> <span class='ocrx_word' id='word_1_479' title='bbox 2625 2522 2875 2592; x_wconf 84' lang='lat' dir='ltr'><strong>Cypriani</strong></span> <span class='ocrx_word' id='word_1_480' title='bbox 2929 2521 3158 2579; x_wconf 90' lang='lat' dir='ltr'><strong>meritis.</strong></span> <span class='ocrx_word' id='word_1_481' title='bbox 3190 2533 3253 2573; x_wconf 87' lang='lat' dir='ltr'><strong>ac</strong></span> <span class='ocrx_word' id='word_1_482' title='bbox 3301 2514 3563 2586; x_wconf 79' lang='lat' dir='ltr'><strong>singulari</strong></span> 
     </span>
    </p>
   </div>
   <div class='ocr_carea' id='block_1_71' title="bbox 1969 2609 3565 2690">
    <p class='ocr_par' dir='ltr' id='par_1_71' title="bbox 1969 2609 3565 2690">
     <span class='ocr_line' id='line_1_71' title="bbox 1969 2609 3565 2690; baseline -0.004 -20"><span class='ocrx_word' id='word_1_483' title='bbox 1969 2635 2131 2690; x_wconf 87' lang='lat' dir='ltr'><strong>quam</strong></span> <span class='ocrx_word' id='word_1_484' title='bbox 2160 2618 2298 2689; x_wconf 90' lang='lat' dir='ltr'><strong>apud</strong></span> <span class='ocrx_word' id='word_1_485' title='bbox 2328 2631 2516 2672; x_wconf 92' lang='lat' dir='ltr'><strong>omnes</strong></span> <span class='ocrx_word' id='word_1_486' title='bbox 2564 2615 2687 2686; x_wconf 84' lang='lat' dir='ltr'><strong>jure</strong></span> <span class='ocrx_word' id='word_1_487' title='bbox 2738 2613 2974 2667; x_wconf 87' lang='lat' dir='ltr'><strong>obtinuit</strong></span> <span class='ocrx_word' id='word_1_488' title='bbox 3012 2610 3368 2676; x_wconf 88' lang='lat' dir='ltr'><strong>venerationi,</strong></span> <span class='ocrx_word' id='word_1_489' title='bbox 3404 2609 3565 2681; x_wconf 87' lang='lat' dir='ltr'><strong>quid-</strong></span> 
     </span>
    </p>
   </div>
   <div class='ocr_carea' id='block_1_72' title="bbox 1970 2707 3564 2783">
    <p class='ocr_par' dir='ltr' id='par_1_72' title="bbox 1970 2707 3564 2783">
     <span class='ocr_line' id='line_1_72' title="bbox 1970 2707 3564 2783; baseline -0.007 -16"><span class='ocrx_word' id='word_1_490' title='bbox 1970 2725 2130 2783; x_wconf 87' lang='lat' dir='ltr'><strong>quam</strong></span> <span class='ocrx_word' id='word_1_491' title='bbox 2166 2713 2468 2768; x_wconf 88' lang='lat' dir='ltr'><strong>detractnm</strong></span> <span class='ocrx_word' id='word_1_492' title='bbox 2495 2710 2741 2764; x_wconf 75' lang='lat' dir='ltr'><strong>velimus.</strong></span> <span class='ocrx_word' id='word_1_493' title='bbox 2775 2707 2940 2761; x_wconf 81' lang='lat' dir='ltr'><strong>Nobis</strong></span> <span class='ocrx_word' id='word_1_494' title='bbox 2967 2717 3144 2760; x_wconf 85' lang='lat' dir='ltr'><strong>tamen</strong></span> <span class='ocrx_word' id='word_1_495' title='bbox 3197 2711 3411 2759; x_wconf 88' lang='lat' dir='ltr'><strong>constat</strong></span> <span class='ocrx_word' id='word_1_496' title='bbox 3459 2717 3564 2756; x_wconf 90' lang='lat' dir='ltr'><strong>non</strong></span> 
     </span>
    </p>
   </div>
   <div class='ocr_carea' id='block_1_73' title="bbox 1971 2796 3565 2877">
    <p class='ocr_par' dir='ltr' id='par_1_73' title="bbox 1971 2796 3565 2877">
     <span class='ocr_line' id='line_1_73' title="bbox 1971 2796 3565 2877; baseline -0.007 -16"><span class='ocrx_word' id='word_1_497' title='bbox 1971 2821 2171 2877; x_wconf 87' lang='lat' dir='ltr'><strong>paucos</strong></span> <span class='ocrx_word' id='word_1_498' title='bbox 2201 2819 2380 2860; x_wconf 91' lang='lat' dir='ltr'><strong>rerum</strong></span> <span class='ocrx_word' id='word_1_499' title='bbox 2434 2817 2618 2870; x_wconf 85' lang='lat' dir='ltr'><strong>:eqnos</strong></span> <span class='ocrx_word' id='word_1_500' title='bbox 2648 2804 3007 2856; x_wconf 67' lang='lat' dir='ltr'><strong>mStimatores</strong></span> <span class='ocrx_word' id='word_1_501' title='bbox 3051 2807 3129 2853; x_wconf 92' lang='lat' dir='ltr'><strong>tot</strong></span> <span class='ocrx_word' id='word_1_502' title='bbox 3156 2796 3208 2852; x_wconf 90' lang='lat' dir='ltr'><strong>in</strong></span> <span class='ocrx_word' id='word_1_503' title='bbox 3240 2796 3565 2869; x_wconf 82' lang='lat' dir='ltr'><strong>Cyprianum</strong></span> 
     </span>
    </p>
   </div>
   <div class='ocr_carea' id='block_1_74' title="bbox 1970 2891 3566 2960">
    <p class='ocr_par' dir='ltr' id='par_1_74' title="bbox 1970 2891 3566 2960">
     <span class='ocr_line' id='line_1_74' title="bbox 1970 2891 3566 2960; baseline -0.008 -5"><span class='ocrx_word' id='word_1_504' title='bbox 1970 2901 2169 2956; x_wconf 66' lang='lat' dir='ltr'><strong>eﬁ’nsas</strong></span> <span class='ocrx_word' id='word_1_505' title='bbox 2193 2901 2312 2954; x_wconf 87' lang='lat' dir='ltr'><strong>sine</strong></span> <span class='ocrx_word' id='word_1_506' title='bbox 2340 2897 2551 2953; x_wconf 87' lang='lat' dir='ltr'><strong>delectu</strong></span> <span class='ocrx_word' id='word_1_507' title='bbox 2581 2893 2769 2949; x_wconf 89' lang='lat' dir='ltr'><strong>laudes</strong></span> <span class='ocrx_word' id='word_1_508' title='bbox 2802 2891 2942 2948; x_wconf 80' lang='lat' dir='ltr'><strong>ferre</strong></span> <span class='ocrx_word' id='word_1_509' title='bbox 2971 2907 3074 2946; x_wconf 93' lang='lat' dir='ltr'><strong>non</strong></span> <span class='ocrx_word' id='word_1_510' title='bbox 3126 2906 3305 2960; x_wconf 90' lang='lat' dir='ltr'><strong>posse,</strong></span> <span class='ocrx_word' id='word_1_511' title='bbox 3356 2905 3461 2942; x_wconf 90' lang='lat' dir='ltr'><strong>non</strong></span> <span class='ocrx_word' id='word_1_512' title='bbox 3504 2903 3566 2942; x_wconf 88' lang='lat' dir='ltr'><strong>ea</strong></span> 
     </span>
    </p>
   </div>
   <div class='ocr_carea' id='block_1_75' title="bbox 1971 2985 3566 3061">
    <p class='ocr_par' dir='ltr' id='par_1_75' title="bbox 1971 2985 3566 3061">
     <span class='ocr_line' id='line_1_75' title="bbox 1971 2985 3566 3061; baseline -0.009 -11"><span class='ocrx_word' id='word_1_513' title='bbox 1971 2996 2145 3050; x_wconf 90' lang='lat' dir='ltr'><strong>solum</strong></span> <span class='ocrx_word' id='word_1_514' title='bbox 2174 2994 2242 3049; x_wconf 91' lang='lat' dir='ltr'><strong>de</strong></span> <span class='ocrx_word' id='word_1_515' title='bbox 2270 3007 2428 3048; x_wconf 89' lang='lat' dir='ltr'><strong>causa</strong></span> <span class='ocrx_word' id='word_1_516' title='bbox 2460 2987 2604 3061; x_wconf 89' lang='lat' dir='ltr'><strong>quod</strong></span> <span class='ocrx_word' id='word_1_517' title='bbox 2634 2990 2810 3043; x_wconf 73' lang='lat' dir='ltr'><strong>nimize</strong></span> <span class='ocrx_word' id='word_1_518' title='bbox 2839 2988 3021 3042; x_wconf 86' lang='lat' dir='ltr'><strong>laudes</strong></span> <span class='ocrx_word' id='word_1_519' title='bbox 3049 2995 3242 3040; x_wconf 80' lang='lat' dir='ltr'><strong>vexant</strong></span> <span class='ocrx_word' id='word_1_520' title='bbox 3272 2985 3566 3051; x_wconf 87' lang='lat' dir='ltr'><strong>modestos,</strong></span> 
     </span>
    </p>
   </div>
   <div class='ocr_carea' id='block_1_76' title="bbox 1971 3065 3567 3161">
    <p class='ocr_par' dir='ltr' id='par_1_76' title="bbox 1971 3065 3567 3161">
     <span class='ocr_line' id='line_1_76' title="bbox 1971 3065 3567 3161; baseline -0.008 -16"><span class='ocrx_word' id='word_1_521' title='bbox 1971 3091 2066 3146; x_wconf 89' lang='lat' dir='ltr'><strong>sed</strong></span> <span class='ocrx_word' id='word_1_522' title='bbox 2093 3089 2216 3161; x_wconf 86' lang='lat' dir='ltr'><strong>quia</strong></span> <span class='ocrx_word' id='word_1_523' title='bbox 2241 3091 2356 3142; x_wconf 90' lang='lat' dir='ltr'><strong>laus</strong></span> <span class='ocrx_word' id='word_1_524' title='bbox 2386 3087 2561 3141; x_wconf 88' lang='lat' dir='ltr'><strong>omnis</strong></span> <span class='ocrx_word' id='word_1_525' title='bbox 2589 3065 2931 3156; x_wconf 77' lang='lat' dir='ltr'><strong>hyperbolice</strong></span> <span class='ocrx_word' id='word_1_526' title='bbox 2955 3079 3134 3136; x_wconf 90' lang='lat' dir='ltr'><strong>odium</strong></span> <span class='ocrx_word' id='word_1_527' title='bbox 3158 3080 3347 3150; x_wconf 89' lang='lat' dir='ltr'><strong>primo,</strong></span> <span class='ocrx_word' id='word_1_528' title='bbox 3372 3073 3567 3133; x_wconf 84' lang='lat' dir='ltr'><strong>deinde</strong></span> 
     </span>
    </p>
   </div>
   <div class='ocr_carea' id='block_1_77' title="bbox 1895 3171 3564 3252">
    <p class='ocr_par' dir='ltr' id='par_1_77' title="bbox 1895 3171 3564 3252">
     <span class='ocr_line' id='line_1_77' title="bbox 1895 3171 3564 3252; baseline -0.007 -14"><span class='ocrx_word' id='word_1_529' title='bbox 1895 3189 1940 3252; x_wconf 73' lang='grc' dir='ltr'><strong>ρ</strong></span> <span class='ocrx_word' id='word_1_530' title='bbox 1973 3187 2337 3252; x_wconf 83' lang='lat' dir='ltr'><strong>contemplatu</strong></span> <span class='ocrx_word' id='word_1_531' title='bbox 2369 3181 2521 3249; x_wconf 88' lang='lat' dir='ltr'><strong>parit.</strong></span> <span class='ocrx_word' id='word_1_532' title='bbox 2544 3177 2639 3232; x_wconf 88' lang='lat' dir='ltr'><strong>Est</strong></span> <span class='ocrx_word' id='word_1_533' title='bbox 2659 3177 2823 3242; x_wconf 83' lang='lat' dir='ltr'><strong>enim,</strong></span> <span class='ocrx_word' id='word_1_534' title='bbox 2853 3175 3118 3244; x_wconf 88' lang='lat' dir='ltr'><strong>inquiunt,</strong></span> <span class='ocrx_word' id='word_1_535' title='bbox 3147 3175 3197 3228; x_wconf 91' lang='lat' dir='ltr'><strong>in</strong></span> <span class='ocrx_word' id='word_1_536' title='bbox 3226 3173 3346 3241; x_wconf 80' lang='lat' dir='ltr'><strong>jure</strong></span> <span class='ocrx_word' id='word_1_537' title='bbox 3378 3171 3564 3226; x_wconf 91' lang='lat' dir='ltr'><strong>titulus</strong></span> 
     </span>
    </p>
   </div>
   <div class='ocr_carea' id='block_1_78' title="bbox 1976 3264 3566 3341">
    <p class='ocr_par' dir='ltr' id='par_1_78' title="bbox 1976 3264 3566 3341">
     <span class='ocr_line' id='line_1_78' title="bbox 1976 3264 3566 3341; baseline -0.008 -11"><span class='ocrx_word' id='word_1_538' title='bbox 1976 3275 2042 3330; x_wconf 89' lang='lat' dir='ltr'><strong>de</strong></span> <span class='ocrx_word' id='word_1_539' title='bbox 2072 3272 2250 3329; x_wconf 78' lang='lat' dir='ltr'><strong>Pluris</strong></span> <span class='ocrx_word' id='word_1_540' title='bbox 2276 3272 2550 3341; x_wconf 78' lang='lat' dir='ltr'><strong>petitione,</strong></span> <span class='ocrx_word' id='word_1_541' title='bbox 2585 3278 2639 3323; x_wconf 88' lang='lat' dir='ltr'><strong>ut</strong></span> <span class='ocrx_word' id='word_1_542' title='bbox 2668 3271 2755 3338; x_wconf 91' lang='lat' dir='ltr'><strong>qui</strong></span> <span class='ocrx_word' id='word_1_543' title='bbox 2789 3270 2906 3337; x_wconf 89' lang='lat' dir='ltr'><strong>plus</strong></span> <span class='ocrx_word' id='word_1_544' title='bbox 2937 3265 3190 3338; x_wconf 85' lang='lat' dir='ltr'><strong>postulat,</strong></span> <span class='ocrx_word' id='word_1_545' title='bbox 3223 3267 3400 3321; x_wconf 83' lang='lat' dir='ltr'><strong>minus</strong></span> <span class='ocrx_word' id='word_1_546' title='bbox 3427 3264 3566 3319; x_wconf 84' lang='lat' dir='ltr'><strong>accl-</strong></span> 
     </span>
    </p>
   </div>
   <div class='ocr_carea' id='block_1_79' title="bbox 1978 3358 3563 3438">
    <p class='ocr_par' dir='ltr' id='par_1_79' title="bbox 1978 3358 3563 3438">
     <span class='ocr_line' id='line_1_79' title="bbox 1978 3358 3563 3438; baseline -0.006 -17"><span class='ocrx_word' id='word_1_547' title='bbox 1978 3370 2116 3438; x_wconf 88' lang='lat' dir='ltr'><strong>piat;</strong></span> <span class='ocrx_word' id='word_1_548' title='bbox 2141 3367 2400 3435; x_wconf 81' lang='lat' dir='ltr'><strong>nobiSque</strong></span> <span class='ocrx_word' id='word_1_549' title='bbox 2437 3381 2466 3418; x_wconf 91' lang='lat' dir='ltr'><strong>a</strong></span> <span class='ocrx_word' id='word_1_550' title='bbox 2494 3371 2682 3417; x_wconf 86' lang='lat' dir='ltr'><strong>natura</strong></span> <span class='ocrx_word' id='word_1_551' title='bbox 2715 3362 2936 3416; x_wconf 84' lang='lat' dir='ltr'><strong>inditum</strong></span> <span class='ocrx_word' id='word_1_552' title='bbox 2984 3371 3086 3425; x_wconf 92' lang='lat' dir='ltr'><strong>est,</strong></span> <span class='ocrx_word' id='word_1_553' title='bbox 3117 3370 3174 3414; x_wconf 91' lang='lat' dir='ltr'><strong>ut</strong></span> <span class='ocrx_word' id='word_1_554' title='bbox 3214 3361 3335 3414; x_wconf 87' lang='lat' dir='ltr'><strong>cum</strong></span> <span class='ocrx_word' id='word_1_555' title='bbox 3367 3358 3563 3428; x_wconf 89' lang='lat' dir='ltr'><strong>aliquis</strong></span> 
     </span>
    </p>
   </div>
   <div class='ocr_carea' id='block_1_80' title="bbox 1977 3455 3566 3532">
    <p class='ocr_par' dir='ltr' id='par_1_80' title="bbox 1977 3455 3566 3532">
     <span class='ocr_line' id='line_1_80' title="bbox 1977 3455 3566 3532; baseline -0.004 -17"><span class='ocrx_word' id='word_1_556' title='bbox 1977 3463 2096 3532; x_wconf 89' lang='lat' dir='ltr'><strong>plus</strong></span> <span class='ocrx_word' id='word_1_557' title='bbox 2130 3461 2278 3531; x_wconf 86' lang='lat' dir='ltr'><strong>justo</strong></span> <span class='ocrx_word' id='word_1_558' title='bbox 2324 3460 2622 3522; x_wconf 74' lang='lat' dir='ltr'><strong>extollitur;</strong></span> <span class='ocrx_word' id='word_1_559' title='bbox 2675 3456 2900 3511; x_wconf 89' lang='lat' dir='ltr'><strong>naturali</strong></span> <span class='ocrx_word' id='word_1_560' title='bbox 2930 3455 3157 3527; x_wconf 90' lang='lat' dir='ltr'><strong>quadam</strong></span> <span class='ocrx_word' id='word_1_561' title='bbox 3209 3455 3566 3526; x_wconf 81' lang='lat' dir='ltr'><strong>propensione&#39;</strong></span> 
     </span>
    </p>
   </div>
   <div class='ocr_carea' id='block_1_81' title="bbox 1976 3548 3564 3620">
    <p class='ocr_par' dir='ltr' id='par_1_81' title="bbox 1976 3548 3564 3620">
     <span class='ocr_line' id='line_1_81' title="bbox 1976 3548 3564 3620; baseline -0.007 -11"><span class='ocrx_word' id='word_1_562' title='bbox 1976 3566 2233 3610; x_wconf 71' lang='lat' dir='ltr'><strong>conentur</strong></span> <span class='ocrx_word' id='word_1_563' title='bbox 2279 3553 2426 3606; x_wconf 90' lang='lat' dir='ltr'><strong>illum</strong></span> <span class='ocrx_word' id='word_1_564' title='bbox 2491 3550 2815 3620; x_wconf 78' lang='lat' dir='ltr'><strong>deprimere.</strong></span> <span class='ocrx_word' id='word_1_565' title='bbox 2876 3549 3207 3619; x_wconf 83' lang='lat' dir='ltr'><strong>Cyprianum</strong></span> <span class='ocrx_word' id='word_1_566' title='bbox 3268 3548 3564 3600; x_wconf 85' lang='lat' dir='ltr'><strong>maximum</strong></span> 
     </span>
    </p>
   </div>
   <div class='ocr_carea' id='block_1_82' title="bbox 1979 3638 3563 3708">
    <p class='ocr_par' dir='ltr' id='par_1_82' title="bbox 1979 3638 3563 3708">
     <span class='ocr_line' id='line_1_82' title="bbox 1979 3638 3563 3708; baseline -0.008 -4"><span class='ocrx_word' id='word_1_567' title='bbox 1979 3647 2235 3704; x_wconf 76' lang='lat' dir='ltr'><strong>Ecclesia:</strong></span> <span class='ocrx_word' id='word_1_568' title='bbox 2255 3645 2504 3699; x_wconf 71' lang='lat' dir='ltr'><strong>africanaa</strong></span> <span class='ocrx_word' id='word_1_569' title='bbox 2531 3643 2695 3697; x_wconf 87' lang='lat' dir='ltr'><strong>decus</strong></span> <span class='ocrx_word' id='word_1_570' title='bbox 2721 3653 2775 3696; x_wconf 89' lang='lat' dir='ltr'><strong>et</strong></span> <span class='ocrx_word' id='word_1_571' title='bbox 2800 3650 3195 3705; x_wconf 86' lang='lat' dir='ltr'><strong>ornamentum,</strong></span> <span class='ocrx_word' id='word_1_572' title='bbox 3223 3638 3563 3708; x_wconf 88' lang='lat' dir='ltr'><strong>splendidum</strong></span> 
     </span>
    </p>
   </div>
   <div class='ocr_carea' id='block_1_83' title="bbox 1976 3733 3565 3807">
    <p class='ocr_par' dir='ltr' id='par_1_83' title="bbox 1976 3733 3565 3807">
     <span class='ocr_line' id='line_1_83' title="bbox 1976 3733 3565 3807; baseline -0.007 -10"><span class='ocrx_word' id='word_1_573' title='bbox 1976 3743 2056 3798; x_wconf 92' lang='lat' dir='ltr'><strong>sui</strong></span> <span class='ocrx_word' id='word_1_574' title='bbox 2088 3741 2268 3796; x_wconf 60' lang='lat' dir='ltr'><strong>satculi</strong></span> <span class='ocrx_word' id='word_1_575' title='bbox 2296 3740 2506 3802; x_wconf 86' lang='lat' dir='ltr'><strong>iumen,</strong></span> <span class='ocrx_word' id='word_1_576' title='bbox 2539 3738 2910 3807; x_wconf 79' lang='lat' dir='ltr'><strong>gravissimum</strong></span> <span class='ocrx_word' id='word_1_577' title='bbox 2959 3737 3118 3788; x_wconf 88' lang='lat' dir='ltr'><strong>totius</strong></span> <span class='ocrx_word' id='word_1_578' title='bbox 3148 3733 3402 3787; x_wconf 71' lang='lat' dir='ltr'><strong>Eccicsiw</strong></span> <span class='ocrx_word' id='word_1_579' title='bbox 3433 3734 3565 3787; x_wconf 86' lang='lat' dir='ltr'><strong>doc-</strong></span> 
     </span>
    </p>
   </div>
   <div class='ocr_carea' id='block_1_84' title="bbox 1978 3831 3558 3900">
    <p class='ocr_par' dir='ltr' id='par_1_84' title="bbox 1978 3831 3558 3900">
     <span class='ocr_line' id='line_1_84' title="bbox 1978 3831 3558 3900; baseline -0.004 -10"><span class='ocrx_word' id='word_1_580' title='bbox 1978 3847 2169 3898; x_wconf 87' lang='lat' dir='ltr'><strong>torem,</strong></span> <span class='ocrx_word' id='word_1_581' title='bbox 2198 3833 2594 3888; x_wconf 85' lang='lat' dir='ltr'><strong>sanctissimum</strong></span> <span class='ocrx_word' id='word_1_582' title='bbox 2643 3831 2972 3900; x_wconf 76' lang='lat' dir='ltr'><strong>episcopum,</strong></span> <span class='ocrx_word' id='word_1_583' title='bbox 3019 3844 3080 3883; x_wconf 86' lang='lat' dir='ltr'><strong>ac</strong></span> <span class='ocrx_word' id='word_1_584' title='bbox 3121 3838 3409 3900; x_wconf 87' lang='lat' dir='ltr'><strong>martyrem</strong></span> <span class='ocrx_word' id='word_1_585' title='bbox 3441 3831 3558 3899; x_wconf 84' lang='lat' dir='ltr'><strong>glo-</strong></span> 
     </span>
    </p>
   </div>
   <div class='ocr_carea' id='block_1_85' title="bbox 1977 3921 3564 3994">
    <p class='ocr_par' dir='ltr' id='par_1_85' title="bbox 1977 3921 3564 3994">
     <span class='ocr_line' id='line_1_85' title="bbox 1977 3921 3564 3994; baseline -0.003 -10"><span class='ocrx_word' id='word_1_586' title='bbox 1977 3927 2331 3984; x_wconf 84' lang='lat' dir='ltr'><strong>riosissimum</strong></span> <span class='ocrx_word' id='word_1_587' title='bbox 2361 3927 2482 3994; x_wconf 90' lang='lat' dir='ltr'><strong>quis</strong></span> <span class='ocrx_word' id='word_1_588' title='bbox 2511 3939 2618 3977; x_wconf 91' lang='lat' dir='ltr'><strong>non</strong></span> <span class='ocrx_word' id='word_1_589' title='bbox 2649 3922 2908 3992; x_wconf 83' lang='lat' dir='ltr'><strong>pt&#39;edicct,</strong></span> <span class='ocrx_word' id='word_1_590' title='bbox 2959 3923 3076 3992; x_wconf 90' lang='lat' dir='ltr'><strong>quis</strong></span> <span class='ocrx_word' id='word_1_591' title='bbox 3119 3934 3224 3974; x_wconf 90' lang='lat' dir='ltr'><strong>non</strong></span> <span class='ocrx_word' id='word_1_592' title='bbox 3281 3921 3564 3991; x_wconf 87' lang='lat' dir='ltr'><strong>predicare</strong></span> 
     </span>
    </p>
   </div>
   <div class='ocr_carea' id='block_1_86' title="bbox 1975 4017 3562 4091">
    <p class='ocr_par' dir='ltr' id='par_1_86' title="bbox 1975 4017 3562 4091">
     <span class='ocr_line' id='line_1_86' title="bbox 1975 4017 3562 4091; baseline -0.006 -13"><span class='ocrx_word' id='word_1_593' title='bbox 1975 4023 2231 4091; x_wconf 81' lang='lat' dir='ltr'><strong>cogitavit</strong></span> <span class='ocrx_word' id='word_1_594' title='bbox 2258 4033 2490 4089; x_wconf 90' lang='lat' dir='ltr'><strong>unquam</strong></span> <span class='ocrx_word' id='word_1_595' title='bbox 2512 4018 2534 4069; x_wconf 64' lang='grc' dir='ltr'><strong>τ’</strong></span> <span class='ocrx_word' id='word_1_596' title='bbox 2557 4018 2688 4085; x_wconf 82' lang='lat' dir='ltr'><strong>Quis</strong></span> <span class='ocrx_word' id='word_1_597' title='bbox 2709 4017 2906 4086; x_wconf 90' lang='lat' dir='ltr'><strong>pariter</strong></span> <span class='ocrx_word' id='word_1_598' title='bbox 2930 4017 3253 4088; x_wconf 82' lang='lat' dir='ltr'><strong>Cyprianum</strong></span> <span class='ocrx_word' id='word_1_599' title='bbox 3285 4026 3562 4085; x_wconf 89' lang='lat' dir='ltr'><strong>tamquam</strong></span> 
     </span>
    </p>
   </div>
   <div class='ocr_carea' id='block_1_87' title="bbox 1978 4111 3562 4187">
    <p class='ocr_par' dir='ltr' id='par_1_87' title="bbox 1978 4111 3562 4187">
     <span class='ocr_line' id='line_1_87' title="bbox 1978 4111 3562 4187; baseline -0.006 -15"><span class='ocrx_word' id='word_1_600' title='bbox 1978 4118 2100 4172; x_wconf 86' lang='lat' dir='ltr'><strong>ﬁdei</strong></span> <span class='ocrx_word' id='word_1_601' title='bbox 2154 4114 2633 4187; x_wconf 82' lang='lat' dir='ltr'><strong>propugnaculum,</strong></span> <span class='ocrx_word' id='word_1_602' title='bbox 2696 4112 3039 4168; x_wconf 86' lang='lat' dir='ltr'><strong>traditionum</strong></span> <span class='ocrx_word' id='word_1_603' title='bbox 3111 4111 3562 4181; x_wconf 88' lang='lat' dir='ltr'><strong>promptuarium,</strong></span> 
     </span>
    </p>
   </div>
   <div class='ocr_carea' id='block_1_88' title="bbox 1974 4201 3566 4277">
    <p class='ocr_par' dir='ltr' id='par_1_88' title="bbox 1974 4201 3566 4277">
     <span class='ocr_line' id='line_1_88' title="bbox 1974 4201 3566 4277; baseline -0.005 -14"><span class='ocrx_word' id='word_1_604' title='bbox 1974 4209 2270 4277; x_wconf 78' lang='lat' dir='ltr'><strong>disciplina:</strong></span> <span class='ocrx_word' id='word_1_605' title='bbox 2290 4207 2664 4262; x_wconf 81' lang='lat' dir='ltr'><strong>ecclesiastica:</strong></span> <span class='ocrx_word' id='word_1_606' title='bbox 2687 4203 2993 4274; x_wconf 91' lang='lat' dir='ltr'><strong>palladium,</strong></span> <span class='ocrx_word' id='word_1_607' title='bbox 3017 4204 3234 4258; x_wconf 87' lang='lat' dir='ltr'><strong>moralis</strong></span> <span class='ocrx_word' id='word_1_608' title='bbox 3247 4219 3296 4255; x_wconf 71' lang='lat' dir='ltr'><strong>ct</strong></span> <span class='ocrx_word' id='word_1_609' title='bbox 3310 4201 3566 4272; x_wconf 70' lang='lat' dir='ltr'><strong>angelicae</strong></span> 
     </span>
    </p>
   </div>
   <div class='ocr_carea' id='block_1_89' title="bbox 1977 4296 3562 4362">
    <p class='ocr_par' dir='ltr' id='par_1_89' title="bbox 1977 4296 3562 4362">
     <span class='ocr_line' id='line_1_89' title="bbox 1977 4296 3562 4362; baseline -0.006 -7"><span class='ocrx_word' id='word_1_610' title='bbox 1977 4301 2390 4362; x_wconf 87' lang='lat' dir='ltr'><strong>ﬁrmamentum,</strong></span> <span class='ocrx_word' id='word_1_611' title='bbox 2419 4314 2481 4354; x_wconf 89' lang='lat' dir='ltr'><strong>ac</strong></span> <span class='ocrx_word' id='word_1_612' title='bbox 2530 4297 2835 4352; x_wconf 80' lang='lat' dir='ltr'><strong>christiana:</strong></span> <span class='ocrx_word' id='word_1_613' title='bbox 2873 4296 3128 4351; x_wconf 76' lang='lat' dir='ltr'><strong>doctrina:</strong></span> <span class='ocrx_word' id='word_1_614' title='bbox 3174 4296 3562 4348; x_wconf 88' lang='lat' dir='ltr'><strong>munimentmn</strong></span> 
     </span>
    </p>
   </div>
   <div class='ocr_carea' id='block_1_90' title="bbox 1977 4386 3562 4464">
    <p class='ocr_par' dir='ltr' id='par_1_90' title="bbox 1977 4386 3562 4464">
     <span class='ocr_line' id='line_1_90' title="bbox 1977 4386 3562 4464; baseline -0.004 -17"><span class='ocrx_word' id='word_1_615' title='bbox 1977 4409 2082 4448; x_wconf 90' lang='lat' dir='ltr'><strong>non</strong></span> <span class='ocrx_word' id='word_1_616' title='bbox 2130 4401 2385 4464; x_wconf 87' lang='lat' dir='ltr'><strong>agnoscat</strong></span> <span class='ocrx_word' id='word_1_617' title='bbox 2415 4399 2506 4446; x_wconf 90' lang='lat' dir='ltr'><strong>aut</strong></span> <span class='ocrx_word' id='word_1_618' title='bbox 2535 4409 2640 4447; x_wconf 90' lang='lat' dir='ltr'><strong>non</strong></span> <span class='ocrx_word' id='word_1_619' title='bbox 2692 4392 3007 4462; x_wconf 80' lang='lat' dir='ltr'><strong>agnoverit?</strong></span> <span class='ocrx_word' id='word_1_620' title='bbox 3058 4389 3181 4443; x_wconf 71' lang='lat' dir='ltr'><strong>iimc</strong></span> <span class='ocrx_word' id='word_1_621' title='bbox 3233 4404 3392 4458; x_wconf 89' lang='lat' dir='ltr'><strong>porro</strong></span> <span class='ocrx_word' id='word_1_622' title='bbox 3440 4386 3562 4456; x_wconf 86' lang='lat' dir='ltr'><strong>quia</strong></span> 
     </span>
    </p>
   </div>
   <div class='ocr_carea' id='block_1_91' title="bbox 1977 4479 3564 4544">
    <p class='ocr_par' dir='ltr' id='par_1_91' title="bbox 1977 4479 3564 4544">
     <span class='ocr_line' id='line_1_91' title="bbox 1977 4479 3564 4544; baseline -0.006 -1"><span class='ocrx_word' id='word_1_623' title='bbox 1977 4497 2129 4544; x_wconf 80' lang='lat' dir='ltr'><strong>certe</strong></span> <span class='ocrx_word' id='word_1_624' title='bbox 2185 4497 2308 4542; x_wconf 91' lang='lat' dir='ltr'><strong>sunt</strong></span> <span class='ocrx_word' id='word_1_625' title='bbox 2357 4491 2420 4542; x_wconf 79' lang='lat' dir='ltr'><strong>ac</strong></span> <span class='ocrx_word' id='word_1_626' title='bbox 2463 4484 2759 4541; x_wconf 88' lang='lat' dir='ltr'><strong>servandos</strong></span> <span class='ocrx_word' id='word_1_627' title='bbox 2810 4485 3050 4540; x_wconf 88' lang='lat' dir='ltr'><strong>veritatis</strong></span> <span class='ocrx_word' id='word_1_628' title='bbox 3095 4482 3293 4537; x_wconf 87' lang='lat' dir='ltr'><strong>limites</strong></span> <span class='ocrx_word' id='word_1_629' title='bbox 3343 4479 3564 4535; x_wconf 87' lang='lat' dir='ltr'><strong>minime</strong></span> 
     </span>
    </p>
   </div>
   <div class='ocr_carea' id='block_1_92' title="bbox 281 4575 3560 4648">
    <p class='ocr_par' dir='ltr' id='par_1_92' title="bbox 281 4575 3560 4648">
     <span class='ocr_line' id='line_1_92' title="bbox 281 4575 3560 4648; baseline -0.002 -16"><span class='ocrx_word' id='word_1_630' title='bbox 281 4575 522 4647; x_wconf 69' lang='lat' dir='ltr'><strong>Epistula</strong></span> <span class='ocrx_word' id='word_1_631' title='bbox 575 4579 640 4632; x_wconf 89' lang='lat' dir='ltr'><strong>ad</strong></span> <span class='ocrx_word' id='word_1_632' title='bbox 697 4575 980 4632; x_wconf 76' lang='lat' dir='ltr'><strong>idat-tinum</strong></span> <span class='ocrx_word' id='word_1_633' title='bbox 1029 4581 1277 4648; x_wconf 81' lang='lat' dir='ltr'><strong>Steyaert</strong></span> <span class='ocrx_word' id='word_1_634' title='bbox 1324 4595 1374 4648; x_wconf 92' lang='lat' dir='ltr'><strong>p.</strong></span> <span class='ocrx_word' id='word_1_635' title='bbox 1419 4580 1510 4645; x_wconf 70' lang='lat'><strong>25,</strong></span> <span class='ocrx_word' id='word_1_636' title='bbox 1565 4579 1860 4648; x_wconf 77' lang='lat' dir='ltr'><strong>Stephanus</strong></span> <span class='ocrx_word' id='word_1_637' title='bbox 1885 4585 1936 4644; x_wconf 93' lang='lat' dir='ltr'><strong>D</strong></span> <span class='ocrx_word' id='word_1_638' title='bbox 1967 4581 2372 4648; x_wconf 89' lang='lat' dir='ltr'><strong>transcendunt,</strong></span> <span class='ocrx_word' id='word_1_639' title='bbox 2400 4581 2631 4636; x_wconf 88' lang='lat' dir='ltr'><strong>libenter</strong></span> <span class='ocrx_word' id='word_1_640' title='bbox 2657 4592 2710 4636; x_wconf 93' lang='lat' dir='ltr'><strong>et</strong></span> <span class='ocrx_word' id='word_1_641' title='bbox 2732 4579 3044 4638; x_wconf 88' lang='lat' dir='ltr'><strong>audiuntur.</strong></span> <span class='ocrx_word' id='word_1_642' title='bbox 3074 4588 3128 4632; x_wconf 88' lang='lat' dir='ltr'><strong>et</strong></span> <span class='ocrx_word' id='word_1_643' title='bbox 3157 4593 3184 4629; x_wconf 92' lang='lat' dir='ltr'><strong>a</strong></span> <span class='ocrx_word' id='word_1_644' title='bbox 3213 4575 3424 4631; x_wconf 89' lang='lat' dir='ltr'><strong>nemine</strong></span> <span class='ocrx_word' id='word_1_645' title='bbox 3455 4590 3560 4628; x_wconf 91' lang='lat' dir='ltr'><strong>non</strong></span> 
     </span>
    </p>
   </div>
   <div class='ocr_carea' id='block_1_93' title="bbox 282 4650 1862 4717">
    <p class='ocr_par' dir='ltr' id='par_1_93' title="bbox 282 4650 1862 4717">
     <span class='ocr_line' id='line_1_93' title="bbox 282 4650 1862 4717; baseline 0.003 -15"><span class='ocrx_word' id='word_1_646' title='bbox 282 4654 539 4702; x_wconf 80' lang='lat' dir='ltr'><strong>decretum</strong></span> <span class='ocrx_word' id='word_1_647' title='bbox 562 4650 912 4717; x_wconf 71' lang='lat' dir='ltr'><strong>deﬁnitorium</strong></span> <span class='ocrx_word' id='word_1_648' title='bbox 941 4653 993 4703; x_wconf 88' lang='lat' dir='ltr'><strong>in</strong></span> <span class='ocrx_word' id='word_1_649' title='bbox 1017 4651 1234 4706; x_wconf 83' lang='lat' dir='ltr'><strong>concilio</strong></span> <span class='ocrx_word' id='word_1_650' title='bbox 1265 4652 1494 4706; x_wconf 81' lang='lat' dir='ltr'><strong>Romano</strong></span> <span class='ocrx_word' id='word_1_651' title='bbox 1525 4653 1684 4709; x_wconf 73' lang='lat' dir='ltr'><strong>edidit</strong></span> <span class='ocrx_word' id='word_1_652' title='bbox 1719 4666 1763 4706; x_wconf 86' lang='lat' dir='ltr'><strong>et</strong></span> <span class='ocrx_word' id='word_1_653' title='bbox 1794 4656 1862 4707; x_wconf 83' lang='lat' dir='ltr'><strong>ad</strong></span> 
     </span>
    </p>
   </div>
   <div class='ocr_carea' id='block_1_94' title="bbox 282 4721 1861 4791">
    <p class='ocr_par' dir='ltr' id='par_1_94' title="bbox 282 4721 1861 4791">
     <span class='ocr_line' id='line_1_94' title="bbox 282 4721 1861 4791; baseline 0.003 -19"><span class='ocrx_word' id='word_1_654' title='bbox 282 4737 459 4772; x_wconf 81' lang='lat' dir='ltr'><strong>omnes</strong></span> <span class='ocrx_word' id='word_1_655' title='bbox 489 4721 662 4782; x_wconf 81' lang='lat' dir='ltr'><strong>ﬁdeles</strong></span> <span class='ocrx_word' id='word_1_656' title='bbox 692 4722 993 4790; x_wconf 68' lang='lat' dir='ltr'><strong>diremitque</strong></span> <span class='ocrx_word' id='word_1_657' title='bbox 1025 4724 1235 4776; x_wconf 74' lang='lat' dir='ltr'><strong>intendit</strong></span> <span class='ocrx_word' id='word_1_658' title='bbox 1267 4723 1509 4791; x_wconf 79' lang='lat' dir='ltr'><strong>obligare,</strong></span> <span class='ocrx_word' id='word_1_659' title='bbox 1537 4725 1625 4777; x_wconf 87' lang='lat' dir='ltr'><strong>sub</strong></span> <span class='ocrx_word' id='word_1_660' title='bbox 1659 4740 1861 4778; x_wconf 72' lang='lat' dir='ltr'><strong>excom-</strong></span> 
     </span>
    </p>
   </div>
   <div class='ocr_carea' id='block_1_95' title="bbox 280 4791 1868 4861">
    <p class='ocr_par' dir='ltr' id='par_1_95' title="bbox 280 4791 1868 4861">
     <span class='ocr_line' id='line_1_95' title="bbox 280 4791 1868 4861; baseline 0.004 -19"><span class='ocrx_word' id='word_1_661' title='bbox 280 4791 644 4844; x_wconf 83' lang='lat' dir='ltr'><strong>municationis</strong></span> <span class='ocrx_word' id='word_1_662' title='bbox 669 4809 834 4859; x_wconf 71' lang='lat' dir='ltr'><strong>poena,</strong></span> <span class='ocrx_word' id='word_1_663' title='bbox 857 4809 1027 4846; x_wconf 81' lang='lat' dir='ltr'><strong>omnes</strong></span> <span class='ocrx_word' id='word_1_664' title='bbox 1050 4797 1252 4846; x_wconf 84' lang='lat' dir='ltr'><strong>omnino</strong></span> <span class='ocrx_word' id='word_1_665' title='bbox 1272 4795 1446 4861; x_wconf 79' lang='lat' dir='ltr'><strong>ﬁdeles</strong></span> <span class='ocrx_word' id='word_1_666' title='bbox 1475 4795 1540 4846; x_wconf 89' lang='lat' dir='ltr'><strong>ad</strong></span> <span class='ocrx_word' id='word_1_667' title='bbox 1557 4793 1868 4849; x_wconf 82' lang='lat' dir='ltr'><strong>credendum</strong></span> 
     </span>
    </p>
   </div>
   <div class='ocr_carea' id='block_1_96' title="bbox 280 4861 1616 4934">
    <p class='ocr_par' dir='ltr' id='par_1_96' title="bbox 280 4861 1616 4934">
     <span class='ocr_line' id='line_1_96' title="bbox 280 4861 1616 4934; baseline 0.003 -19"><span class='ocrx_word' id='word_1_668' title='bbox 280 4877 407 4934; x_wconf 16' lang='lat' dir='ltr'><strong>non;</strong></span> <span class='ocrx_word' id='word_1_669' title='bbox 429 4861 816 4934; x_wconf 71' lang='lat' dir='ltr'><strong>rebaptizandos</strong></span> <span class='ocrx_word' id='word_1_670' title='bbox 838 4881 944 4917; x_wconf 79' lang='lat' dir='ltr'><strong>esse</strong></span> <span class='ocrx_word' id='word_1_671' title='bbox 965 4865 1244 4934; x_wconf 76' lang='lat' dir='ltr'><strong>baptizatos</strong></span> <span class='ocrx_word' id='word_1_672' title='bbox 1259 4866 1320 4917; x_wconf 76' lang='lat' dir='ltr'><strong>ub</strong></span> <span class='ocrx_word' id='word_1_673' title='bbox 1349 4865 1616 4919; x_wconf 70' lang='lat' dir='ltr'><strong>haereticis.</strong></span> 
     </span>
    </p>
   </div>
   <div class='ocr_carea' id='block_1_97' title="bbox 357 4932 1869 5003">
    <p class='ocr_par' dir='ltr' id='par_1_97' title="bbox 357 4932 1869 5003">
     <span class='ocr_line' id='line_1_97' title="bbox 357 4932 1869 5003; baseline 0.005 -17"><span class='ocrx_word' id='word_1_674' title='bbox 357 4932 438 5003; x_wconf 72' lang='lat'><strong>(2)</strong></span> <span class='ocrx_word' id='word_1_675' title='bbox 463 4932 605 4987; x_wconf 85' lang='lat' dir='ltr'><strong>idem</strong></span> <span class='ocrx_word' id='word_1_676' title='bbox 638 4935 764 4994; x_wconf 86' lang='lat' dir='ltr'><strong>ibid.</strong></span> <span class='ocrx_word' id='word_1_677' title='bbox 791 4933 857 4988; x_wconf 87' lang='lat' dir='ltr'><strong>Et</strong></span> <span class='ocrx_word' id='word_1_678' title='bbox 904 4932 1133 4990; x_wconf 25' lang='lat' dir='ltr'><strong>Jaco‘bus</strong></span> <span class='ocrx_word' id='word_1_679' title='bbox 1171 4937 1379 4991; x_wconf 86' lang='lat' dir='ltr'><strong>Cilbert</strong></span> <span class='ocrx_word' id='word_1_680' title='bbox 1427 4937 1478 4990; x_wconf 91' lang='lat' dir='ltr'><strong>in</strong></span> <span class='ocrx_word' id='word_1_681' title='bbox 1541 4946 1766 4992; x_wconf 86' lang='lat' dir='ltr'><strong>tractatu</strong></span> <span class='ocrx_word' id='word_1_682' title='bbox 1806 4939 1869 4993; x_wconf 80' lang='lat' dir='ltr'><strong>de</strong></span> 
     </span>
    </p>
   </div>
   <div class='ocr_carea' id='block_1_98' title="bbox 283 5003 1868 5078">
    <p class='ocr_par' dir='ltr' id='par_1_98' title="bbox 283 5003 1868 5078">
     <span class='ocr_line' id='line_1_98' title="bbox 283 5003 1868 5078; baseline 0.003 -19"><span class='ocrx_word' id='word_1_683' title='bbox 283 5003 441 5059; x_wconf 75' lang='lat' dir='ltr'><strong>Sedis</strong></span> <span class='ocrx_word' id='word_1_684' title='bbox 471 5006 764 5078; x_wconf 74' lang='lat' dir='ltr'><strong>apostolicw</strong></span> <span class='ocrx_word' id='word_1_685' title='bbox 792 5007 1014 5072; x_wconf 84' lang='lat' dir='ltr'><strong>primatu</strong></span> <span class='ocrx_word' id='word_1_686' title='bbox 1042 5019 1201 5074; x_wconf 72' lang='lat' dir='ltr'><strong>quast.</strong></span> <span class='ocrx_word' id='word_1_687' title='bbox 1233 5007 1283 5061; x_wconf 83' lang='lat'><strong>5.</strong></span> <span class='ocrx_word' id='word_1_688' title='bbox 1315 5006 1340 5078; x_wconf 85' lang='lat'>§</span> <span class='ocrx_word' id='word_1_689' title='bbox 1372 5007 1427 5061; x_wconf 73' lang='lat'><strong>2.</strong></span> <span class='ocrx_word' id='word_1_690' title='bbox 1459 5009 1751 5076; x_wconf 82' lang='lat' dir='ltr'><strong>Stephanus</strong></span> <span class='ocrx_word' id='word_1_691' title='bbox 1778 5011 1868 5064; x_wconf 86' lang='lat' dir='ltr'><strong>de-</strong></span> 
     </span>
    </p>
   </div>
   <div class='ocr_carea' id='block_1_99' title="bbox 283 5075 1870 5150">
    <p class='ocr_par' dir='ltr' id='par_1_99' title="bbox 283 5075 1870 5150">
     <span class='ocr_line' id='line_1_99' title="bbox 283 5075 1870 5150; baseline 0.005 -22"><span class='ocrx_word' id='word_1_692' title='bbox 283 5085 478 5150; x_wconf 68' lang='lat' dir='ltr'><strong>cretum</strong></span> <span class='ocrx_word' id='word_1_693' title='bbox 507 5075 848 5150; x_wconf 80' lang='lat' dir='ltr'><strong>deﬁnitorium</strong></span> <span class='ocrx_word' id='word_1_694' title='bbox 877 5079 975 5130; x_wconf 81' lang='lat' dir='ltr'><strong>edit</strong></span> <span class='ocrx_word' id='word_1_695' title='bbox 1014 5088 1056 5131; x_wconf 88' lang='lat' dir='ltr'><strong>et</strong></span> <span class='ocrx_word' id='word_1_696' title='bbox 1085 5080 1150 5130; x_wconf 83' lang='lat' dir='ltr'><strong>ad</strong></span> <span class='ocrx_word' id='word_1_697' title='bbox 1180 5075 1349 5132; x_wconf 70' lang='lat' dir='ltr'><strong>omnes</strong></span> <span class='ocrx_word' id='word_1_698' title='bbox 1372 5075 1558 5147; x_wconf 78' lang='lat' dir='ltr'><strong>ﬁdeles</strong></span> <span class='ocrx_word' id='word_1_699' title='bbox 1596 5080 1770 5150; x_wconf 87' lang='lat' dir='ltr'><strong>dirigit</strong></span> <span class='ocrx_word' id='word_1_700' title='bbox 1816 5092 1870 5136; x_wconf 87' lang='lat' dir='ltr'><strong>ut</strong></span> 
     </span>
    </p>
   </div>
   <div class='ocr_carea' id='block_1_100' title="bbox 279 5148 1870 5219">
    <p class='ocr_par' dir='ltr' id='par_1_100' title="bbox 279 5148 1870 5219">
     <span class='ocr_line' id='line_1_100' title="bbox 279 5148 1870 5219; baseline 0.005 -21"><span class='ocrx_word' id='word_1_701' title='bbox 279 5148 403 5200; x_wconf 86' lang='lat' dir='ltr'><strong>illos</strong></span> <span class='ocrx_word' id='word_1_702' title='bbox 423 5163 591 5219; x_wconf 76' lang='lat' dir='ltr'><strong>omnes</strong></span> <span class='ocrx_word' id='word_1_703' title='bbox 613 5149 826 5200; x_wconf 86' lang='lat' dir='ltr'><strong>instruat</strong></span> <span class='ocrx_word' id='word_1_704' title='bbox 847 5150 898 5200; x_wconf 86' lang='lat' dir='ltr'><strong>in</strong></span> <span class='ocrx_word' id='word_1_705' title='bbox 921 5151 1128 5202; x_wconf 84' lang='lat' dir='ltr'><strong>materia</strong></span> <span class='ocrx_word' id='word_1_706' title='bbox 1143 5161 1187 5203; x_wconf 80' lang='lat' dir='ltr'><strong>et</strong></span> <span class='ocrx_word' id='word_1_707' title='bbox 1215 5162 1401 5219; x_wconf 84' lang='lat' dir='ltr'><strong>puncto</strong></span> <span class='ocrx_word' id='word_1_708' title='bbox 1421 5152 1604 5204; x_wconf 81' lang='lat' dir='ltr'><strong>summi</strong></span> <span class='ocrx_word' id='word_1_709' title='bbox 1631 5148 1870 5206; x_wconf 68' lang='lat' dir='ltr'><strong>&quot;inruenti</strong></span> 
     </span>
    </p>
   </div>
   <div class='ocr_carea' id='block_1_101' title="bbox 277 5217 1870 5287">
    <p class='ocr_par' dir='ltr' id='par_1_101' title="bbox 277 5217 1870 5287">
     <span class='ocr_line' id='line_1_101' title="bbox 277 5217 1870 5287; baseline 0.004 -18"><span class='ocrx_word' id='word_1_710' title='bbox 277 5219 404 5287; x_wconf 83' lang='lat' dir='ltr'><strong>quia</strong></span> <span class='ocrx_word' id='word_1_711' title='bbox 424 5217 663 5287; x_wconf 85' lang='lat' dir='ltr'><strong>agebatur</strong></span> <span class='ocrx_word' id='word_1_712' title='bbox 685 5222 749 5272; x_wconf 89' lang='lat' dir='ltr'><strong>de</strong></span> <span class='ocrx_word' id='word_1_713' title='bbox 787 5220 1046 5274; x_wconf 68' lang='lat' dir='ltr'><strong>soliditate</strong></span> <span class='ocrx_word' id='word_1_714' title='bbox 1095 5223 1169 5275; x_wconf 86' lang='lat' dir='ltr'><strong>vel</strong></span> <span class='ocrx_word' id='word_1_715' title='bbox 1200 5217 1430 5274; x_wconf 78' lang='lat' dir='ltr'><strong>nullitute</strong></span> <span class='ocrx_word' id='word_1_716' title='bbox 1472 5220 1723 5287; x_wconf 82' lang='lat' dir='ltr'><strong>Baptismi</strong></span> <span class='ocrx_word' id='word_1_717' title='bbox 1762 5225 1870 5276; x_wconf 86' lang='lat' dir='ltr'><strong>sine</strong></span> 
     </span>
    </p>
   </div>
   <div class='ocr_carea' id='block_1_102' title="bbox 279 5289 1869 5361">
    <p class='ocr_par' dir='ltr' id='par_1_102' title="bbox 279 5289 1869 5361">
     <span class='ocr_line' id='line_1_102' title="bbox 279 5289 1869 5361; baseline 0.005 -22"><span class='ocrx_word' id='word_1_718' title='bbox 279 5305 386 5361; x_wconf 85' lang='lat' dir='ltr'><strong>quo</strong></span> <span class='ocrx_word' id='word_1_719' title='bbox 411 5289 585 5342; x_wconf 88' lang='lat' dir='ltr'><strong>nullus</strong></span> <span class='ocrx_word' id='word_1_720' title='bbox 611 5290 798 5343; x_wconf 85' lang='lat' dir='ltr'><strong>salvari</strong></span> <span class='ocrx_word' id='word_1_721' title='bbox 827 5301 984 5358; x_wconf 83' lang='lat' dir='ltr'><strong>potest</strong></span> <span class='ocrx_word' id='word_1_722' title='bbox 1015 5304 1060 5344; x_wconf 89' lang='lat' dir='ltr'><strong>et</strong></span> <span class='ocrx_word' id='word_1_723' title='bbox 1091 5309 1182 5361; x_wconf 86' lang='lat' dir='ltr'><strong>per</strong></span> <span class='ocrx_word' id='word_1_724' title='bbox 1208 5293 1336 5346; x_wconf 81' lang='lat' dir='ltr'><strong>illud</strong></span> <span class='ocrx_word' id='word_1_725' title='bbox 1365 5295 1618 5346; x_wconf 76' lang='lat' dir='ltr'><strong>decretum</strong></span> <span class='ocrx_word' id='word_1_726' title='bbox 1652 5293 1869 5347; x_wconf 74' lang='lat' dir='ltr'><strong>intendit</strong></span> 
     </span>
    </p>
   </div>
   <div class='ocr_carea' id='block_1_103' title="bbox 281 5360 1868 5432">
    <p class='ocr_par' dir='ltr' id='par_1_103' title="bbox 281 5360 1868 5432">
     <span class='ocr_line' id='line_1_103' title="bbox 281 5360 1868 5432; baseline 0.003 -21"><span class='ocrx_word' id='word_1_727' title='bbox 281 5360 514 5429; x_wconf 83' lang='lat' dir='ltr'><strong>obligare</strong></span> <span class='ocrx_word' id='word_1_728' title='bbox 537 5377 704 5415; x_wconf 83' lang='lat' dir='ltr'><strong>omnes</strong></span> <span class='ocrx_word' id='word_1_729' title='bbox 730 5363 934 5414; x_wconf 85' lang='lat' dir='ltr'><strong>omnino</strong></span> <span class='ocrx_word' id='word_1_730' title='bbox 956 5360 1130 5430; x_wconf 67' lang='lat' dir='ltr'><strong>ﬁdeles</strong></span> <span class='ocrx_word' id='word_1_731' title='bbox 1157 5363 1224 5416; x_wconf 91' lang='lat' dir='ltr'><strong>ad</strong></span> <span class='ocrx_word' id='word_1_732' title='bbox 1248 5364 1548 5417; x_wconf 82' lang='lat' dir='ltr'><strong>credendum</strong></span> <span class='ocrx_word' id='word_1_733' title='bbox 1567 5373 1666 5417; x_wconf 77' lang='lat' dir='ltr'><strong>nbit</strong></span> <span class='ocrx_word' id='word_1_734' title='bbox 1687 5365 1868 5432; x_wconf 80' lang='lat' dir='ltr'><strong>rebap-</strong></span> 
     </span>
    </p>
   </div>
   <div class='ocr_carea' id='block_1_104' title="bbox 280 5432 1350 5499">
    <p class='ocr_par' dir='ltr' id='par_1_104' title="bbox 280 5432 1350 5499">
     <span class='ocr_line' id='line_1_104' title="bbox 280 5432 1350 5499; baseline 0.004 -15"><span class='ocrx_word' id='word_1_735' title='bbox 280 5432 525 5485; x_wconf 74' lang='lat' dir='ltr'><strong>tizandos</strong></span> <span class='ocrx_word' id='word_1_736' title='bbox 547 5448 653 5484; x_wconf 83' lang='lat' dir='ltr'><strong>esse</strong></span> <span class='ocrx_word' id='word_1_737' title='bbox 683 5432 966 5499; x_wconf 81' lang='lat' dir='ltr'><strong>baptizatos</strong></span> <span class='ocrx_word' id='word_1_738' title='bbox 989 5436 1350 5494; x_wconf 73' lang='lat' dir='ltr'><strong>ab.ha:reticis.</strong></span> 
     </span>
    </p>
   </div>
   <div class='ocr_carea' id='block_1_105' title="bbox 362 5501 1866 5574">
    <p class='ocr_par' dir='ltr' id='par_1_105' title="bbox 362 5501 1866 5574">
     <span class='ocr_line' id='line_1_105' title="bbox 362 5501 1866 5574; baseline 0.003 -20"><span class='ocrx_word' id='word_1_739' title='bbox 362 5501 491 5556; x_wconf 89' lang='lat' dir='ltr'><strong>ltem</strong></span> <span class='ocrx_word' id='word_1_740' title='bbox 519 5502 767 5558; x_wconf 79' lang='lat' dir='ltr'><strong>defensor</strong></span> <span class='ocrx_word' id='word_1_741' title='bbox 797 5506 985 5558; x_wconf 85' lang='lat' dir='ltr'><strong>declar.</strong></span> <span class='ocrx_word' id='word_1_742' title='bbox 1019 5505 1204 5559; x_wconf 79' lang='lat' dir='ltr'><strong>Gallic.</strong></span> <span class='ocrx_word' id='word_1_743' title='bbox 1237 5522 1300 5559; x_wconf 90' lang='lat' dir='ltr'><strong>an</strong></span> <span class='ocrx_word' id='word_1_744' title='bbox 1331 5504 1489 5559; x_wconf 77' lang='grc'><strong>1682.</strong></span> <span class='ocrx_word' id='word_1_745' title='bbox 1523 5514 1660 5574; x_wconf 89' lang='lat' dir='ltr'><strong>part.</strong></span> <span class='ocrx_word' id='word_1_746' title='bbox 1687 5522 1743 5566; x_wconf 84' lang='lat' dir='ltr'><strong>il,</strong></span> <span class='ocrx_word' id='word_1_747' title='bbox 1771 5505 1866 5560; x_wconf 89' lang='lat' dir='ltr'><strong>lib.</strong></span> 
     </span>
    </p>
   </div>
   <div class='ocr_carea' id='block_1_106' title="bbox 269 5575 1867 5645">
    <p class='ocr_par' dir='ltr' id='par_1_106' title="bbox 269 5575 1867 5645">
     <span class='ocr_line' id='line_1_106' title="bbox 269 5575 1867 5645; baseline 0.002 -17"><span class='ocrx_word' id='word_1_748' title='bbox 269 5588 398 5628; x_wconf 70' lang='lat' dir='ltr'><strong>xxv.</strong></span> <span class='ocrx_word' id='word_1_749' title='bbox 432 5589 551 5645; x_wconf 85' lang='lat' dir='ltr'><strong>cap.</strong></span> <span class='ocrx_word' id='word_1_750' title='bbox 583 5575 637 5629; x_wconf 82' lang='grc'><strong>5.</strong></span> <span class='ocrx_word' id='word_1_751' title='bbox 673 5575 968 5645; x_wconf 82' lang='lat' dir='ltr'><strong>Stephanus</strong></span> <span class='ocrx_word' id='word_1_752' title='bbox 998 5579 1252 5632; x_wconf 85' lang='lat' dir='ltr'><strong>decretum</strong></span> <span class='ocrx_word' id='word_1_753' title='bbox 1279 5578 1506 5630; x_wconf 82' lang='lat' dir='ltr'><strong>condidit</strong></span> <span class='ocrx_word' id='word_1_754' title='bbox 1529 5585 1576 5632; x_wconf 85' lang='lat' dir='ltr'><strong>et</strong></span> <span class='ocrx_word' id='word_1_755' title='bbox 1601 5577 1670 5631; x_wconf 83' lang='lat' dir='ltr'><strong>ad</strong></span> <span class='ocrx_word' id='word_1_756' title='bbox 1694 5593 1867 5632; x_wconf 74' lang='lat' dir='ltr'><strong>armies</strong></span> 
     </span>
    </p>
   </div>
   <div class='ocr_carea' id='block_1_107' title="bbox 266 5644 700 5700">
    <p class='ocr_par' dir='ltr' id='par_1_107' title="bbox 266 5644 700 5700">
     <span class='ocr_line' id='line_1_107' title="bbox 266 5644 700 5700; baseline 0.002 -1"><span class='ocrx_word' id='word_1_757' title='bbox 266 5645 420 5699; x_wconf 74' lang='grc' dir='ltr'><strong>ηιίεἰῑ</strong></span> <span class='ocrx_word' id='word_1_758' title='bbox 449 5644 700 5700; x_wconf 85' lang='lat' dir='ltr'><strong>ecclesias.</strong></span> 
     </span>
    </p>
   </div>
   <div class='ocr_carea' id='block_1_108' title="bbox 358 5714 1866 5797">
    <p class='ocr_par' dir='ltr' id='par_1_108' title="bbox 358 5714 1866 5797">
     <span class='ocr_line' id='line_1_108' title="bbox 358 5714 1866 5797; baseline 0.007 -30"><span class='ocrx_word' id='word_1_759' title='bbox 358 5714 442 5797; x_wconf 54' lang='grc' dir='ltr'><strong>(ᾗ)</strong></span> <span class='ocrx_word' id='word_1_760' title='bbox 475 5715 620 5797; x_wconf 51' lang='lat' dir='ltr'><strong>[fetis</strong></span> <span class='ocrx_word' id='word_1_761' title='bbox 652 5717 1001 5790; x_wconf 80' lang='lat' dir='ltr'><strong>bescliamps,</strong></span> <span class='ocrx_word' id='word_1_762' title='bbox 1042 5729 1095 5776; x_wconf 90' lang='lat' dir='ltr'><strong>et</strong></span> <span class='ocrx_word' id='word_1_763' title='bbox 1123 5719 1353 5776; x_wconf 79' lang='lat' dir='ltr'><strong>lacobus</strong></span> <span class='ocrx_word' id='word_1_764' title='bbox 1382 5719 1589 5776; x_wconf 90' lang='lat' dir='ltr'><strong>Cilbert</strong></span> <span class='ocrx_word' id='word_1_765' title='bbox 1635 5720 1688 5775; x_wconf 90' lang='lat' dir='ltr'><strong>in</strong></span> <span class='ocrx_word' id='word_1_766' title='bbox 1733 5721 1866 5778; x_wconf 85' lang='lat' dir='ltr'><strong>locis</strong></span> 
     </span>
    </p>
   </div>
   <div class='ocr_carea' id='block_1_109' title="bbox 257 5787 664 5848">
    <p class='ocr_par' dir='ltr' id='par_1_109' title="bbox 257 5787 664 5848">
     <span class='ocr_line' id='line_1_109' title="bbox 257 5787 664 5848; baseline 0.002 -6"><span class='ocrx_word' id='word_1_767' title='bbox 257 5787 450 5848; x_wconf 79' lang='lat' dir='ltr'><strong>modo</strong></span> <span class='ocrx_word' id='word_1_768' title='bbox 470 5789 664 5843; x_wconf 86' lang='lat' dir='ltr'><strong>citatis.</strong></span> 
     </span>
    </p>
   </div>
   <div class='ocr_carea' id='block_1_110' title="bbox 1968 4672 3560 4746">
    <p class='ocr_par' dir='ltr' id='par_1_110' title="bbox 1968 4672 3560 4746">
     <span class='ocr_line' id='line_1_110' title="bbox 1968 4672 3560 4746; baseline -0.003 -18"><span class='ocrx_word' id='word_1_769' title='bbox 1968 4677 2284 4746; x_wconf 87' lang='lat' dir='ltr'><strong>probantur.</strong></span> <span class='ocrx_word' id='word_1_770' title='bbox 2313 4679 2381 4728; x_wconf 83' lang='lat' dir='ltr'><strong>At</strong></span> <span class='ocrx_word' id='word_1_771' title='bbox 2407 4691 2527 4745; x_wconf 81' lang='lat' dir='ltr'><strong>qua:</strong></span> <span class='ocrx_word' id='word_1_772' title='bbox 2560 4674 2627 4728; x_wconf 91' lang='lat' dir='ltr'><strong>de</strong></span> <span class='ocrx_word' id='word_1_773' title='bbox 2652 4673 2924 4744; x_wconf 87' lang='lat' dir='ltr'><strong>Cypriane</strong></span> <span class='ocrx_word' id='word_1_774' title='bbox 2969 4672 3167 4740; x_wconf 72' lang='lat' dir='ltr'><strong>smpius</strong></span> <span class='ocrx_word' id='word_1_775' title='bbox 3201 4678 3560 4738; x_wconf 87' lang='lat' dir='ltr'><strong>ostentantur,</strong></span> 
     </span>
    </p>
   </div>
   <div class='ocr_carea' id='block_1_111' title="bbox 1972 4766 3558 4839">
    <p class='ocr_par' dir='ltr' id='par_1_111' title="bbox 1972 4766 3558 4839">
     <span class='ocr_line' id='line_1_111' title="bbox 1972 4766 3558 4839; baseline -0.003 -15"><span class='ocrx_word' id='word_1_776' title='bbox 1972 4780 2244 4839; x_wconf 85' lang='lat' dir='ltr'><strong>tamquam</strong></span> <span class='ocrx_word' id='word_1_777' title='bbox 2279 4769 2420 4823; x_wconf 87' lang='lat' dir='ltr'><strong>inter</strong></span> <span class='ocrx_word' id='word_1_778' title='bbox 2449 4769 2704 4824; x_wconf 78' lang='lat' dir='ltr'><strong>Ecclesia:</strong></span> <span class='ocrx_word' id='word_1_779' title='bbox 2728 4767 2979 4821; x_wconf 88' lang='lat' dir='ltr'><strong>doctores</strong></span> <span class='ocrx_word' id='word_1_780' title='bbox 3010 4781 3072 4820; x_wconf 91' lang='lat' dir='ltr'><strong>ac</strong></span> <span class='ocrx_word' id='word_1_781' title='bbox 3114 4769 3398 4836; x_wconf 82' lang='lat' dir='ltr'><strong>magistros</strong></span> <span class='ocrx_word' id='word_1_782' title='bbox 3447 4766 3558 4835; x_wconf 90' lang='lat' dir='ltr'><strong>pri-</strong></span> 
     </span>
    </p>
   </div>
   <div class='ocr_carea' id='block_1_112' title="bbox 1972 4857 3557 4931">
    <p class='ocr_par' dir='ltr' id='par_1_112' title="bbox 1972 4857 3557 4931">
     <span class='ocr_line' id='line_1_112' title="bbox 1972 4857 3557 4931; baseline -0.002 -15"><span class='ocrx_word' id='word_1_783' title='bbox 1972 4870 2169 4916; x_wconf 85' lang='lat' dir='ltr'><strong>matum</strong></span> <span class='ocrx_word' id='word_1_784' title='bbox 2225 4862 2537 4925; x_wconf 84' lang='lat' dir='ltr'><strong>obtinente,</strong></span> <span class='ocrx_word' id='word_1_785' title='bbox 2595 4861 2686 4931; x_wconf 90' lang='lat' dir='ltr'><strong>qui</strong></span> <span class='ocrx_word' id='word_1_786' title='bbox 2730 4859 2930 4930; x_wconf 82' lang='lat' dir='ltr'><strong>ingenii</strong></span> <span class='ocrx_word' id='word_1_787' title='bbox 2976 4860 3320 4923; x_wconf 86' lang='lat' dir='ltr'><strong>sublimitate,</strong></span> <span class='ocrx_word' id='word_1_788' title='bbox 3366 4857 3557 4928; x_wconf 81' lang='lat' dir='ltr'><strong>jutlicii</strong></span> 
     </span>
    </p>
   </div>
   <div class='ocr_carea' id='block_1_113' title="bbox 1971 4952 3556 5024">
    <p class='ocr_par' dir='ltr' id='par_1_113' title="bbox 1971 4952 3556 5024">
     <span class='ocr_line' id='line_1_113' title="bbox 1971 4952 3556 5024; baseline -0.002 -16"><span class='ocrx_word' id='word_1_789' title='bbox 1971 4955 2298 5020; x_wconf 82' lang='lat' dir='ltr'><strong>tnaturitate,</strong></span> <span class='ocrx_word' id='word_1_790' title='bbox 2358 4954 2571 5008; x_wconf 87' lang='lat' dir='ltr'><strong>dicendi</strong></span> <span class='ocrx_word' id='word_1_791' title='bbox 2623 4955 2918 5024; x_wconf 85' lang='lat' dir='ltr'><strong>elegantia,</strong></span> <span class='ocrx_word' id='word_1_792' title='bbox 2980 4953 3239 5009; x_wconf 79' lang='lat' dir='ltr'><strong>doctrina:</strong></span> <span class='ocrx_word' id='word_1_793' title='bbox 3302 4952 3556 5024; x_wconf 87' lang='lat' dir='ltr'><strong>puritate,</strong></span> 
     </span>
    </p>
   </div>
   <div class='ocr_carea' id='block_1_114' title="bbox 1970 5043 3558 5117">
    <p class='ocr_par' dir='ltr' id='par_1_114' title="bbox 1970 5043 3558 5117">
     <span class='ocr_line' id='line_1_114' title="bbox 1970 5043 3558 5117; baseline -0.003 -15"><span class='ocrx_word' id='word_1_794' title='bbox 1970 5047 2678 5117; x_wconf 87' lang='lat' dir='ltr'><strong>eruditionisamplitudine,</strong></span> <span class='ocrx_word' id='word_1_795' title='bbox 2709 5046 2922 5102; x_wconf 91' lang='lat' dir='ltr'><strong>demum</strong></span> <span class='ocrx_word' id='word_1_796' title='bbox 2957 5046 3242 5113; x_wconf 87' lang='lat' dir='ltr'><strong>charitate,</strong></span> <span class='ocrx_word' id='word_1_797' title='bbox 3279 5043 3558 5114; x_wconf 87' lang='lat' dir='ltr'><strong>patientia,</strong></span> 
     </span>
    </p>
   </div>
   <div class='ocr_carea' id='block_1_115' title="bbox 1972 5138 3556 5209">
    <p class='ocr_par' dir='ltr' id='par_1_115' title="bbox 1972 5138 3556 5209">
     <span class='ocr_line' id='line_1_115' title="bbox 1972 5138 3556 5209; baseline 0 -17"><span class='ocrx_word' id='word_1_798' title='bbox 1972 5140 2185 5209; x_wconf 86' lang='lat' dir='ltr'><strong>pietate,</strong></span> <span class='ocrx_word' id='word_1_799' title='bbox 2213 5141 2530 5209; x_wconf 68' lang='lat' dir='ltr'><strong>caeterisque</strong></span> <span class='ocrx_word' id='word_1_800' title='bbox 2574 5140 2736 5194; x_wconf 89' lang='lat' dir='ltr'><strong>animi</strong></span> <span class='ocrx_word' id='word_1_801' title='bbox 2786 5139 3001 5193; x_wconf 89' lang='lat' dir='ltr'><strong>dotibus</strong></span> <span class='ocrx_word' id='word_1_802' title='bbox 3043 5154 3106 5192; x_wconf 90' lang='lat' dir='ltr'><strong>ac</strong></span> <span class='ocrx_word' id='word_1_803' title='bbox 3153 5138 3438 5192; x_wconf 90' lang='lat' dir='ltr'><strong>virtutibus</strong></span> <span class='ocrx_word' id='word_1_804' title='bbox 3469 5138 3556 5192; x_wconf 81' lang='lat' dir='ltr'><strong>vix</strong></span> 
     </span>
    </p>
   </div>
   <div class='ocr_carea' id='block_1_116' title="bbox 1973 5230 3557 5303">
    <p class='ocr_par' dir='ltr' id='par_1_116' title="bbox 1973 5230 3557 5303">
     <span class='ocr_line' id='line_1_116' title="bbox 1973 5230 3557 5303; baseline -0.001 -18"><span class='ocrx_word' id='word_1_805' title='bbox 1973 5231 2066 5285; x_wconf 90' lang='lat' dir='ltr'><strong>ulli</strong></span> <span class='ocrx_word' id='word_1_806' title='bbox 2096 5233 2394 5300; x_wconf 89' lang='lat' dir='ltr'><strong>comparari</strong></span> <span class='ocrx_word' id='word_1_807' title='bbox 2445 5233 2648 5300; x_wconf 84' lang='lat' dir='ltr'><strong>possit;</strong></span> <span class='ocrx_word' id='word_1_808' title='bbox 2681 5231 2768 5302; x_wconf 92' lang='lat' dir='ltr'><strong>qui</strong></span> <span class='ocrx_word' id='word_1_809' title='bbox 2827 5231 2902 5284; x_wconf 94' lang='lat' dir='ltr'><strong>nil</strong></span> <span class='ocrx_word' id='word_1_810' title='bbox 2935 5231 3037 5285; x_wconf 90' lang='lat' dir='ltr'><strong>nisi</strong></span> <span class='ocrx_word' id='word_1_811' title='bbox 3078 5243 3262 5286; x_wconf 89' lang='lat' dir='ltr'><strong>sancte</strong></span> <span class='ocrx_word' id='word_1_812' title='bbox 3308 5230 3557 5303; x_wconf 77' lang='lat' dir='ltr'><strong>gesserit,</strong></span> 
     </span>
    </p>
   </div>
   <div class='ocr_carea' id='block_1_117' title="bbox 2046 5362 3562 5435">
    <p class='ocr_par' dir='ltr' id='par_1_117' title="bbox 2046 5362 3562 5435">
     <span class='ocr_line' id='line_1_117' title="bbox 2046 5362 3562 5435; baseline 0 -18"><span class='ocrx_word' id='word_1_813' title='bbox 2046 5362 2124 5435; x_wconf 68' lang='grc'><strong>(4)</strong></span> <span class='ocrx_word' id='word_1_814' title='bbox 2150 5363 2257 5416; x_wconf 83' lang='lat' dir='ltr'><strong>Hac</strong></span> <span class='ocrx_word' id='word_1_815' title='bbox 2305 5366 2354 5418; x_wconf 92' lang='lat' dir='ltr'><strong>in</strong></span> <span class='ocrx_word' id='word_1_816' title='bbox 2407 5380 2497 5430; x_wconf 90' lang='lat' dir='ltr'><strong>re,</strong></span> <span class='ocrx_word' id='word_1_817' title='bbox 2537 5365 2756 5420; x_wconf 89' lang='lat' dir='ltr'><strong>consule</strong></span> <span class='ocrx_word' id='word_1_818' title='bbox 2801 5380 2911 5434; x_wconf 73' lang='lat' dir='ltr'><strong>pra:</strong></span> <span class='ocrx_word' id='word_1_819' title='bbox 2936 5365 3147 5420; x_wconf 68' lang='lat' dir='ltr'><strong>cteteris</strong></span> <span class='ocrx_word' id='word_1_820' title='bbox 3178 5363 3472 5419; x_wconf 87' lang='lat' dir='ltr'><strong>Lannoimn</strong></span> <span class='ocrx_word' id='word_1_821' title='bbox 3506 5362 3562 5417; x_wconf 90' lang='lat' dir='ltr'><strong>in</strong></span> 
     </span>
    </p>
   </div>
   <div class='ocr_carea' id='block_1_118' title="bbox 1973 5435 3561 5506">
    <p class='ocr_par' dir='ltr' id='par_1_118' title="bbox 1973 5435 3561 5506">
     <span class='ocr_line' id='line_1_118' title="bbox 1973 5435 3561 5506; baseline -0.001 -17"><span class='ocrx_word' id='word_1_822' title='bbox 1973 5448 2129 5504; x_wconf 73' lang='lat' dir='ltr'><strong>epISt.</strong></span> <span class='ocrx_word' id='word_1_823' title='bbox 2159 5435 2224 5506; x_wconf 85' lang='lat' dir='ltr'><strong>ad</strong></span> <span class='ocrx_word' id='word_1_824' title='bbox 2255 5435 2599 5506; x_wconf 84' lang='lat' dir='ltr'><strong>Beuilaqnam</strong></span> <span class='ocrx_word' id='word_1_825' title='bbox 2631 5437 2716 5491; x_wconf 77' lang='grc'><strong>15.</strong></span> <span class='ocrx_word' id='word_1_826' title='bbox 2752 5446 2900 5506; x_wconf 83' lang='lat' dir='ltr'><strong>parte</strong></span> <span class='ocrx_word' id='word_1_827' title='bbox 2924 5440 2975 5491; x_wconf 85' lang='lat'><strong>8.</strong></span> <span class='ocrx_word' id='word_1_828' title='bbox 3003 5439 3221 5506; x_wconf 87' lang='lat' dir='ltr'><strong>epistol.</strong></span> <span class='ocrx_word' id='word_1_829' title='bbox 3252 5435 3380 5489; x_wconf 87' lang='lat' dir='ltr'><strong>edit.</strong></span> <span class='ocrx_word' id='word_1_830' title='bbox 3416 5435 3561 5490; x_wconf 88' lang='lat' dir='ltr'><strong>Can-</strong></span> 
     </span>
    </p>
   </div>
   <div class='ocr_carea' id='block_1_119' title="bbox 1973 5505 3562 5576">
    <p class='ocr_par' dir='ltr' id='par_1_119' title="bbox 1973 5505 3562 5576">
     <span class='ocr_line' id='line_1_119' title="bbox 1973 5505 3562 5576; baseline 0.001 -17"><span class='ocrx_word' id='word_1_831' title='bbox 1973 5508 2109 5560; x_wconf 85' lang='lat' dir='ltr'><strong>tabr.</strong></span> <span class='ocrx_word' id='word_1_832' title='bbox 2141 5505 2278 5560; x_wconf 82' lang='lat' dir='ltr'><strong>l689</strong></span> <span class='ocrx_word' id='word_1_833' title='bbox 2309 5524 2323 5569; x_wconf 84' lang='lat'><strong>;</strong></span> <span class='ocrx_word' id='word_1_834' title='bbox 2354 5505 2478 5562; x_wconf 88' lang='lat' dir='ltr'><strong>item</strong></span> <span class='ocrx_word' id='word_1_835' title='bbox 2538 5508 2597 5562; x_wconf 82' lang='lat' dir='ltr'><strong>P.</strong></span> <span class='ocrx_word' id='word_1_836' title='bbox 2642 5505 2890 5563; x_wconf 69' lang='lat' dir='ltr'><strong>GerSinm</strong></span> <span class='ocrx_word' id='word_1_837' title='bbox 2952 5509 3004 5560; x_wconf 93' lang='lat' dir='ltr'><strong>in</strong></span> <span class='ocrx_word' id='word_1_838' title='bbox 3042 5505 3156 5560; x_wconf 31' lang='lat' dir='ltr'><strong>&#39;vita</strong></span> <span class='ocrx_word' id='word_1_839' title='bbox 3216 5507 3272 5561; x_wconf 87' lang='lat' dir='ltr'><strong>S.</strong></span> <span class='ocrx_word' id='word_1_840' title='bbox 3307 5507 3562 5576; x_wconf 85' lang='lat' dir='ltr'><strong>Cypriani</strong></span> 
     </span>
    </p>
   </div>
   <div class='ocr_carea' id='block_1_120' title="bbox 1971 5577 3564 5650">
    <p class='ocr_par' dir='ltr' id='par_1_120' title="bbox 1971 5577 3564 5650">
     <span class='ocr_line' id='line_1_120' title="bbox 1971 5577 3564 5650; baseline -0.001 -19"><span class='ocrx_word' id='word_1_841' title='bbox 1971 5578 2473 5650; x_wconf 15' lang='lat' dir='ltr'><strong>Gallicoridiomate</strong></span> <span class='ocrx_word' id='word_1_842' title='bbox 2513 5581 2654 5650; x_wconf 91' lang='lat' dir='ltr'><strong>typis</strong></span> <span class='ocrx_word' id='word_1_843' title='bbox 2696 5581 2940 5632; x_wconf 86' lang='lat' dir='ltr'><strong>mandata</strong></span> <span class='ocrx_word' id='word_1_844' title='bbox 2989 5577 3401 5650; x_wconf 14' lang='lat' dir='ltr'><strong>Parisiisrl7i7.</strong></span> <span class='ocrx_word' id='word_1_845' title='bbox 3433 5579 3564 5630; x_wconf 78' lang='lat' dir='ltr'><strong>item</strong></span> 
     </span>
    </p>
   </div>
   <div class='ocr_carea' id='block_1_121' title="bbox 1972 5647 3570 5720">
    <p class='ocr_par' dir='ltr' id='par_1_121' title="bbox 1972 5647 3570 5720">
     <span class='ocr_line' id='line_1_121' title="bbox 1972 5647 3570 5720; baseline -0.001 -19"><span class='ocrx_word' id='word_1_846' title='bbox 1972 5647 2407 5720; x_wconf 10' lang='lat' dir='ltr'><strong>I_).7Lombcrtum</strong></span> <span class='ocrx_word' id='word_1_847' title='bbox 2450 5652 2499 5704; x_wconf 92' lang='lat' dir='ltr'><strong>in</strong></span> <span class='ocrx_word' id='word_1_848' title='bbox 2536 5647 2756 5719; x_wconf 66' lang='lat' dir='ltr'><strong>puniat.</strong></span> <span class='ocrx_word' id='word_1_849' title='bbox 2787 5653 2967 5719; x_wconf 90' lang='lat' dir='ltr'><strong>operis</strong></span> <span class='ocrx_word' id='word_1_850' title='bbox 3014 5649 3189 5720; x_wconf 82' lang='lat' dir='ltr'><strong>gallici</strong></span> <span class='ocrx_word' id='word_1_851' title='bbox 3223 5649 3464 5720; x_wconf 71' lang='lat' dir='ltr'><strong>inscripti</strong></span> <span class='ocrx_word' id='word_1_852' title='bbox 3497 5649 3570 5701; x_wconf 86' lang='lat' dir='ltr'><strong>les</strong></span> 
     </span>
    </p>
   </div>
   <div class='ocr_carea' id='block_1_122' title="bbox 1970 5718 3574 5848">
    <p class='ocr_par' dir='ltr' id='par_1_122' title="bbox 1970 5718 3574 5848">
     <span class='ocr_line' id='line_1_122' title="bbox 1970 5718 3574 5848; baseline -0.001 -74"><span class='ocrx_word' id='word_1_853' title='bbox 1970 5718 2275 5848; x_wconf 48' lang='lat' dir='ltr'><strong>OEuvrie;</strong></span> <span class='ocrx_word' id='word_1_854' title='bbox 2295 5721 2354 5776; x_wconf 89' lang='lat' dir='ltr'><strong>S.</strong></span> <span class='ocrx_word' id='word_1_855' title='bbox 2374 5718 2594 5793; x_wconf 74' lang='lat' dir='ltr'><strong>Cyprién</strong></span> <span class='ocrx_word' id='word_1_856' title='bbox 2622 5718 2872 5780; x_wconf 73' lang='lat' dir='ltr'><strong>traduitcs</strong></span> <span class='ocrx_word' id='word_1_857' title='bbox 2891 5737 2951 5776; x_wconf 80' lang='lat' dir='ltr'><strong>cu</strong></span> <span class='ocrx_word' id='word_1_858' title='bbox 2979 5718 3223 5792; x_wconf 68' lang='lat' dir='ltr'><strong>francius,</strong></span> <span class='ocrx_word' id='word_1_859' title='bbox 3247 5719 3379 5774; x_wconf 86' lang='lat' dir='ltr'><strong>edit.</strong></span> <span class='ocrx_word' id='word_1_860' title='bbox 3400 5718 3574 5776; x_wconf 63' lang='lat' dir='ltr'><strong>lioto-</strong></span> 
     </span>
     <span class='ocr_line' id='line_1_123' title="bbox 1970 5806 2286 5848; baseline 0 -2"><span class='ocrx_word' id='word_1_861' title='bbox 1970 5806 2106 5848; x_wconf 75' lang='lat' dir='ltr'><strong>maa.</strong></span> <span class='ocrx_word' id='word_1_862' title='bbox 2277 5835 2286 5846; x_wconf 94' lang='lat'><strong>.</strong></span> 
     </span>
    </p>
   </div>
   <div class='ocr_carea' id='block_1_123' title="bbox 1967 5806 2286 5862">
    <p class='ocr_par' dir='ltr' id='par_1_123' title="bbox 1967 5806 2286 5862">
     <span class='ocr_line' id='line_1_124' title="bbox 1967 5806 2286 5862; baseline 0 -16"><span class='ocrx_word' id='word_1_863' title='bbox 1967 5806 2106 5862; x_wconf 90' lang='lat' dir='ltr'><strong>mag.</strong></span> <span class='ocrx_word' id='word_1_864' title='bbox 2131 5806 2157 5848; x_wconf 75' lang='grc' dir='ltr'><strong>ι</strong></span> <span class='ocrx_word' id='word_1_865' title='bbox 2175 5806 2286 5848; x_wconf 78' lang='lat' dir='ltr'><strong>uo.</strong></span> 
     </span>
    </p>
   </div>
  </div>
