4116 6258
649 287 787 345 1279

1620 293 2172 356 DISSERTA’I‘IONIS
2229 296 3031 358 lllSTORICO-DOGMATICE
3099 302 3110 368 ἒ

3780 298 3902 357 I280

647 407 722 463 nil
747 406 847 465 nisi
870 415 1016 465 recte
1041 406 1307 473 docuerit,
1336 409 1469 466 adeo
1487 418 1543 465 ut
1576 429 1593 462 ε
1627 412 1696 467 ab
1724 411 1828 466 illis
1855 413 2014 468 etiam
2061 414 2227 470 levis.
2257 416 2307 477 Α
2333 428 2381 471 et
2415 417 2614 489 Martyr
2650 419 2896 474 traduites
2932 436 2992 474 en
3032 420 3280 491 francais,
3327 420 3464 475 hanc
3513 420 3761 493 Cypriani
3799 420 3879 491 epi

647 503 799 560 simis
827 502 1103 557 erroribus
1131 503 1385 559 immunis
1415 506 1672 572 extiterit,
1700 508 1789 577 qui
1827 508 2013 578 primis
2040 509 2228 566 Eccle-

647 598 741 653 site
799 596 1044 652 Patribus
1094 612 1407 655 communes
1467 600 1699 667 fuerunt,
1731 620 1750 652 ι
1806 601 1883 673 (l)
1932 613 1986 657 et
2024 603 2124 656 alia
2180 605 2231 658 id

649 706 818 764 genus
851 691 1134 762 permulta,
1168 709 1289 763 qua:
1318 695 1401 748 vix
1446 694 1498 749 in
1533 696 1883 766 hyperbolico
1908 698 2233 769 panegyrico

650 784 1028 851 tolerarentur,
1056 787 1177 855 quia
1208 785 1369 840 nimia
1398 796 1451 841 et
1491 787 1842 843 redundantia
1892 789 2232 845 stomachum

647 889 884 945 movent,
915 880 1103 951 frigide
1153 881 1511 951 excipiuntur,
1543 882 1743 937 insulsa
1774 882 2047 951 videnlur,
2083 900 2235 955 sper-

649 986 849 1027 nuntur
875 982 929 1028 et
965 972 1279 1029 irridentur.
1312 975 1386 1029 lta
1430 976 1643 1045 plurimi
1698 976 2106 1042 ratiocinantur,
2145 979 2235 1050 qui

650 1068 751 1123 etsi
781 1067 919 1123 bene
967 1069 1140 1123 sciam
1165 1069 1297 1124 nulli
1330 1070 1536 1124 facilius
1563 1071 1773 1125 veniam
1801 1072 2045 1135 concedi,
2076 1089 2234 1143 quam

652 1160 727 1217 illi
758 1162 847 1230 qui
866 1161 932 1217 de
958 1161 1138 1217 nimiis
1165 1178 1291 1234 erga
1312 1177 1408 1217 nos
1436 1163 1685 1219 laudibus
1711 1178 2015 1230 accusatur,
2048 1168 2098 1221 in
2133 1169 2237 1223 illis

651 1260 827 1308 tamen
858 1252 1215 1323 rependendis
1256 1253 1472 1310 modum
1525 1270 1556 1309 a
1606 1256 1822 1313 nemine
1868 1258 2236 1315 excedendum

652 1362 772 1404 esse
802 1356 1006 1417 putant.

724 1440 921 1496 Verum
967 1440 1223 1511 quidquid
1256 1443 1324 1495 sit
1346 1440 1414 1497 de
1463 1443 1583 1508 hoc,
1619 1443 1762 1511 quod
1804 1446 2094 1503 neotericis
2136 1464 2238 1505 no-

650 1532 777 1589 stris
800 1533 1049 1600 inuritur,
1076 1533 1224 1598 vitio,
1246 1534 1603 1589 fateriomnes
1625 1534 1883 1591 debemus
1916 1538 1988 1592 nil
2010 1539 2078 1593 ab
2109 1541 2241 1610 ipsis

650 1628 1093 1699 praetermissum,
1122 1644 1227 1700 quo
1253 1629 1515 1684 lectorum
1560 1630 1768 1686 animos
1798 1632 1862 1686 ad
1894 1648 1956 1688 ea
1988 1649 2240 1705 compro-

655 1722 831 1779 banda
859 1723 1204 1792 disponerent
1237 1732 1292 1778 et
1335 1724 1673 1788 inclinarent,
1699 1740 1818 1796 qua:
1866 1742 1961 1796 pro
1989 1728 2243 1800 Cypriani

2336 511 2523 565 stolam
2555 512 2972 583 magnanimitate
2995 527 3060 566 ac
3085 511 3314 567 libertate
3334 513 3622 583 episcopali
3660 511 3790 567 adeo
3827 511 3905 566 di-

2335 618 2491 673 gnam
2513 605 2738 668 censuit,
2789 613 2846 658 ut
2883 605 2950 658 ab
2980 606 3276 675 Augustino
3328 605 3515 661 laudes
3546 606 3900 676 promeruisse

2338 696 2509 751 tradat
2546 715 2558 750 :
2600 712 2662 752 ea
2709 698 2849 752 enim
2891 698 3111 753 recitata
3163 700 3394 769 erumpit
3442 700 3492 755 in
3548 701 3663 756 haec
3708 699 3905 755 verba:

2344 808 2363 843 ε
2397 790 2485 845 Sic
2536 790 2702 845 libere
2743 790 2802 845 S.
2840 790 3141 863 Cyprianus
3182 807 3243 847 ac
3283 807 3544 862 generose
3591 807 3742 847 suam
3778 796 3905 847 circa

2337 882 2663 950 Baptismmn
2685 882 2987 953 opinionem
3031 895 3214 939 contra
3263 899 3447 953 papam
3476 884 3804 952 Stephanum
3827 886 3909 940 de-

2339 975 2529 1039 fendit,
2558 975 2625 1031 de
2650 991 2755 1045 quo
2774 992 2803 1030 a
2822 976 2878 1031 S.
2896 977 3193 1047 Augustino
3219 976 3483 1042 laudatur,
3510 998 3528 1031 ι
3549 978 3691 1033 unde
3718 979 3790 1032 ttil
3820 979 3909 1032 mi-

2338 1085 2480 1134 rum,
2511 1070 2552 1123 si
2582 1072 2776 1139 smpius
2803 1071 3030 1125 inculcat
3060 1070 3380 1140 Cyprianum
3407 1071 3457 1125 in
3491 1070 3593 1125 hac
3617 1070 3687 1125 de
3708 1071 3907 1141 Baptis-

2341 1176 2429 1215 mo
2454 1162 2849 1217 eoncertatione
2883 1181 2902 1214 ι
2939 1162 3166 1216 maxime
3211 1161 3594 1217 moderationis
3620 1164 3901 1233 specimina

2341 1268 2557 1324 semper
2615 1252 2847 1309 dedisse.
2890 1274 2909 1306 ι
2961 1253 3320 1308 Emnneratos
3371 1254 3630 1310 hactenus
3675 1252 3911 1326 Cypriani

2343 1347 2580 1402 vindices
2627 1346 2896 1416 superavit
2921 1346 2983 1400 Ρ.
3011 1344 3322 1401 Gervasius.
3375 1348 3588 1403 Etenim
3633 1348 3690 1402 in
3731 1354 3830 1402 vita
3857 1349 3911 1404 S.

2345 1440 2611 1512 Cypriani,
2635 1456 2792 1510 quam
2808 1440 3001 1511 gallico
3027 1440 3302 1505 idiomate,
3335 1456 3591 1512 supresso
3615 1452 3800 1498 tamen
3830 1459 3916 1497 no-

2344 1534 2510 1597 mine,
2544 1533 2729 1599 edidit,
2763 1532 3109 1599 excellentem,
3131 1542 3287 1587 vocat
3317 1550 3475 1604 quam
3510 1534 3576 1589 ad
3621 1534 3919 1605 Pompeium

2345 1626 2643 1699 Cyprianus
2687 1629 2902 1698 scripsit
2947 1627 3250 1698 epistolam,
3285 1629 3337 1683 in
3381 1645 3483 1699 qua
3525 1630 3704 1685 elucet
3740 1650 3758 1682 ι
3792 1631 3921 1702 vigor

2347 1736 2472 1776 vere
2507 1721 2832 1791 apostolicus
2856 1719 2936 1793 (8)
2963 1738 2977 1785 ;
3012 1730 3321 1792 tantamque
3352 1724 3404 1778 in
3426 1724 3511 1778 illa
3538 1725 3851 1779 unctionem
3873 1742 3923 1781 ac

653 1815 971 1873 defensione
995 1818 1157 1873 etiam
1200 1817 1473 1873 levissime
1511 1819 1998 1889 suppeditarentur.
2042 1823 2232 1879 Lecto-

2357 1814 2761 1871 noderationem
2808 1815 3153 1873 christianam
3176 1859 3190 1883 ,
3222 1816 3337 1871 sive
3365 1831 3426 1872 se
3456 1817 3632 1887 ipsum
3689 1818 3926 1873 defendat

650 1926 768 1967 rum
798 1912 957 1980 igitur
979 1912 1175 1966 animis
1195 1912 1272 1967 sic
1294 1928 1418 1983 erga
1436 1910 1761 1984 Cyprianum
1790 1915 2062 1985 dispositis
2085 1930 2139 1973 et
2161 1919 2241 1973 af-

652 2002 826 2068 fectis,
846 2018 957 2056 rem
991 2003 1157 2072 ipsam
1180 2004 1447 2074 attingunt
1474 2005 1731 2061 neoterici
1753 2022 1886 2077 quos
1911 2018 2236 2077 spectamus,

653 2106 815 2168 atque
838 2094 1088 2168 Cypriani
1116 2097 1373 2153 adversus
1398 2099 1730 2167 Stephanum
1762 2102 1951 2172 agendi
1979 2106 2239 2161 rationem

652 2189 925 2246 vindicare
948 2190 1123 2245 modis
1152 2191 1401 2247 omnibus
1427 2207 1489 2247 ac
1515 2192 1807 2250 defendere
1835 2197 2241 2267 aggrediuntur.

728 2280 1012 2337 Videamus
1048 2296 1189 2337 nunc
1229 2283 1442 2338 tandem
1472 2285 1598 2352 quid
1644 2301 1740 2355 pro
1796 2288 1939 2342 illius
1991 2287 2242 2361 Cypriani

655 2375 968 2434 defensione
1025 2375 1346 2448 protulerint
1386 2379 1638 2434 neoterici
1680 2381 1868 2435 nostri.
1911 2380 2243 2453 Fleuriacus,

655 2470 811 2527 sicuti
847 2486 1000 2525 suum
1033 2471 1085 2525 in
1116 2471 1470 2528 describenda
1510 2471 1768 2543 Stephani
1820 2477 2078 2548 martyrio
2105 2478 2246 2533 cala-

656 2580 803 2621 mum
840 2563 910 2620 ita
954 2563 1261 2620 moderatus
1285 2576 1387 2633 est,
1420 2575 1479 2621 ut
1507 2576 1713 2622 tantum
1750 2569 2051 2625 traditionis
2079 2572 2249 2627 vindi-

660 2670 777 2713 cem
828 2657 945 2713 sine
986 2658 1206 2713 minima
1249 2659 1408 2716 laude
1460 2662 1779 2716 morientem
1828 2662 2125 2732 dimiserit,
2179 2667 2250 2721 ita

659 2751 891 2821 seipsum
917 2750 1052 2806 adeo
1085 2753 1397 2822 temperavit
1424 2753 1474 2807 in
1510 2754 1607 2808 hac
1630 2755 1877 2825 Cypriani
1901 2757 2130 2824 epistola
2164 2775 2251 2814 re-

660 2841 901 2916 ferenda,
940 2854 995 2899 ut
1022 2846 1151 2900 satis
1192 2861 1457 2917 superque
1500 2846 1745 2902 habuerit
1771 2863 2015 2904 asserere
2040 2849 2253 2922 Cypria-

661 2954 792 2996 num
835 2939 887 2993 in
927 2941 1025 2995 hac
1053 2939 1275 3010 epistola
1310 2957 1624 3010 reSponsum
1672 2943 2009 2999 refutandum
2048 2960 2254 3001 assum-

661 3032 836 3105 psisse
855 3031 953 3104 (2).
1001 3032 1069 3087 Et
1096 3048 1280 3089 revera
1308 3034 1439 3089 nihil
1460 3036 1509 3089 in
1541 3051 1602 3090 ea
1633 3033 1885 3108 Cypriani
1916 3036 2140 3104 epiStola
2172 3038 2257 3094 vel

664 3127 925 3197 tantisper
953 3143 979 3179 a
1006 3126 1264 3184 charitate
1306 3132 1540 3186 alienum
1569 3146 1628 3187 se
1654 3133 2077 3201 deprehendisse
2102 3136 2257 3189 nobis

2342 1906 2641 1979 Cyprianus
2680 1908 2795 1963 sive
2822 1923 2975 1964 suum
3016 1910 3357 1981 aggrediatur
3396 1920 3486 1964 aut
3518 1909 3721 1965 refutet
3752 1912 3927 1967 adver-

2344 2000 2567 2067 sarium,
2599 2001 2824 2057 inveniri
2874 2004 3184 2069 contendit,
3251 2014 3308 2058 ut
3351 2005 3503 2059 fateri
3556 2020 3749 2060 omnes
3784 2021 3930 2076 opor-

2347 2101 2457 2147 teat
2503 2092 2755 2149 Ecclesia:
2805 2094 3018 2165 juribus
3072 2097 3240 2167 magis
3289 2112 3448 2167 quam
3508 2098 3739 2167 propriis
3784 2099 3929 2153 illum

2348 2183 2642 2241 intendisse
2691 2186 2815 2257 (9);
2861 2189 3140 2243 recensitis
3189 2188 3333 2243 enim
3378 2188 3442 2244 iis
3494 2190 3737 2244 omnibus
3772 2206 3926 2260 qam,

2351 2286 2409 2332 ut
2458 2293 2616 2349 supra
2671 2280 2931 2347 vidimus,
2986 2281 3038 2336 in
3086 2282 3411 2353 Stephanum
3462 2282 3790 2353 Cyprianus,
3845 2284 3930 2338 ef-

2352 2372 2513 2441 futiit,
2563 2373 3013 2430 exclamabuttdus
3048 2375 3124 2431 ait
3152 2392 3167 2429 :
3200 2394 3219 2428 ι
3252 2374 3335 2430 En
3378 2376 3679 2447 prmclarus
3704 2375 3937 2445 profecto

2351 2466 2512 2521 ardor
2532 2482 2595 2521 ac
2627 2467 2778 2523 valde
2798 2468 3119 2539 spiritualis;
3144 2470 3195 2524 in
3211 2470 3413 2525 sanctis
3441 2470 3545 2524 illis
3575 2470 3753 2525 animi
3779 2472 3945 2541 impe~

2354 2561 2497 2616 tibus
2524 2561 2861 2632 dignoscitur
2915 2578 3009 2617 eor
3048 2564 3247 2618 amoris
3272 2562 3439 2618 divini
3469 2563 3710 2618 flammis
3740 2567 3949 2634 penitus

2354 2673 2659 2725 accensum,
2686 2674 2749 2714 ac
2770 2659 2899 2714 nihil
2918 2659 3059 2714 aliud
3080 2662 3293 2730 spirans
3317 2675 3475 2730 quam
3505 2660 3711 2715 domus
3741 2660 3949 2715 Domini

2355 2750 2574 2821 gloriam
2606 2766 2668 2805 ac
2713 2749 3163 2821 pulchritudinem
3204 2750 3343 2822 (10).
3386 2769 3405 2802 ι

2431 2843 2650 2897 Demum
2699 2844 3070 2913 praetermissis
3123 2844 3245 2898 aliis
3303 2843 3577 2898 nonnullis
3634 2844 3690 2898 id
3744 2848 3959 2915 generis

2359 2935 2728 3005 scriptoribus,
2751 2936 2987 3006 anintts
3017 2937 3067 2989 in
3097 2950 3190 2988 sua
3210 2934 3525 2991 Bibliotheca
3548 2934 3785 3001 Eccles.,
3812 2938 3964 2992 nobis

2360 3030 2625 3099 significat
2657 3028 2873 3083 totidem
2923 3028 3089 3084 fuisse
3113 3030 3389 3093 veritates,
3423 3028 3682 3099 quidquid
3730 3029 3786 3083 in
3831 3030 3970 3084 Ste-

2363 3123 2598 3191 phanum
2624 3121 2922 3192 Cyprianus
2965 3125 3270 3192 congessit;
3311 3123 3475 3175 immo
3508 3123 3779 3183 veritates,
3818 3138 3973 3189 quas

663 3218 944 3290 significat,
972 3222 1183 3291 quando
1216 3224 1377 3279 tradit
1413 3224 1663 3297 Cypriani
1704 3228 1967 3281 sanctitati
1994 3242 2147 3283 suum
2178 3245 2254 3283 er-
2280 3219 2325 3282 C
2362 3217 2635 3288 Stephano
2669 3218 2791 3273 licet
2820 3218 3075 3288 ingratas,
3108 3218 3207 3288 ipsi
3236 3229 3409 3273 tamen
3458 3218 3696 3287 Obiicere
3744 3229 3974 3277 ιειιετθ-

666 3325 842 3367 rorem
873 3314 1173 3370 nullatenus
1202 3316 1457 3382 obfuisse,
1493 3319 1614 3388 quia
1658 3334 1763 3373 non
1798 3320 1972 3374 solum
2003 3321 2257 3376 Ecclesiae

665 3408 945 3474 unitatem,
976 3409 1070 3464 sed
1099 3421 1152 3464 et
1173 3410 1489 3466 charitatem
1534 3411 1588 3466 in
1642 3412 1745 3467 hoc
1794 3414 2006 3483 negotio
2042 3430 2258 3486 semper

666 3512 1078 3557 conservaverat
1100 3500 1203 3572 (5).

735 3598 1014 3654 Fleuriaco
1039 3598 1273 3655 concinit
1296 3599 1584 3663 Launoius,
1608 3599 1694 3670 qtti
1720 3598 1973 3671 Cypriani
1998 3602 2062 3657 ad
2093 3602 2255 3658 Pomo

666 3694 843 3763 peium
889 3694 1168 3763 epistolam
1200 3693 1438 3749 celebrat
1488 3704 1546 3748 ut
1600 3710 1881 3751 neu'osam
1939 3705 1995 3751 et
2020 3698 2251 3763 fortem;

650 3788 755 3844 illa
781 3787 921 3841 enim
951 3788 1112 3842 relata
1154 3806 1169 3843 :
1204 3807 1223 3840 (
1260 3788 1396 3854 haec,
1432 3788 1624 3858 inquit,
1658 3789 1738 3858 (4)
1767 3805 1992 3845 nervose
2029 3802 2083 3846 et
2108 3792 2257 3847 forti-

668 3888 751 3933 ter
775 3878 1044 3949 Stephano
1072 3881 1293 3950 opponit
1322 3879 1657 3951 Cyprianus;
1688 3902 1706 3933 ι
1742 3883 1906 3937 immo
1922 3896 2256 3953 posterorum

665 3973 868 4045 judicio
918 3974 1191 4030 memoriis
1235 3974 1603 4045 dignissimam
1630 3975 1774 4030 illaut
1804 3976 1969 4034 fuisse
1997 3978 2158 4034 tradit
2184 3995 2258 4034 a2-

670 4083 775 4138 que
801 4082 865 4122 ac
886 4065 1180 4121 Firmiliani
1213 4068 1279 4122 ad
1307 4068 1633 4140 Cyprianum
1661 4069 1944 4140 epistolam
1968 4088 1987 4126 :
2026 4091 2044 4125 t
2075 4074 2265 4129 Poste-

671 4163 741 4225 ri,
766 4162 958 4231 inquit,
989 4160 1251 4231 Stephani
1280 4162 1536 4232 epistolas
1559 4165 1834 4219 memorite
1864 4166 2042 4222 minus
2058 4168 2265 4239 dignas,

671 4255 923 4327 Cypriani
946 4271 1069 4311 vero
1090 4267 1145 4309 et
1165 4254 1462 4311 Firmiliani
1491 4257 1747 4326 epistolas
1768 4260 2041 4315 memoriae
2066 4262 2271 4332 dignis-

673 4348 836 4403 simas
881 4348 1308 4419 judicarunus).
1349 4367 1369 4400 ›
1412 4348 1788 4406 Tillemontius
1816 4353 1905 4421 qui
1937 4352 2268 4423 Stephanum

678 4442 836 4497 etiam
858 4442 1243 4497 t'nhttntanilatis
1268 4457 1523 4497 accusare
1544 4458 1651 4497 non
1690 4443 1958 4499 haesitavit
1984 4445 2061 4516 (6)
2084 4449 2267 4505 laesam
2294 4470 2348 4531 υ
2446 4438 2569 4494 θένε
2608 4449 2664 4494 et
2703 4439 2805 4494 alia
2840 4440 3004 4493 multa
3033 4438 3083 4493 id
3130 4454 3319 4510 genus.
3361 4439 3811 4496 novaturienscs
3862 4442 4011 4496 thea-

677 4543 852 4588 tamen
874 4549 904 4588 a
934 4533 1199 4606 Cypriano
1222 4532 1288 4587 ad
1327 4533 1640 4603 Pompeium
1663 4536 1933 4591 scribente
1962 4550 2270 4596 mansuetu-

676 4625 855 4681 dinem
874 4641 936 4680 ac
970 4624 1259 4682 fraternam
1291 4625 1607 4681 charitatem
1646 4626 1867 4683 minime
1892 4627 2061 4686 fuisse
2095 4630 2267 4689 fiden-

678 4727 763 4774 ter
785 4718 1018 4774 aflirmat
1045 4719 1149 4793 (7).

749 4810 1069 4869 Lombertus
1096 4815 1146 4867 in
1178 4830 1270 4869 sua
1297 4815 1610 4887 praefatione
1639 4817 1859 4888 perfixa
1900 4820 2051 4888 operi
2081 4820 2268 4889 gallice

680 4905 966 4977 inscripto:
983 4906 1054 4963 les
1074 4906 1302 4964 Murres
1322 4909 1385 4962 de
1398 4909 1459 4964 S.
1482 4907 1722 4981 Cyprien,
1738 4911 1919 4981 évéque
1933 4912 1996 4966 de
2016 4912 2269 4985 Carthage

754 5065 830 5139 (1)
878 5066 1070 5139 Dupin,
1120 5065 1792 5139 B_‘bliothecltttAAttctornm
1826 5066 2019 5123 Eccles.
2072 5078 2180 5122 tom
2228 5086 2263 5124 ι.

682 5137 804 5210 pag.
849 5139 974 5193 551.
1007 5138 1135 5193 edit.
1168 5137 1336 5191 Paris.
1375 5137 1531 5211 1688.
1574 5137 1634 5193 S.
1668 5138 1885 5210 (.‘yprien
1928 5150 1999 5193 est
2030 5151 2264 5211 exempt,

672 5212 733 5281 je
762 5227 823 5263 ne
869 5210 947 5263 dis
992 5226 1084 5277 pas
1114 5210 1387 5281 settlement
1426 5210 1513 5265 des
1556 5228 1752 5266 errenrs
1796 5211 2091 5281 grossiéres,
2139 5210 2268 5265 maia

682 5285 822 5353 quasi
848 5281 910 5353 de
935 5283 1082 5337 celles
1109 5283 1194 5353 qui
1223 5291 1334 5336 sont
1366 5280 1559 5352 légéres
1610 5295 1655 5336 et
1695 5280 1983 5337 communes
2026 5286 2154 5339 dans
2196 5285 2267 5339 les

682 5352 844 5407 Péres
872 5352 960 5406 des
977 5356 1097 5407 trois
1115 5352 1355 5424 premiers
1374 5354 1569 5409 siécles.

755 5424 837 5562 (2)
862 5425 993 5478 Hist.
1032 5426 1176 5479 Eccl.
1206 5435 1333 5480 tom.
1356 5441 1412 5491 ιι,
1442 5425 1536 5481 lib.
1568 5441 1658 5481 vlt.
1684 5441 1829 5481 num.
1852 5426 1945 5482 28.

780 5498 835 5555 5)
864 5495 995 5549 Ibid.
1027 5512 1172 5551 num.
1195 5497 1285 5552 32.

780 5498 835 5555 5)
864 5495 995 5549 Ibid.
1027 5512 1172 5551 num.
1195 5497 1285 5552 32.

688 5565 841 5691 80(lli)
879 5565 1049 5636 Epist.
1083 5568 1148 5623 ad
1202 5569 1437 5640 Bevilaq.
1472 5568 1557 5635 15,
1601 5576 1750 5640 parte
1787 5569 1840 5625 8.
1883 5570 2106 5640 Epistol.
2142 5587 2261 5644 pag.

761 5709 840 5776 (5)
860 5707 989 5776 Ibid.
1016 5722 1134 5773 pag.
1154 5709 1313 5763 8011.

764 5774 843 5852 ((3')
875 5774 1008 5852 uisi.
1040 5776 1324 5852 Eccl._tom
1354 5796 1429 5845 tv,
1448 5790 1569 5852 yart.
1594 5782 1686 5846 49,
1711 5796 1829 5852 pag.
1858 5783 1980 5841 155.

768 5840 849 5904 (7)
880 5841 1009 5893 Ibid.
1032 5852 1135 5895 art.
1164 5846 1253 5907 47,
1286 5840 1555 5913 pagatim.

2362 3325 2446 3370 tttr
2492 3314 2929 3384 Carthaginensis
2997 3314 3313 3385 episcopus,
3368 3323 3423 3369 et
3471 3325 3736 3384 qttantum
3772 3318 3970 3385 potuit,

2361 3420 2618 3463 consueta
2645 3423 2737 3462 sua
2760 3408 3115 3477 jucunditate,
3161 3417 3463 3478 temperare
3500 3410 3806 3464 curaverit.
3874 3409 3973 3465 Ubi

2362 3503 2507 3556 enim
2554 3515 2673 3554 cum
2714 3500 3048 3555 Tertulliano
3093 3500 3415 3573 Cyprianum
3439 3512 3760 3570 comparat,
3791 3503 3979 3556 abillo

2365 3593 2553 3647 scribit
2582 3593 2918 3648 adversarios
2960 3594 3215 3664 injuriose
3243 3594 3491 3659 tractari;
3518 3612 3540 3645 ι
3575 3604 3630 3648 at
3663 3594 3733 3650 S.
3760 3594 3980 3667 Cypria-

2360 3702 2477 3752 nus,
2509 3686 2699 3756 inquit,
2742 3686 2897 3756 longe
2926 3686 3275 3753 moderatior,
3322 3686 3366 3740 si
3393 3686 3610 3757 quando
3634 3689 3762 3743 suis
3790 3690 3985 3744 adrer-

2363 3778 2518 3835 sariis
2558 3779 2807 3834 veritates
2852 3794 2970 3848 quze
2998 3778 3095 3846 ipsi
3122 3778 3438 3847 displiceant
3479 3780 3673 3833 dicere
3738 3791 3980 3843 tenetur,

2364 3886 2478 3938 eas,
2509 3882 2763 3941 quantum
2796 3880 2987 3941 potest,
3017 3886 3108 3926 sua
3133 3871 3468 3942 jucunditate
3516 3884 3809 3942 temperat
3840 3875 3989 3948 (ll);

2371 3968 2507 4023 unde
2540 3968 2659 4023 licet
2708 3966 3038 4038 Stephanum
3070 3967 3123 4021 in
3152 3982 3249 4020 suo
3278 3980 3538 4035 responso
3576 3984 3802 4040 magna
3850 3972 3998 4023 dini-

2371 4064 2489 4117 tatis
2512 4062 2782 4117 insimulet
2812 4060 2954 4133 (l2),
2986 4060 3119 4115 nihil
3149 4058 3409 4115 tamen’in
3438 4058 3707 4131 Cypriani
3740 4063 3823 4117 ad
3847 4064 4001 4117 Pos-

2374 4156 2549 4226 peium
2595 4155 2819 4224 epistola
2871 4155 3106 4219 notavit,
3177 4153 3316 4224 quod
3374 4153 3746 4211 moderationi
3824 4158 4001 4212 minas

2373 4264 2664 4305 consonum
2692 4249 2958 4304 videretur
2989 4247 3126 4321 (15),
3154 4248 3207 4302 ἰη
3235 4262 3341 4319 quo
3367 4248 3574 4303 socium
3590 4248 3777 4304 habet
3806 4250 4004 4306 Adria-

2373 4360 2498 4399 num
2531 4343 2718 4399 Baillet
2745 4345 2795 4399 in
2829 4345 2943 4398 vitis
2967 4342 3274 4399 Sanctorum
3311 4344 3449 4414 (14).

2374 4534 2479 4603 logi
2505 4549 2601 4603 pro
2617 4533 2932 4588 vindicanda
2958 4532 3210 4603 Cypriani
3236 4533 3287 4586 in
3310 4530 3653 4599 Stephanum
3679 4534 3919 4604 agendi
3938 4550 4013 4587 ra-

2375 4627 2549 4693 tione,
2600 4643 2719 4697 quaa
2757 4626 2970 4698 quidem
3021 4625 3064 4680 si
3113 4625 3343 4694 cuipiam
3370 4623 3551 4677 inﬂata
3582 4633 3646 4677 et
3692 4637 4017 4696 exagenta

2373 4723 2671 4786 videantur,
2700 4736 2766 4777 eo
2791 4721 2963 4776 solum
2983 4720 3198 4774 nomine
3217 4719 3324 4772 sint
3343 4717 3703 4785 vituperanda
3733 4722 3914 4790 quod
3940 4735 4019 4773 ςεμ

2371 4816 2582 4871 ritatem
2611 4813 2905 4879 offendant,
2942 4824 3229 4883 utcumque
3261 4822 3435 4866 tamen
3467 4810 3777 4866 toleranda
3806 4856 3829 4882 ,
3882 4812 4018 4881 (μιᾶέ

2372 4909 2569 4964 nullius
2589 4907 2803 4972 famam,
2825 4907 3024 4962 nullius
3045 4906 3377 4976 dignitatem,
3406 4904 3609 4959 nullius
3638 4910 4021 4963 sanctilam

2371 5002 2571 5057 directa
2601 5002 2790 5057 saltem
2815 5000 2991 5055 fronte
3024 4997 3505 5070 impetant.Verum
3529 4996 3637 5051 hos
3672 5000 3855 5057 intra
3892 5003 4027 5055 limi.

2369 5106 2450 5152 tes
2473 5096 2738 5151 contineri
2756 5109 3088 5165 nequaquam
3111 5092 3274 5147 valuit
3291 5090 3510 5145 effrenis
3535 5091 4027 5149 adversar-iores:

2369 5191 2422 5247 in
2444 5189 2706 5247 laudanda
2722 5188 2973 5259 Cypriani
3004 5184 3192 5257 agendi
3214 5185 3421 5240 ratione
3441 5183 3600 5240 labor
3631 5198 3693 5243 et
3746 5189 4033 5260 impetus

2441 5352 2520 5419 (8)
2546 5350 2661 5406 Lib.
2694 5363 2748 5415 v,
2772 5362 2921 5401 num.
2954 5345 3044 5415 16,
3074 5360 3194 5417 pag.
3224 5342 3329 5399 414

2467 5424 2521 5479 9)
2549 5422 2678 5478 Ibid.

2442 5424 2521 5497 (9)
2549 5424 2678 5478 Ibid.

2441 5496 2558 5564 (Ill)
2582 5492 2718 5548 Iltid.
2750 5505 2869 5562 pag.
2901 5490 3005 5564 “9

2442 5561 2556 5632 (11)
2581 5565 2735 5621 Tom.
2753 5561 2801 5627 Vt,
2834 5577 2950 5632 pag.
2980 5561 3107 5616 553.

2446 5568 2524 5631 (11
2581 5567 2735 5621 Tom.
2764 5580 2801 5627 ι,
2834 5577 2950 5632 pag.
2980 5567 3082 5616 555

2446 5567 2558 5711 (l2;
2582 5636 2782 5711 Ibidem
2810 5649 2923 5704 pag.
2957 5632 3082 5689 500.

2447 5707 2493 5780 (1
2585 5707 2810 5780 Ibidem.

2587 5718 2867 5857 ﬁliifilii
2892 5776 2959 5834 ad
3011 5776 3150 5834 diem
3183 5776 3271 5834 16.
3302 5775 3649 5850 Septembris
3706 5794 3886 5857 pag.
3956 5778 4045 5837 ιδῃ

2371 5851 2504 5907 edit.
2533 5850 2701 5904 Paris.
2735 5850 2897 5905 1701.
3438 5874 3443 5881 ·
