4208 6276
297 240 433 298 1281

1714 241 2098 306 ΡΒέΕῈΑΤῘΟ.

2745 157 2758 191 Ι

3431 248 3569 308 1282

368 360 519 417 Mitto
546 357 799 415 insulsam
822 359 965 415 illam
993 358 1383 417 aliectationem
1403 401 1418 425 ,
1452 376 1552 431 qua
1576 363 1773 431 saepius
1795 364 1875 417 in-
1902 367 1952 426 Α
1980 364 2223 433 priauum
2247 362 2537 419 inauditum
2552 362 2753 434 iudicat
2771 364 3394 437 etdamnat(l4),ipsum
3415 374 3569 423 vocat

294 455 529 519 culcant,
571 468 633 508 ac
678 451 863 508 fusiori
894 456 1057 511 etiam
1103 456 1329 526 probare
1358 456 1566 511 calamo
1596 458 1837 513 nituntur
1858 503 1871 522 ,

296 548 619 619 Cyprianum
642 547 890 603 videlicet
915 548 1071 619 longe
1099 551 1263 620 pluris
1284 566 1441 621 quam
1468 551 1795 620 Stephanum
1824 554 1876 607 in

296 642 535 698 Ecclesia
560 641 671 697 ﬁeri
704 642 803 713 (1).
839 642 1043 697 [ludum
1066 655 1149 699 eSt
1175 660 1242 699 ex
1271 660 1378 715 quo
1400 645 1541 700 male
1563 646 1734 711 olent,
1760 646 1877 701 vix-

296 750 401 805 que
420 750 484 790 ac
510 750 577 790 ne
605 735 693 789 vix
722 734 935 803 quidem
966 736 1019 791 in
1048 738 1384 808 panegyricis
1405 747 1675 793 oratorum
1702 738 1877 793 decla-

296 826 624 883 mationibus
650 838 957 883 sanctorum
1002 829 1105 883 illa).
1137 829 1369 884 virorum
1415 846 1549 899 quos
1592 831 1701 885 suis
1732 830 1881 885 fastis

278 921 602 991 adscriptos
655 921 896 977 Ecclesia
953 934 1268 989 veneratur,
1311 924 1779 993 comparationes,
1829 931 1884 979 et

297 1014 569 1085 iniuriosa:
601 1014 844 1086 utrisque
872 1015 941 1071 de
969 1026 1316 1087 utrorumque
1346 1017 1551 1072 meritis
1576 1018 1880 1072 contentio-

299 1127 419 1179 nes,
451 1127 517 1167 eo
549 1110 906 1178 collimantes,
950 1120 1007 1165 ut
1031 1111 1251 1167 alterius
1278 1111 1531 1169 sanctitas
1557 1112 1775 1168 alterius
1800 1120 1884 1166 at-

301 1206 613 1262 tenuatione
637 1215 918 1277 augeatur.

372 1297 593 1370 Negligo
612 1299 811 1368 pariter
829 1308 904 1353 tot
926 1300 1318 1357 neoterieorum
1341 1310 1565 1358 conatus
1583 1302 1633 1356 in
1656 1302 1887 1373 ampliﬁ-

300 1389 468 1446 canda
483 1405 667 1445 eorum
684 1390 1078 1473 multitudinem
1093 1408 1228 1464 quos
1238 1394 1507 1463 Cvpriano
1525 1396 1886 1466 potius,quam

300 1482 621 1552 Sthepbauo
661 1483 1051 1555 complausisse
1091 1487 1334 1542 scribunt
1364 1487 1740 1544 Tillemontius
1769 1488 1885 1560 (2),

304 1575 540 1645 Dupinus
560 1575 664 1647 (5),
680 1575 1067 1648 Launoius(4),
1083 1578 1143 1633 P.
1164 1578 1556 1653 Gervasius(5),
1576 1597 1640 1635 ex
1664 1594 1888 1646 quorum

300 1670 508 1727 calculo
548 1680 864 1740 sequeretur
906 1672 1215 1745 Dionysium
1256 1672 1548 1737 Alexaud.,
1582 1672 1890 1744 Dionysium

1980 455 2467 527 pseudochristum,
2496 456 3023 527 pseudoapostolum,
3056 456 3299 511 dolosmn
3332 467 3386 513 et
3408 458 3567 529 perﬁ-

1981 548 2106 603 dum
2150 549 2287 618 (15),
2317 549 2566 620 Cypriani
2606 549 2808 618 legatos
2845 550 3385 606 contumeliosissime
3431 562 3570 606 trac-

1984 650 2061 695 tat
2084 640 2216 711 (16),
2247 642 2377 707 ipsis
2397 656 2606 711 pacem,
2635 642 3065 697 communionem
3086 683 3101 708 ,
3136 642 3568 713 hospitalitatem,

1982 735 2179 788 victum
2231 750 2334 787 non
2384 735 2597 803 negavit
2646 735 2845 799 solum,
2875 736 2968 790 sed
2998 736 3179 806 negari
3230 735 3298 790 ab
3326 737 3573 791 omnibus

1985 826 2239 896 przecepit
2269 826 2403 899 (l7).
2459 827 2760 895 Stephanus
2802 838 2972 883 zelum
3024 828 3306 899 praess-fert
3334 828 3571 900 quidem,

1986 917 2079 972 sed
2147 918 2213 973 ad
2277 919 2454 972 omnia
2508 921 2812 989 promiscue
2883 921 3203 977 devastanda
3255 922 3411 978 unice
3457 921 3576 977 ido-

1986 1026 2145 1067 neum
2169 1009 2279 1083 (18)
2306 1028 2319 1064 ε
2353 1011 2441 1066 hic
2461 1011 2715 1083 Stephani
2743 1016 2889 1069 zelus
2918 1016 3294 1084 imperatorem
3320 1015 3489 1070 movit
3511 1015 3578 1070 ad

1988 1106 2281 1161 Ecclesiam
2322 1106 2611 1161 crudeliter
2656 1110 3079 1179 persequendam
3108 1110 3251 1183 (19).
3275 1109 3579 1180 Stephanus

1990 1216 2146 1271 quam
2201 1201 2382 1270 plures
2427 1201 2682 1257 ecclesias
2742 1205 3019 1276 tyrannice
3058 1205 3395 1275 apprimebat
3441 1194 3599 1277 (120),⁴

1990 1293 2191 1348 nullam
2212 1293 2468 1349 Ecclesiae
2490 1296 2712 1349 unitatis
2736 1297 2997 1352 rationem
3032 1298 3212 1360 habet,
3246 1314 3403 1368 quam
3434 1297 3579 1352 scin-

1991 1386 2121 1442 dere
2147 1386 2299 1441 tlocci
2332 1386 2455 1441 facit
2488 1387 2623 1458 (2i).
2656 1388 2963 1458 Stephanus
3004 1405 3112 1444 non
3141 1406 3305 1444 unttm
3334 1389 3416 1445 vel
3449 1389 3581 1444 duos

1992 1478 2291 1543 dumtaxat,
2321 1479 2414 1534 sed
2445 1489 2555 1534 tres
2585 1496 2797 1536 errores
2844 1480 2963 1537 ﬁdei
3016 1483 3297 1537 catholica:
3326 1482 3582 1538 adversos

1992 1571 2173 1627 docuit
2200 1573 2250 1625 in
2281 1586 2378 1625 suo
2409 1573 2673 1643 rescripto
2698 1572 2763 1626 ad
2793 1573 3117 1645 Cyprianum
3152 1574 3295 1648 (2'2).
3364 1566 3367 1567 ⁷

2063 1663 2470 1734 lntegerrimam
2501 1664 2762 1734 Stephani
2784 1666 2945 1719 vitam
2986 1675 3064 1720 tot
3083 1666 3340 1722 conviciis
3385 1666 3585 1722 dilace-

301 1773 356 1820 οι
386 1762 773 1827 philemonem,
803 1764 1146 1837 presbyleros
1167 1765 1457 1833 Romanos,
1483 1766 1890 1838 Hyeronimum,
1922 1769 1970 1831 Β
1998 1767 2176 1817 rasse,
2223 1763 2301 1808 1οι
2326 1768 2586 1809 onerasse
2614 1756 2931 1810 criminibus
2963 1754 3100 1815 haud
3130 1757 3260 1812 satis
3288 1757 3611 1813 habuerunt-

304 1856 651 1911 Athanasium
676 1899 693 1923 ,
725 1856 980 1926 Optatum
1011 1858 1226 1914 Milevit.
1253 1876 1267 1923 ;
1298 1859 1571 1931 synodum
1595 1857 1887 1926 Nicaanam,

304 1948 579 2015 Basilium,
593 1949 908 2021 Gregorium
926 1950 1303 2014 Naziazenum,
1322 1952 1579 2023 Cyrillum
1599 1951 1863 2007 Hierosol.
1876 1992 1890 2017 ,

303 2042 620 2113 Gregorium
633 2042 954 2114 Nyssenum,
970 2045 1332 2109 Ambrosium,
1348 2044 1896 2116 Augustiuum,Theo-

303 2136 569 2201 doretum,
613 2136 906 2193 Romanam
940 2138 1039 2192 sub
1079 2137 1295 2194 Gelasio
1338 2137 1634 2209 synodum,
1661 2137 1892 2209 Fulgen-

307 2231 438 2286 tium
475 2232 805 2303 Ruspensem
827 2231 1162 2300 episeopum,
1179 2229 1495 2300 Gregorium
1514 2230 1781 2299 Magnum,
1806 2244 1893 2300 sy-

308 2325 507 2380 nodum
530 2325 917 2393 Quinisextam,
939 2321 1208 2394 Cypriane
1234 2323 1413 2392 potius
1437 2338 1595 2393 quam
1622 2322 1895 2393 Stephano

309 2419 625 2474 adhaesisse.
649 2419 845 2489 Ecquis
886 2433 1031 2473 enim
1054 2432 1180 2472 vero
1200 2426 1277 2470 tut
1302 2427 1611 2481 conatuum,
1642 2426 1718 2471 tot
1748 2415 1896 2471 labo-

310 2529 429 2568 rum
453 2512 694 2567 fructus?
722 2511 874 2580 Quod
894 2511 1069 2567 sentio
1099 2511 1269 2568 libere
1294 2510 1509 2583 profero
1528 2511 1579 2564 in
1601 2526 1893 2580 congeret].

308 2607 393 2663 dis
413 2615 491 2662 tot
512 2608 561 2661 in
586 2606 915 2676 Stephanum
939 2605 1264 2661 adversariis
1284 2604 1685 2659 manifestarunt
1714 2612 1896 2659 neote-

314 2701 430 2765 rici,
458 2715 565 2770 quo
610 2699 807 2755 fuerint
834 2713 957 2769 erga
988 2697 1318 2767 Stephanum
1349 2697 1501 2752 sicuti
1542 2712 1664 2768 erga
1694 2706 1769 2750 tot
1794 2696 1897 2750 Pa-

313 2803 453 2847 trum
474 2792 809 2859 memoriam,
844 2792 1037 2863 spretis
1059 2791 1296 2846 hiStoriae
1312 2805 1376 2845 ac
1402 2790 1671 2860 aequitatis
1691 2789 1897 2860 legibus

322 2902 505 2941 animo
524 2886 720 2942 affecti.

388 2980 515 3035 Haec
536 2980 750 3050 inquam
771 2979 979 3046 aliaque
1008 2978 1199 3035 similia
1218 2979 1599 3051 prtetermitto,
1633 2994 1752 3049 qua:
1779 2993 1898 3033 cum

316 3077 665 3145 sequentibus
687 3086 991 3145 comparata
1035 3075 1234 3131 leviora
1257 3084 1398 3139 sunt,
1430 3089 1584 3144 quam
1614 3082 1673 3127 ut
1703 3072 1900 3127 morari

1996 1847 2290 1913 neoterici,
2342 1859 2580 1903 sanctam
2611 1859 2665 1904 et
2706 1850 2873 1919 ipsius
2899 1860 3127 1907 mortem
3182 1852 3584 1923 aggrediuntur,

1994 1945 2217 2015 gloriosi
2272 1946 2512 2016 martyrii
2566 1946 2817 2016 palmam,
2854 1948 3017 2002 immo
3047 1948 3384 2009 sanctitatem
3420 1949 3587 2018 ipsam

1996 2038 2274 2109 Stephano
2300 2039 2511 2109 eripere
2540 2049 2775 2104 tentant;
2802 2041 2963 2096 modo
2978 2043 3281 2113 siguitieant
3306 2052 3423 2097 acta
3446 2050 3588 2097 mar-

2001 2132 2123 2203 tyrii
2169 2132 2226 2186 S.
2261 2131 2519 2202 Stephani
2563 2133 2732 2198 satis,
2764 2134 3071 2189 authentica
3099 2150 3206 2191 non
3239 2150 3394 2199 esse,
3445 2145 3504 2190 ut
3534 2135 3589 2189 in

2000 2224 2222 2280 historia
2248 2225 2405 2281 tidem
2436 2228 2631 2281 mereri
2651 2226 2885 2282 debeant
2906 2227 3045 2299 (25);
3076 2229 3235 2283 modo
3259 2228 3592 2285 contendunt

1998 2320 2229 2390 aliquem
2258 2320 2536 2375 dubitandi
2563 2322 2736 2377 locum
2766 2338 2907 2387 esse,
2935 2334 3113 2379 utrum
3134 2324 3437 2396 Stephanus
3467 2340 3593 2381 vere

2000 2426 2203 2489 martyr
2217 2419 2454 2473 extiterit
2482 2417 2597 2490 (24)
2622 2434 2636 2484 ;
2670 2418 2759 2473 hic
2778 2418 3067 2488 subjiciunt
3108 2420 3166 2476 S.
3194 2421 3488 2491 Augustino
3531 2434 3593 2476 ac

2002 2508 2283 2564 Vincentio
2308 2509 2575 2565 Lirinensi
2597 2523 2935 2580 perspectum
2968 2528 3073 2566 non
3106 2512 3291 2580 fuisse,
3310 2515 3451 2584 quod
3468 2513 3591 2570 Ste-

2004 2606 2217 2676 phanus
2238 2606 2713 2677 martyrexstiterit
2749 2606 2897 2679 (25);
2932 2606 3040 2661 illic
3062 2608 3274 2663 tradunt
3300 2609 3420 2679 jure
3448 2607 3593 2664 credi

2004 2716 2162 2771 posse
2207 2700 2537 2770 Stephanum
2594 2701 2645 2755 in
2697 2716 2914 2757 carcere
2959 2702 3043 2757 vel
3075 2703 3181 2757 alio
3211 2703 3373 2757 modo
3418 2704 3592 2758 minus

2003 2793 2196 2849 illustri
2225 2794 2423 2850 obiisse
2447 2837 2462 2860 ,
2507 2811 2613 2849 non
2640 2811 2769 2850 vero
2793 2811 2889 2867 per
2918 2796 3115 2865 judieis
3142 2799 3463 2853 sententiam
3530 2813 3594 2855 ac

2007 2898 2408 2957 persecuturum
2442 2903 2600 2942 manu
2631 2891 2773 2952 quod
2819 2889 2993 2943 solum
3045 2905 3141 2959 pro
3172 2905 3299 2944 vero
3330 2889 3595 2960 perfecto-

2003 2997 2109 3053 que
2135 2984 2389 3055 martyrio
2412 2993 2537 3038 tunc
2564 2984 2823 3054 temporis
2847 2984 3146 3039 habebatur
3167 2983 3284 3058 (26)
3329 2985 3395 3041 At
3415 2986 3595 3054 quale-

2004 3091 2234 3147 cumque
2250 3078 2461 3133 tandem
2481 3078 2798 3150 martyrium
2819 3079 3124 3149 Stephanus
3143 3080 3440 3150 pertulerit,
3460 3078 3594 3135 illud

318 3183 421 3224 nos
443 3169 689 3224 debeant.
720 3168 855 3237 Quid
907 3168 1064 3239 igitur
1115 3167 1184 3223 de
1208 3166 1482 3236 Stephano
1504 3165 1762 3221 Pontilice
1788 3180 1900 3219 ma-
1926 3172 1970 3235 C
2004 3170 2192 3225 saltem
2227 3186 2324 3240 pro
2374 3170 2574 3226 Christi
2623 3172 2856 3227 nominis
2884 3174 3223 3228 confessione
3254 3188 3443 3243 passus
3470 3172 3595 3228 est?

318 3264 485 3329 ximo,
512 3254 808 3318 traditionis
829 3261 1136 3331 aposmlicte
1153 3261 1363 3317 vindice
1393 3275 1457 3315 ac
1479 3272 1714 3331 martyre
1737 3274 1894 3313 sanc-

318 3357 528 3411 tissimo
576 3355 814 3421 tradunt,
843 3356 930 3425 qui
970 3352 1305 3422 Catholicos,
1350 3353 1440 3425 qui
1483 3352 1710 3408 humiles
1735 3352 1893 3415 ﬁlios.

318 3450 412 3521 qui
442 3449 746 3506 moderatos
765 3448 1057 3518 scriptores
1084 3465 1143 3504 se
1168 3463 1288 3505 esse
1316 3447 1630 3519 profitentur
1648 3461 1711 3502 ac
1734 3446 1895 3501 videri

319 3543 549 3598 volunt?

393 3635 712 3707 Stephanus,
745 3636 989 3708 inquiunt
1030 3636 1286 3692 neoterici
1324 3636 1529 3699 nostri,
1563 3635 1774 3706 indigne
1802 3650 1899 3705 pe-

322 3728 469 3784 nitus
505 3745 628 3800 erga
674 3730 995 3802 Cyprianum
1037 3746 1095 3785 se
1139 3729 1304 3800 gessit
1345 3727 1446 3799 (6),
1477 3727 1543 3781 ad
1580 3727 1903 3799 Cyprianum

321 3822 541 3893 scripsit
577 3822 863 3892 Epistulam
892 3822 1163 3891 indignam
1197 3835 1417 3890 prorsus
1442 3836 1559 3890 qua:
1587 3835 1615 3872 a
1664 3819 1906 3873 Romano

325 3915 591 3971 Pontifice
616 3915 679 3970 ad
708 3913 1182 3985 Carthaginiensem
1215 3912 1539 3968 scriberetur
1570 3911 1669 3983 (7),
1715 3925 1908 3979 super-

326 4008 450 4064 bam
479 4019 533 4062 et
559 4007 873 4075 iujuriarum
912 4008 1121 4075 plenam
1151 4006 1256 4078 (8),
1285 4019 1611 4073 magnOpere
1637 4012 1912 4057 contunie-

328 4100 520 4155 liosam
554 4098 654 4172 (9).
690 4099 995 4170 Stephanus
1027 4099 1218 4153 fastum
1263 4096 1464 4153 tumide
1490 4112 1554 4151 ac
1580 4096 1911 4151 dominatum

325 4194 690 4269 alfecutt(t0),
708 4197 1053 4263 imperantem
1069 4208 1132 4248 ac
1152 4204 1432 4265 tyrannum
1451 4192 1555 4259 agit
1572 4188 1706 4262 (11),
1726 4204 1914 4259 magna

328 4288 723 4345 inhumanitate
752 4287 1018 4360 Cypriano
1064 4285 1355 4356 respondet
1383 4282 1500 4355 (12)
1522 4325 1535 4343 .
1569 4281 1915 4336 inhumanum

328 4381 490 4438 valde
516 4397 637 4453 erga
661 4382 985 4453 Cyprianum
1018 4395 1075 4435 se
1097 4380 1296 4450 praebet
1317 4378 1459 4451 (15).
1492 4375 1793 4446 Stephanus
1818 4374 1919 4445 Cy-

408 4515 488 4590 (1)
518 4514 790 4590 Launoius
811 4515 863 4590 in
890 4514 1057 4590 Epist.
1078 4513 1142 4590 ad
1168 4513 1401 4590 Bevilaq.
1430 4509 1607 4590 15._P.
1627 4508 1918 4590 Cervzisius

1998 3260 2344 3334 Nequaquam
2393 3266 2542 3332 juxta
2598 3265 2921 3334 Dupiuium,
2954 3265 3121 3327 illttd,
3157 3267 3361 3337 inquit,
3410 3281 3597 3336 passus

2001 3366 2114 3425 est,
2140 3358 2261 3428 quia
2291 3359 2342 3413 in
2371 3360 2683 3416 coamcteriu
2706 3360 2954 3415 iuventus
2985 3370 3069 3416 est
3099 3372 3287 3417 contra
3325 3360 3599 3419 Valeriani

1999 3450 2346 3522 Imperatoris
2370 3453 2578 3523 jussum
2609 3453 2699 3525 qui
2730 3455 3039 3511 cmmeteria
3070 3471 3100 3509 a
3130 3454 3452 3512 Christianis
3491 3457 3600 3513 fre-

2004 3548 2249 3618 quentari
2278 3546 2378 3602 sub
2397 3550 2552 3616 poena
2586 3547 2774 3602 mortis
2800 3548 2977 3604 edicto
3004 3548 3355 3618 prohibuerat
3376 3548 3513 3622 (27).
3534 3553 3602 3605 At

2007 3639 2223 3695 demum
2268 3656 2363 3709 pro
2392 3640 2591 3695 Christi
2638 3641 2870 3695 nominis
2917 3640 3259 3696 confessione
3298 3643 3602 3713 Stephanus

2010 3749 2116 3788 non
2141 3732 2422 3797 interierit,
2440 3748 2565 3788 vere
2590 3744 2795 3804 martyr
2818 3749 2923 3789 non
2946 3734 3231 3799 exstiterit,
3252 3734 3466 3791 indubia
3498 3736 3603 3791 sal-

2014 3836 2119 3881 tem
2142 3825 2246 3880 erit
2267 3825 2407 3879 illius
2423 3827 2715 3880 sanctitas?
2740 3826 2909 3882 Immo
2931 3828 3164 3882 maxime
3182 3828 3341 3883 dubia
3368 3846 3432 3886 ac
3455 3831 3602 3885 nullo

2015 3919 2136 3973 nixa
2169 3918 2609 4011 fundamento,si
2653 3919 2923 3976 Lomberti
2972 3923 3185 3977 valeant
3220 3922 3415 3989 emta;
3470 3938 3592 3995 qua:

2117 4077 2203 4147 lli)
2320 4078 2541 4133 Gcrvas.
2572 4078 2622 4150 in
2651 4077 2770 4132 Vita
2792 4077 2848 4132 8.
2872 4076 3005 4149 Cyp.
3039 4094 3157 4150 pag.
3188 4079 3319 4135 456.

2120 4150 2209 4223 15)
2237 4148 2699 4223 Tillcntoulﬁiist‘.
2726 4150 2870 4223 I‘lAccl.
2890 4148 3018 4204 tutu.
3042 4148 3254 4223 tvfpag.
3277 4150 3379 4207 150
3428 4150 3596 4207 Idem.

2021 4220 2082 4276 P.
2102 4220 2401 4277 'Gervasins
2430 4222 2480 4274 in
2515 4220 2627 4274 Vita
2659 4221 2716 4275 S.
2745 4220 2904 4290 Cypr.
2936 4237 3053 4291 pag.
3083 4220 3226 4277 115⁷
3246 4223 3515 4277 Lomhcrt.
3550 4225 3603 4279 in

2022 4293 2147 4348 laud
2173 4294 2356 4357 praefat
2382 4307 2499 4363 pag.
2530 4293 2616 4346 72.
2648 4291 2838 4347 Baillet
2863 4292 2930 4347 ad
2958 4293 3099 4349 diem
3132 4294 3221 4350 16.
3248 4296 3520 4365 Septemb.
3548 4296 3603 4351 in

2022 4366 2142 4419 loco
2168 4366 2347 4420 citato.

2096 4437 2211 4505 (16)
2239 4436 2547 4507 Τέιιθηιοηι.
2576 4436 2705 4491 ibid.
2739 4451 2859 4507 pag.
2890 4435 3013 4493 155.

2097 4507 2211 4578 (17)
2237 4506 2545 4583 Fleuriagus
2564 4507 2694 4562 Hist.
2729 4506 3016 4583 Ecel.__tom_.
3046 4524 3102 4583 tt,
3122 4509 3217 4563 lib.
3238 4526 3305 4565 vit
3333 4522 3453 4583 pag.
3475 4508 3601 4583 283.

332 4575 532 4659 passim
568 4592 616 4643 in
651 4589 765 4642 Vita
796 4589 851 4643 S.
882 4575 1046 4658 Cypr.
1090 4575 1412 4640 Lombertus
1434 4587 1485 4635 in
1520 4581 1662 4636 laud.
1698 4580 1903 4650 praafat.
1940 4575 3600 4659 1)[ιιέιιιιὲοι-ἰιηιμιιΤὶΙΙριηοηιξυειιίειΕεςιέοιιλ.μῖλῖτιμίῼ.

331 4658 403 4715 ad
433 4676 596 4725 Opera
626 4660 681 4717 S.
709 4659 980 4731 Cypriani.

410 4732 488 4801 (ἢ)
524 4733 638 4787 Hist
684 4726 833 4785 Eccl.
859 4740 987 4784 tom.
1018 4745 1091 4784 tv.
1123 4737 1225 4783 art.
1258 4729 1355 4801 15,
1374 4726 1441 4801 44
1469 4733 1522 4781 et
1548 4726 1637 4782 45.

410 4797 493 4870 (5⁷)
517 4803 728 4858 Βιὴιίοι.
758 4803 901 4857 Eccl.
934 4813 1063 4855 tom.
1088 4816 1125 4861 t,
1156 4816 1273 4871 pag.
1299 4797 1423 4855 540.

410 4872 1142 4952 (1)ξρίέἓθά,¹³ίῖγί¹³ίι;η¹δο
1394 4942 1409 4952 .
1468 4940 1496 4952 -
1594 4951 1597 4952 ,
1663 4942 1694 4952 ..

439 4940 496 5010 5)
525 4940 581 5001 1ιὶ
611 4945 725 5001 Vita
749 4947 807 4999 S.
839 4943 1091 5015 Cypalih.
1120 4959 1172 4997 v.
1206 4957 1353 5015 nuto.
1387 4942 1439 4996 1.
1465 4940 1522 4994 2.
1553 4941 1777 5015 etalibi.

441 5018 497 5079 6)
528 5019 581 5071 P.
612 5017 831 5072 Gervas.
869 5013 919 5069 in
952 5014 1068 5070 Vita
1110 5014 1157 5085 Si
1199 5013 1334 5085 Cyp.
1362 5029 1481 5083 pag.
1509 5013 1634 5085 455.

417 5083 495 5157 (7)
526 5088 668 5143 Idem
702 5086 825 5141 ihid.
859 5102 976 5157 pag.
1006 5086 1127 5140 M2.
1147 5083 1357 5139 Baillet.
1386 5087 1589 5157 de_vitis
1604 5083 1919 5157 Sanctorum

339 5154 588 5214 ad‘diem
633 5161 687 5213 2.
722 5154 949 5228 AuguSt.
973 5173 1089 5227 pag.
1112 5159 1232 5211 111.
1263 5158 1403 5210 Idem
1436 5155 1747 5210 Tilletnont.
1781 5154 1919 5209 Hist.

342 5229 474 5287 Ecc.
502 5242 629 5285 tum.
660 5246 737 5297 tv,
773 5246 892 5300 pag.
923 5230 1047 5283 550.

443 5304 497 5362 8)
526 5299 797 5357 Lombert.
831 5299 882 5354 in
915 5300 1035 5354 laud
1064 5299 1271 5369 prmfat.
1304 5314 1425 5370 pag.
1460 5299 1545 5355 75.

443 5373 500 5443 9)
532 5375 799 5429 Lombert.
831 5372 956 5426 ibid.

385 5442 535 5570 6(l0)
572 5446 629 5498 l'.
650 5443 937 5500 Gcrvasius
968 5445 1018 5498 in
1042 5444 1162 5500 Vita
1180 5442 1237 5498 S.
1266 5442 1396 5513 Cyp.
1427 5458 1545 5512 pag.
1570 5442 1694 5507 MS,
1726 5450 1777 5494 at
1805 5456 1921 5510 pag.

424 5589 539 5660 (11)
575 5589 633 5644 Ρ.
663 5588 882 5644 Gervas.
914 5587 1038 5660 ibid.
1066 5601 1183 5657 pag.
1207 5587 1329 5641 451.

568 5662 758 5741 Qupiu.
794 5653 1107 5741 Bibl.
1132 5653 1261 5741 tota.
1292 5672 1413 5729 pag.
1444 5653 1571 5741 500.

422 5665 513 5741 (12
571 5665 758 5730 Dupin.
795 5665 1107 5741 Bibl..I:‘.ch.
1132 5667 1261 5712 tum.
1292 5672 1413 5729 pag.
1444 5665 1571 5711 500.

422 5665 538 5804 (15)
568 5732 1029 5804 Titlemont.lltst.
1051 5731 1192 5785 Eccl.
1215 5738 1346 5785 tom.
1386 5744 1454 5804 tv.
1483 5737 1584 5804 art.
1607 5726 1708 5804 41).
1728 5726 1922 5804 9.,155.

352 5798 564 5865 Baillet.
598 5804 655 5858 In
693 5803 840 5872 Vitis,
871 5802 1172 5859 Sanctorum
1201 5810 1241 5857 t.
1269 5817 1346 5856 ιιι.
1380 5802 1444 5857 ad
1477 5800 1618 5857 diem
1646 5800 1733 5857 16.
1775 5798 1922 5868 Sept.

2022 4650 2338 4731 ynnb‘er't‘us
2367 4652 2418 4705 in
2447 4650 2825 4731 laud.ﬂpt':§fat.
2861 4665 2979 4731 pag.
3221 4652 3512 4731 Gervastus
3553 4657 3606 4711 in

2028 4722 2142 4776 Vita
2166 4723 2222 4776 S.
2246 4721 2378 4794 Cyp.
2403 4739 2521 4794 pag.
2547 4722 2668 4777 462.
2692 4720 2879 4776 Baillei
2903 4721 2955 4775 in
2974 4724 3096 4777 vitis
3110 4724 3357 4780 Sanetor.
3381 4727 3447 4781 ad
3463 4726 3605 4783 diem

2021 4794 2077 4848 2.
2115 4797 2331 4862 Augusti
2367 4809 2482 4864 pag.
2517 4795 2638 4847 111.

2096 4865 2209 4938 (18)
2242 4865 2299 4938 Ρ.
2334 4866 2625 4938 Cervasius
2663 4865 2714 4918 in
2745 4864 2858 4938 Vita
2880 4865 2939 4938 S.
2980 4864 3141 4937 Cypr.
3171 4882 3289 4938 pag.
3323 4868 3447 4924 458.

2126 4937 2214 5010 19)
2251 4937 2311 5010 1).
2346 4935 2722 5010 Gervasiusin
2752 4935 2866 4991 Vita
2887 4936 2944 4993 S.
2976 4935 3135 5009 cypr.
3164 4935 3281 5010 pag.
3307 4940 3433 4995 452.

2122 5006 2218 5075 20)
2243 5009 2405 5062 lclcm.
2445 5023 2559 5075 pag.
2590 5006 2714 5064 459.

2096 5078 2211 5151 (2t)
2244 5080 2510 5151 Lombert.
2540 5080 2589 5132 in
2618 5078 2757 5151 laud.
2785 5078 2985 5151 praefat.
3018 5096 3135 5151 pag.
3155 5083 3240 5138 75.
3263 5082 3609 5140 Lombertum

2026 5148 2279 5225 exscrihit
2314 5151 2381 5225 Ρ.
2405 5148 2772 5225 Gervasiusin
2799 5148 2915 5225 Vita
2945 5148 3190 5224 Snypr.
3223 5170 3341 5225 pag.
3373 5155 3499 5210 456.

2098 5220 2214 5291 (22)
2250 5222 2308 5275 P.
2344 5220 2629 5276 Gervasius
2657 5222 2707 5277 id
2738 5220 2896 5275 tradit
2921 5232 2974 5276 et
3012 5220 3260 5280 evincere
3289 5220 3513 5281 conatur
3558 5228 3612 5281 in

2028 5293 2133 5346 vita
2161 5293 2216 5367 S_.
2248 5294 2496 5367 Cypriani
2530 5309 2647 5367 pag.
2679 5292 2866 5367 665_et
2905 5292 3033 5367 £66.
3062 5296 3391 5367 Stephanum
3418 5298 3614 5367 pariter

2028 5362 2228 5440 erroris
2252 5362 2579 5440 i_ii_simttlan_t.
2605 5363 2874 5440 Launoius
2903 5364 3069 5433 Epist.
3098 5362 3172 5421 ad
3191 5362 3429 5440 Bevilaq.
3454 5369 3537 5426 l5.
3558 5379 3614 5425 et

2030 5437 2227 5505 Dupin.
2259 5436 2469 5491 Bibliot.
2518 5435 2667 5490 Eccl.
2709 5446 2839 5490 tom.
2864 5450 2918 5506 »1.
2954 5451 3074 5506 pag.
3107 5440 3233 5495 540.
3259 5447 3363 5493 etc.

2103 5506 2215 5579 (25)
2247 5508 2555 5562 Tillemont.
2588 5508 2724 5563 Hist.
2754 5504 2899 5561 Eccl.
2923 5504 3052 5564 tom.
3079 5526 3127 5564 tv
3158 5526 3275 5583 pag.
3311 5512 3400 5567 51.

2103 5578 2220 5647 (21)
2259 5578 2394 5634 Ibid.

2163 5580 2220 5633 1)
2259 5580 2394 5633 Ibid.

2101 5584 2220 5679 (at)
2259 5584 2394 5661 Ibid.

2103 5652 2221 5723 (ιδ)
2265 5649 2401 5706 Ibid.

2102 5722 2218 5785 (20)
2261 5723 2389 5778 Ibid.

2103 5726 2195 5785 (‘20
2261 5726 2389 5778 Ibid.

2103 5726 2218 5869 (27)
2257 5793 2392 5853 Bibl.
2426 5796 2576 5856 Eccl.
2604 5806 2747 5861 tom.
2788 5817 2825 5857 ι.
2856 5815 2972 5872 pag.
3000 5796 3122 5855 505.
