4208 6276
668 330 808 387 1285

2089 304 2537 387 otssenisrio

3810 316 3944 385 i384

666 449 806 502 enim
834 444 1136 515 Stephanus
1165 450 1349 499 contra
1371 443 1694 515 Cyprianum
1723 444 1888 514 gessit
1915 458 2015 497 nec
2043 452 2245 513 marty-
2270 444 2324 503 Α
2349 440 2533 493 dolere
2559 447 2717 507 atque
2754 437 3041 507 deplorare
3068 438 3167 493 visi
3195 446 3357 504 sunt,
3399 446 3564 509 atque
3596 439 3865 495 videnlur.
3902 442 3943 496 Ε

667 540 747 593 rio
764 540 910 609 juxta
942 536 1286 592 Lombertum
1305 537 1506 605 expiari
1532 546 1795 605 poterant,
1818 536 1918 590 nisi
1938 536 2245 604 Stephanus

665 644 787 685 ante
816 638 1037 685 mortem
1069 645 1250 700 pacem
1279 646 1400 683 cum
1429 630 1727 701 Cypriane,
1758 630 1985 700 aliisque
2032 630 2246 699 episco-

666 726 747 793 pis
772 722 1003 786 fecisset,
1036 737 1098 777 ac
1128 724 1404 776 charitatis
1432 732 1487 777 et
1516 722 1735 776 unitatis
1757 738 1947 785 nexus,
1973 738 2109 792 quos
2132 722 2247 790 ipse

660 817 962 886 disrnperat
985 832 1105 870 cum
1131 816 1257 887 ipsis
1285 816 1658 869 adstrinxisset
1680 814 1783 886 (l).
1800 816 1876 869 Eu
1903 816 2060 885 igitur
2078 826 2244 868 totum

660 908 913 975 Stephani
947 909 1239 961 sanctitatis
1268 905 1671 961 fundamentum
1706 908 1756 959 in
1791 907 1958 976 ipsius
1986 921 2109 960 cum
2137 904 2243 976 Cy-

662 986 847 1072 priane
891 1002 1325 1055 reconciliatione
1383 1001 1764 1061 constitutum.
1797 1000 1848 1052 in
1883 999 1983 1053 hac
2030 1000 2246 1068 inquam

658 1094 1092 1150 reconciliatione
1111 1135 1123 1157 ,
1156 1094 1307 1163 cujus
1330 1108 1427 1148 nec
1455 1093 1596 1162 apud
1628 1103 1837 1147 veteres
1865 1108 1963 1147 nec
1990 1091 2130 1161 apud
2158 1106 2245 1145 re-

659 1197 843 1243 centes
866 1187 1078 1258 aliquod
1107 1196 1281 1243 exstat
1322 1187 1599 1257 vestigium
1632 1186 1857 1255 ideoque
1884 1186 2116 1239 maxime
2142 1184 2243 1238 du-

658 1282 743 1337 bia
768 1325 781 1344 ,
813 1298 879 1336 ne
910 1284 1026 1351 plus
1057 1281 1228 1336 dicam
1283 1291 1337 1336 et
1363 1283 1597 1344 incerta;
1629 1290 1737 1335 tam
1770 1281 1931 1351 igitur
1959 1289 2240 1349 suspecta,

658 1375 923 1444 dubiaque
954 1376 1107 1428 nobis
1138 1373 1240 1427 crit
1260 1374 1517 1443 Stephani
1540 1374 1826 1435 sanctitas,
1855 1388 2013 1442 quam
2056 1370 2243 1441 hujus~

659 1470 803 1524 modi
829 1485 856 1522 a
881 1469 1172 1523 Lomberto
1199 1468 1534 1537 prmformata
1565 1466 1822 1534 Stephani
1841 1482 1958 1519 cum
1980 1464 2244 1536 Cypriane

656 1562 977 1631 eaaterisque
1006 1562 1404 1627 reconciliatio,
1435 1578 1465 1616 a
1495 1578 1597 1632 qua
1626 1561 1876 1615 nimirum
1909 1568 2015 1613 tota
2050 1558 2244 1627 pendet

658 1656 915 1725 Stephani
945 1660 1221 1723 sanctitas,
1251 1664 1306 1711 et
1341 1658 1455 1711 sine
1488 1671 1587 1725 qua
1629 1669 1725 1710 nec
1753 1655 1924 1724 ipsum
1969 1653 2243 1723 Sthepano

657 1748 941 1818 profuisset
966 1749 1301 1819 martyrium.

2352 531 2521 587 Gallia
2561 532 2721 586 etiam
2774 548 2877 586 non
2932 533 3084 601 pauci
3126 533 3178 586 in
3230 532 3617 587 Parisiensiutn
3664 534 3943 588 doctorum

2353 627 2567 695 scriptis
2598 642 2704 681 non
2735 628 2865 681 satis
2887 627 3081 681 versati
3113 627 3398 681 neotericis
3425 632 3524 681 hac
3554 629 3607 682 in
3640 644 3699 682 re
3727 626 3939 682 facilio-

2353 735 2440 774 res
2469 736 2625 774 aures
2654 720 2849 789 pariter
2874 720 3290 775 accomodarunt
3309 762 3323 783 ,
3358 722 3502 776 unde
3553 728 3699 775 tanta
3743 722 3942 791 magis-

2354 822 2553 866 trorum
2612 828 2830 867 suorum
2858 853 2873 878 ,
2906 830 2937 868 a
2981 815 3173 884 quibus
3200 813 3458 869 recedere
3507 813 3656 869 nefas
3681 815 3903 869 ducitur
3923 859 3938 883 ,

2350 908 2670 960 auctoritate
2699 907 2908 976 abrepti
2927 949 2941 972 ,
2994 906 3136 960 istud
3175 918 3552 977 argumentum
3577 908 3640 963 ad
3670 909 3942 979 impeten-

2352 999 2475 1052 dam
2505 999 2856 1053 inerrantium
2901 999 3233 1053 Pontiliciam
3275 1000 3703 1054 efﬁcacissimum
3750 1011 3803 1056 et
3832 1002 3944 1071 ipsi

2352 1091 2469 1145 sine
2495 1092 2733 1146 ulteriori
2778 1091 3124 1161 inquisitione
3153 1091 3375 1159 dixere,
3408 1101 3570 1162 atque
3609 1094 3945 1150 contendere

2350 1184 2549 1253 saepius
2573 1184 2878 1239 audiuntur.

2421 1276 2752 1333 Novissimus
2803 1279 2904 1333 iste
2932 1278 3027 1332 fuit
3057 1277 3377 1348 cacterisque
3406 1278 3615 1335 felicior
3642 1282 3948 1337 neoterico-

2350 1385 2468 1426 rum
2496 1385 2694 1435 ausus,
2739 1380 2797 1425 ut
2836 1382 3152 1441 argumento
3196 1373 3506 1442 praedilecto
3531 1374 3678 1428 vires
3702 1375 3943 1445 aliquas,

2350 1479 2483 1535 quas
2540 1480 2637 1535 per
2678 1480 2798 1521 sese
2848 1466 3020 1534 ipsum
3073 1480 3181 1519 non
3231 1464 3464 1519 habebat
3519 1466 3942 1535 impertirentur.

2352 1556 2722 1612 Temerarium
2774 1558 2911 1613 adeo
2966 1560 3262 1627 incoeptum
3294 1558 3438 1612 ferre
3492 1574 3596 1613 non
3628 1561 3940 1628 potuimus,

2351 1665 2546 1719 nempe
2570 1666 2675 1720 quo
2700 1664 2953 1719 germana
2971 1650 3451 1705 celeberrimorum
3469 1654 3797 1721 scriptorum
3818 1652 3947 1708 doc-

2351 1744 2489 1797 trina
2542 1742 2676 1797 adeo
2730 1742 3138 1812 depravaretur,
3169 1753 3226 1797 ut
3276 1743 3503 1798 adversa
3561 1745 3778 1813 penitus
3818 1747 3946 1816 ipsis

728 1842 821 1896 His
846 1841 1037 1895 mediis
1068 1851 1174 1894 tam
1206 1840 1532 1909 portentosis
1563 1855 1752 1893 novam
1789 1838 1911 1892 huic
1932 1846 2248 1907 argumento
2276 1840 2324 1903 B
2353 1838 2717 1907 aﬂingeretur.
2774 1836 3066 1906 Periniquo
3122 1850 3311 1905 passus
3362 1851 3482 1891 sum
3560 1840 3747 1893 animo
3792 1839 3945 1893 Pario

656 1934 803 1995 vim,
854 1949 1159 2002 novumque
1216 1933 1557 2002 Splendorem
1610 1931 1797 1987 indere
1849 1940 2240 2001 susceperunt,

654 2027 846 2096 quibus
872 2026 1199 2091 roboratum,
1224 2026 1479 2079 invictum
1498 2042 1561 2080 ac
1591 2026 1812 2080 evidens
1839 2025 1965 2079 illud
1998 2039 2243 2080 asserere

654 2136 715 2171 ac
762 2120 958 2188 ubique
986 2120 1278 2187 przedicare
1327 2135 1431 2172 non
1481 2118 1745 2173 dubitant.
1796 2118 1942 2173 Utris
1968 2134 2099 2172 vero
2125 2120 2241 2188 glo-

652 2214 848 2267 riosius
875 2214 1139 2276 extiterit,
1172 2231 1239 2267 an
1272 2213 1593 2268 Lutheranis
1644 2224 1697 2267 et
1741 2212 2067 2267 Calvinianis
2115 2211 2243 2265 illud

652 2316 1023 2375 argumentum
1051 2308 1385 2377 excogitasse
1406 2349 1420 2372 ,
1454 2322 1520 2359 an
1547 2305 1833 2360 neotericis
1866 2306 2064 2358 nostris
2092 2303 2240 2357 diru-

654 2408 761 2453 tum
793 2400 921 2453 illud
977 2410 1083 2454 tam
1114 2401 1374 2470 praeclare
1402 2409 1769 2465 restaurasse,
1801 2400 1965 2469 judex
2017 2399 2109 2453 ille
2135 2398 2239 2465 sit,

653 2494 743 2562 qui
785 2496 1024 2549 neutrius
1054 2496 1238 2565 gloria:
1284 2496 1552 2559 invideat;
1596 2510 1917 2563 quamquam
1968 2491 2239 2548 fatendum

653 2586 881 2655 ingenue
910 2586 978 2641 sit
1027 2588 1084 2641 S.
1118 2588 1451 2655 Stephanum
1505 2588 1803 2641 Romanum
1865 2585 2171 2655 pontiﬁcem
2212 2600 2242 2637 a

650 2678 1089 2734 Lutltcranorum
1138 2691 1191 2735 et
1221 2680 1642 2735 Calviuistarum
1674 2681 1893 2735 nemine
1937 2691 2043 2733 tam
2099 2679 2243 2735 male

652 2781 933 2827 tractatum
958 2773 1123 2827 fuisse
1143 2815 1158 2840 ,
1185 2789 1346 2843 quam
1371 2790 1401 2828 a
1427 2773 1698 2828 nonnullis
1724 2782 1778 2827 et
1804 2772 2092 2829 neotericis
2119 2786 2243 2827 nos-

650 2866 746 2920 tris
776 2864 1151 2935 scriptoribus.

728 2960 924 3015 Verum
946 2961 1081 3023 ultra
1106 2970 1276 3016 metas
1302 2960 1576 3031 progressi
1602 2968 1747 3025 sunt,
1768 2960 1856 3029 qui
1880 2958 2237 3027 nobilissimo,

651 3062 706 3106 et
757 3053 973 3121 quidem
1010 3054 1280 3122 primmvze
1310 3054 1646 3123 antiquitatis
1676 3052 1933 3108 Ecclesiae
1986 3054 2190 3108 doctori
2221 3092 2235 3114 ,

650 3145 827 3214 qualis
871 3145 969 3200 fuit
997 3147 1332 3216 Cyprianus,
1363 3146 1601 3217 ignotum
1632 3145 1842 3216 penitus
1886 3147 2049 3202 fuisse
2094 3145 2236 3216 quod

649 3240 792 3296 Petri
822 3241 1229 3296 successoribus
1257 3242 1518 3296 asseritur
1542 3240 1663 3295 ﬁdei
1694 3240 2048 3296 indeficientis
2075 3241 2237 3309 privi-

2349 1932 2560 1987 sienses
2582 1929 2830 1984 doctores
2870 1945 2936 1984 eo
2977 1945 3144 1998 usque
3169 1930 3507 1999 denigratum
3532 1931 3631 1995 iri,
3680 1940 3736 1985 ut
3787 1941 3945 1987 vetu-

2345 2023 2451 2079 lam
2501 2021 2937 2077 Lutberanorum
3008 2022 3334 2077 cantilenam
3397 2037 3425 2074 a
3475 2020 3775 2077 Catholicis
3828 2040 3948 2079 om-

2346 2116 2503 2170 nibus
2559 2116 2770 2170 irrisam
2826 2130 2893 2171 ac
2943 2116 3460 2185 coutetnptissimam
3511 2116 3721 2184 placere
3771 2117 3943 2186 ipsis,

2347 2212 2561 2280 probari
2586 2228 2647 2265 ac
2670 2210 2934 2266 recantari
2952 2210 3238 2264 diceretur.
3269 2208 3592 2264 Dolebamus
3612 2225 3725 2263 eam
3743 2208 3945 2264 Gallia:

2348 2302 2609 2372 theologis
2637 2300 2889 2356 invidiam
2914 2300 3158 2367 conﬂati,
3186 2317 3304 2371 qua:
3331 2302 3478 2371 ipsos
3508 2312 3765 2372 tamquam
3794 2302 3946 2358 ﬁlios

2346 2414 2375 2451 a
2424 2398 2666 2467 patribus
2696 2396 3025 2467 degeneres,
3054 2395 3274 2451 Patrum
3322 2397 3588 2466 sapientia
3631 2412 3697 2453 ac
3742 2396 3941 2467 iudicii

2348 2494 2655 2548 maturitate
2698 2493 2981 2546 destitutos
3027 2492 3228 2546 exteris
3271 2491 3577 2556 exhiberet,
3623 2506 3688 2545 ae
3718 2490 3949 2560 proinde

2344 2588 2708 2658 querimonias
2760 2597 3068 2642 exterarum
3100 2594 3153 2640 et
3206 2585 3653 2655 exprobrationes
3702 2587 3755 2640 in
3798 2587 3947 2654 ipsos

2344 2684 2659 2737 concitaret.
2684 2682 3016 2735 Permoleste
3042 2680 3399 2734 cernebamus
3425 2688 3506 2734 tot
3537 2680 3783 2750 iuniores
3810 2680 3948 2733 Sor-

2344 2774 2537 2829 bonnae
2569 2774 2951 2829 baccalaureos
2971 2813 2986 2837 ,
3014 2774 3273 2827 ementita
3314 2788 3534 2827 suorum
3563 2774 3948 2843 magistrorum

2343 2870 2661 2924 auctoritate
2688 2867 2975 2937 deceptos,
3006 2868 3142 2923 bona
3170 2868 3273 2923 ﬁde
3302 2867 3525 2923 credere
3544 2910 3559 2934 ,
3613 2869 3947 2939 Cyprianum

2344 2960 2642 3015 Pontificis:
2677 2959 3037 3014 infallibilitati
3071 2975 3430 3031 repugnasse,
3472 2960 3616 3032 quod
3643 2962 3847 3015 avitum
3889 2969 3951 3016 et

2345 3054 2592 3108 innatum
2641 3054 2707 3107 ad
2742 3053 2941 3108 tuenda
2972 3054 3128 3109 Sedis
3178 3054 3507 3124 Apostoliem
3545 3055 3665 3125 jura
3692 3055 3949 3123 ipsorum

2340 3148 2591 3203 ardorem
2618 3147 2893 3202 minuebat
2919 3162 3024 3201 non
3053 3162 3239 3217 parum
3268 3163 3331 3202 ac
3362 3148 3677 3203 remittebat.

2418 3240 2488 3295 Ut
2518 3241 2698 3309 itaque
2720 3252 2906 3294 nostro
2935 3256 3031 3309 pro
3052 3241 3359 3297 asserendis
3382 3256 3446 3295 ae
3473 3241 3637 3311 magis
3658 3240 3951 3311 magisque

646 3335 841 3403 legium
865 3334 1159 3390 Catholicis
1190 3336 1419 3390 suadere
1448 3351 1541 3404 per
1570 3334 1648 3389 fas
1674 3336 1834 3391 etiam
1863 3344 1917 3389 et
1940 3335 2091 3389 nefas
2118 3349 2238 3389 sns-
2266 3340 2309 3400 (1
2347 3332 2624 3387 ﬁrmandis
2677 3332 2847 3388 sacris
2877 3333 3202 3401 Apostolicae
3232 3335 3387 3389 Sedis
3412 3335 3624 3404 juribus
3650 3349 3717 3388 ac
3744 3333 3949 3389 divinis

645 3434 919 3495 ceperant.
955 3426 1091 3493 Quid
1123 3426 1356 3495 amplius
1383 3428 1541 3496 igitur
1558 3427 1838 3492 neoterici,
1871 3436 1928 3481 ut
1953 3427 2240 3481 nonnullos

650 3520 829 3576 hacin
864 3537 921 3576 re
970 3520 1220 3577 fallerent
1250 3522 1527 3577 incautos?
1582 3522 1758 3577 Probe
1809 3522 2008 3577 conscii
2040 3532 2241 3591 quanto

644 3615 784 3684 apud
812 3616 1120 3670 (Iatbolicos
1149 3615 1201 3669 in
1234 3616 1406 3684 pretio
1434 3615 1754 3671 haberentur
1779 3616 2053 3671 Gallorum
2083 3617 2239 3671 theo-

645 3708 887 3779 logorum
915 3724 978 3762 ac
1009 3709 1395 3763 Parisiensium
1449 3709 1727 3764 doctorum
1770 3710 2082 3780 Opiniones,
2135 3710 2241 3765 huc

647 3810 702 3855 et
751 3801 881 3856 illuc
909 3816 1168 3871 spargere
1200 3810 1483 3870 coeperunt
1514 3802 1816 3871 hujusmodi
1867 3814 2239 3872 argumentum

646 3892 1062 3961 sapientissimis
1086 3893 1193 3946 illis
1220 3907 1389 3947 sacrae
1421 3892 1705 3962 theologia:
1729 3895 1997 3963 magistris
2018 3894 2239 3951 validis-

644 3988 840 4040 simum
860 3985 927 4041 ad
952 3986 1316 4054 impeteudam
1348 3987 1574 4042 Romani
1593 3988 1868 4043 Pontiﬁcis
1891 3990 2239 4044 inerrantiam

645 4082 815 4134 visum
855 4080 1039 4135 fuisse.
1076 4081 1166 4135 Sic
1206 4082 1348 4150 quod
1379 4084 1454 4138 rei
1484 4082 1671 4137 deerat
1722 4093 1869 4137 tanto
1917 4086 2133 4139 nomine
2177 4100 2239 4138 ac

645 4174 797 4227 titulo
850 4175 1306 4242 compensandum
1335 4190 1457 4230 esse
1511 4176 1843 4245 iudicarunt.
1880 4176 2121 4234 Fatenda
2153 4194 2239 4235 res

643 4278 726 4323 cst
778 4266 1184 4323 Neotericorum
1215 4268 1354 4322 votis
1388 4285 1493 4323 non
1522 4285 1708 4339 parum
1759 4272 2024 4327 successit
2072 4271 2240 4327 artiﬁ-

642 4362 809 4414 cium.
845 4360 1028 4415 Exteri
1056 4360 1405 4429 quamplures
1424 4401 1439 4427 ,
1473 4360 1666 4430 quibus
1694 4376 1840 4431 saepe
1869 4378 1974 4416 non
2003 4375 2155 4417 vacat
2175 4378 2240 4418 ac

643 4452 973 4522 frequentius
1004 4452 1232 4505 liberum
1267 4469 1371 4505 non
1403 4462 1487 4507 est
1517 4461 1595 4506 tot
1620 4453 1805 4508 Gallia:
1833 4455 2113 4509 doctorum
2142 4472 2236 4509 vo-

642 4545 843 4599 lumina
894 4545 1175 4615 perlegere
1196 4586 1210 4610 ,
1245 4544 1474 4599 aliorum
1503 4560 1570 4600 ex
1598 4562 1696 4600 suo
1723 4547 2013 4602 candorem
2064 4549 2238 4604 dime-

643 4638 865 4698 tientes,
908 4652 1023 4690 rem
1071 4652 1262 4707 magna
1315 4634 1533 4691 ﬁdentia
1582 4641 1904 4696 testantibus
1937 4641 2076 4695 bona
2128 4642 2236 4697 ﬁde

2349 3428 2637 3498 privilegiis
2663 3427 2841 3481 studio
2869 3438 3172 3498 nostraeque
3203 3429 3272 3483 de
3299 3428 3480 3485 Galliae
3508 3429 3801 3501 theologis,
3832 3443 3949 3498 quo

2348 3522 2560 3576 meliori
2608 3523 2767 3576 modo
2794 3537 3110 3591 possumus,
3151 3524 3531 3579 benemerendi
3558 3523 3821 3577 voluntati
3854 3524 3948 3576 fa-

2346 3630 2592 3669 ceremus
2619 3616 2772 3681 satis,
2805 3630 3114 3686 germanam
3143 3615 3330 3671 Galliae
3365 3618 3736 3688 theologorum
3763 3614 3947 3671 hacin

2345 3718 2499 3779 parte
2528 3708 2847 3763 sententiam
2893 3708 3131 3777 pendere
3160 3717 3320 3778 atque
3360 3724 3389 3763 a
3429 3711 3712 3764 novissima
3760 3709 3948 3775 impo-

2344 3809 2492 3855 stura
2516 3800 2787 3854 vindicare
2810 3798 3167 3869 suscepimus.
3182 3800 3320 3867 Quid
3338 3802 3503 3871 ergo?
3524 3803 3603 3855 An
3629 3815 3729 3856 non
3748 3798 3951 3855 Galliae

2343 3893 2593 3949 doetores
2645 3894 2898 3964 Cypriani
2937 3894 3135 3949 laetum
3179 3894 3247 3949 ad
3290 3896 3651 3965 impetendarn
3704 3896 3956 3951 Romani

2344 3988 2620 4043 Pontiﬁcis
2639 3988 2993 4044 inerrantiam
3019 3989 3269 4044 idoneum
3288 4002 3582 4062 aptumque
3604 3991 3953 4060 diiudicant?

2345 4078 2516 4135 Immo
2572 4080 2961 4150 ineptissimum
3011 4097 3073 4136 ac
3104 4082 3463 4137 [utilissimum
3497 4084 3622 4138 illud
3665 4098 3783 4138 esse
3841 4084 3950 4139 de-

2343 4184 2664 4228 monstrant.
2699 4174 2930 4229 Easdem
2954 4175 3249 4229 doctissimi
3275 4175 3463 4230 Gallia:
3490 4177 3759 4246 theologi,
3798 4192 3947 4246 quas

2342 4269 2524 4323 caeteri
2574 4268 2825 4323 catholici
2855 4268 3104 4325 doctores
3136 4270 3201 4324 ad
3242 4270 3632 4327 exsufﬂandum
3672 4281 3729 4327 et
3756 4272 3951 4341 proni-

2342 4362 2571 4433 gandum
2595 4404 2610 4429 ,
2641 4379 2748 4431 quo
2773 4378 2841 4417 ex
2869 4362 3139 4435 Cypriane
3161 4364 3453 4419 Lutherani
3482 4366 3709 4435 primum
3735 4374 3786 4420 et
3817 4365 3950 4421 Cal-

2342 4454 2573 4519 viniani,
2610 4454 2807 4509 deinde
2850 4457 3109 4511 neoterici
3139 4456 3193 4510 in
3225 4473 3529 4528 supremam
3557 4467 3612 4512 et
3654 4459 3947 4513 immotam

2344 4546 2567 4601 Romani
2589 4547 2864 4603 Pontificis
2889 4549 3259 4603 auctoritatem
3284 4552 3515 4605 arietant
3538 4559 3945 4621 argumentum,

2342 4643 2721 4709 responsiones
2771 4641 3002 4697 afferunt
3046 4653 3205 4713 atque
3248 4644 3627 4715 suppeditant:
3677 4643 3759 4699 hae
3808 4660 3947 4702 vero

642 4728 1022 4794 crediderunt;
1055 4740 1215 4798 atque
1232 4730 1426 4783 exinde
1446 4729 1633 4785 Gallia
1658 4730 1939 4801 theologos
1966 4743 2237 4803 tamquam
2269 4731 2318 4792 D
2349 4746 2453 4791 tam
2492 4736 2712 4801 solidae,
2746 4747 2851 4791 tam
2888 4736 3203 4792 decretoriac
3229 4748 3354 4792 sunt
3383 4748 3439 4795 ut
3478 4742 3646 4809 magis
3675 4754 3798 4794 esse
3830 4756 3946 4795 non

642 4821 865 4890 hujusce
894 4823 1187 4891 argumenti
1222 4831 1478 4890 patronos
1506 4821 1766 4879 habentes
1793 4826 2135 4880 obscuratam
2166 4844 2233 4883 ac

640 4913 973 4967 imminutam
997 4913 1048 4967 in
1068 4914 1481 4979 recentioribus,
1502 4931 1622 4986 quae
1654 4916 1861 4973 veteres
1889 4918 2076 4975 Gallia:
2106 4920 2235 4977 doc-

643 5016 785 5061 tores
802 5007 1215 5063 commendabat
1235 5008 1422 5077 judicii
1444 5009 1761 5078 gravitatem
1793 5026 1856 5067 ac
1874 5014 2235 5070 maturitatem

714 5146 793 5215 (l)
832 5143 1025 5199 Lomb.
1058 5144 1109 5197 in
1151 5143 1274 5198 laud
1328 5144 1535 5214 praefat.
1579 5161 1700 5215 pag.
1735 5145 1822 5201 78.

659 5286 970 5301 Μ

2344 4832 2572 4902 possint.
2605 4832 2680 4886 Ita
2706 4846 2763 4885 se
2795 4830 2996 4886 habent
3025 4833 3325 4902 gravissimi
3378 4832 3510 4900 viri,
3564 4830 3827 4905 quidquid
3886 4834 3946 4890 in

2341 4924 2669 4978 contrarium
2702 4924 2965 4979 adducant
3006 4941 3068 4979 ac
3126 4925 3426 4981 fabulentur
3452 4927 3737 4990 neoterici,
3773 4937 3950 4996 atque

2341 5016 2469 5071 illud
2522 5027 2607 5071 est
2634 5018 2772 5087 quod
2805 5018 3136 5088 probandum
3165 5019 3506 5090 aggredimur
3535 5035 3602 5075 ac
3643 5018 3950 5079 dilficiliori

2340 5111 2655 5181 cuicumque
2694 5109 2920 5165 suadere
2945 5110 3283 5167 conﬁdimus.

1225 5379 2002 5454 COMPENDIOSA
2066 5382 2621 5455 STEPHANI
2676 5372 3365 5457 SANCTISSIMI

632 5519 1048 5585 MARTYRIS
1094 5518 1193 5580 AC
1237 5517 1551 5579 ROMANI
1598 5516 2046 5579 PONTIFICIS
2091 5518 2286 5579 VlTA
2344 5520 2395 5580 A
2460 5518 2845 5581 VETERUM
2890 5518 3423 5581 MONUMENTIS
3466 5516 3937 5585 EXCERPTA.

705 5671 1011 5742 Stephanus
1038 5669 1252 5722 natione
1282 5666 1557 5721 Romanus
1583 5680 1651 5721 ex
1696 5674 1848 5733 patre
1871 5664 2114 5736 Julio(3)
2135 5680 2230 5719 an-

710 5784 786 5849 (εὶ.)
816 5781 1090 5850 Catatogus
1120 5779 1430 5845 Pontiﬁcum
1454 5779 1810 5850 aesculeaexw
1829 5778 2143 5850 conscriptus
2165 5776 2231 5831 ab
2282 5824 2285 5827 γ

642 5851 977 5905 lleschcnnio
1001 5848 1251 5917 vulgatus
1278 5856 1406 5903 tom.
1440 5866 1476 5902 ι.
1510 5848 1706 5917 Aprilis
1739 5850 1791 5902 in
1836 5848 2057 5902 diatriba
2098 5864 2232 5921 pra:-

2334 5672 2547 5734 tequam
2574 5664 2639 5718 ad
2665 5680 2975 5736 supremum
3004 5667 3265 5723 Ecclesia:
3302 5668 3563 5723 verticem
3586 5668 3943 5728 attolleretur

2338 5779 2582 5904 liztinari.
2626 5780 2940 5837 Anastasius
2992 5780 3435 5840 Bibliotecharius
3467 5784 3519 5840 in
3559 5782 3678 5839 Vita
3703 5783 3776 5841 S.
3816 5788 3934 5845 Sta.

2340 5868 2372 5904 υ
2412 5868 2515 5904 ατη.

2340 5868 2515 5920 prtam.
