4116 6258
231 337 335 395 1285

1277 387 1304 400 ..
1383 339 2180 400 HlSTORICO-DOGMATICA.

3299 347 3437 409 1286

227 457 266 511 in
286 456 459 511 clerum
482 454 781 514 Romanum
803 464 1080 528 coaptatus
1097 455 1541 528 Corneliiprimo,
1564 456 1756 512 deinde
1783 465 1833 522 Α
1862 459 2003 514 rioso
2031 458 2288 530 martyrio
2323 459 2592 516 constituti
2638 461 2865 517 dandam
2905 476 3025 518 esse
3056 463 3219 534 lapsis
3249 482 3434 536 pacem

225 554 340 608 Lucii
368 553 722 608 Romanorum
752 553 1070 609 Pontiﬁcum
1102 554 1194 608 fuit
1221 553 1630 609 archidiaconus
1662 554 1764 621 (1),

225 645 266 700 in
289 662 375 717 quo
400 646 574 701 officio
604 645 760 700 talem
815 661 875 702 se
921 647 1143 715 praebuit
1175 644 1445 711 Cornelio,
1492 655 1548 700 ut
1591 647 1764 714 ipsum

222 756 312 812 prie
344 741 582 794 omnibus
628 739 846 810 dignum
879 740 1167 802 censuerit,
1213 740 1295 794 cui
1343 740 1502 795 tutius
1535 757 1553 791 ι
1589 739 1767 794 omnia

222 832 435 887 Ecclesia!
457 834 595 887 bona
621 843 749 887 ante
775 847 925 887 suam
947 834 1248 902 passionem
1273 832 1609 887 traderentur
1626 830 1726 901 (2).
1741 850 1760 883 ι

219 925 350 980 Lucio
369 940 493 980 vero
517 925 586 978 ita
607 938 667 979 se
691 925 954 994 probavit.
974 936 1029 980 ut
1053 927 1226 994 ipsum
1245 941 1308 978 ex
1331 925 1580 979 omnibus
1601 940 1766 979 unum

217 1020 270 1076 ad
292 1019 640 1076 sustinendam
670 1018 1004 1074 diflicillimis
1032 1020 1362 1090 temporibus
1392 1021 1628 1074 nutantis
1655 1019 1767 1074 Ec-

217 1114 362 1170 clesia:
379 1114 571 1170 molem
587 1113 876 1184 deligeret:
904 1132 923 1168 ι
954 1112 1039 1168 hic
1060 1114 1225 1180 enim,
1244 1113 1414 1182 inquit
1431 1113 1765 1176 AnaSIasius,

217 1217 502 1278 potestatem
535 1206 685 1264 dedit
713 1207 886 1261 omnis
913 1205 1165 1262 Ecclesia:
1195 1205 1468 1275 Stephano
1509 1203 1769 1260 archidia-

217 1316 330 1356 cono
355 1316 449 1376 suo
472 1300 595 1375 dum
621 1301 686 1356 ad
714 1300 1017 1371 passionem
1056 1311 1300 1370 pergeret
1325 1299 1407 1372 (5)
1449 1315 1464 1356 :
1510 1302 1591 1356 vel
1621 1301 1770 1370 juxta

216 1393 473 1450 Eusebium
503 1392 606 1465 (4),
628 1394 864 1448 moriens
889 1393 1196 1464 episcopale
1222 1393 1458 1448 ofﬁcium
1500 1391 1771 1462 Stephano

213 1486 488 1556 dereliquit.
526 1505 544 1539 ι

271 1581 437 1646 Lucio,
467 1581 702 1651 gloriosa
731 1591 902 1636 morte
937 1579 1210 1647 defuncto,
1245 1580 1501 1636 successit
1541 1577 1769 1649 Stepha-

211 1689 297 1729 nus
318 1673 409 1743 (5).
441 1661 681 1728 Ecclesia
714 1688 742 1726 a
770 1672 1232 1742 persecutionihus
1252 1672 1573 1744 respirante,
1595 1686 1658 1725 ac
1679 1687 1770 1741 pa-

210 1782 309 1821 cem
352 1766 447 1820 sub
493 1765 772 1820 Valeriano
814 1766 879 1821 ad
921 1776 1131 1834 tempus
1179 1763 1476 1832 obtinente,
1510 1765 1767 1834 majorem

1866 561 2204 607 censuerunt.
2220 571 2239 606 )

1938 646 2230 716 Cyprianus
2253 645 2455 704 interea
2467 647 2598 704 adeo
2620 664 2724 704 non
2749 651 3044 714 dubitabat.
3068 656 3194 724 quin
3215 653 3438 724 Stepha-

1867 754 1989 806 nus,
2010 756 2067 794 re
2093 741 2158 794 ad
2190 751 2386 796 tantam
2411 743 2578 798 lucem
2598 745 2706 813 jam
2733 757 3001 814 provecta,
3028 747 3195 817 ipsius
3217 751 3440 804 consilio

1867 839 1922 885 et
1945 831 2155 886 hortatu
2182 832 2387 888 litteras
2413 836 2478 888 ad
2509 837 2828 904 provinciam
2851 848 2906 893 et
2933 840 3141 907 plebem
3173 840 3440 895 arelaten-

1867 939 1978 980 sem
1999 925 2252 990 mitteret,
2271 927 2465 997 quibus
2480 939 2531 983 et
2553 929 2874 984 Marcianum
2902 933 3180 994 abstineri,
3204 946 3253 987 et
3277 933 3440 987 alium

1867 1018 2178 1088 episcopum
2213 1019 2262 1072 in
2294 1019 2411 1088 ejus
2444 1021 2610 1076 locum
2652 1021 2902 1076 substitui
2946 1024 3278 1092 principeret,
3308 1035 3365 1078 ut
3391 1033 3445 1080 et

1868 1110 1986 1180 quis
2007 1109 2164 1164 fuerit
2187 1111 2499 1167 substitutus
2515 1113 2614 1167 sibi
2637 1114 2922 1184 significari
2952 1124 3101 1184 roget
3128 1115 3208 1169 his
3225 1115 3404 1170 verbis
3428 1132 3443 1169 :

1876 1220 1893 1253 ι
1920 1201 2156 1272 signiﬁca
2183 1203 2336 1272 plane
2367 1205 2517 1260 nobis
2538 1205 2656 1275 quis
2675 1207 2725 1260 in
2749 1207 2923 1261 locum
2954 1206 3203 1262 Marciani
3225 1207 3442 1264 Arelate

1868 1293 2027 1348 fuerit
2047 1294 2381 1362 substitutus,
2413 1307 2464 1352 ut
2486 1298 2713 1352 sciamus
2734 1299 2799 1352 ad
2821 1315 2977 1367 quem
3010 1300 3198 1354 fratres
3226 1312 3442 1354 nostros

1868 1390 2118 1461 dirigere,
2161 1401 2216 1445 et
2259 1393 2341 1446 cui
2381 1393 2608 1448 scribere
2647 1393 2936 1448 debeamus
2973 1393 3073 1466 (9).
3099 1413 3118 1446 ι
3170 1395 3442 1464 Dejectum

1869 1496 2049 1538 autem
2078 1499 2109 1538 e
2131 1485 2258 1540 sedc
2285 1495 2407 1540 tunc
2436 1485 2755 1541 Marcianum
2788 1503 2816 1540 a
2849 1487 3123 1558 Stephano
3148 1489 3314 1545 fuisse
3342 1498 3449 1544 tota

1871 1579 1993 1633 silet
2013 1577 2334 1648 antiquitas;
2362 1590 2411 1632 at
2439 1579 2560 1633 illud
2587 1579 2784 1634 indicio
2813 1595 2933 1635 esse
2957 1590 3150 1650 potest,
3177 1583 3317 1652 quod
3348 1598 3448 1636 no-

1872 1686 1994 1725 men
2027 1670 2145 1739 ejus
2175 1672 2226 1724 in
2246 1671 2472 1740 antiquis
2497 1674 2836 1728 Arelatensis
2865 1674 3103 1729 ecclesia:
3130 1674 3398 1747 diptyehis
3422 1690 3452 1730 a

1873 1761 2184 1816 Mabillonio
2211 1762 2369 1817 editis
2394 1760 2510 1832 (10)
2542 1777 2645 1817 non
2679 1763 2904 1833 legatur.

212 1870 406 1914 sanctus
443 1857 627 1912 Pastor
662 1857 850 1929 agendi
880 1858 1181 1914 libertatem
1213 1867 1398 1912 nactus
1435 1856 1501 1911 ad
1530 1857 1776 1911 remotis—
1803 1865 1851 1932 Β
1951 1855 2152 1908 Eodem
2181 1855 2413 1918 circiter,
2445 1862 2502 1908 ut
2545 1855 2802 1921 creditur,
2855 1866 3092 1926 tempore
3142 1857 3456 1927 praeclarum

209 1953 354 2008 simas
404 1967 613 2024 quoque
659 1968 754 2024 per
810 1953 991 2008 orbem
1042 1950 1312 2008 Ecclesias
1356 1951 1771 2007 sollicitudinem

207 2047 348 2101 vertit
371 2065 381 2099 :
407 2046 686 2101 «omnibus
708 2046 964 2100 Siriarutn
984 2062 1102 2100 cum
1128 2045 1321 2100 Arabia
1355 2045 1642 2116 provinciis
1669 2061 1774 2098 non

204 2137 369 2198 semel.
415 2137 506 2192 sed
555 2135 842 2192 identidem
891 2137 1192 2191 necessaria
1223 2137 1571 2208 suppeditans
1603 2135 1714 2208 (6);
1751 2156 1769 2188 ι

203 2249 410 2303 quorum
440 2245 618 2288 autem
653 2233 969 2303 corporibus
999 2237 1140 2286 tanta
1166 2230 1429 2286 charilate
1451 2247 1512 2286 ac
1544 2231 1778 2286 liberali-

204 2335 301 2382 tate
327 2337 540 2382 sanctus
585 2325 825 2380 Pontifex
857 2325 1224 2391 subveniebat,
1254 2324 1463 2378 animos
1493 2326 1652 2378 etiam
1682 2323 1777 2378 be-

210 2418 372 2489 ttignis
417 2434 478 2472 ac
521 2417 820 2473 salubribus
849 2419 1063 2488 scriptis
1094 2418 1277 2484 solari,
1318 2426 1371 2472 et
1409 2417 1474 2472 ad
1526 2417 1775 2487 pietatem

202 2513 426 2568 excitare
448 2509 713 2578 studebat,
746 2522 878 2567 teste
911 2513 1185 2583 Dionysio,
1209 2512 1383 2566 citatis
1414 2511 1574 2566 modo
1599 2511 1779 2566 verbis

201 2605 309 2658 haec
349 2603 612 2659 subdente
663 2619 677 2658 :
733 2623 750 2656 ι
781 2613 835 2658 et
879 2604 1072 2675 quibus
1115 2604 1320 2659 litteras
1369 2619 1508 2658 nunc
1557 2604 1778 2673 scripsi-

199 2696 308 2751 stis.
338 2715 356 2748 ι

263 2789 579 2844 Marcianum
612 2787 983 2844 Arelatensem
1015 2789 1065 2842 in
1097 2785 1267 2843 Gallia
1311 2785 1619 2857 episcopum
1666 2785 1772 2840 No-

197 2885 399 2936 vatiano
431 2883 717 2953 plurimttm
763 2883 980 2936 studere
1025 2897 1128 2935 non
1168 2880 1284 2935 sine
1320 2875 1577 2934 Ecclesiae
1617 2873 1781 2933 detri-

196 2989 373 3034 mento
399 2975 671 3048 Stephano
699 2975 1019 3047 signiﬁcavit
1047 2991 1147 3029 una
1180 2991 1299 3029 cum
1327 2974 1537 3030 caeteris
1567 2972 1780 3043 provin-

192 3069 286 3128 cias
325 3072 591 3143 episcopis
642 3069 928 3126 Faustinus
982 3065 1353 3138 Lugdunensis
1401 3065 1625 3121 antistes
1676 3064 1776 3139 (7).

192 3165 518 3238 Stephanum
565 3174 740 3219 autem
776 3179 871 3233 pro
920 3161 998 3218 rei
1039 3163 1298 3233 gravitate
1343 3171 1550 3215 mature
1587 3175 1780 3232 proce-

190 3257 426 3324 dentem,
469 3273 532 3312 ac
582 3255 634 3310 in
678 3253 1209 3311 excommunicandis
1230 3263 1283 3308 et
1310 3251 1642 3324 deponendis
1669 3252 1780 3321 epi—

187 3351 368 3422 scopis
413 3366 517 3405 non
569 3349 908 3404 feSIinanlem
956 3363 1050 3418 per
1098 3347 1379 3418 epistolam
1421 3343 1584 3400 adita
1615 3345 1784 3401 Gallis

185 3441 441 3499 incitatus
467 3444 787 3514 Cyprianus,
837 3441 1011 3512 ipsum
1061 3440 1410 3510 interpellans
1437 3457 1455 3489 ι
1493 3447 1548 3492 ιιι
1578 3439 1628 3492 in
1661 3452 1785 3509 pro-

184 3538 418 3592 vinciam
458 3549 510 3591 et
542 3535 606 3589 ad
639 3535 850 3606 plebem
884 3525 1102 3590 Arelate
1146 3531 1527 3588 consistentem
1581 3531 1784 3584 litteras

185 3631 448 3702 dirigeret
492 3639 544 3686 et
596 3629 811 3700 quidem
867 3627 1228 3698 plenissimas,
1291 3624 1485 3695 quibus
1539 3619 1785 3677 abstento

180 3719 460 3784 Marciano
482 3723 643 3780 alium
670 3725 719 3779 in
741 3725 911 3779 locum
937 3723 1053 3793 ejus
1076 3718 1422 3775 substitueret
1441 3715 1552 3789 (8);
1580 3739 1598 3769 ›
1620 3733 1784 3788 quare

180 3832 371 3877 autem
401 3822 560 3876 vellet
594 3832 698 3875 tam
731 3835 919 3875 severa
953 3831 1005 3873 ct
1038 3817 1183 3888 gravi
1216 3832 1440 3872 censura
1473 3813 1525 3869 in
1559 3810 1783 3868 Marcia-

178 3927 316 3971 num
349 3911 724 3976 animadverti,
772 3911 1028 3967 disertius
1069 3907 1291 3980 exponit
1336 3912 1433 3963 sub
1461 3908 1696 3976 epistola:
1726 3908 1787 3959 ﬁ-

178 4007 346 4073 nem;
383 4006 522 4076 quod
549 4006 799 4059 nimirum
828 4001 1180 4072 vindicandus
1226 4011 1373 4056 esset
1420 3998 1783 4055 Romanorum

173 4102 510 4161 Pontiﬁcum
545 4099 738 4164 honor,
783 4117 808 4151 a
840 4094 1068 4171 quorum
1102 4097 1190 4152 ille
1223 4117 1242 4148 ‹
1269 4093 1335 4151 de
1361 4091 1680 4164 recipiendis
1706 4092 1783 4147 la-

172 4196 295 4268 psis
329 4215 349 4248 ›
372 4193 607 4250 decretis
634 4187 979 4262 pertinaciter
1007 4181 1362 4244 dissentiebat
1388 4205 1400 4239 :
1433 4205 1451 4238 ι
1482 4183 1786 4240 Servandus

168 4302 265 4349 est
294 4292 466 4356 enim,
502 4288 692 4362 inquit,
719 4291 1135 4343 Antecessorum
1168 4296 1472 4340 nostrorum
1503 4285 1786 4337 beatorum

167 4396 489 4455 martyrum
529 4382 764 4438 Cornelii
795 4393 847 4437 et
876 4375 1019 4435 Lucii
1051 4378 1222 4433 honor
1243 4377 1527 4450 gloriosus,
1560 4391 1785 4448 quorum

166 4477 508 4532 memoriam
529 4493 648 4530 cum
683 4489 780 4529 nos
807 4469 1156 4537 honoremtts,
1176 4472 1341 4526 multo
1371 4467 1539 4540 magis
1571 4467 1644 4533 tu,
1679 4468 1787 4520 fra-

161 4581 258 4625 ter
286 4570 636 4636 charissime,
685 4565 1041 4622 honoriﬁcare
1090 4575 1144 4619 et
1172 4581 1388 4620 servare
1432 4563 1692 4636 gravitate
1732 4570 1787 4616 et

156 4667 511 4720 auctoritate
543 4671 628 4716 tua
676 4659 862 4724 debes,
913 4657 1003 4728 qui
1057 4657 1285 4712 vicarius
1308 4668 1362 4712 ct
1392 4671 1669 4712 successor
1695 4672 1784 4711 eo-

158 4774 300 4812 rum
352 4759 528 4812 factus
567 4771 646 4810 es.
683 4751 764 4809 Illi
798 4753 938 4809 enim
973 4751 1111 4824 pleni
1149 4749 1346 4822 Spiritu
1375 4750 1465 4806 Dei
1496 4759 1551 4805 et
1593 4751 1644 4804 in
1673 4749 1786 4820 glo-

246 4947 528 5028 (1)_Wldem
560 4952 869 5028 Anastasius
898 4953 949 5008 in
993 4949 1115 5007 Vitis
1157 4949 1264 5007 SS.
1314 4948 1537 5006 Cornelii
1564 4958 1610 5003 et
1641 4947 1786 5002 Lucii

149 5023 332 5082 edil.’
357 5025 546 5087 Rom.,
575 5023 734 5079 1718.

270 5098 344 5167 2)
384 5099 528 5167 Idem
563 5097 615 5148 in
654 5095 770 5167 Vita
793 5094 1110 5150 S.Co'ruelii.

273 5165 345 5235 5)
380 5172 437 5224 In
480 5166 590 5221 Vita
616 5167 676 5221 S.
703 5165 868 5220 Lucii.

274 5234 345 5313 4)
371 5236 782 5296 Histor.Eccles.
802 5237 896 5290 lib.
912 5253 1003 5304 vn,
1021 5253 1139 5308 cap.
1158 5236 1214 5303 2,
1233 5235 1364 5292 edit.
1384 5234 1564 5290 Vales.
1585 5234 1781 5301 Paris.,

145 5312 353 5457 Μῑῗὲ)⁸
379 5386 438 5440 Id
467 5393 585 5454 post
612 5383 954 5457 Cyprianum,
985 5381 1294 5457 Eusebium.
1323 5377 1572 5447 Optatum
1599 5375 1783 5430 milev.

137 5450 578 5527 Augnstinum,
633 5450 976 5523 Pr'osperum,
1018 5450 1396 5522 Nicephorum,
1449 5459 1553 5504 etc.
1601 5460 1790 5502 omnes

137 5539 517 5600 agnoscunt.

235 5599 344 5673 (6)
382 5597 672 5671 Dionysius
703 5594 962 5652 Alexand.
996 5593 1134 5664 apud
1188 5591 1496 5648 Eusebium.
1545 5591 1640 5646 lib.
1692 5603 1785 5654 vn,

135 5687 299 5728 can.
343 5673 405 5728 5.

229 5687 442 5816 ‘()‘.7)DS.
477 5742 803 5816 Cyprianus,
852 5738 1016 5809 Epist.
1048 5738 1115 5791 ad
1160 5736 1220 5793 S.
1274 5733 1594 5806 Stephanum
1623 5746 1787 5798 van,

132 5815 354 5885 supra
389 5817 494 5871 col.
527 5815 653 5870 989.

129 5907 188 5962 ξς.
231 5883 350 5958 ἰδ)
381 5887 703 5958 Cyprianus,
731 5883 857 5942 ibid.

1877 1948 2214 2002 auctoritatis
2245 1962 2307 2002 ac
2337 1962 2443 2001 suae
2473 1947 2772 2002 clementiae
2802 1951 3073 2018 specimen
3104 1950 3247 2004 dedit
3279 1950 3456 2020 piissi-

1879 2055 1998 2095 mus
2024 2039 2267 2096 Pontifex
2300 2044 2350 2094 in
2379 2056 2535 2095 causa
2568 2039 2813 2096 Basilidis
2839 2041 3091 2113 Legionis
3123 2053 3176 2098 et
3198 2043 3457 2098 Asturica:

1877 2135 1931 2190 in
1963 2134 2230 2204 Hispaniis
2260 2135 2510 2204 episcopi.
2536 2135 2632 2190 Hic
2648 2153 2768 2192 cum
2791 2137 2860 2192 ob
2885 2140 3031 2192 Varia
3054 2139 3299 2204 crimina,
3318 2154 3454 2209 quo-

1879 2244 1998 2284 rum
2020 2231 2382 2292 accusabatur,
2403 2229 2470 2281 ab
2494 2229 2805 2299 episcopatu
2828 2245 2857 2283 a
2879 2232 2991 2285 suis
3016 2232 3266 2300 depulsus
3292 2240 3454 2298 esset,

1880 2321 2103 2392 ejusque
2147 2322 2263 2376 loco
2294 2321 2517 2377 Sabinus
2545 2321 2734 2378 fuisset
2777 2323 3036 2380 suﬁ‘ectus
3075 2340 3192 2381 sese
3231 2325 3457 2382 Romam

1880 2418 1945 2471 ad
1977 2416 2306 2486 Stephanum
2332 2417 2574 2482 contulit,
2600 2435 2628 2472 a
2661 2434 2767 2488 quo
2795 2429 2851 2473 ut
2882 2420 2932 2474 in
2963 2436 3115 2475 suam
3156 2422 3339 2477 sedero
3371 2438 3458 2477 re-

1881 2510 2197 2564 atitueretur
2220 2510 2442 2564 obtinuit
2473 2509 2614 2582 (lt).
2645 2508 2966 2581 Cyprianus,
3007 2529 3130 2568 cum
3169 2513 3457 2570 Basilidein

1882 2605 2147 2671 omnium,
2173 2619 2394 2674 quorum
2417 2605 2768 2659 accusabatur
2790 2607 3070 2661 criminum
3097 2623 3247 2662 reum
3275 2609 3460 2663 existi-

1883 2706 2075 2765 maret,
2127 2709 2180 2752 et
2226 2698 2433 2752 aliunde
2474 2698 2732 2767 Stephani
2763 2701 2986 2769 aequitas
3015 2700 3150 2755 adeo
3193 2702 3292 2755 sibi
3334 2711 3461 2757 nota

1883 2805 2048 2860 esset,
2079 2802 2135 2848 ut
2164 2795 2325 2862 ipsum
2357 2792 2660 2847 facinoroso
2688 2795 3007 2862 patrocinari
3026 2796 3258 2850 voluisse
3283 2796 3460 2850 nulla-

1885 2897 2038 2942 tenus
2067 2889 2446 2955 suspicaretur,
2479 2885 2810 2955 Stephanutn
2837 2904 2866 2941 a
2895 2887 3124 2941 Basilide
3155 2891 3208 2940 in
3237 2887 3340 2942 hoc
3367 2903 3458 2942 ne-

1881 2981 2026 3050 gotio
2049 2979 2211 3034 fuisse
2225 2989 2479 3048 acceptum
2495 2981 2722 3045 censuit,
2753 2983 2892 3050 quod
2911 2978 3183 3049 Stephano
3212 2978 3460 3035 accidere

1884 3073 2122 3142 potuisse
2173 3070 2461 3134 cmitendit,
2525 3080 2580 3124 nt
2628 3080 2748 3140 pote
2796 3073 2945 3142 longe
2974 3072 3042 3126 ab
3072 3071 3323 3141 Hispania
3367 3088 3462 3140 po-

1883 3167 1980 3220 sito
2021 3175 2066 3220 et
2118 3177 2262 3235 gesta:
2309 3165 2380 3218 rei
2429 3180 2490 3218 ac
2537 3165 2704 3219 tacita:
2749 3167 2970 3220 veritatis
3001 3166 3180 3237 ignaro
3209 3165 3352 3237 (l2).

1808 3262 1852 3325 C
1958 3259 2013 3314 Si
2046 3274 2225 3314 revera
2253 3258 2553 3324 Stephanus
2595 3259 2647 3312 in
2682 3259 2780 3314 hac
2811 3275 2891 3327 re,
2923 3269 2979 3314 ut
3009 3261 3210 3329 putavit
3236 3260 3462 3331 Cypria-

1889 3367 2007 3416 nos.
2039 3351 2405 3407 circumveniri
2433 3366 2491 3405 se
2524 3366 2712 3420 passus
2740 3361 2841 3416 est,
2875 3367 2981 3408 non
3014 3363 3293 3422 propterea
3338 3367 3463 3423 gra-

1889 3445 1989 3510 vis,
2019 3447 2277 3500 autetiam
2307 3443 2440 3498 levis
2467 3443 2808 3514 negligentiae
2832 3445 2976 3500 illico
3003 3444 3318 3514 culpandus,
3343 3461 3464 3500 cum

1889 3537 2209 3607 experientia
2239 3544 2450 3596 conatet
2494 3537 2577 3591 vel
2620 3538 3028 3607 diligentissimo
3060 3553 3459 3608 nonnumquam

1891 3631 2300 3699 cautissimoque
2328 3629 2514 3698 obrepi
2541 3629 2751 3694 solere;
2801 3633 3031 3686 maxime
3056 3630 3124 3696 si,
3156 3642 3211 3685 ut
3236 3629 3464 3699 Stepha-

1892 3740 2012 3791 nus,
2042 3740 2103 3778 ea
2135 3724 2313 3792 plenus
2340 3732 2426 3777 est
2451 3725 2714 3778 charitate
2758 3738 2880 3793 qua:
2907 3723 3088 3779 omnia
3113 3724 3339 3779 credens
3367 3738 3466 3778 nec

1890 3817 2130 3886 cogitans
2156 3815 2365 3880 malum,
2391 3815 2497 3869 reis
2517 3816 2684 3883 magis
2710 3830 2868 3883 quain
2891 3814 3164 3870 actoribus
3190 3815 3467 3885 indulgere

1891 3908 2104 3969 studet;
2138 3905 2224 3960 sed
2255 3905 2438 3960 nescio
2483 3920 2550 3959 an
2595 3903 2898 3974 Cyprianus
2926 3906 3121 3974 potius,
3153 3921 3312 3975 quam
3341 3905 3466 3962 Ste-

1892 3999 2100 4069 phanus
2124 3998 2172 4052 in
2192 3997 2290 4052 hoc
2307 3997 2522 4067 negotio
2547 3997 2705 4051 fuerit
2730 3998 2987 4066 deceptus
3009 4014 3026 4063 ;
3052 3998 3305 4067 quidquid
3322 4001 3466 4054 enim

1891 4093 2183 4164 Cyprianus
2202 4092 2255 4146 in
2279 4092 2376 4146 hac
2399 4090 2634 4161 Epistola
2657 4090 2726 4144 de
2755 4089 3004 4145 Basilidis
3027 4091 3340 4146 criminibus
3360 4101 3468 4146 sta-

1893 4193 2012 4255 tuit,
2045 4187 2221 4242 statuit
2246 4193 2398 4254 parte
2427 4184 2593 4237 altera
2624 4181 2882 4246 inaudita,
2913 4181 3018 4238 hoc
3039 4191 3121 4238 est
3148 4199 3214 4237 ex
3240 4184 3350 4238 sola
3383 4198 3470 4239 re-

1895 4282 2091 4336 latione
2111 4278 2398 4348 legatorum
2426 4275 2517 4345 qui
2543 4283 2696 4330 erant
2721 4275 2960 4346 episcopi
2989 4275 3247 4344 dejmsitis
3279 4274 3436 4348 (Basi
3453 4304 3468 4316 -

1893 4377 1986 4432 lidi
2013 4386 2066 4431 et
2088 4371 2340 4442 Martiali)
2381 4369 2675 4434 subatituti,
2707 4379 2762 4424 et
2804 4385 2869 4429 ex
2895 4368 3089 4426 litteris
3132 4382 3342 4436 eorum,
3375 4367 3466 4438 qui

1895 4473 1994 4528 hos
2023 4470 2390 4538 deposuerant,
2427 4464 2546 4518 illos
2573 4462 2993 4528 substituerant;
3025 4471 3080 4517 at
3127 4461 3180 4517 hi
3226 4462 3468 4532 profecto

1893 4566 1947 4620 in
1975 4579 2124 4620 causa
2148 4560 2360 4630 propria
2393 4567 2556 4614 testes
2581 4573 2687 4612 non
2715 4565 2869 4611 erant
2899 4555 3099 4617 idonei,
3123 4564 3182 4610 et
3196 4570 3347 4625 mque
3371 4556 3469 4610 im-

1813 4661 1863 4728 θ
1889 4674 2086 4731 ponere
2109 4655 2377 4727 Cypriane
2404 4659 2672 4722 poterant,
2703 4665 2764 4705 ac
2793 4649 3066 4719 Stephano
3083 4648 3364 4704 Basilides.
3390 4649 3468 4704 Ah

1888 4752 2136 4823 Hispania
2149 4755 2296 4820 longe
2313 4747 2526 4818 quidem
2543 4746 2738 4817 positus
2749 4755 2857 4800 erat
2879 4744 3200 4844 Syphax“;
3212 4753 3266 4800 at
3281 4743 3469 4815 Hispa-

1891 4847 1975 4902 nis
1993 4861 2087 4901 non
2113 4843 2250 4899 adeo
2281 4842 2494 4912 propior
2520 4837 2844 4910 Cyprianus,
2867 4837 3064 4906 nt'qua:
3089 4837 3317 4894 Romam
3343 4837 3471 4893 inde

1893 4953 2168 5010 penetrare
2193 4945 2398 5007 poterat
2413 4933 2760 4994 fallacia,non
2779 4931 3042 5001 potuisset
3060 4931 3222 4986 etiam
3239 4928 3469 4985 Cartha-

1891 5037 2098 5106 ginemg;
2117 5048 2236 5087 cum
2258 5029 2488 5086 maxime
2503 5036 2608 5082 tam
2623 5040 2743 5082 rara
2771 5025 3223 5095 Carthaginienses
3248 5025 3388 5080 inter
3417 5034 3471 5080 et

1895 5127 2150 5195 Hispanos
2179 5118 2728 5189 millojurisdictionis
2747 5119 2964 5175 vinculo
2986 5117 3281 5188 colligatos,
3307 5133 3468 5188 quam

1893 5215 2181 5288 frequentia
2211 5214 2568 5282 Hispanorum
2593 5227 2711 5264 cum
2738 5211 3012 5274 Romanis,
3037 5211 3229 5280 quibus
3251 5221 3303 5265 et
3325 5209 3469 5266 civili

1893 5320 1947 5367 et
1969 5307 2325 5364 ecciesiastica
2357 5312 2624 5373 potestate
2657 5301 2933 5369 suberant,
2967 5303 3293 5358 haberentur
3320 5318 3469 5359 com-

1893 5403 2114 5467 mercia;
2143 5397 2461 5455 crediderim
2489 5395 2665 5470 potius
2691 5394 2834 5468 Quod
2863 5396 2918 5450 in
2939 5391 3194 5470 Hispania
3211 5398 3470 5469 agebatur

2323 5656 2451 5728 tom.
2479 5661 2555 5730 ut,
2581 5660 2701 5730 pag.
2721 5643 3011 5730 @A‘ed‘it.
3038 5645 3282 5711 Parisis..
3308 5647 3464 5704 [679.

1953 5715 2071 5795 (ll)
2099 5720 2398 5792 Cyprianus
2429 5718 2484 5776 in
2515 5717 2684 5790 Epist.
2709 5719 2777 5772 ad
2815 5715 3135 5786 Stephanum
3170 5735 3343 5790 urit,
3380 5736 3469 5778 su-

1891 5811 1996 5866 pra.
2706 5814 2712 5820 κ

1959 5865 2070 5938 (12)
2097 5863 2312 5920 ibidem.
