4116 6258
635 354 773 412 1287

2057 329 2499 391 DISSER'I‘ATIO

3766 312 3894 368 {288

637 472 808 528 multo
839 466 1026 523 melius
1070 462 1256 518 Roma:
1293 460 1417 516 sciri
1458 473 1519 514 ac
1562 456 1857 515 examinari
1902 454 2140 524 potuisse
2184 468 2214 506 a
2242 457 2294 513 Α
2321 461 2424 505 lem
2447 450 2555 519 jam
2588 447 2864 512 infecerat,
2895 456 3082 515 quaave
3108 441 3162 495 in
3196 438 3450 493 ﬁnitimas
3472 433 3765 507 pervadere
3793 447 3893 487 non

641 565 939 635 Stephano,
969 575 1127 631 quam
1155 556 1477 627 Carthagine
1499 570 1527 608 a
1555 554 1843 625 Cypriano.

716 663 785 715 At
813 657 1031 721 fuerint,
1077 654 1122 709 si
1173 652 1376 724 placet,
1409 649 1655 705 Basilidis
1693 646 1919 703 crimina
1957 643 2225 717 Cypriauo

640 753 828 824 magis,
861 766 1019 823 quam
1043 747 1315 817 Stephano
1352 744 1589 816 probata.
1625 742 1817 797 ideone
1843 740 2122 807 deceptus,
2145 735 2227 790 vel

648 850 892 905 incautus
941 846 1268 914 Stephanus,
1323 842 1444 912 quia
1495 838 1637 893 illum
1675 837 1787 891 sedi
1819 850 1930 888 sua:
1960 828 2230 887 restituit?

648 944 807 1001 Nullo
835 942 1015 997 modo.
1045 938 1177 995 Cum
1204 938 1345 993 enim
1387 933 1628 989 Basilidis
1653 929 1916 999 depositio
1944 926 2012 981 ab
2044 926 2230 994 llispa-

647 1039 730 1094 nis
754 1036 892 1092 facta
916 1035 1122 1099 fuisset,
1146 1046 1251 1087 non
1278 1027 1522 1083 consulta
1547 1024 1682 1081 Sede
1700 1023 1964 1085 Romana,
1984 1016 2049 1072 ad
2076 1030 2233 1086 quam

652 1128 958 1200 hujnsmodi
1002 1139 1176 1181 causae
1230 1120 1526 1179 referenda:
1576 1127 1722 1174 erant
1776 1125 1911 1170 teste
1968 1117 2083 1182 ipso
2132 1107 2234 1181 Cy-

654 1227 843 1298 priano
862 1222 960 1296 (l),
984 1221 1145 1291 idque
1173 1220 1421 1289 ignorare
1450 1230 1553 1269 non
1585 1212 1810 1281 potuerit
1830 1211 1885 1266 S.
1910 1206 2231 1278 Stephanus,

657 1320 1012 1391 Hispanorum
1036 1323 1152 1370 acta
1180 1312 1485 1369 rescindere
1510 1308 1706 1373 debuit,
1740 1306 1928 1360 saltem
1956 1301 2130 1373 quoad
2159 1300 2235 1354 illi

658 1428 872 1469 causam
905 1409 1092 1465 ordine
1122 1406 1383 1477 legitimo,
1432 1403 1532 1457 hoc
1557 1410 1639 1456 est
1660 1399 1870 1454 conscia
1900 1407 1951 1450 et
1978 1395 2236 1466 probante

664 1505 805 1560 Sede
834 1502 1137 1575 Apostolica
1184 1500 1360 1555 denuo
1404 1497 1775 1551 instaurarent.
1825 1490 1924 1558 Qui
1976 1488 2125 1558 plura
2173 1485 2239 1540 de

660 1597 761 1652 hac
811 1612 869 1652 re
919 1594 1209 1660 desiderat,
1233 1589 1476 1647 consulat
1523 1584 1997 1643 eminentissimum
2045 1578 2238 1652 Aguir-

660 1691 800 1746 rium
831 1688 932 1762 (2).

736 1782 1092 1852 HiSpanorum
1130 1779 1217 1833 vix
1248 1776 1545 1842 sedaverat,
1588 1781 1680 1827 aut
1720 1771 1904 1828 sedare
1945 1774 2241 1825 tentaverat

2327 543 2620 598 desistebat
2643 538 2964 609 provincias,
2991 533 3138 590 brevi
3160 531 3392 588 Africam
3419 538 3607 592 totam,
3633 536 3897 591 totumque

2329 636 2602 693 Orientem
2630 633 2743 687 fore
2776 630 3126 703 perditurum,
3150 624 3378 694 ideoque
3402 621 3758 678 necessarium
3783 633 3898 674 esse

2331 729 2586 802 providus
2632 724 2895 782 intellexit
2947 738 3052 777 non
3108 720 3520 792 qualecumque,
3571 714 3665 769 sed
3720 716 3899 768 efﬁcax

2327 824 2477 894 juxta
2511 819 3076 892 promptissimumque
3098 821 3245 868 tanto
3271 811 3411 865 malo
3444 808 3771 871 remedium;
3800 820 3898 876 qua

2334 918 2513 986 itaque
2544 916 2596 969 in
2628 912 2984 984 Cyprianum,
3018 907 3256 977 aliosque
3283 903 3570 974 episcopos
3597 901 3904 954 auctoritate

2336 1011 2569 1082 pollebat
2584 1016 2882 1079 opportune
2900 1007 3066 1057 utitur
3090 999 3231 1053 nulla
3252 992 3903 1059 contradicendilibidine,

2337 1104 2430 1159 sed
2454 1117 2559 1157 uno
2588 1098 2890 1154 traditionis
2913 1092 3193 1151 servanda:
3214 1089 3395 1146 studio
3420 1107 3434 1143 :
3464 1106 3483 1139 ί
3512 1086 3731 1157 dignum
3763 1085 3909 1139 nimi-

2337 1216 2454 1255 rum
2478 1196 2793 1252 existimans
2820 1193 2863 1248 si
2891 1191 3131 1261 reliquos
3152 1200 3341 1241 omnes
3367 1192 3570 1239 tantum
3599 1181 3728 1236 ﬁdei
3755 1180 3909 1235 dero.

2340 1294 2485 1348 ti0ne
2506 1291 2761 1354 vinceret,
2776 1294 3031 1358 quantum
3047 1283 3147 1338 loci
3168 1278 3487 1334 auctoritate
3511 1275 3806 1347 superabat
3822 1272 3910 1344 (8),

2341 1390 2550 1459 ipsique
2604 1402 2697 1456 per
2726 1381 3017 1454 Epi~tolam
3060 1377 3140 1452 (9)
3178 1375 3419 1448 prmcipit
3444 1374 3561 1444 (1ο)
3591 1370 3674 1427 nil
3703 1384 3825 1426 esse
3868 1370 3915 1423 in

2343 1482 2446 1539 hoc
2468 1479 2683 1552 negotio
2706 1475 3090 1539 innovandum,
3109 1471 3374 1543 principii,
3404 1469 3646 1538 inquam,
3675 1475 3735 1520 ut
3763 1466 3918 1521 bonus

2345 1586 2515 1649 pater,
2542 1576 2631 1644 qui
2664 1573 2735 1628 nil
2756 1571 2898 1639 ﬁliis,
2920 1569 3007 1624 ubi
3028 1566 3191 1622 etiam
3216 1571 3450 1635 oportet,
3476 1563 3781 1634 pmcipere
3803 1558 3916 1621 vult,

2345 1672 2470 1743 quin
2518 1678 2573 1725 et
2630 1666 2881 1739 praecepti
2939 1661 3245 1732 aequitatem
3290 1657 3521 1725 afferat,
3580 1655 3923 1724 modesteque

2347 1775 2596 1840 exponat.
2620 1764 2886 1837 Cypriano
2914 1762 3055 1817 enim
3084 1756 3349 1831 signiﬁcat
3389 1772 3500 1810 suze
3522 1752 3773 1824 opinioni
3804 1767 3920 1807 con-

666 1875 1138 1945 turbasreligiosus
1154 1871 1419 1935 Pontifex,
1445 1880 1845 1937 cumgravmres
1866 1862 2236 1918 Africanorum
2266 1857 2314 1917 B
2345 1862 2560 1915 trariam
2599 1873 2719 1913 esse
2754 1854 3049 1924 antiquam,
3098 1866 3217 1921 quce
3261 1848 3496 1919 vigebat,
3530 1856 3584 1902 et
3631 1860 3800 1916 quam
3840 1843 3927 1914 Cy-

663 1980 717 2024 et
744 1966 1088 2024 Orientalium
1119 1977 1461 2033 compescere
1489 1960 1714 2029 Cttgiltlr,
1743 1967 1794 2012 et
1824 1971 1918 2025 pro
1961 1970 2076 2020 sua,
2124 1969 2242 2023 qua:

665 2063 862 2119 limites
881 2077 986 2115 non
1012 2056 1355 2130 agnoscebat,
1383 2052 1635 2125 pastorali
1664 2049 2014 2104 sollicitudine
2044 2048 2161 2101 illos
2180 2046 2246 2101 ab

669 2170 855 2212 errore
878 2166 1133 2209 revocare
1160 2152 1365 2204 nititur.
1387 2150 1518 2201 Cum
1538 2145 1684 2200 enim
1715 2143 2005 2212 Cyprianus
2036 2150 2249 2209 postpo-

669 2250 769 2304 sita
802 2250 1015 2317 antiqna
1047 2254 1101 2299 et
1146 2240 1454 2305 universali,
1510 2253 1666 2308 quam
1701 2236 1893 2306 ubique
1944 2234 2250 2288 intuebatur

670 2342 923 2399 Ecclesire
952 2336 1337 2395 consuetudine
1359 2333 1462 2405 (5),
1491 2330 1945 2386 subintrodnctam
1974 2327 2041 2381 ab
2064 2326 2253 2395 Agrip-

673 2438 801 2509 pino
830 2434 1211 2506 predecessore
1241 2445 1339 2485 suo
1370 2428 1436 2482 de
1469 2422 1861 2493 rebaptizandis
1892 2422 1959 2475 ab
1991 2418 2254 2473 haereticis

675 2508 957 2601 baptizatis
984 2526 1279 2580 novitatem
1311 2521 1461 2591 sequi
1488 2528 1542 2574 et
1569 2515 1817 2584 amplecti
1846 2512 2120 2568 maluisset
2151 2508 2252 2581 (4),

677 2625 743 2680 ad
776 2626 911 2678 lianc
936 2619 1311 2677 stabiliendam
1343 2631 1404 2669 ac
1432 2610 1753 2668 dilatandam
1785 2608 1908 2663 duas
1938 2605 2258 2674 Carthagine

679 2718 854 2789 coegit
896 2715 1152 2787 synodos,
1197 2711 1250 2766 in
1297 2709 1493 2781 quibus
1537 2705 1725 2761 statuit
1771 2719 1866 2757 una
1902 2718 2021 2757 cum
2051 2699 2259 2755 caeteris

681 2809 1014 2882 coepiscopis
1042 2804 1376 2877 congregatis
1408 2801 1732 2871 Baptismqu
1778 2807 1919 2851 extra
1962 2793 2260 2849 Ecclesiam

684 2916 987 2975 susceptum
1012 2902 1061 2955 in
1086 2917 1147 2957 ea
1177 2895 1524 2968 repetendum
1556 2888 1793 2960 esse(5).
1823 2889 1917 2943 ltes
1945 2888 2058 2941 haec
2089 2884 2263 2955 magni

686 2997 942 3071 ponderis
980 3004 1118 3059 erat,
1146 3001 1200 3047 et
1234 3010 1252 3042 ‹
1294 2989 1360 3044 ad
1398 2983 1785 3042 sacerdotalem
1825 2980 2183 3035 auctoritatem
2213 2983 2267 3030 et

687 3093 753 3149 ad
785 3090 1039 3147 Ecclesiae
1064 3085 1342 3144 catholicae
1392 3083 1649 3136 unitatem
1681 3092 1743 3131 ac
1785 3074 2107 3144 dignitatem,
2139 3085 2263 3142 pro-

689 3188 808 3259 pius
836 3181 1155 3254 pertinebat,
1190 3198 1209 3230 ι
1238 3191 1397 3247 quam
1427 3182 1483 3228 ut
1512 3169 1812 3227 inconsulto
1837 3167 1982 3221 Rom.
2009 3165 2268 3220 Pontilicc

690 3253 993 3335 executioni
1046 3270 1482 3333 demandaretur,
1531 3265 1757 3333 ideoque
1804 3260 1871 3316 de
1915 3262 2009 3315 lIOC
2051 3259 2264 3328 negotio
2290 3253 2334 3316 C

699 3393 719 3424 ‹
757 3371 1027 3442 Stephano
1056 3366 1289 3423 maxime
1338 3358 1679 3417 scribendum
1728 3370 1847 3411 esse
1896 3370 1949 3410 ac
1997 3368 2117 3407 cum
2153 3350 2268 3418 ipso

696 3462 1075 3522 conferendum
1123 3478 1141 3511 ›
1188 3456 1378 3511 merito
1419 3451 1727 3523 iudicarunt
1775 3446 2002 3517 episcopi
2043 3443 2269 3498 Coucilii

696 3553 1135 3627 Carthaginensis
1180 3546 1285 3619 (6).
1318 3544 1641 3619 Synodicam
1671 3542 1829 3611 igitur
1859 3538 1919 3591 ad
1944 3537 2268 3607 Stephanum

703 3653 938 3721 dirigunt
965 3643 1265 3718 epistolam,
1292 3641 1343 3695 in
1375 3654 1477 3710 qua
1506 3638 1676 3707 ipsum
1706 3632 1781 3688 rei
1811 3640 1962 3701 gestre
1989 3630 2272 3686 certiorem

704 3746 924 3807 faciunt,
949 3752 1002 3797 et
1023 3735 1392 3796 commendata
1423 3730 1682 3801 Stephani
1717 3746 1735 3779 ς
1763 3725 2031 3797 gravitate,
2060 3724 2272 3794 sapien-

705 3840 774 3894 tia
808 3851 907 3893 nec
941 3850 1045 3890 non
1072 3847 1182 3887 sua:
1209 3827 1484 3898 religionis
1511 3839 1573 3879 ac
1616 3821 1737 3877 ﬁdei
1769 3820 1983 3874 veritate
2014 3836 2031 3869 ι
2068 3816 2165 3885 ipsi
2199 3814 2276 3869 si-

703 3930 953 4002 gniﬁcant
994 3941 1052 3980 se
1096 3922 1400 3978 nullatenus
1428 3915 1695 3976 dubitare,
1747 3910 1842 3967 sed
1877 3928 1895 3961 ε
1922 3908 2135 3965 credere
2179 3906 2278 3976 ipsi

706 3999 959 4095 placitura
979 4032 1095 4089 quze
1116 4026 1167 4072 et
1189 4012 1437 4083 religiosa
1462 4009 1659 4079 pariter
1685 4014 1740 4061 et
1766 4019 1890 4059 vera
1914 4002 2078 4057 forent
2109 3999 2186 4071 (7)
2211 4016 2225 4063 ;
2254 4018 2272 4050 ι

709 4089 883 4187 qualia
912 4124 1104 4180 nempe
1145 4122 1264 4163 esse
1296 4103 1571 4174 putabant,
1618 4114 1738 4170 qua:
1768 4096 1821 4151 in
1848 4108 2002 4150 causa
2027 4089 2281 4162 Baptismi

712 4209 1087 4266 haereticorum
1118 4208 1436 4257 statuerant.

2347 1956 2567 2026 prianus
2596 1953 2710 2022 ipse
2746 1970 2765 2003 ι
2786 1949 2991 2018 ubique
3020 1945 3327 2001 intuebatur
3352 1964 3370 1995 ι
3400 1940 3661 1997 Ecclesiae
3693 1938 3927 1994 traditio-

2349 2066 2469 2105 nem
2498 2064 2592 2103 seu
2622 2042 3067 2101 consuetudinem
3098 2036 3215 2112 (ll)
3261 2056 3273 2092 :
3303 2052 3410 2108 quo
3440 2050 3573 2091 sane
3616 2041 3933 2105 argumento

2357 2144 2675 2199 (humanas)
2705 2136 2820 2210 (Η)
2843 2135 3033 2207 quibus
3054 2132 3377 2205 Cyprianus,
3408 2128 3613 2197 aliique
3639 2128 3935 2181 nitebantur

2352 2239 2585 2295 rationes
2609 2232 2779 2289 solide
2806 2229 3099 2286 evertebat.
3123 2226 3253 2293 Quis
3279 2225 3422 2279 enim
3442 2222 3660 2277 nesciat
3684 2221 3937 2275 rationem

2356 2346 2569 2387 onmem
2608 2328 2899 2383 humanam
2930 2322 3186 2378 Ecclesia:
3212 2317 3482 2374 ιηάὶιίοηί
3512 2316 3816 2372 concedere
3842 2313 3939 2369 de-

2358 2428 2505 2493 bere,
2536 2439 2597 2479 ac
2628 2430 2954 2492 StISpectam,
2975 2426 3031 2471 ut
3052 2416 3229 2471 mitius
3257 2413 3464 2484 loquar,
3499 2409 3817 2466 habendam
3837 2424 3948 2464 esse

2359 2522 2647 2585 rationem,
2671 2532 2787 2588 qua:
2814 2524 2975 2570 tantae
3002 2508 3304 2566 auctoritati
3336 2508 3676 2561 adversatur.
3701 2503 3858 2558 lianc
3882 2504 3951 2557 in-

2361 2634 2524 2687 super
2550 2614 2891 2670 traditionem
2917 2606 3197 2664 conﬁrmat
3216 2605 3332 2674 ipso
3349 2600 3745 2656 haereticorum
3769 2615 3952 2653 exem-

2364 2713 2477 2785 plo,
2507 2711 2595 2780 qui
2624 2708 2689 2763 ad
2715 2723 2774 2762 se
2801 2705 3079 2759 venientes
3108 2716 3212 2755 non
3240 2696 3653 2767 rebaptizabaut
3676 2696 3829 2769 (1⁸5).
3854 2694 3955 2749 Ab-

2366 2806 2583 2861 surdam
2606 2801 2819 2873 quidem
2852 2800 2988 2853 hanc
3008 2792 3263 2865 Stephani
3287 2792 3548 2846 rationem
3572 2790 3846 2845 censebat
3863 2790 3959 2859 Cy-

2368 2900 2620 2970 prianus;
2648 2909 2853 2961 verum,
2886 2900 2945 2946 ut
2973 2886 3314 2951 observabat,
3348 2900 3456 2940 non
3488 2896 3597 2937 tam
3635 2881 3852 2952 pridem
3889 2883 3965 2936 vir

2370 2992 2633 3056 eruditus,
2662 2989 2728 3043 de
2758 2987 2845 3041 illa
2875 2985 3030 3054 longe
3058 2982 3214 3035 aliter
3236 2977 3575 3049 judicabant,
3606 2976 3696 3047 qui
3724 2992 3851 3029 eam
3878 2986 3969 3029 at-

2371 3087 2573 3143 tentius
2593 3079 2947 3150 expenderiut
2968 3093 2983 3141 ;
3006 3091 3128 3129 cum
3162 3073 3303 3127 enim
3337 3071 3403 3125 ab
3431 3069 3663 3125 Ecclesia
3704 3083 3969 3123 recesse-

2372 3183 2476 3237 rint
2505 3193 2693 3235 omnes
2717 3174 2977 3237 ha'retici,
3006 3171 3199 3226 mirum
3235 3183 3340 3223 non
3369 3177 3453 3222 est
3478 3182 3575 3222 eos
3612 3164 3672 3219 de
3709 3163 3975 3218 doctrina

2371 3276 2512 3330 illius
2545 3288 2647 3326 non
2682 3268 2813 3324 nihil
2843 3265 3097 3335 retinere,
3124 3263 3289 3317 immo
3318 3260 3496 3314 nullus
3516 3274 3578 3313 re
3605 3257 3725 3327 ipsa
3754 3256 3974 3326 est,qui

2373 3383 2477 3424 non
2505 3362 2702 3434 aliquid
2731 3376 2795 3416 ex
2842 3375 2904 3414 ea
2950 3358 3212 3421 retineat;
3241 3369 3363 3409 cum
3407 3351 3573 3421 igitur
3622 3351 3974 3421 quantumvis

2374 3463 2513 3516 inter
2539 3473 2597 3512 se
2625 3453 2949 3510 dissidentes
2970 3492 2985 3516 ,
3020 3450 3072 3505 in
3100 3447 3278 3516 aliquo
3303 3462 3423 3502 cum
3459 3444 3717 3500 Ecclesia
3748 3457 3977 3498 consen-

2376 3554 2532 3616 tiunt,
2559 3550 2660 3605 hoc
2680 3550 2747 3603 ab
2769 3545 3009 3603 Ecclesia
3031 3543 3131 3598 sibi
3152 3540 3402 3597 traditum
3427 3537 3758 3601 retinuisse.
3794 3538 3979 3592 merito

2375 3648 2729 3709 afﬁrmautur,
2762 3656 2823 3696 ac
2853 3637 3076 3710 proinde
3103 3652 3209 3691 non
3242 3631 3509 3689 immerito
3547 3632 3846 3701 antiquam
3888 3630 3979 3685 Ec-

2377 3740 2576 3804 clesiae,
2605 3751 2766 3808 quam
2808 3730 3115 3802 Stephanus
3157 3726 3353 3783 asserit
3389 3725 3865 3781 consuetudinem
3904 3723 3984 3779 vel

2380 3836 2492 3905 ipsa
2526 3830 2897 3886 haereticorum
2922 3821 3391 3895 praxiconﬁrmat;
3416 3836 3482 3875 en
3507 3817 3985 3887 Stephaniverba,

2380 3942 2499 3997 quae
2528 3924 2637 3979 sola
2689 3918 2839 3976 nobis
2868 3923 3158 3987 supersunt
3205 3914 3468 3986 Cypriano
3511 3928 3578 3965 ea
3605 3910 3911 3967 referente
3944 3912 3993 3965 in

2385 4019 2625 4089 Epistola
2652 4015 2718 4070 ad
2762 4012 3073 4086 Pompeium
3107 4023 3280 4065 Lthv.
3316 4025 3335 4058 ‹
3357 4006 3412 4061 Si
3439 4004 3561 4075 quis
3590 4020 3741 4075 ergo
3782 4022 3819 4059 a
3865 4019 3993 4075 qua.

2383 4127 2613 4183 cumque
2640 4108 2831 4165 haeresi
2872 4104 3081 4161 venerit
3119 4101 3185 4156 ad
3217 4114 3348 4167 nos,
3380 4097 3513 4153 nihil
3546 4097 3873 4151 innovetnr
3901 4094 3996 4149 nisi

2385 4207 2527 4280 quod
2561 4204 2809 4260 traditum
2848 4208 2951 4266 est,
2983 4209 3040 4252 ut
3070 4210 3260 4251 manus
3290 4193 3363 4247 illi
3393 4182 3761 4262 imponantur
3795 4192 3859 4245 in
3894 4204 3999 4261 prb

783 4302 1010 4359 Sanctus
1056 4294 1301 4351 Pontifex
1327 4292 1414 4348 ubi
1439 4298 1615 4345 tantos
1643 4303 1747 4343 non
1772 4286 1948 4343 solum
1974 4285 2021 4338 in
2045 4284 2281 4347 Oriente,

714 4392 858 4465 quod
883 4391 992 4461 jam
1020 4386 1332 4453 resciverat,
1363 4382 1458 4439 sed
1489 4390 1544 4436 et
1566 4382 1617 4434 in
1640 4380 1840 4443 Africa,
1875 4387 2080 4447 tamque
2096 4379 2285 4433 citatos

718 4485 784 4540 ad
836 4477 1273 4555 proscribendam
1311 4473 1662 4546 apostolicam
1719 4471 2055 4526 traditionem
2097 4470 2285 4542 agitari
2390 4504 2564 4549 tum,

720 4586 896 4634 motus
924 4572 1195 4645 cognovit,
1226 4570 1387 4639 idque
1416 4582 1444 4621 a
1473 4565 1791 4636 praesulibus
1815 4563 2007 4619 eximia
2039 4564 2286 4619 sanctita-
2463 4587 2588 4642 “me
2625 4582 2891 4657 cyprino
2920 4575 3107 4635 scribi,
3139 4571 3442 4645 Stephanus
3468 4569 3633 4642 smo,
3669 4570 3774 4640 qui
3822 4576 4015 4639 me,

721 4670 789 4723 tis
814 4668 1179 4736 doctrina-que
1203 4661 1341 4716 fama
1373 4657 1715 4729 pollentibus,
1746 4656 2020 4726 perspexit
2040 4658 2286 4711 continuo
2309 4651 2364 4713 D
2397 4698 2415 4732 ε
2443 4651 2757 4749 ετδνίιειξῇη
2811 4671 3125 4743 sapientiam
3167 4682 3230 4721 ac
3279 4664 3568 4734 Religionis
3617 4664 3973 4725 veritatem,
4001 4680 4015 4708 ο

722 4780 829 4835 quo
850 4761 1251 4833 spectabiliores
1276 4764 1429 4813 erant
1453 4752 1713 4822 episcopi,
1742 4752 1829 4822 qui
1865 4751 2108 4805 Ecclesia:
2134 4751 2290 4806 tradi-

726 4857 924 4911 tionem
961 4852 1265 4909 convellere
1307 4847 1636 4910 nitebantur,
1689 4858 1754 4897 eo
1792 4842 2004 4912 gravius
2048 4841 2290 4897 Ecclesiae

730 4949 1011 5006 imminere
1037 4943 1350 5017 periculum,
1384 4938 1623 5008 tantique
1650 4936 1772 4991 mali
1806 4935 1976 4991 labem
1998 4976 2012 4998 ,
2047 4950 2160 5005 quae
2182 4950 2293 4989 ma-

728 5060 885 5117 gnam
918 5041 1136 5108 Africae,
1166 5054 1265 5095 nec
1287 5052 1393 5091 non
1414 5034 1635 5100 Ciliciae,
1664 5041 1825 5103 atque
1851 5029 2157 5101 Capadociaz
2180 5046 2295 5101 par-

2386 4278 2683 4362 nitentiam,
2714 4311 2833 4352 cum
2865 4291 2965 4365 ipsi
2990 4288 3228 4345 hieretici
3278 4286 3493 4358 proprie
3540 4284 3903 4339 alterutrum
3948 4279 4006 4335 ad
4072 4278 4073 4371 χ

2388 4415 2447 4455 se
2499 4397 2778 4453 venientes
2816 4406 2923 4447 non
2961 4387 3233 4460 baptizent
3269 4384 3365 4439 sed
3406 4382 3853 4438 communicent
3900 4390 4008 4435 tan-
4072 4376 4073 4397 λ

2393 4787 2555 4843 quam
2580 4772 2632 4826 in
2661 4767 2777 4838 ipso
2802 4762 3099 4837 Cyprianus
3115 4755 3519 4815 commendabat
3540 4754 3669 4827 (14)
3694 4755 3787 4809 nil
3824 4756 4021 4824 sapiat,

2397 4866 2497 4921 nisi
2528 4862 2843 4918 modestiam
2874 4873 2939 4915 eo
2970 4854 3393 4915 laudabiliorem,
3425 4866 3533 4922 quo
3562 4861 3705 4905 tunc
3735 4848 4027 4919 temporis

2398 4955 2634 5027 episeopi
2658 4954 2708 5007 in
2756 4952 2854 5007 hac
2884 4950 3163 5020 questiOue
3190 4944 3511 5001 dissidentes
3560 4962 3578 4995 ‹
3608 4942 4031 5012 ρτςρειιιῃμύξι-

2396 5051 2500 5115 nis,
2530 5046 2834 5120 pertinaciae
2877 5054 2932 5100 et
2963 5042 3327 5115 perversitatis
3353 5059 3372 5091 ι
3404 5053 3464 5093 se
3492 5051 3554 5092 se
3585 5037 3877 5095 invicem
3908 5038 4037 5093 insi-

803 5159 953 5235 (l)ln
972 5158 1137 5230 Epist.
1158 5154 1225 5210 ad
1239 5151 1530 5210 Cornelium
1544 5165 1628 5216 ιν,
1646 5160 1698 5204 et
1711 5148 1778 5202 ad
1792 5146 2106 5217 Stephanum
2124 5163 2293 5214 mut,
2397 5144 2741 5202 tnulabantur
2770 5138 2907 5212 (l5).

837 5251 911 5287 1⁸31.

731 5249 1105 5373 δυῗὲἳῖἕοησὶι.
1142 5300 1389 5373 Ηὶδραητ,
1420 5306 1549 5373 tom.
1574 5311 1613 5359 ι,
1643 5294 1856 5373 dissert.
1884 5308 1954 5346 vn
1977 5301 2159 5373 egw.

911 5355 1310 5459 Siduttuﬁlittils
1330 5355 1393 5459 ﬁt?
1412 5368 1575 5459 liam;
1585 5355 1761 5459 (ἕρπει-α
1778 5366 1977 5433 donat.,
1996 5366 2086 5420 lib.
2115 5382 2171 5433 ιι,
2190 5381 2295 5437 cap.
2476 5355 2809 5459 [(ilznlliidem.‘

736 5452 790 5515 8,
809 5416 1309 5503 ituriitbeii‘e‘dictinv
1329 5416 1525 5507 Paris:
1552 5416 1758 5494 Vibii."
1998 5416 2085 5420 W-
2195 5416 2294 5437 ’Ὗ
2618 5420 3207 5515 Augustintts'gleﬂapt;
3224 5429 3397 5515 cgntra
3416 5416 3595 5497 donat.
3628 5416 3735 5469 lib-
3768 5432 3841 5480 ν,
3874 5433 3931 5472 c.
3968 5416 4047 5467 9.7,

810 5520 891 5585 (4)
922 5521 1244 5589 Augustinus
1267 5514 1393 5569 ibid.
1511 5489 1525 5507 ⁷
2406 5510 2413 5561 ἒ
2477 5489 2593 5603 (Ηὶ
2619 5489 2911 5570 Cyprianus
2938 5489 3207 5561 Epist.'ad
3240 5489 3535 5560 Pompeium
3561 5503 3752 5541 Lxxtv
3785 5532 3807 5550 ,
3844 5500 3912 5544 ct
3944 5502 4041 5549 sap

816 5589 883 5603 ιω
918 5588 954 5603 η
1060 5590 1069 5600 .
1238 5585 1275 5603 ιτα
1484 5584 1506 5603 λ
1538 5582 1810 5603 neu-UL---
1848 5581 2101 5603 m____sJ_-_,
2131 5596 2229 5603 --.-.
2267 5588 2299 5603 Α.
2476 5572 2565 5603 ιη)
2624 5570 2901 5603 πηιιηηιιηα
2931 5566 3199 5603 "ornxinnc
3229 5578 3318 5603 nm
3345 5560 3641 5603 dpfmixinne
3663 5562 3871 5603 Irin»:
3908 5560 4033 5603 [ζεῖ

914 5560 1208 5661 ϐιδνίδηυς
1238 5585 1403 5654 Epist.
1439 5584 1506 5638 ad
1528 5582 1811 5654 Episwpos
1840 5581 2103 5636 Numidiae
2131 5596 2233 5635 Lxx
2264 5588 2304 5635 α
2476 5560 2591 5642 (12)
2624 5560 2903 5626 Facundus
2931 5560 3201 5621 Hermian.
3228 5578 3318 5633 pro
3345 5560 3641 5630 defensione
3663 5562 3873 5613 trium

892 5670 903 5677 Δ
979 5664 990 5677 Ι
1082 5676 1103 5677 ﬂ
1146 5676 1151 5677 ν
1188 5673 1326 5677 ’-’“
1378 5671 1529 5677 mm“
2411 5644 2482 5677 ¹⁶¹¹
2551 5643 2624 5677 ³⁵⁵³
2670 5659 2699 5677 ν
2755 5656 2854 5677 ’πλη
2902 5640 2936 5677 '3
2984 5637 3111 5677 ﬁdit.
3151 5636 3187 5677 Ι)
3241 5630 3506 5677 Sirmnmii
3537 5629 3747 5677 Ρίῃιὶςλ
3802 5634 3993 5677 ιξςςλιλ

742 5629 1809 5781 ad‘§i%’h?'£&&"Lx§ii:eilia?’""""
1840 5629 2098 5636 mnum"
2131 5629 2233 5635 “'—
2269 5629 2303 5635 Ἣ
2409 5629 2503 5699 tul‘.
2551 5629 2643 5697 lib.
2670 5659 2723 5707 x,
2755 5656 2872 5709 cap.
2902 5640 2954 5705 '5,
2984 5637 3114 5693 edit.
3148 5636 3208 5690 P.
3228 5629 3507 5688 'Sirmondi
3536 5629 3696 5684 Paris
3725 5672 3748 5693 ,
3802 5634 3993 5687 16;,ι;,

818 5730 894 5781 (ﬁt
974 5738 1098 5781 mst.
1146 5728 1335 5781 svnod.
1386 5743 1415 5779 a
1482 5725 1801 5781 Stephanum
1826 5725 1967 5781 apud
1994 5724 2306 5781 Cyprianum
2478 5714 2595 5781 (15)
2625 5712 2924 5781 Cyprianus
2947 5710 3118 5779 Epist.
3141 5707 3208 5760 ad
3235 5705 3537 5772 Pompeium
3562 5717 3782 5756 Lxxiv.

1374 5705 1468 5779 ἶιῖ
1480 5705 1801 5794 Stephanum
1826 5725 1967 5797 apud
1994 5724 2306 5795 Cyprianum
2625 5705 3118 5798 Cyprbtnulepist.
3141 5707 3208 5760 ad
3235 5705 3542 5798 Pompeium.
3562 5717 3782 5756 Lxxtv.

2625 5781 2893 5877 Epistkad
2920 5781 3256 5877 .Stepllt‘anum,
3274 5790 3470 5877 :xlxty,
3493 5782 3548 5828 et
3578 5788 3776 5842 supra
3794 5818 3812 5830 .

931 5863 1151 5915 ιδεαεπη,
2485 5846 2598 5926 (15)
2625 5846 2755 5911 Vide
2777 5846 3027 5925 Cypriani
3051 5851 3218 5921 Epist.
3238 5848 3305 5903 ad
3329 5846 3568 5912 Quintum
3594 5861 3703 5899 Lxx
3718 5862 3772 5914 ι,
3804 5849 3898 5903 ad
3911 5846 4051 5900 las:

2477 5282 2555 5355 (8)
2591 5278 2896 5338 Vincentius
2923 5277 3093 5332 Lirin.
3120 5276 3172 5329 in
3202 5271 3503 5330 Commonit.
3534 5285 3662 5342 cap.
3692 5270 3769 5326 9.
