4208 6276
377 244 518 306 1297

1632 249 2449 311 HlSTORlCO-DOGMATICA.

3538 262 3681 317 1298

371 364 668 421 Eusebium
700 362 1113 435 Caesariensem,
1144 367 1555 440 Hieronymum,
1586 368 1963 440 Augustinum,
1996 371 2050 430 Α
2077 370 2529 443 sutiragabantur,
2560 373 2704 443 quod
2735 373 3011 444 antiquam
3041 372 3300 430 Ecclesiae
3330 376 3681 435 traditionem

371 456 716 514 Vincentium
764 456 1124 523 Lirinensem,
1151 459 1465 516 Facundum
1499 461 1964 533 Hermianens‘em,

368 548 436 606 ν.
462 550 679 614 Bedatn,
708 548 1068 619 Nicephorum
1094 551 1402 621 Callixtum,
1420 553 1707 624 Georgium
1740 554 1964 625 Syncel-

366 641 510 708 lum;
544 643 831 700 volvantur
854 654 909 700 et
941 645 1177 715 ipsorum
1208 647 1605 701 Donatistarum
1657 645 1880 715 scripta,
1908 654 1964 701 et

362 735 408 790 si
431 736 520 806 qui
551 747 675 791 sunt
703 737 812 802 alii,
833 737 923 804 qui
946 737 1013 793 de
1037 739 1233 807 agitata
1265 739 1596 810 Stephanum
1621 740 1758 793 inter
1783 748 1838 793 et
1858 739 1962 811 Cy-

360 828 611 898 priantnn
630 830 772 885 circa
788 830 1161 887 ha-reticorurn
1180 832 1446 903 Baptisma
1476 834 1773 902 quaestione
1797 833 1957 887 verba

356 921 618 991 fecerint;
653 922 705 977 hi
738 923 982 994 profecto
1021 926 1149 996 quid
1183 925 1308 981 hinc
1335 935 1389 980 et
1419 926 1543 980 inde
1575 927 1626 980 in
1672 926 1772 980 hoc
1798 926 1959 981 dissi-

354 1015 445 1071 dio
466 1028 677 1087 gestum
706 1018 865 1073 fuerit
893 1034 998 1073 non
1029 1019 1367 1089 ignorabant,
1396 1019 1553 1075 sicuti
1585 1030 1768 1075 notum
1787 1021 1954 1075 omni-

353 1108 453 1164 bus
480 1118 597 1163 erat
625 1107 959 1177 Stephanum
986 1112 1037 1165 in
1080 1111 1179 1167 hac
1202 1128 1359 1165 causa
1396 1112 1716 1182 percepisse
1759 1127 1821 1166 ac
1848 1112 1950 1165 mi-

351 1215 449 1256 nas
494 1202 1067 1258 excommunicationis
1120 1204 1580 1274 rebaptizantihus
1631 1205 1945 1270 intentasse,

347 1295 421 1350 ita
449 1311 513 1350 ex
547 1296 649 1351 illis
677 1298 1022 1365 quamplures
1052 1298 1105 1353 id
1136 1301 1333 1369 passim
1378 1308 1676 1367 testantur;
1702 1311 1937 1355 attamen

346 1401 508 1442 nemo
542 1386 873 1454 Stephanum
903 1405 1007 1444 non
1035 1390 1159 1444 dico
1212 1391 1617 1447 inhumanitatis
1643 1402 1735 1447 aut
1763 1403 1944 1464 tyran-

346 1478 506 1543 nidis,
538 1480 633 1535 sed
662 1480 748 1536 vel
792 1482 1028 1537 minimae
1085 1484 1388 1540 severitatis
1415 1502 1541 1557 erga
1587 1487 1937 1559 Cyprianum,

348 1583 401 1627 et
431 1574 566 1629 alios
591 1574 885 1638 insimulat,
931 1591 1092 1632 nemo
1126 1577 1327 1649 aliquid
1368 1583 1420 1634 itt
1454 1579 1714 1650 Stephani
1745 1582 1937 1651 agendi

342 1666 555 1721 ratione
606 1666 1011 1738 deprehendere
1052 1671 1236 1733 valuit,
1268 1671 1412 1741 quod
1446 1673 1550 1727 ulla
1597 1687 1825 1728 censura
1854 1675 1934 1729 vel

2074 469 2306 532 teneret,
2341 479 2446 520 non
2476 480 2607 519 vero
2636 466 2688 519 in
2718 480 2784 519 eo
2811 464 2953 536 quod
2983 466 3203 534 gravius
3229 464 3496 539 Cypriane
3526 468 3671 523 aliis-

2070 569 2173 625 que
2202 559 2666 628 rebaptizantibus
2687 562 3081 615 succenseret?
3116 561 3171 616 ld
3198 562 3413 631 quidem
3445 563 3665 633 excogi-

2068 654 2246 704 tarunt
2296 652 2630 709 recentiores
2662 655 2906 708 nonnulli
2935 672 2948 719 ;
2982 664 3036 709 at
3064 657 3281 709 nemine
3322 656 3662 727 antiquorum

2065 738 2371 811 refragante
2400 752 2629 798 testatur
2652 747 2981 814 Augustinus
3008 755 3173 799 totam
3202 746 3349 801 illam
3377 748 3660 817 episcopo-

2062 844 2181 883 rum
2212 833 2609 889 multitudinem
2634 851 2755 891 cum
2778 836 3053 906 Stephano
3082 852 3185 891 non
3219 846 3421 891 tanttun
3447 837 3659 907 Baptis-

2061 937 2208 976 ntum
2239 923 2441 979 Christi
2475 927 2526 980 in
2575 928 2722 980 nullo
2777 928 3080 982 iterandum
3112 944 3236 984 esse
3262 939 3538 995 censmte,
3566 932 3664 986 sed

2069 1032 2088 1066 ι
2117 1022 2171 1068 et
2198 1014 2302 1071 hoc
2324 1015 2648 1074 facientibus
2669 1022 2908 1090 graviter
2936 1032 3292 1076 succensente
3315 1024 3557 1078 sensisse
3598 1043 3615 1075 ι
3639 1041 3653 1078 :

2056 1106 2195 1162 libro
2220 1109 2363 1164 enim
2393 1111 2460 1165 de
2484 1128 2592 1166 uno
2629 1113 2906 1181 Baptismo
2932 1123 3119 1167 contra
3154 1114 3498 1180 Petilianum,
3532 1130 3656 1184 cap.

2056 1200 2145 1255 14.
2180 1219 2197 1252 ‹
2232 1202 2561 1272 Stephanus,
2593 1205 2787 1275 inquit,
2822 1205 3155 1275 Baptismum
3188 1205 3390 1261 Christi
3420 1207 3471 1260 in
3504 1206 3655 1260 nullo

2053 1296 2357 1351 iterandum
2387 1312 2507 1353 esse
2552 1300 2813 1354 censebat
2840 1309 2893 1354 et
2934 1299 3037 1355 hoc
3067 1299 3389 1354 facientibus
3415 1300 3655 1367 graviter

2050 1388 2452 1454 succensebat;
2494 1388 2798 1461 Cyprianus
2840 1401 3019 1445 autem
3048 1392 3098 1444 in
3142 1392 3332 1445 haeresi
3364 1392 3447 1446 vel
3480 1390 3657 1446 schis-

2049 1488 2194 1534 male
2236 1481 2538 1550 baptizatos
2571 1492 2840 1553 tamquam
2870 1499 2972 1536 nou
3024 1483 3283 1538 habentes
3316 1483 3654 1551 Baptismqu

2042 1567 2243 1625 Christi
2274 1572 2628 1642 baptizandus
2648 1574 2700 1629 iu
2728 1575 2966 1629 Ecclesia
2984 1576 3247 1628 catholica
3263 1574 3650 1629 existimabat:

2043 1665 2194 1719 multi
2222 1680 2342 1719 cum
2375 1668 2489 1735 illo,
2522 1669 2740 1738 quidam
2786 1683 2907 1723 cum
2941 1670 3045 1723 isto
3074 1670 3235 1723 etiam
3266 1669 3585 1723 sentiebant.
3620 1688 3639 1719 ι

340 1759 1032 1832 animadversionedignnm
1061 1762 1161 1817 sibi
1182 1764 1472 1819 videretur.
1492 1764 1559 1818 Et
1584 1777 1731 1820 certe
1762 1766 1807 1820 si
1830 1769 1934 1822 tale
1964 1763 2011 1822 B
2039 1756 2182 1823 QUOt
2228 1769 2409 1813 amem
2458 1775 2578 1813 cum
2631 1760 2906 1828 Slei’han"
2941 1760 3137 1813 ίυθτῖηῐ
3164 1760 3252 1828 {Illi
3284 1760 3435 1814 mum
3467 1758 3551 1814 hic
3578 1759 3645 1813 θῙ)

334 1851 536 1923 aliquid
590 1853 969 1908 observassmtt
995 1856 1276 1910 memorati
1308 1858 1623 1925 scriptores,
1650 1856 1779 1910 illud
1811 1872 1936 1926 pro-

338 1944 477 2001 fecto
526 1948 746 2003 minime
802 1949 1251 2019 suppressissent,
1303 1966 1401 2005 nec
1447 1950 1724 2021 Stephano
1758 1953 1932 2023 magis

334 2054 493 2109 quam
522 2040 814 2113 Cypriane,
836 2040 991 2111 cujus
1018 2052 1162 2097 tanta
1192 2043 1559 2113 agnoscebant
1581 2053 1636 2099 et
1662 2045 1929 2114 praedica-

332 2130 458 2186 bant
489 2136 703 2196 merita,
723 2136 1112 2205 pepercissent,
1134 2137 1184 2190 in
1204 2152 1311 2206 quo
1331 2148 1507 2191 tamen
1531 2136 1698 2193 fuisse
1718 2139 1923 2208 aliquid

326 2224 674 2295 culpandum,
706 2226 905 2296 aliquid
936 2229 1341 2299 corrigendum,
1392 2228 1736 2285 manifestare
1767 2232 1925 2286 veriti

326 2331 432 2371 non
462 2327 607 2372 sont.
629 2318 838 2385 Quanta
870 2320 1010 2388 apud
1040 2331 1252 2377 veteres
1273 2319 1527 2393 Cypriani
1556 2322 1884 2378 existimatio
1908 2327 1920 2378 ι

324 2408 466 2477 Quot
495 2409 747 2481 Cypriani
782 2414 1176 2485 panegyristze!
1211 2415 1355 2481 Quot
1381 2415 1510 2488 Cypi
1527 2417 1635 2471 iani
1665 2417 1926 2473 defenso-

322 2505 445 2558 res!
475 2503 784 2559 innumeros
806 2504 920 2561 fere
946 2509 1218 2577 congessit
1262 2507 1540 2563 Launuius
1562 2508 1640 2581 (t)
1667 2529 1681 2576 ;
1711 2511 1922 2566 illorum

320 2603 500 2651 tamen
546 2611 645 2652 nec
692 2613 831 2652 unus
880 2598 1152 2670 Cypriano
1200 2603 1632 2671 intempestivam
1658 2614 1709 2658 et
1738 2607 1919 2662 minus

318 2698 521 2745 rectam
563 2693 930 2760 pronuntianti
961 2694 1219 2763 Stephani
1259 2696 1447 2765 agendi
1494 2697 1759 2753 rationem
1801 2702 1916 2755 suf-

315 2779 579 2853 fragatur.
618 2784 796 2838 nullus
847 2786 1118 2856 Cypriane
1156 2786 1255 2843 hac
1310 2788 1363 2842 in
1417 2799 1569 2859 parte
1622 2792 1919 2862 adstipula-

316 2864 642 2942 tur;uullus
669 2876 919 2951 Cypriani
971 2879 1211 2952 sequitur
1236 2881 1522 2950 judicium,
1577 2885 1758 2939 nullus
1809 2885 1917 2958 Cy—

315 2975 562 3039 prianum
592 2988 710 3027 eam
742 2974 813 3029 ob
840 2989 1056 3029 causam
1086 2987 1330 3041 excusat,
1354 2976 1497 3045 quod
1525 2979 1833 3048 Stephanus
1856 2979 1911 3035 in

316 3062 491 3132 ipsum
539 3066 781 3119 severius
805 3080 926 3121 sese
969 3068 1221 3137 gesserit.
1251 3069 1518 3136 Quantum
1547 3069 1831 3141 Augustini
1857 3074 1909 3128 in

2044 1847 2349 1918 Augustino
2382 1851 2656 1917 dicuntur,
2700 1852 2966 1921 signiﬁcat
3007 1852 3120 1920 ipse
3169 1851 3409 1905 scribens
3454 1861 3644 1906 contra

2036 1940 2409 2009 Cresconium,
2452 1943 2546 1998 lib.
2577 1960 2657 2009 ιιι,
2685 1959 2806 2013 cap.
2832 1946 2866 1999 5
2886 1959 2932 1998 ε(
2964 1943 3217 2010 Proinde,
3238 1944 3493 2013 inquit,si
3521 1960 3643 1998 om-

2036 2032 2164 2087 nino
2183 2034 2294 2104 jam
2313 2035 2645 2091 credendum
2664 2039 2733 2091 sit
2750 2037 3134 2107 quinquaginta
3150 2037 3419 2105 episeopis
3432 2034 3630 2091 Orien-

2036 2127 2219 2181 talium
2252 2128 2305 2183 id
2329 2130 2503 2182 visum
2536 2144 2679 2193 esse,
2705 2130 2846 2199 quod
2877 2130 3215 2199 septuaginta
3243 2127 3390 2183 Afris
3415 2128 3502 2182 vel
3529 2129 3632 2182 ali-

2032 2229 2235 2288 quanto
2268 2220 2429 2274 etiam
2460 2221 2707 2289 pluribus
2737 2231 2924 2275 contra
2959 2230 3035 2274 tot
3063 2220 3228 2274 millia
3254 2221 3634 2289 episcoporum

2030 2309 2223 2379 quibus
2253 2310 2341 2364 hic
2358 2326 2513 2366 error
2546 2311 2598 2365 in
2630 2320 2741 2365 toto
2769 2312 2901 2366 orbe
2931 2310 3220 2380 displicuit.

2101 2404 2243 2457 Ante
2266 2402 2622 2473 Augustinum
2655 2402 2947 2459 tradiderat
2976 2404 3035 2459 S.
3068 2402 3358 2475 Dionysius
3387 2403 3625 2459 Alexan-

2028 2491 2213 2548 drinus
2265 2494 2525 2565 Stephani
2576 2496 2864 2564 judicium,
2894 2512 3001 2565 quo
3028 2496 3243 2550 volebat
3282 2496 3630 2567 rebaptizan-

2029 2597 2130 2650 tes,
2149 2586 2240 2655 qui
2272 2588 2323 2639 in
2354 2601 2446 2639 sua
2472 2588 2737 2641 sententia
2765 2586 3114 2656 persisterent
3139 2588 3623 2644 excommunicau-

2025 2676 2124 2731 dos
2143 2692 2283 2743 esse,
2306 2678 2470 2732 fuisse
2490 2678 2650 2731 simul
2673 2678 2931 2747 judicium
2955 2688 3010 2733 et
3034 2680 3357 2734 sententiam
3386 2680 3627 2750 reliquou

2024 2786 2144 2824 rum
2160 2772 2556 2840 episcoporum,
2581 2782 2717 2827 teste
2742 2772 3000 2839 Eusebio,
3028 2772 3121 2827 lib.
3140 2789 3233 2838 vn,
3260 2774 3464 2839 Itistor.,
3494 2791 3543 2830 c.
3566 2791 3623 2844 ν,

2022 2863 2162 2933 apud
2197 2863 2465 2919 Valesium
2521 2882 2533 2918 :
2571 2884 2587 2915 ἰ
2624 2864 2691 2918 ad
2727 2866 2868 2918 hunc
2903 2863 3136 2935 (Xistum
3190 2866 3256 2918 R.
3282 2866 3616 2939 pontiﬁcem)

2022 2958 2305 3029 Dionysius
2333 2958 2628 3013 secundum
2647 2958 2713 3012 de
2743 2958 3019 3027 Baptismo
3047 2958 3266 3027 scripsit
3296 2958 3607 3026 epistolam,

2019 3052 2072 3106 in
2119 3068 2223 3123 qua
2267 3052 2523 3121 Stephani
2578 3052 2737 3106 simul
2765 3060 2820 3105 et
2864 3051 3195 3121 reliquorum
3222 3051 3607 3121 episcoporum

313 3154 592 3211 elevandis
641 3173 705 3213 ac
754 3160 1060 3215 minuendis
1095 3162 1346 3232 Cypria“;
1394 3166 1586 3218 erratis
1618 3166 1854 3221 studium
1889 3169 1901 3222 ι
1938 3153 1982 3215 C
2016 3144 2336 3196 sententiam
2370 3159 2433 3197 ac
2460 3142 2721 3208 judicium
2751 3142 3011 3212 exponit;
3049 3162 3067 3193 ι
3102 3143 3262 3211 quale
3288 3153 3467 3198 autem
3495 3143 3615 3200 fue-

310 3246 552 3316 Quantus
570 3250 731 3305 ardor
754 3253 767 3306 !
793 3251 1001 3319 Quanta
1024 3255 1312 3324 propensio
1340 3255 1352 3308 !
1383 3254 1581 3310 Nullihi
1604 3268 1781 3315 tamen
1804 3260 1903 3315 ad-
2011 3234 2082 3290 m
2112 3234 2397 3304 Stel‘ham’
2432 3234 2575 3306 quo"
2610 3234 2770 3289 Sim“
2823 3234 3150 3304 reliquorum
3178 3243 3295 3289 erat
3321 3236 3611 3305 episcopo‘

308 3348 460 3406 optat
511 3356 631 3411 qua:
657 3340 957 3414 Cyprianus
989 3360 1086 3413 pro
1110 3346 1193 3400 sui
1221 3346 1537 3403 defensione
1569 3360 1753 3403 contra
1785 3349 1905 3407 Ste-

2041 3347 2128 3386 um
2155 3331 2438 3402 judicium,
2471 3347 2591 3402 qua:
2618 3330 2927 3385 immediate
2967 3340 3263 3399 sequuntur
3285 3330 3401 3386 h:cc
3431 3334 3603 3386 mani-

306 3430 544 3501 phanum
577 3432 863 3500 effuderat,
896 3436 1084 3491 nullibi
1131 3438 1564 3503 intempestivum
1599 3443 1904 3501 subindicat

2041 3435 2209 3482 astant
2243 3425 2404 3481 verba
2440 3443 2493 3477 ει
2530 3425 2608 3480 De
2636 3424 2912 3493 Stephano
2930 3423 3000 3477 ita
3024 3425 3269 3479 scribens
3293 3442 3307 3489 ;
3327 3436 3453 3480 ante
3481 3428 3602 3494 qui-

308 3524 568 3593 Stephaui
597 3528 792 3593 zelum,
815 3537 871 3582 ιιι
894 3529 1072 3583 nimim
1098 3529 1352 3601 Cypriani
1379 3533 1429 3587 in
1453 3533 1630 3603 ipsum
1660 3552 1900 3596 commo-
2006 3520 2128 3575 dem
2172 3520 2382 3574 “ueras
2435 3516 2728 3587 εοτίιιεεντη
2763 3517 2831 3572 de
2862 3517 3066 3572 Heleno
3095 3526 3148 3571 οι
3176 3518 3515 3586 ΡῚΠηίΙῘεὶηο,
3539 3518 3611 3574 d0

308 3620 473 3673 tionis
513 3621 723 3691 culpam
774 3622 1079 3677 imminuat.
1116 3623 1232 3679 Uno
1258 3625 1430 3680 verbo
1464 3638 1707 3683 veterum
1739 3647 1900 3687 nemo

2045 3614 2260 3669 mnibus
2303 3612 2538 3681 denique
2571 3611 2944 3667 sacerdotibus
2978 3626 3073 3680 per
3093 3608 3359 3677 Ciliciam,
3389 3611 3605 3682 Cappa-

305 3713 736 3784 intempestivam
785 3726 876 3770 aut
918 3732 1195 3779 severam.
1247 3729 1340 3773 am
1371 3721 1546 3776 minus
1599 3725 1898 3793 sapientem
2005 3703 3488 3774 dociam,cunctasqueliuitimasprovinciasconstitutis
3510 3720 3601 3762 se-

301 3804 438 3860 dixit
470 3805 723 3874 Stephani
761 3809 1019 3863 adversus
1059 3810 1458 3881 rebaptizantcs
1497 3815 1687 3883 agendi
1730 3818 1899 3872 ratio-
2004 3813 2063 3852 5°
2092 3799 2162 3853 ου
2193 3812 2310 3851 ⁰³¹¹¹
2339 3810 2557 3849 causam
2587 3808 2601 3845 ³
2636 3795 2703 3849 ab
2727 3795 2943 3849 illorum
2986 3794 3369 3849 communione
3391 3795 3599 3852 disces'

301 3901 1208 3974 nemu,ullusinStephanoaliquid
1230 3905 1736 3975 reprehendendum
1759 3912 1899 3968 inve-
2004 3903 2185 3941 Surum
2209 3885 2352 3955 q‘md
2386 3884 2672 3939 haereticos
2693 3885 3046 3975 baptizare“
3082 3901 3099 3934 ³

301 3993 400 4047 nit.
423 3993 524 4061 Qui
552 4005 729 4049 autem
764 3997 1021 4066 Stephani
1051 3998 1242 4068 agendi
1268 3974 1529 4054 rationem
1554 4002 1896 4060 vellicassent
2073 3976 2216 4031 Idem
2250 3984 2477 4031 Iesum"
2499 3986 2550 4030 εί
2593 3976 2930 4068 Nicepimms
2977 3974 3237 4030 canimus
3266 3976 3349 4029 his
3377 3978 3561 4033 verbis
3588 3996 3603 4032 ²

299 4098 394 4140 aut
440 4087 838 4157 improbassent
879 4089 951 4143 illi
998 4067 1095 4161 qui
1136 4090 1327 4161 ipsam,
1362 4092 1580 4161 quando
1606 4110 1741 4168 opus
1772 4098 1891 4163 fuit,
2008 4089 2027 4121 ¹
2060 4071 2137 4168 Af!
2172 4070 2383 4168 Χίῗίίξξη
2401 4068 2708 4168 ξθθἿηάθξη
2739 4067 2806 4123 de
2832 4068 3109 4168 liapusmo
3159 4068 3603 4168 €P‘E‘9‘am_m°‘

298 4181 578 4236 celebrare
608 4198 671 4238 ac
696 4158 1081 4240 commenda'm
1108 4158 1215 4241 ηδη
1252 4158 1588 4254 omis'erum’
1640 4158 1697 4243 [η
1725 4158 1896 4248 ’ωοάὀ
2004 4165 2189 4235 nysius
2220 4161 2370 4217 dedit
2398 4161 2661 4230 Stephani
2694 4169 2749 4215 et
2789 4160 3119 4230 reliquorum
3164 4158 3424 4229 judicium
3456 4160 3505 4214 in
3535 4176 3605 4217 ea

298 4273 623 4329 videbimus.
933 4276 943 4283 '
1576 4252 1581 4254 ⁷
2003 4259 2322 4324 ostendens,
2340 4256 2633 4325 scripserat
2653 4268 2885 4325 namque
2914 4253 3061 4323 prius
3085 4253 3154 4308 de
3182 4252 3387 4308 Heleno
3406 4261 3461 4308 et
3482 4252 3605 4308 Fir.

378 4368 438 4422 ll.
480 4387 499 4419 ι
529 4369 777 4424 Graviter
802 4385 995 4426 revera
1026 4370 1299 4441 cvm-iano
1346 4374 1701 4430 succensebat
1730 4396 1748 4429 ,
1777 4378 1897 4435 διο,
2004 4351 2226 4407 miliano
2245 4365 2444 4405 secum
2474 4349 2582 4404 illis
2605 4363 2710 4402 non
2738 4346 3403 4441 communicaturum‘cam
3426 4344 3600 4414 ipsam

300 4460 633 4529 phanus(2),
665 4463 879 4533 quando
921 4464 1023 4534 ipsi
1064 4434 1322 4535 przecepit
1354 4481 1416 4521 ac
1455 4467 1793 4524 denuntiavit
1835 4487 1894 4526 se

2041 4446 2069 4500 b
2095 4459 2311 4499 causam
2344 4440 2487 4513 quod
2517 4440 2803 4495 haereticos
2834 4438 3233 4507 rebaptizarent
3261 4434 3362 4507 (1).
3403 4455 3422 4488 ι

293 4556 362 4611 ah
384 4556 525 4611 illius
549 4558 931 4613 communione
957 4558 1321 4615 discessurum
1342 4561 1384 4614 si
1408 4561 1459 4615 in
1490 4576 1585 4615 sua
1619 4564 1889 4618 sententia
1922 4547 1926 4605 Ῑ

2070 4536 2383 4592 Vincentius
2411 4534 2571 4588 etiam
2606 4530 2909 4586 Lirinensis
2960 4528 3293 4598 Stephanum
3324 4528 3589 4598 Cypriane

296 4650 651 4720 persisteret;
686 4660 742 4704 at
786 4650 854 4705 de
899 4650 1002 4706 hac
1030 4653 1179 4723 gravi
1227 4652 1488 4723 Stephani
1540 4657 1889 4714 successione

2041 4629 2265 4685 astitisse
2293 4627 2475 4692 tradit,
2509 4641 2607 4681 nec
2635 4624 2917 4695 ignorabat
2959 4636 3067 4693 quo
3102 4629 3260 4692 pacto
3289 4619 3597 4690 Stephanus

294 4741 424 4810 quid
454 4752 705 4812 putarunt
739 4751 817 4798 tot
843 4758 940 4815 per
970 4744 1154 4799 orbem
1186 4746 1492 4801 universum
1515 4747 1776 4818 episcopi,
1802 4750 1892 4818 qui

2041 4718 2700 4791 astitisset,pr:ecipiendo
2746 4717 3012 4777 videlicet,
3045 4731 3107 4769 ac
3156 4717 3331 4769 minas
3374 4728 3601 4767 excom-

293 4802 393 4904 pro
422 4802 552 4891 sana
574 4802 1107 4893 Ecclesi:e.doetriua
1138 4854 1260 4894 cum
1290 4841 1407 4909 ipso
1435 4802 1621 4895 conira
1656 4802 1894 4913 γὲυἶιρῖιξ
1953 4891 1962 4900 .
1999 4813 2375 4869 ¹¹¹¹³¹¹Ῑ⁰²¹ιί⁰¹¹ί⁵
2407 4809 2746 4875 imemando’
2772 4805 3206 4913 “Emmmmde‘l‘
3242 4803 3498 4913 5‘33"“?
3526 4802 3599 4907 at!

293 4894 308 4904 ι
1310 4894 1324 4909 Ι
1388 4894 1395 4895 ’
1446 4894 1455 4895 ί
1479 4894 1489 4895 ί
1510 4894 1517 4895 '
1550 4894 1557 4895 '
1616 4894 1619 4895 ⁷
1658 4894 1667 4896 ⁷
1692 4894 1747 4897 ’⁷⁷
1793 4894 1865 4913 Ι””

291 4938 480 4982 zantes
512 4929 812 4984 militabuut
834 4929 857 4983 ?
879 4929 1105 4986 Illamne
1123 4932 1413 4987 credebant
1434 4934 1783 5004 incongruam
1801 4946 1893 4991 aut

291 5021 720 5043 :..:--.--,.....,'__-__
750 5025 774 5043 α
814 5024 855 5043 Αἵ
966 5042 969 5043 ,
1031 5026 1079 5043 'J
1136 5028 1146 5038 ⁸
1254 5042 1291 5043 ,,
1356 5038 1367 5043 -
1453 5038 1463 5043 -
1610 5029 1665 5043 n-
1748 5030 1760 5043 ι

2048 4906 2277 4960 fricanos
2295 4903 2577 4972 epistolam
2606 4900 2769 4955 refert
2789 4898 2889 4968 (2);
2911 4907 3150 4951 attamen
3180 4896 3302 4949 huic
3325 4894 3599 4963 Stephani

2041 4994 2381 5043 tlercessioni
2406 5002 2637 5043 caeteros
2664 4989 2897 5043 undiauc
2919 4986 3308 5043 eomulausisse
3330 4985 3599 5040 Prmsules

290 5021 774 5094 intempestivam?
811 5024 1082 5098 Numquid
1136 5028 1188 5081 in
1241 5042 1307 5083 eo
1355 5038 1561 5084 tantum
1604 5002 1891 5102 Stephano

2041 5002 2381 5050 itercessiom
2406 5002 2637 5047 creteros
2664 5002 2897 5059 tmdtquc
2919 5002 3308 5058 eomptausrsse
3330 5002 3595 5040 rrwsutes

2041 5086 2229 5140 ilirmat
2276 5084 2360 5137 his
2391 5083 2615 5137 verbis:
2656 5100 2674 5133 ι
2712 5080 3016 5149 Stephanus
3071 5076 3383 5147 apostolicm
3437 5074 3595 5131 Sedis

1989 5179 2215 5233 antistes
2246 5191 2366 5231 cum
2386 5175 2599 5229 caeteris
2617 5172 2834 5243 quidem
2861 5170 3082 5241 collegis
3109 5169 3244 5235 suis,
3277 5166 3371 5223 sed
3403 5175 3586 5225 tamen

1987 5285 2097 5340 pne
2125 5267 2340 5323 caeteris
2369 5266 2567 5321 restitit
2592 5265 2723 5337 (5).»

2060 5361 2151 5417 lll.
2174 5360 2397 5416 Censuit
2435 5358 2494 5415 S.
2528 5356 2835 5427 Stephanus
2888 5352 3303 5425 rebaptizandos
3331 5364 3437 5405 non
3468 5364 3596 5405 esse

1990 5454 2300 5521 hazreticos,
2326 5452 2549 5522 insuper
2567 5449 2857 5506 arbitratus
2888 5456 2971 5503 est
2995 5446 3321 5518 Cyprianum
3343 5443 3589 5512 altosque

286 5178 485 5239 uelitis.
518 5180 589 5253 de
612 5180 981 5253 Sacramentis,
1012 5198 1047 5253 p
1102 5183 1227 5239 575.
1263 5183 1474 5251 Baillet,
1496 5187 1548 5241 in
1610 5186 1735 5243 Vitis
1766 5205 1884 5243 san-

283 5251 606 5326 ctoruntad
646 5252 794 5326 diem
833 5252 869 5306 2
898 5251 1137 5326 Augusti,
1170 5270 1221 5324 p.
1270 5256 1361 5311 20.
1394 5256 1643 5326 Defensor
1686 5262 1879 5314 declar.

284 5321 445 5395 Cleri,
470 5320 825 5395 Gallic.1682.
853 5333 891 5379 t.
913 5323 967 5388 2,
1064 5320 1191 5380 266⁷.
1216 5320 1594 5391 P.Gervasius,
1616 5330 1666 5384 in
1682 5328 1797 5383 Vita
1816 5331 1879 5387 S.

284 5391 559 5466 Cypriani,
610 5409 664 5465 p.
697 5394 808 5449 ηε
857 5405 913 5450 et
957 5391 1072 5466 seq.
1125 5397 1185 5452 Ι).
1224 5398 1441 5452 Marand
1497 5401 1548 5453 in
1599 5400 1884 5456 Baluziana

285 5462 542 5539 Cypriani
575 5462 797 5539 ciperum
828 5462 1065 5539 editione
1090 5467 1322 5536 praefat.,
1351 5469 1537 5539 p.126.
1566 5474 1632 5524 Β.
1656 5472 1882 5528 Cellier.

285 5533 570 5613 Benedict.
605 5535 803 5613 βίαιον.
840 5533 1119 5594 Sacrorum
1166 5533 1390 5606 auctori,
1424 5550 1461 5595 t.
1495 5541 1551 5610 5,
1585 5558 1639 5613 p.
1674 5542 1799 5610 154,
1830 5551 1887 5600 et

288 5605 382 5677 alii
403 5608 770 5677 quamplures.

351 5675 434 5751 (υ
470 5675 639 5751 Epist.
667 5679 737 5733 ad
757 5679 1085 5751 Bevilaquam
1110 5680 1200 5737 l5.

355 5682 403 5749 (Ι
470 5682 639 5746 Epist.
667 5682 737 5733 ad
757 5682 1085 5751 Bevilaquam
1110 5682 1200 5737 l5.

355 5682 440 5819 (εξ
470 5749 773 5821 Augustin.,
799 5752 893 5808 lib.
924 5769 1018 5810 un.
1038 5762 1216 5809 contra
1244 5751 1509 5827 Petiliam,
1538 5771 1585 5812 ο.
1616 5756 1703 5819 14.

2061 5610 2142 5685 (l)
2175 5609 2374 5685 Hister.
2405 5610 2557 5685 eget,
2581 5610 2673 5685 lib.
2698 5624 2772 5679 vt,
2801 5606 2921 5676 c.7,
2948 5604 3078 5662 edit.
3105 5604 3279 5661 Paris.
3314 5600 3478 5659 1650.

2061 5680 2145 5753 (2)
2176 5680 2530 5753 Commonit.,
2553 5696 2602 5737 c.
2630 5681 2684 5737 9.

2059 5752 2142 5826 (ις)
2172 5752 2307 5809 Ibid.
