  <div class='ocr_page' id='page_1' title='image "/cluster/home/n/w/nwhite01/storage/ocr_20150623/3/hvd.32044054086798/699.png"; bbox 0 0 4116 6258; ppageno 0'>
   <div class='ocr_carea' id='block_1_1' title="bbox 575 341 717 399">
    <p class='ocr_par' dir='ltr' id='par_1_1' title="bbox 575 341 717 399">
     <span class='ocr_line' id='line_1_1' title="bbox 575 341 717 399; baseline -0.021 0"><span class='ocrx_word' id='word_1_1' title='bbox 575 341 717 399; x_wconf 66' lang='grc'><strong>1299</strong></span> 
     </span>
    </p>
   </div>
   <div class='ocr_carea' id='block_1_2' title="bbox 1971 311 2535 386">
    <p class='ocr_par' dir='ltr' id='par_1_2' title="bbox 1971 311 2535 386">
     <span class='ocr_line' id='line_1_2' title="bbox 1971 311 2535 386; baseline -0.005 -2"><span class='ocrx_word' id='word_1_2' title='bbox 1971 311 2430 386; x_wconf 69' lang='lat' dir='ltr'><strong>nisssnrmlo</strong></span> <span class='ocrx_word' id='word_1_3' title='bbox 2525 323 2535 334; x_wconf 86' lang='lat'><strong>&#39;</strong></span> 
     </span>
    </p>
   </div>
   <div class='ocr_carea' id='block_1_3' title="bbox 3746 311 3904 381">
    <p class='ocr_par' dir='ltr' id='par_1_3' title="bbox 3746 311 3904 381">
     <span class='ocr_line' id='line_1_3' title="bbox 3746 311 3904 381; baseline -0.013 0"><span class='ocrx_word' id='word_1_4' title='bbox 3746 311 3904 381; x_wconf 62' lang='lat' dir='ltr'><strong>1M</strong></span> 
     </span>
    </p>
   </div>
   <div class='ocr_carea' id='block_1_4' title="bbox 569 435 3878 528">
    <p class='ocr_par' dir='ltr' id='par_1_4' title="bbox 569 435 3878 528">
     <span class='ocr_line' id='line_1_4' title="bbox 569 435 3878 528; baseline -0.006 -14"><span class='ocrx_word' id='word_1_5' title='bbox 569 457 968 528; x_wconf 87' lang='lat' dir='ltr'><strong>rebaptizantes</strong></span> <span class='ocrx_word' id='word_1_6' title='bbox 996 467 1102 508; x_wconf 91' lang='lat' dir='ltr'><strong>non</strong></span> <span class='ocrx_word' id='word_1_7' title='bbox 1133 465 1254 506; x_wconf 91' lang='lat' dir='ltr'><strong>esse</strong></span> <span class='ocrx_word' id='word_1_8' title='bbox 1298 435 1570 517; x_wconf 80' lang='lat' dir='ltr'><strong>ferendos,</strong></span> <span class='ocrx_word' id='word_1_9' title='bbox 1602 437 1832 517; x_wconf 77' lang='lat' dir='ltr'><strong>ideoque</strong></span> <span class='ocrx_word' id='word_1_10' title='bbox 1863 445 1982 502; x_wconf 88' lang='lat' dir='ltr'><strong>sese</strong></span> <span class='ocrx_word' id='word_1_11' title='bbox 2013 439 2078 500; x_wconf 73' lang='lat' dir='ltr'><strong>ab</strong></span> <span class='ocrx_word' id='word_1_12' title='bbox 2108 437 2169 501; x_wconf 73' lang='grc' dir='ltr'><strong>π-</strong></span> <span class='ocrx_word' id='word_1_13' title='bbox 2198 445 2251 506; x_wconf 71' lang='grc' dir='ltr'><strong>Α</strong></span> <span class='ocrx_word' id='word_1_14' title='bbox 2277 445 2357 497; x_wconf 88' lang='lat' dir='ltr'><strong>tas</strong></span> <span class='ocrx_word' id='word_1_15' title='bbox 2381 450 2496 498; x_wconf 88' lang='lat' dir='ltr'><strong>erat</strong></span> <span class='ocrx_word' id='word_1_16' title='bbox 2527 444 2883 528; x_wconf 51' lang='grc' dir='ltr'><strong>καθεδεῖ-ἰπὶ.)</strong></span> <span class='ocrx_word' id='word_1_17' title='bbox 2909 440 3009 499; x_wconf 80' lang='lat' dir='ltr'><strong>nisi</strong></span> <span class='ocrx_word' id='word_1_18' title='bbox 3031 439 3154 514; x_wconf 76' lang='lat' dir='ltr'><strong>quia</strong></span> <span class='ocrx_word' id='word_1_19' title='bbox 3178 440 3485 512; x_wconf 66' lang='lat' dir='ltr'><strong>Stepilali‘lis</strong></span> <span class='ocrx_word' id='word_1_20' title='bbox 3509 437 3878 512; x_wconf 67' lang='lat' dir='ltr'><strong>praesepem,</strong></span> 
     </span>
    </p>
   </div>
   <div class='ocr_carea' id='block_1_5' title="bbox 571 538 2173 608">
    <p class='ocr_par' dir='ltr' id='par_1_5' title="bbox 571 538 2173 608">
     <span class='ocr_line' id='line_1_5' title="bbox 571 538 2173 608; baseline -0.009 -2"><span class='ocrx_word' id='word_1_21' title='bbox 571 551 752 607; x_wconf 89' lang='lat' dir='ltr'><strong>lorum</strong></span> <span class='ocrx_word' id='word_1_22' title='bbox 802 544 1184 602; x_wconf 86' lang='lat' dir='ltr'><strong>communione</strong></span> <span class='ocrx_word' id='word_1_23' title='bbox 1237 541 1641 606; x_wconf 88' lang='lat' dir='ltr'><strong>discessurum,</strong></span> <span class='ocrx_word' id='word_1_24' title='bbox 1699 538 1742 594; x_wconf 98' lang='lat' dir='ltr'><strong>si</strong></span> <span class='ocrx_word' id='word_1_25' title='bbox 1797 538 2173 608; x_wconf 56' lang='lat' dir='ltr'><strong>persisteren‘t,</strong></span> 
     </span>
    </p>
   </div>
   <div class='ocr_carea' id='block_1_6' title="bbox 572 631 2179 712">
    <p class='ocr_par' dir='ltr' id='par_1_6' title="bbox 572 631 2179 712">
     <span class='ocr_line' id='line_1_6' title="bbox 572 631 2179 712; baseline -0.01 -14"><span class='ocrx_word' id='word_1_26' title='bbox 572 641 814 712; x_wconf 78' lang='lat' dir='ltr'><strong>scripsit.</strong></span> <span class='ocrx_word' id='word_1_27' title='bbox 845 636 983 705; x_wconf 85' lang='lat' dir='ltr'><strong>Quid</strong></span> <span class='ocrx_word' id='word_1_28' title='bbox 1016 633 1568 702; x_wconf 89' lang='lat' dir='ltr'><strong>Ecclesia?Stephani</strong></span> <span class='ocrx_word' id='word_1_29' title='bbox 1597 631 1920 686; x_wconf 88' lang='lat' dir='ltr'><strong>sententiam</strong></span> <span class='ocrx_word' id='word_1_30' title='bbox 1951 631 2003 684; x_wconf 91' lang='lat' dir='ltr'><strong>in</strong></span> <span class='ocrx_word' id='word_1_31' title='bbox 2034 638 2179 683; x_wconf 89' lang='lat' dir='ltr'><strong>utro-</strong></span> 
     </span>
    </p>
   </div>
   <div class='ocr_carea' id='block_1_7' title="bbox 575 717 2178 806">
    <p class='ocr_par' dir='ltr' id='par_1_7' title="bbox 575 717 2178 806">
     <span class='ocr_line' id='line_1_7' title="bbox 575 717 2178 806; baseline -0.008 -16"><span class='ocrx_word' id='word_1_32' title='bbox 575 752 681 806; x_wconf 90' lang='lat' dir='ltr'><strong>que</strong></span> <span class='ocrx_word' id='word_1_33' title='bbox 698 735 943 804; x_wconf 77' lang='lat' dir='ltr'><strong>probavit</strong></span> <span class='ocrx_word' id='word_1_34' title='bbox 962 730 1234 786; x_wconf 89' lang='lat' dir='ltr'><strong>ettenuit:</strong></span> <span class='ocrx_word' id='word_1_35' title='bbox 1261 717 1830 796; x_wconf 65' lang='lat' dir='ltr'><strong>«BeatusStephanus,</strong></span> <span class='ocrx_word' id='word_1_36' title='bbox 1856 745 1873 777; x_wconf 77' lang='grc' dir='ltr'><strong><em>ι</em></strong></span> <span class='ocrx_word' id='word_1_37' title='bbox 1899 725 2069 794; x_wconf 90' lang='lat' dir='ltr'><strong>inquit</strong></span> <span class='ocrx_word' id='word_1_38' title='bbox 2087 722 2178 777; x_wconf 84' lang='lat' dir='ltr'><strong>Fa-</strong></span> 
     </span>
    </p>
   </div>
   <div class='ocr_carea' id='block_1_8' title="bbox 575 811 2179 890">
    <p class='ocr_par' dir='ltr' id='par_1_8' title="bbox 575 811 2179 890">
     <span class='ocr_line' id='line_1_8' title="bbox 575 811 2179 890; baseline -0.008 -9"><span class='ocrx_word' id='word_1_39' title='bbox 575 825 817 890; x_wconf 90' lang='lat' dir='ltr'><strong>cundus,</strong></span> <span class='ocrx_word' id='word_1_40' title='bbox 860 821 1272 877; x_wconf 82' lang='lat' dir='ltr'><strong>llermianensis</strong></span> <span class='ocrx_word' id='word_1_41' title='bbox 1300 823 1607 890; x_wconf 90' lang='lat' dir='ltr'><strong>episcopus,</strong></span> <span class='ocrx_word' id='word_1_42' title='bbox 1646 819 1740 872; x_wconf 85' lang='lat' dir='ltr'><strong>lib.</strong></span> <span class='ocrx_word' id='word_1_43' title='bbox 1768 826 1956 872; x_wconf 88' lang='lat' dir='ltr'><strong>contra</strong></span> <span class='ocrx_word' id='word_1_44' title='bbox 1978 811 2179 869; x_wconf 84' lang='lat' dir='ltr'><strong>Mocia-</strong></span> 
     </span>
    </p>
   </div>
   <div class='ocr_carea' id='block_1_9' title="bbox 574 908 2176 985">
    <p class='ocr_par' dir='ltr' id='par_1_9' title="bbox 574 908 2176 985">
     <span class='ocr_line' id='line_1_9' title="bbox 574 908 2176 985; baseline -0.007 -12"><span class='ocrx_word' id='word_1_45' title='bbox 574 933 726 981; x_wconf 87' lang='lat' dir='ltr'><strong>num,</strong></span> <span class='ocrx_word' id='word_1_46' title='bbox 757 934 774 967; x_wconf 73' lang='grc' dir='ltr'>ι</span> <span class='ocrx_word' id='word_1_47' title='bbox 802 915 1063 970; x_wconf 88' lang='lat' dir='ltr'><strong>continuo</strong></span> <span class='ocrx_word' id='word_1_48' title='bbox 1081 909 1354 985; x_wconf 82' lang='lat' dir='ltr'><strong>Cypriane</strong></span> <span class='ocrx_word' id='word_1_49' title='bbox 1371 909 1706 966; x_wconf 88' lang='lat' dir='ltr'><strong>denuntiavit</strong></span> <span class='ocrx_word' id='word_1_50' title='bbox 1726 908 1868 980; x_wconf 90' lang='lat' dir='ltr'><strong>quod</strong></span> <span class='ocrx_word' id='word_1_51' title='bbox 1895 910 1936 962; x_wconf 91' lang='lat' dir='ltr'><strong>si</strong></span> <span class='ocrx_word' id='word_1_52' title='bbox 1956 908 2060 962; x_wconf 88' lang='lat' dir='ltr'><strong>hoc</strong></span> <span class='ocrx_word' id='word_1_53' title='bbox 2082 923 2176 961; x_wconf 90' lang='lat' dir='ltr'><strong>au-</strong></span> 
     </span>
    </p>
   </div>
   <div class='ocr_carea' id='block_1_10' title="bbox 576 997 2174 1079">
    <p class='ocr_par' dir='ltr' id='par_1_10' title="bbox 576 997 2174 1079">
     <span class='ocr_line' id='line_1_10' title="bbox 576 997 2174 1079; baseline -0.009 -14"><span class='ocrx_word' id='word_1_54' title='bbox 576 1011 762 1065; x_wconf 86' lang='lat' dir='ltr'><strong>derent</strong></span> <span class='ocrx_word' id='word_1_55' title='bbox 781 1007 1088 1079; x_wconf 76' lang='lat' dir='ltr'><strong>(haereticos</strong></span> <span class='ocrx_word' id='word_1_56' title='bbox 1106 1002 1467 1075; x_wconf 82' lang='lat' dir='ltr'><strong>rebaptizarc)</strong></span> <span class='ocrx_word' id='word_1_57' title='bbox 1481 1003 1547 1055; x_wconf 87' lang='lat' dir='ltr'><strong>ab</strong></span> <span class='ocrx_word' id='word_1_58' title='bbox 1565 1001 1805 1055; x_wconf 79' lang='lat' dir='ltr'><strong>Ecclesia</strong></span> <span class='ocrx_word' id='word_1_59' title='bbox 1824 997 2174 1071; x_wconf 78' lang='lat' dir='ltr'><strong>pellerentur;</strong></span> 
     </span>
    </p>
   </div>
   <div class='ocr_carea' id='block_1_11' title="bbox 575 1093 2181 1171">
    <p class='ocr_par' dir='ltr' id='par_1_11' title="bbox 575 1093 2181 1171">
     <span class='ocr_line' id='line_1_11' title="bbox 575 1093 2181 1171; baseline -0.009 -12"><span class='ocrx_word' id='word_1_60' title='bbox 575 1114 630 1159; x_wconf 89' lang='lat' dir='ltr'><strong>et</strong></span> <span class='ocrx_word' id='word_1_61' title='bbox 657 1101 922 1171; x_wconf 89' lang='lat' dir='ltr'><strong>Stephani</strong></span> <span class='ocrx_word' id='word_1_62' title='bbox 965 1099 1149 1170; x_wconf 81' lang='lat' dir='ltr'><strong>petitis</strong></span> <span class='ocrx_word' id='word_1_63' title='bbox 1177 1114 1335 1167; x_wconf 87' lang='lat' dir='ltr'><strong>quam</strong></span> <span class='ocrx_word' id='word_1_64' title='bbox 1381 1093 1636 1167; x_wconf 90' lang='lat' dir='ltr'><strong>Cypriani</strong></span> <span class='ocrx_word' id='word_1_65' title='bbox 1669 1093 1993 1148; x_wconf 86' lang='lat' dir='ltr'><strong>sententiam</strong></span> <span class='ocrx_word' id='word_1_66' title='bbox 2035 1099 2181 1145; x_wconf 87' lang='lat' dir='ltr'><strong>tenet</strong></span> 
     </span>
    </p>
   </div>
   <div class='ocr_carea' id='block_1_12' title="bbox 566 1183 2176 1258">
    <p class='ocr_par' dir='ltr' id='par_1_12' title="bbox 566 1183 2176 1258">
     <span class='ocr_line' id='line_1_12' title="bbox 566 1183 2176 1258; baseline -0.008 -6"><span class='ocrx_word' id='word_1_67' title='bbox 566 1196 845 1258; x_wconf 85' lang='lat' dir='ltr'><strong>Ecclesia,</strong></span> <span class='ocrx_word' id='word_1_68' title='bbox 875 1208 980 1248; x_wconf 90' lang='lat' dir='ltr'><strong>non</strong></span> <span class='ocrx_word' id='word_1_69' title='bbox 1011 1192 1185 1246; x_wconf 89' lang='lat' dir='ltr'><strong>solum</strong></span> <span class='ocrx_word' id='word_1_70' title='bbox 1215 1190 1281 1245; x_wconf 90' lang='lat' dir='ltr'><strong>de</strong></span> <span class='ocrx_word' id='word_1_71' title='bbox 1313 1205 1416 1243; x_wconf 90' lang='lat' dir='ltr'><strong>non</strong></span> <span class='ocrx_word' id='word_1_72' title='bbox 1450 1186 1851 1256; x_wconf 82' lang='lat' dir='ltr'><strong>rebaptizandis</strong></span> <span class='ocrx_word' id='word_1_73' title='bbox 1884 1183 2176 1250; x_wconf 76' lang='lat' dir='ltr'><strong>haereticis,</strong></span> 
     </span>
    </p>
   </div>
   <div class='ocr_carea' id='block_1_13' title="bbox 575 1276 2177 1354">
    <p class='ocr_par' dir='ltr' id='par_1_13' title="bbox 575 1276 2177 1354">
     <span class='ocr_line' id='line_1_13' title="bbox 575 1276 2177 1354; baseline -0.006 -12"><span class='ocrx_word' id='word_1_74' title='bbox 575 1305 764 1344; x_wconf 87' lang='lat' dir='ltr'><strong>verum</strong></span> <span class='ocrx_word' id='word_1_75' title='bbox 792 1288 955 1342; x_wconf 89' lang='lat' dir='ltr'><strong>etiam</strong></span> <span class='ocrx_word' id='word_1_76' title='bbox 985 1285 1052 1340; x_wconf 91' lang='lat' dir='ltr'><strong>de</strong></span> <span class='ocrx_word' id='word_1_77' title='bbox 1069 1283 1531 1354; x_wconf 88' lang='lat' dir='ltr'><strong>rebaptizantibus</strong></span> <span class='ocrx_word' id='word_1_78' title='bbox 1558 1296 1663 1335; x_wconf 90' lang='lat' dir='ltr'><strong>non</strong></span> <span class='ocrx_word' id='word_1_79' title='bbox 1689 1276 1946 1335; x_wconf 79' lang='lat' dir='ltr'><strong>ferendis.</strong></span> <span class='ocrx_word' id='word_1_80' title='bbox 1971 1299 1989 1330; x_wconf 79' lang='grc' dir='ltr'><strong><em>ι</em></strong></span> <span class='ocrx_word' id='word_1_81' title='bbox 2017 1277 2177 1333; x_wconf 87' lang='lat' dir='ltr'><strong>Dam-</strong></span> 
     </span>
    </p>
   </div>
   <div class='ocr_carea' id='block_1_14' title="bbox 577 1370 2177 1448">
    <p class='ocr_par' dir='ltr' id='par_1_14' title="bbox 577 1370 2177 1448">
     <span class='ocr_line' id='line_1_14' title="bbox 577 1370 2177 1448; baseline -0.007 -15"><span class='ocrx_word' id='word_1_82' title='bbox 577 1389 740 1434; x_wconf 84' lang='lat' dir='ltr'><strong>netur</strong></span> <span class='ocrx_word' id='word_1_83' title='bbox 769 1377 934 1448; x_wconf 79' lang='lat' dir='ltr'><strong>igitur</strong></span> <span class='ocrx_word' id='word_1_84' title='bbox 962 1376 1272 1444; x_wconf 91' lang='lat' dir='ltr'><strong>Stephanus</strong></span> <span class='ocrx_word' id='word_1_85' title='bbox 1304 1390 1332 1426; x_wconf 86' lang='lat' dir='ltr'><strong>a</strong></span> <span class='ocrx_word' id='word_1_86' title='bbox 1365 1373 1676 1436; x_wconf 88' lang='lat' dir='ltr'><strong>neotericis,</strong></span> <span class='ocrx_word' id='word_1_87' title='bbox 1709 1381 1967 1442; x_wconf 85' lang='lat' dir='ltr'><strong>tyrannus</strong></span> <span class='ocrx_word' id='word_1_88' title='bbox 1997 1382 2049 1424; x_wconf 92' lang='lat' dir='ltr'><strong>et</strong></span> <span class='ocrx_word' id='word_1_89' title='bbox 2076 1370 2177 1422; x_wconf 84' lang='lat' dir='ltr'><strong>im-</strong></span> 
     </span>
    </p>
   </div>
   <div class='ocr_carea' id='block_1_15' title="bbox 577 1459 2179 1536">
    <p class='ocr_par' dir='ltr' id='par_1_15' title="bbox 577 1459 2179 1536">
     <span class='ocr_line' id='line_1_15' title="bbox 577 1459 2179 1536; baseline -0.007 -11"><span class='ocrx_word' id='word_1_90' title='bbox 577 1469 758 1525; x_wconf 89' lang='lat' dir='ltr'><strong>manis</strong></span> <span class='ocrx_word' id='word_1_91' title='bbox 789 1467 1142 1522; x_wconf 87' lang='lat' dir='ltr'><strong>ecclesiarum</strong></span> <span class='ocrx_word' id='word_1_92' title='bbox 1192 1480 1486 1536; x_wconf 90' lang='lat' dir='ltr'><strong>oppressor</strong></span> <span class='ocrx_word' id='word_1_93' title='bbox 1515 1465 1582 1517; x_wconf 92' lang='lat' dir='ltr'><strong>ah</strong></span> <span class='ocrx_word' id='word_1_94' title='bbox 1633 1462 1766 1532; x_wconf 84' lang='lat' dir='ltr'><strong>ipsis</strong></span> <span class='ocrx_word' id='word_1_95' title='bbox 1796 1469 2037 1527; x_wconf 81' lang='lat' dir='ltr'><strong>vocetur,</strong></span> <span class='ocrx_word' id='word_1_96' title='bbox 2088 1459 2179 1530; x_wconf 90' lang='lat' dir='ltr'><strong>qui</strong></span> 
     </span>
    </p>
   </div>
   <div class='ocr_carea' id='block_1_16' title="bbox 574 1552 2184 1630">
    <p class='ocr_par' dir='ltr' id='par_1_16' title="bbox 574 1552 2184 1630">
     <span class='ocr_line' id='line_1_16' title="bbox 574 1552 2184 1630; baseline -0.009 -12"><span class='ocrx_word' id='word_1_97' title='bbox 574 1561 976 1630; x_wconf 82' lang='lat' dir='ltr'><strong>rebaptizantes</strong></span> <span class='ocrx_word' id='word_1_98' title='bbox 1005 1575 1110 1613; x_wconf 91' lang='lat' dir='ltr'><strong>non</strong></span> <span class='ocrx_word' id='word_1_99' title='bbox 1130 1574 1253 1614; x_wconf 90' lang='lat' dir='ltr'><strong>esse</strong></span> <span class='ocrx_word' id='word_1_100' title='bbox 1277 1556 1530 1612; x_wconf 81' lang='lat' dir='ltr'><strong>ferendos</strong></span> <span class='ocrx_word' id='word_1_101' title='bbox 1552 1555 1795 1622; x_wconf 89' lang='lat' dir='ltr'><strong>censuit;</strong></span> <span class='ocrx_word' id='word_1_102' title='bbox 1827 1552 2061 1623; x_wconf 77' lang='lat' dir='ltr'><strong>graviori</strong></span> <span class='ocrx_word' id='word_1_103' title='bbox 2087 1552 2184 1605; x_wconf 80' lang='lat' dir='ltr'><strong>a&#39;b-‘</strong></span> 
     </span>
    </p>
   </div>
   <div class='ocr_carea' id='block_1_17' title="bbox 577 1637 2180 1723">
    <p class='ocr_par' dir='ltr' id='par_1_17' title="bbox 577 1637 2180 1723">
     <span class='ocr_line' id='line_1_17' title="bbox 577 1637 2180 1723; baseline -0.006 -13"><span class='ocrx_word' id='word_1_104' title='bbox 577 1655 822 1710; x_wconf 88' lang='lat' dir='ltr'><strong>solvetur</strong></span> <span class='ocrx_word' id='word_1_105' title='bbox 843 1652 1068 1723; x_wconf 83' lang='lat' dir='ltr'><strong>judicio,</strong></span> <span class='ocrx_word' id='word_1_106' title='bbox 1111 1652 1179 1707; x_wconf 91' lang='lat' dir='ltr'><strong>ab</strong></span> <span class='ocrx_word' id='word_1_107' title='bbox 1209 1653 1324 1721; x_wconf 92' lang='lat' dir='ltr'><strong>ipsa</strong></span> <span class='ocrx_word' id='word_1_108' title='bbox 1373 1649 1612 1704; x_wconf 82' lang='lat' dir='ltr'><strong>Ecclesia</strong></span> <span class='ocrx_word' id='word_1_109' title='bbox 1654 1637 2032 1712; x_wconf 69' lang='lat' dir='ltr'><strong>vindicab‘itu&#39;r,</strong></span> <span class='ocrx_word' id='word_1_110' title='bbox 2059 1645 2180 1716; x_wconf 49' lang='lat' dir='ltr'><strong>quas</strong></span> 
     </span>
    </p>
   </div>
   <div class='ocr_carea' id='block_1_18' title="bbox 577 1733 2178 1815">
    <p class='ocr_par' dir='ltr' id='par_1_18' title="bbox 577 1733 2178 1815">
     <span class='ocr_line' id='line_1_18' title="bbox 577 1733 2178 1815; baseline -0.007 -11"><span class='ocrx_word' id='word_1_111' title='bbox 577 1749 723 1804; x_wconf 89' lang='lat' dir='ltr'><strong>illius</strong></span> <span class='ocrx_word' id='word_1_112' title='bbox 746 1750 1068 1804; x_wconf 86' lang='lat' dir='ltr'><strong>sententiam</strong></span> <span class='ocrx_word' id='word_1_113' title='bbox 1098 1766 1117 1799; x_wconf 75' lang='grc' dir='ltr'>ι</span> <span class='ocrx_word' id='word_1_114' title='bbox 1154 1747 1316 1802; x_wconf 89' lang='lat' dir='ltr'><strong>etiam</strong></span> <span class='ocrx_word' id='word_1_115' title='bbox 1346 1745 1412 1800; x_wconf 92' lang='lat' dir='ltr'><strong>de</strong></span> <span class='ocrx_word' id='word_1_116' title='bbox 1463 1733 1917 1815; x_wconf 86' lang='lat' dir='ltr'><strong>rebaptizantibus</strong></span> <span class='ocrx_word' id='word_1_117' title='bbox 1963 1739 2070 1798; x_wconf 83' lang='lat' dir='ltr'><strong>non</strong></span> <span class='ocrx_word' id='word_1_118' title='bbox 2100 1737 2178 1794; x_wconf 54' lang='lat' dir='ltr'><strong>fe:</strong></span> 
     </span>
    </p>
   </div>
   <div class='ocr_carea' id='block_1_19' title="bbox 579 1842 1388 1911">
    <p class='ocr_par' dir='ltr' id='par_1_19' title="bbox 579 1842 1388 1911">
     <span class='ocr_line' id='line_1_19' title="bbox 579 1842 1388 1911; baseline -0.006 -14"><span class='ocrx_word' id='word_1_119' title='bbox 579 1842 768 1897; x_wconf 89' lang='lat' dir='ltr'><strong>rendis</strong></span> <span class='ocrx_word' id='word_1_120' title='bbox 795 1861 814 1894; x_wconf 85' lang='grc'><strong>›</strong></span> <span class='ocrx_word' id='word_1_121' title='bbox 848 1843 1016 1896; x_wconf 81' lang='lat' dir='ltr'><strong>tenuit</strong></span> <span class='ocrx_word' id='word_1_122' title='bbox 1040 1853 1092 1896; x_wconf 88' lang='lat' dir='ltr'><strong>et</strong></span> <span class='ocrx_word' id='word_1_123' title='bbox 1125 1842 1388 1911; x_wconf 83' lang='lat' dir='ltr'><strong>probavit.</strong></span> 
     </span>
    </p>
   </div>
   <div class='ocr_carea' id='block_1_20' title="bbox 650 1928 2180 2004">
    <p class='ocr_par' dir='ltr' id='par_1_20' title="bbox 650 1928 2180 2004">
     <span class='ocr_line' id='line_1_20' title="bbox 650 1928 2180 2004; baseline -0.004 -17"><span class='ocrx_word' id='word_1_124' title='bbox 650 1933 742 1988; x_wconf 83' lang='lat' dir='ltr'><strong>IV.</strong></span> <span class='ocrx_word' id='word_1_125' title='bbox 777 1933 1034 2003; x_wconf 85' lang='lat' dir='ltr'><strong>Stephani</strong></span> <span class='ocrx_word' id='word_1_126' title='bbox 1084 1934 1151 1988; x_wconf 91' lang='lat' dir='ltr'><strong>ad</strong></span> <span class='ocrx_word' id='word_1_127' title='bbox 1201 1931 1526 2004; x_wconf 84' lang='lat' dir='ltr'><strong>Cyprianum</strong></span> <span class='ocrx_word' id='word_1_128' title='bbox 1585 1931 1932 2002; x_wconf 86' lang='lat' dir='ltr'><strong>rescriptum,</strong></span> <span class='ocrx_word' id='word_1_129' title='bbox 1964 1929 2018 1983; x_wconf 92' lang='lat' dir='ltr'><strong>in</strong></span> <span class='ocrx_word' id='word_1_130' title='bbox 2070 1928 2180 1998; x_wconf 82' lang='lat' dir='ltr'><strong>quo</strong></span> 
     </span>
    </p>
   </div>
   <div class='ocr_carea' id='block_1_21' title="bbox 577 2019 2177 2097">
    <p class='ocr_par' dir='ltr' id='par_1_21' title="bbox 577 2019 2177 2097">
     <span class='ocr_line' id='line_1_21' title="bbox 577 2019 2177 2097; baseline -0.004 -17"><span class='ocrx_word' id='word_1_131' title='bbox 577 2025 930 2097; x_wconf 76' lang='lat' dir='ltr'><strong>praecipiebat</strong></span> <span class='ocrx_word' id='word_1_132' title='bbox 949 2026 1225 2095; x_wconf 89' lang='lat' dir='ltr'><strong>antiquam</strong></span> <span class='ocrx_word' id='word_1_133' title='bbox 1257 2026 1459 2079; x_wconf 88' lang='lat' dir='ltr'><strong>servari</strong></span> <span class='ocrx_word' id='word_1_134' title='bbox 1483 2021 1950 2088; x_wconf 89' lang='lat' dir='ltr'><strong>consuetudinem,</strong></span> <span class='ocrx_word' id='word_1_135' title='bbox 1983 2019 2177 2091; x_wconf 82' lang='lat' dir='ltr'><strong>super~</strong></span> 
     </span>
    </p>
   </div>
   <div class='ocr_carea' id='block_1_22' title="bbox 577 2112 2175 2186">
    <p class='ocr_par' dir='ltr' id='par_1_22' title="bbox 577 2112 2175 2186">
     <span class='ocr_line' id='line_1_22' title="bbox 577 2112 2175 2186; baseline -0.004 -15"><span class='ocrx_word' id='word_1_136' title='bbox 577 2117 706 2171; x_wconf 87' lang='lat' dir='ltr'><strong>bum</strong></span> <span class='ocrx_word' id='word_1_137' title='bbox 743 2117 1000 2185; x_wconf 81' lang='lat' dir='ltr'><strong>profecto,</strong></span> <span class='ocrx_word' id='word_1_138' title='bbox 1044 2118 1125 2171; x_wconf 88' lang='lat' dir='ltr'><strong>vel</strong></span> <span class='ocrx_word' id='word_1_139' title='bbox 1177 2115 1494 2186; x_wconf 83' lang='lat' dir='ltr'><strong>injuriarutn</strong></span> <span class='ocrx_word' id='word_1_140' title='bbox 1529 2117 1880 2185; x_wconf 90' lang='lat' dir='ltr'><strong>plenum,aut</strong></span> <span class='ocrx_word' id='word_1_141' title='bbox 1923 2112 2175 2184; x_wconf 82' lang='lat' dir='ltr'><strong>Cypriani</strong></span> 
     </span>
    </p>
   </div>
   <div class='ocr_carea' id='block_1_23' title="bbox 575 2209 2176 2266">
    <p class='ocr_par' dir='ltr' id='par_1_23' title="bbox 575 2209 2176 2266">
     <span class='ocr_line' id='line_1_23' title="bbox 575 2209 2176 2266; baseline -0.003 -1"><span class='ocrx_word' id='word_1_142' title='bbox 575 2212 1030 2266; x_wconf 90' lang='lat' dir='ltr'><strong>contumeliosum</strong></span> <span class='ocrx_word' id='word_1_143' title='bbox 1060 2226 1159 2266; x_wconf 87' lang='lat' dir='ltr'><strong>nec</strong></span> <span class='ocrx_word' id='word_1_144' title='bbox 1181 2213 1392 2266; x_wconf 90' lang='lat' dir='ltr'><strong>censuit</strong></span> <span class='ocrx_word' id='word_1_145' title='bbox 1418 2213 1659 2265; x_wconf 88' lang='lat' dir='ltr'><strong>omnium</strong></span> <span class='ocrx_word' id='word_1_146' title='bbox 1681 2209 2036 2265; x_wconf 89' lang='lat' dir='ltr'><strong>ecclesiarum</strong></span> <span class='ocrx_word' id='word_1_147' title='bbox 2060 2223 2176 2260; x_wconf 87' lang='lat' dir='ltr'><strong>ma-</strong></span> 
     </span>
    </p>
   </div>
   <div class='ocr_carea' id='block_1_24' title="bbox 577 2294 2177 2373">
    <p class='ocr_par' dir='ltr' id='par_1_24' title="bbox 577 2294 2177 2373">
     <span class='ocr_line' id='line_1_24' title="bbox 577 2294 2177 2373; baseline -0.004 -15"><span class='ocrx_word' id='word_1_148' title='bbox 577 2313 662 2359; x_wconf 91' lang='lat' dir='ltr'><strong>ter</strong></span> <span class='ocrx_word' id='word_1_149' title='bbox 683 2313 736 2359; x_wconf 89' lang='lat' dir='ltr'><strong>et</strong></span> <span class='ocrx_word' id='word_1_150' title='bbox 765 2305 1015 2373; x_wconf 86' lang='lat' dir='ltr'><strong>magistra</strong></span> <span class='ocrx_word' id='word_1_151' title='bbox 1048 2303 1290 2358; x_wconf 79' lang='lat' dir='ltr'><strong>Romana</strong></span> <span class='ocrx_word' id='word_1_152' title='bbox 1320 2302 1585 2368; x_wconf 84' lang='lat' dir='ltr'><strong>Ecclesia,</strong></span> <span class='ocrx_word' id='word_1_153' title='bbox 1610 2318 1728 2371; x_wconf 82' lang='lat' dir='ltr'><strong>qua:</strong></span> <span class='ocrx_word' id='word_1_154' title='bbox 1758 2300 1902 2354; x_wconf 91' lang='lat' dir='ltr'><strong>illius</strong></span> <span class='ocrx_word' id='word_1_155' title='bbox 1930 2294 2177 2367; x_wconf 79' lang='lat' dir='ltr'><strong>rescripti</strong></span> 
     </span>
    </p>
   </div>
   <div class='ocr_carea' id='block_1_25' title="bbox 578 2384 2180 2467">
    <p class='ocr_par' dir='ltr' id='par_1_25' title="bbox 578 2384 2180 2467">
     <span class='ocr_line' id='line_1_25' title="bbox 578 2384 2180 2467; baseline -0.004 -15"><span class='ocrx_word' id='word_1_156' title='bbox 578 2399 897 2452; x_wconf 86' lang='lat' dir='ltr'><strong>memoriam</strong></span> <span class='ocrx_word' id='word_1_157' title='bbox 915 2407 1184 2467; x_wconf 82' lang='lat' dir='ltr'><strong>tamquam</strong></span> <span class='ocrx_word' id='word_1_158' title='bbox 1212 2387 1552 2465; x_wconf 85' lang='lat' dir='ltr'><strong>S.Stephano</strong></span> <span class='ocrx_word' id='word_1_159' title='bbox 1571 2391 2020 2465; x_wconf 77' lang='lat' dir='ltr'><strong>gloriosissimam</strong></span> <span class='ocrx_word' id='word_1_160' title='bbox 2049 2384 2180 2462; x_wconf 80' lang='lat' dir='ltr'><strong>quot</strong></span> 
     </span>
    </p>
   </div>
   <div class='ocr_carea' id='block_1_26' title="bbox 577 2471 2179 2562">
    <p class='ocr_par' dir='ltr' id='par_1_26' title="bbox 577 2471 2179 2562">
     <span class='ocr_line' id='line_1_26' title="bbox 577 2471 2179 2562; baseline -0.005 -17"><span class='ocrx_word' id='word_1_161' title='bbox 577 2491 736 2545; x_wconf 89' lang='lat' dir='ltr'><strong>annis</strong></span> <span class='ocrx_word' id='word_1_162' title='bbox 762 2491 850 2544; x_wconf 87' lang='lat' dir='ltr'><strong>die</strong></span> <span class='ocrx_word' id='word_1_163' title='bbox 877 2491 912 2544; x_wconf 70' lang='lat'><strong>2</strong></span> <span class='ocrx_word' id='word_1_164' title='bbox 959 2492 1183 2560; x_wconf 79' lang='lat' dir='ltr'><strong>Augusti</strong></span> <span class='ocrx_word' id='word_1_165' title='bbox 1241 2490 1491 2560; x_wconf 86' lang='lat' dir='ltr'><strong>proponit</strong></span> <span class='ocrx_word' id='word_1_166' title='bbox 1537 2489 1588 2542; x_wconf 90' lang='lat' dir='ltr'><strong>in</strong></span> <span class='ocrx_word' id='word_1_167' title='bbox 1622 2487 1898 2542; x_wconf 88' lang='lat' dir='ltr'><strong>Breviario</strong></span> <span class='ocrx_word' id='word_1_168' title='bbox 1932 2471 2179 2562; x_wconf 77' lang='lat' dir='ltr'><strong>Romano</strong></span> 
     </span>
    </p>
   </div>
   <div class='ocr_carea' id='block_1_27' title="bbox 577 2563 2180 2654">
    <p class='ocr_par' dir='ltr' id='par_1_27' title="bbox 577 2563 2180 2654">
     <span class='ocr_line' id='line_1_27' title="bbox 577 2563 2180 2654; baseline -0.006 -13"><span class='ocrx_word' id='word_1_169' title='bbox 577 2586 666 2642; x_wconf 83' lang='lat' dir='ltr'><strong>his</strong></span> <span class='ocrx_word' id='word_1_170' title='bbox 693 2585 870 2639; x_wconf 85' lang='lat' dir='ltr'><strong>verbis</strong></span> <span class='ocrx_word' id='word_1_171' title='bbox 895 2585 1258 2654; x_wconf 71' lang='lat' dir='ltr'><strong>:«Baptizatos</strong></span> <span class='ocrx_word' id='word_1_172' title='bbox 1288 2583 1355 2638; x_wconf 90' lang='lat' dir='ltr'><strong>ab</strong></span> <span class='ocrx_word' id='word_1_173' title='bbox 1386 2581 1658 2637; x_wconf 83' lang='lat' dir='ltr'><strong>haereticis</strong></span> <span class='ocrx_word' id='word_1_174' title='bbox 1691 2582 1884 2634; x_wconf 85' lang='lat' dir='ltr'><strong>iterum</strong></span> <span class='ocrx_word' id='word_1_175' title='bbox 1917 2563 2180 2647; x_wconf 84' lang='lat' dir='ltr'><strong>baptizari</strong></span> 
     </span>
    </p>
   </div>
   <div class='ocr_carea' id='block_1_28' title="bbox 576 2667 2180 2748">
    <p class='ocr_par' dir='ltr' id='par_1_28' title="bbox 576 2667 2180 2748">
     <span class='ocr_line' id='line_1_28' title="bbox 576 2667 2180 2748; baseline -0.005 -17"><span class='ocrx_word' id='word_1_176' title='bbox 576 2679 746 2732; x_wconf 87' lang='lat' dir='ltr'><strong>vetuit</strong></span> <span class='ocrx_word' id='word_1_177' title='bbox 780 2677 856 2748; x_wconf 88' lang='lat' dir='ltr'><strong>(S.</strong></span> <span class='ocrx_word' id='word_1_178' title='bbox 887 2676 1217 2746; x_wconf 86' lang='lat' dir='ltr'><strong>Stephanus)</strong></span> <span class='ocrx_word' id='word_1_179' title='bbox 1242 2675 1550 2730; x_wconf 79' lang='lat' dir='ltr'><strong>rescribens</strong></span> <span class='ocrx_word' id='word_1_180' title='bbox 1591 2673 1649 2728; x_wconf 94' lang='lat' dir='ltr'><strong>S.</strong></span> <span class='ocrx_word' id='word_1_181' title='bbox 1681 2672 1951 2743; x_wconf 88' lang='lat' dir='ltr'><strong>Cypriano</strong></span> <span class='ocrx_word' id='word_1_182' title='bbox 2001 2667 2180 2724; x_wconf 86' lang='lat' dir='ltr'><strong>verbis</strong></span> 
     </span>
    </p>
   </div>
   <div class='ocr_carea' id='block_1_29' title="bbox 574 2767 1992 2840">
    <p class='ocr_par' dir='ltr' id='par_1_29' title="bbox 574 2767 1992 2840">
     <span class='ocr_line' id='line_1_29' title="bbox 574 2767 1992 2840; baseline -0.008 -13"><span class='ocrx_word' id='word_1_183' title='bbox 574 2773 718 2828; x_wconf 88' lang='lat' dir='ltr'><strong>illis:</strong></span> <span class='ocrx_word' id='word_1_184' title='bbox 754 2771 890 2826; x_wconf 87' lang='lat' dir='ltr'><strong>nihil</strong></span> <span class='ocrx_word' id='word_1_185' title='bbox 921 2772 1205 2825; x_wconf 88' lang='lat' dir='ltr'><strong>innovetur</strong></span> <span class='ocrx_word' id='word_1_186' title='bbox 1248 2770 1350 2824; x_wconf 88' lang='lat' dir='ltr'><strong>nisi</strong></span> <span class='ocrx_word' id='word_1_187' title='bbox 1374 2769 1516 2840; x_wconf 89' lang='lat' dir='ltr'><strong>quod</strong></span> <span class='ocrx_word' id='word_1_188' title='bbox 1551 2767 1805 2822; x_wconf 86' lang='lat' dir='ltr'><strong>traditum</strong></span> <span class='ocrx_word' id='word_1_189' title='bbox 1835 2775 1938 2821; x_wconf 86' lang='lat' dir='ltr'><strong>est.</strong></span> <span class='ocrx_word' id='word_1_190' title='bbox 1973 2783 1992 2816; x_wconf 85' lang='grc'><strong>›</strong></span> 
     </span>
    </p>
   </div>
   <div class='ocr_carea' id='block_1_30' title="bbox 656 2859 2180 2936">
    <p class='ocr_par' dir='ltr' id='par_1_30' title="bbox 656 2859 2180 2936">
     <span class='ocr_line' id='line_1_30' title="bbox 656 2859 2180 2936; baseline -0.007 -16"><span class='ocrx_word' id='word_1_191' title='bbox 656 2865 718 2920; x_wconf 87' lang='lat' dir='ltr'><strong>V.</strong></span> <span class='ocrx_word' id='word_1_192' title='bbox 750 2866 825 2920; x_wconf 87' lang='lat' dir='ltr'><strong>De</strong></span> <span class='ocrx_word' id='word_1_193' title='bbox 849 2865 1110 2936; x_wconf 89' lang='lat' dir='ltr'><strong>Stephani</strong></span> <span class='ocrx_word' id='word_1_194' title='bbox 1139 2864 1404 2934; x_wconf 89' lang='lat' dir='ltr'><strong>rescripto</strong></span> <span class='ocrx_word' id='word_1_195' title='bbox 1432 2861 1561 2933; x_wconf 89' lang='lat' dir='ltr'><strong>quid</strong></span> <span class='ocrx_word' id='word_1_196' title='bbox 1587 2860 1863 2916; x_wconf 90' lang='lat' dir='ltr'><strong>censuerit</strong></span> <span class='ocrx_word' id='word_1_197' title='bbox 1891 2859 2180 2928; x_wconf 88' lang='lat' dir='ltr'><strong>episcopus</strong></span> 
     </span>
    </p>
   </div>
   <div class='ocr_carea' id='block_1_31' title="bbox 579 2952 2178 3032">
    <p class='ocr_par' dir='ltr' id='par_1_31' title="bbox 579 2952 2178 3032">
     <span class='ocr_line' id='line_1_31' title="bbox 579 2952 2178 3032; baseline -0.007 -18"><span class='ocrx_word' id='word_1_198' title='bbox 579 2962 1008 3032; x_wconf 89' lang='lat' dir='ltr'><strong>anonymus,qui</strong></span> <span class='ocrx_word' id='word_1_199' title='bbox 1037 2959 1287 3031; x_wconf 86' lang='lat' dir='ltr'><strong>Cypriani</strong></span> <span class='ocrx_word' id='word_1_200' title='bbox 1320 2959 1615 3012; x_wconf 88' lang='lat' dir='ltr'><strong>novitatem</strong></span> <span class='ocrx_word' id='word_1_201' title='bbox 1637 2966 1762 3010; x_wconf 92' lang='lat' dir='ltr'><strong>tunc</strong></span> <span class='ocrx_word' id='word_1_202' title='bbox 1792 2953 2051 3024; x_wconf 89' lang='lat' dir='ltr'><strong>temporis</strong></span> <span class='ocrx_word' id='word_1_203' title='bbox 2076 2952 2178 3005; x_wconf 58' lang='lat' dir='ltr'><strong>im.</strong></span> 
     </span>
    </p>
   </div>
   <div class='ocr_carea' id='block_1_32' title="bbox 580 3047 2182 3126">
    <p class='ocr_par' dir='ltr' id='par_1_32' title="bbox 580 3047 2182 3126">
     <span class='ocr_line' id='line_1_32' title="bbox 580 3047 2182 3126; baseline -0.008 -16"><span class='ocrx_word' id='word_1_204' title='bbox 580 3056 855 3126; x_wconf 79' lang='lat' dir='ltr'><strong>pugnavit,</strong></span> <span class='ocrx_word' id='word_1_205' title='bbox 888 3057 1002 3124; x_wconf 89' lang='lat' dir='ltr'><strong>ipse</strong></span> <span class='ocrx_word' id='word_1_206' title='bbox 1045 3053 1200 3107; x_wconf 86' lang='lat' dir='ltr'><strong>nobis</strong></span> <span class='ocrx_word' id='word_1_207' title='bbox 1232 3053 1405 3122; x_wconf 82' lang='lat' dir='ltr'><strong>aperit</strong></span> <span class='ocrx_word' id='word_1_208' title='bbox 1429 3051 1514 3105; x_wconf 88' lang='lat' dir='ltr'><strong>his</strong></span> <span class='ocrx_word' id='word_1_209' title='bbox 1550 3051 1728 3104; x_wconf 84' lang='lat' dir='ltr'><strong>verbis</strong></span> <span class='ocrx_word' id='word_1_210' title='bbox 1761 3067 1773 3101; x_wconf 89' lang='lat'><strong>:</strong></span> <span class='ocrx_word' id='word_1_211' title='bbox 1810 3067 1826 3099; x_wconf 74' lang='grc' dir='ltr'>ι</span> <span class='ocrx_word' id='word_1_212' title='bbox 1870 3047 1924 3101; x_wconf 92' lang='lat' dir='ltr'><strong>In</strong></span> <span class='ocrx_word' id='word_1_213' title='bbox 1954 3053 2064 3117; x_wconf 87' lang='lat' dir='ltr'><strong>quo</strong></span> <span class='ocrx_word' id='word_1_214' title='bbox 2088 3061 2182 3115; x_wconf 82' lang='lat' dir='ltr'><strong>ge-</strong></span> 
     </span>
    </p>
   </div>
   <div class='ocr_carea' id='block_1_33' title="bbox 579 3133 2180 3222">
    <p class='ocr_par' dir='ltr' id='par_1_33' title="bbox 579 3133 2180 3222">
     <span class='ocr_line' id='line_1_33' title="bbox 579 3133 2180 3222; baseline -0.009 -18"><span class='ocrx_word' id='word_1_215' title='bbox 579 3165 711 3204; x_wconf 90' lang='lat' dir='ltr'><strong>nere</strong></span> <span class='ocrx_word' id='word_1_216' title='bbox 746 3147 1061 3217; x_wconf 83' lang='lat' dir='ltr'><strong>quaestionis</strong></span> <span class='ocrx_word' id='word_1_217' title='bbox 1091 3145 1182 3219; x_wconf 89' lang='lat' dir='ltr'><strong>(de</strong></span> <span class='ocrx_word' id='word_1_218' title='bbox 1213 3143 1485 3212; x_wconf 69' lang='lat' dir='ltr'><strong>Balplisllltl</strong></span> <span class='ocrx_word' id='word_1_219' title='bbox 1535 3143 1938 3208; x_wconf 76' lang='lat' dir='ltr'><strong>lucreticorum)</strong></span> <span class='ocrx_word' id='word_1_220' title='bbox 1966 3148 2021 3193; x_wconf 94' lang='lat' dir='ltr'><strong>ut</strong></span> <span class='ocrx_word' id='word_1_221' title='bbox 2050 3133 2180 3222; x_wconf 82' lang='lat' dir='ltr'><strong>mihi</strong></span> 
     </span>
    </p>
   </div>
   <div class='ocr_carea' id='block_1_34' title="bbox 583 3231 2183 3306">
    <p class='ocr_par' dir='ltr' id='par_1_34' title="bbox 583 3231 2183 3306">
     <span class='ocr_line' id='line_1_34' title="bbox 583 3231 2183 3306; baseline -0.007 -12"><span class='ocrx_word' id='word_1_222' title='bbox 583 3242 809 3305; x_wconf 79' lang='lat' dir='ltr'><strong>videtur,</strong></span> <span class='ocrx_word' id='word_1_223' title='bbox 847 3240 990 3295; x_wconf 90' lang='lat' dir='ltr'><strong>nulla</strong></span> <span class='ocrx_word' id='word_1_224' title='bbox 1019 3240 1239 3294; x_wconf 86' lang='lat' dir='ltr'><strong>otuuino</strong></span> <span class='ocrx_word' id='word_1_225' title='bbox 1272 3239 1536 3306; x_wconf 87' lang='lat' dir='ltr'><strong>potuisset</strong></span> <span class='ocrx_word' id='word_1_226' title='bbox 1580 3235 1950 3289; x_wconf 83' lang='lat' dir='ltr'><strong>controversia</strong></span> <span class='ocrx_word' id='word_1_227' title='bbox 1978 3244 2069 3285; x_wconf 90' lang='lat' dir='ltr'><strong>aut</strong></span> <span class='ocrx_word' id='word_1_228' title='bbox 2100 3231 2183 3284; x_wconf 91' lang='lat' dir='ltr'><strong>di-</strong></span> 
     </span>
    </p>
   </div>
   <div class='ocr_carea' id='block_1_35' title="bbox 579 3329 2177 3401">
    <p class='ocr_par' dir='ltr' id='par_1_35' title="bbox 579 3329 2177 3401">
     <span class='ocr_line' id='line_1_35' title="bbox 579 3329 2177 3401; baseline -0.009 -14"><span class='ocrx_word' id='word_1_229' title='bbox 579 3333 840 3401; x_wconf 85' lang='lat' dir='ltr'><strong>sceptatio</strong></span> <span class='ocrx_word' id='word_1_230' title='bbox 878 3346 1178 3399; x_wconf 76' lang='lat' dir='ltr'><strong>emergere,</strong></span> <span class='ocrx_word' id='word_1_231' title='bbox 1209 3331 1253 3383; x_wconf 93' lang='lat' dir='ltr'><strong>si</strong></span> <span class='ocrx_word' id='word_1_232' title='bbox 1284 3329 1651 3396; x_wconf 85' lang='lat' dir='ltr'><strong>tumsquisque</strong></span> <span class='ocrx_word' id='word_1_233' title='bbox 1677 3335 1918 3379; x_wconf 90' lang='lat' dir='ltr'><strong>nostrum</strong></span> <span class='ocrx_word' id='word_1_234' title='bbox 1953 3333 2177 3376; x_wconf 84' lang='lat' dir='ltr'><strong>conten-</strong></span> 
     </span>
    </p>
   </div>
   <div class='ocr_carea' id='block_1_36' title="bbox 552 3405 2179 3480">
    <p class='ocr_par' dir='ltr' id='par_1_36' title="bbox 552 3405 2179 3480">
     <span class='ocr_line' id='line_1_36' title="bbox 552 3405 2179 3480; baseline -0.009 0"><span class='ocrx_word' id='word_1_235' title='bbox 552 3405 666 3480; x_wconf 74' lang='lat' dir='ltr'><strong>tus</strong></span> <span class='ocrx_word' id='word_1_236' title='bbox 700 3425 992 3480; x_wconf 83' lang='lat' dir='ltr'><strong>venerabili</strong></span> <span class='ocrx_word' id='word_1_237' title='bbox 1015 3422 1368 3476; x_wconf 80' lang='lat' dir='ltr'><strong>ecclesiarum</strong></span> <span class='ocrx_word' id='word_1_238' title='bbox 1394 3420 1633 3472; x_wconf 85' lang='lat' dir='ltr'><strong>onminm</strong></span> <span class='ocrx_word' id='word_1_239' title='bbox 1660 3415 1983 3470; x_wconf 84' lang='lat' dir='ltr'><strong>auctoritate</strong></span> <span class='ocrx_word' id='word_1_240' title='bbox 2011 3411 2063 3468; x_wconf 84' lang='lat' dir='ltr'><strong>et</strong></span> <span class='ocrx_word' id='word_1_241' title='bbox 2088 3430 2179 3467; x_wconf 85' lang='lat' dir='ltr'><strong>uc-</strong></span> 
     </span>
    </p>
   </div>
   <div class='ocr_carea' id='block_1_37' title="bbox 579 3503 2179 3580">
    <p class='ocr_par' dir='ltr' id='par_1_37' title="bbox 579 3503 2179 3580">
     <span class='ocr_line' id='line_1_37' title="bbox 579 3503 2179 3580; baseline -0.008 -10"><span class='ocrx_word' id='word_1_242' title='bbox 579 3517 818 3571; x_wconf 87' lang='lat' dir='ltr'><strong>cessaria</strong></span> <span class='ocrx_word' id='word_1_243' title='bbox 838 3513 1136 3569; x_wconf 87' lang='lat' dir='ltr'><strong>humilitate</strong></span> <span class='ocrx_word' id='word_1_244' title='bbox 1156 3512 1288 3566; x_wconf 91' lang='lat' dir='ltr'><strong>nihil</strong></span> <span class='ocrx_word' id='word_1_245' title='bbox 1305 3512 1562 3564; x_wconf 89' lang='lat' dir='ltr'><strong>innovare</strong></span> <span class='ocrx_word' id='word_1_246' title='bbox 1580 3511 1810 3579; x_wconf 81' lang='lat' dir='ltr'><strong>gestivet</strong></span> <span class='ocrx_word' id='word_1_247' title='bbox 1827 3507 1931 3580; x_wconf 80' lang='grc'><strong>(1).</strong></span> <span class='ocrx_word' id='word_1_248' title='bbox 1959 3526 1976 3558; x_wconf 78' lang='grc'><strong>›</strong></span> <span class='ocrx_word' id='word_1_249' title='bbox 2008 3503 2179 3570; x_wconf 84' lang='lat' dir='ltr'><strong>Cedo,</strong></span> 
     </span>
    </p>
   </div>
   <div class='ocr_carea' id='block_1_38' title="bbox 580 3600 2180 3674">
    <p class='ocr_par' dir='ltr' id='par_1_38' title="bbox 580 3600 2180 3674">
     <span class='ocr_line' id='line_1_38' title="bbox 580 3600 2180 3674; baseline -0.009 -12"><span class='ocrx_word' id='word_1_250' title='bbox 580 3623 650 3662; x_wconf 89' lang='lat' dir='ltr'><strong>an</strong></span> <span class='ocrx_word' id='word_1_251' title='bbox 679 3623 784 3662; x_wconf 91' lang='lat' dir='ltr'><strong>non</strong></span> <span class='ocrx_word' id='word_1_252' title='bbox 807 3608 940 3660; x_wconf 89' lang='lat' dir='ltr'><strong>satis</strong></span> <span class='ocrx_word' id='word_1_253' title='bbox 968 3616 1154 3674; x_wconf 88' lang='lat' dir='ltr'><strong>aperte</strong></span> <span class='ocrx_word' id='word_1_254' title='bbox 1175 3603 1262 3656; x_wconf 92' lang='lat' dir='ltr'><strong>hic</strong></span> <span class='ocrx_word' id='word_1_255' title='bbox 1290 3601 1546 3656; x_wconf 89' lang='lat' dir='ltr'><strong>laudatS.</strong></span> <span class='ocrx_word' id='word_1_256' title='bbox 1570 3600 1830 3669; x_wconf 83' lang='lat' dir='ltr'><strong>Stephani</strong></span> <span class='ocrx_word' id='word_1_257' title='bbox 1855 3607 2180 3667; x_wconf 66' lang='lat' dir='ltr'><strong>pra-ceptum</strong></span> 
     </span>
    </p>
   </div>
   <div class='ocr_carea' id='block_1_39' title="bbox 578 3685 2182 3773">
    <p class='ocr_par' dir='ltr' id='par_1_39' title="bbox 578 3685 2182 3773">
     <span class='ocr_line' id='line_1_39' title="bbox 578 3685 2182 3773; baseline -0.009 -18"><span class='ocrx_word' id='word_1_258' title='bbox 578 3699 714 3755; x_wconf 83' lang='lat' dir='ltr'><strong>illud</strong></span> <span class='ocrx_word' id='word_1_259' title='bbox 747 3715 759 3750; x_wconf 89' lang='lat'>:</span> <span class='ocrx_word' id='word_1_260' title='bbox 803 3719 821 3750; x_wconf 72' lang='grc' dir='ltr'>ι</span> <span class='ocrx_word' id='word_1_261' title='bbox 858 3697 1002 3752; x_wconf 80' lang='lat' dir='ltr'><strong>Nihil</strong></span> <span class='ocrx_word' id='word_1_262' title='bbox 1036 3695 1365 3750; x_wconf 86' lang='lat' dir='ltr'><strong>innov&#39;etur?</strong></span> <span class='ocrx_word' id='word_1_263' title='bbox 1391 3713 1409 3746; x_wconf 68' lang='grc' dir='ltr'>ι</span> <span class='ocrx_word' id='word_1_264' title='bbox 1437 3693 1735 3773; x_wconf 28' lang='lat' dir='ltr'><strong>ldque‘non</strong></span> <span class='ocrx_word' id='word_1_265' title='bbox 1770 3685 1945 3744; x_wconf 84' lang='lat' dir='ltr'><strong>utsuo</strong></span> <span class='ocrx_word' id='word_1_266' title='bbox 1974 3698 2182 3742; x_wconf 87' lang='lat' dir='ltr'><strong>tantum</strong></span> 
     </span>
    </p>
   </div>
   <div class='ocr_carea' id='block_1_40' title="bbox 574 3775 2182 3863">
    <p class='ocr_par' dir='ltr' id='par_1_40' title="bbox 574 3775 2182 3863">
     <span class='ocr_line' id='line_1_40' title="bbox 574 3775 2182 3863; baseline -0.008 -15"><span class='ocrx_word' id='word_1_267' title='bbox 574 3793 781 3863; x_wconf 88' lang='lat' dir='ltr'><strong>judicio</strong></span> <span class='ocrx_word' id='word_1_268' title='bbox 803 3793 1030 3862; x_wconf 84' lang='lat' dir='ltr'><strong>justum,</strong></span> <span class='ocrx_word' id='word_1_269' title='bbox 1063 3792 1158 3846; x_wconf 91' lang='lat' dir='ltr'><strong>sed</strong></span> <span class='ocrx_word' id='word_1_270' title='bbox 1196 3809 1215 3841; x_wconf 85' lang='grc'><strong>‹</strong></span> <span class='ocrx_word' id='word_1_271' title='bbox 1255 3799 1309 3844; x_wconf 92' lang='lat' dir='ltr'><strong>et</strong></span> <span class='ocrx_word' id='word_1_272' title='bbox 1340 3787 1635 3843; x_wconf 81' lang='lat' dir='ltr'><strong>venerabili</strong></span> <span class='ocrx_word' id='word_1_273' title='bbox 1667 3775 2016 3840; x_wconf 83' lang='lat' dir='ltr'><strong>ecclesiarum</strong></span> <span class='ocrx_word' id='word_1_274' title='bbox 2064 3799 2182 3836; x_wconf 84' lang='lat' dir='ltr'><strong>om-</strong></span> 
     </span>
    </p>
   </div>
   <div class='ocr_carea' id='block_1_41' title="bbox 580 3878 2183 3952">
    <p class='ocr_par' dir='ltr' id='par_1_41' title="bbox 580 3878 2183 3952">
     <span class='ocr_line' id='line_1_41' title="bbox 580 3878 2183 3952; baseline -0.006 -12"><span class='ocrx_word' id='word_1_275' title='bbox 580 3886 731 3940; x_wconf 89' lang='lat' dir='ltr'><strong>nium</strong></span> <span class='ocrx_word' id='word_1_276' title='bbox 756 3884 1074 3939; x_wconf 87' lang='lat' dir='ltr'><strong>auctoritate</strong></span> <span class='ocrx_word' id='word_1_277' title='bbox 1097 3904 1114 3935; x_wconf 75' lang='grc' dir='ltr'><strong><em>ι</em></strong></span> <span class='ocrx_word' id='word_1_278' title='bbox 1146 3884 1215 3936; x_wconf 88' lang='lat' dir='ltr'><strong>ita</strong></span> <span class='ocrx_word' id='word_1_279' title='bbox 1237 3880 1667 3952; x_wconf 87' lang='lat' dir='ltr'><strong>comprobatum,</strong></span> <span class='ocrx_word' id='word_1_280' title='bbox 1699 3889 1755 3932; x_wconf 93' lang='lat' dir='ltr'><strong>ut</strong></span> <span class='ocrx_word' id='word_1_281' title='bbox 1785 3896 1801 3929; x_wconf 67' lang='grc' dir='ltr'><strong><em>ε</em></strong></span> <span class='ocrx_word' id='word_1_282' title='bbox 1819 3878 2183 3947; x_wconf 89' lang='lat' dir='ltr'><strong>unusquisque</strong></span> 
     </span>
    </p>
   </div>
   <div class='ocr_carea' id='block_1_42' title="bbox 577 3972 2184 4046">
    <p class='ocr_par' dir='ltr' id='par_1_42' title="bbox 577 3972 2184 4046">
     <span class='ocr_line' id='line_1_42' title="bbox 577 3972 2184 4046; baseline -0.007 -11"><span class='ocrx_word' id='word_1_283' title='bbox 577 3978 888 4035; x_wconf 85' lang='lat' dir='ltr'><strong>necessaria</strong></span> <span class='ocrx_word' id='word_1_284' title='bbox 933 3976 1142 4046; x_wconf 89' lang='lat' dir='ltr'><strong>pollens</strong></span> <span class='ocrx_word' id='word_1_285' title='bbox 1171 3974 1475 4029; x_wconf 87' lang='lat' dir='ltr'><strong>humilitate</strong></span> <span class='ocrx_word' id='word_1_286' title='bbox 1502 3992 1519 4025; x_wconf 74' lang='grc' dir='ltr'><strong><em>ι</em></strong></span> <span class='ocrx_word' id='word_1_287' title='bbox 1555 3972 1632 4026; x_wconf 92' lang='lat' dir='ltr'><strong>illi</strong></span> <span class='ocrx_word' id='word_1_288' title='bbox 1658 3972 1974 4042; x_wconf 87' lang='lat' dir='ltr'><strong>acquiscet&#39;e</strong></span> <span class='ocrx_word' id='word_1_289' title='bbox 2005 3988 2023 4021; x_wconf 75' lang='grc' dir='ltr'>ι</span> <span class='ocrx_word' id='word_1_290' title='bbox 2055 3985 2184 4026; x_wconf 85' lang='lat' dir='ltr'><strong>con-</strong></span> 
     </span>
    </p>
   </div>
   <div class='ocr_carea' id='block_1_43' title="bbox 580 4068 2182 4140">
    <p class='ocr_par' dir='ltr' id='par_1_43' title="bbox 580 4068 2182 4140">
     <span class='ocr_line' id='line_1_43' title="bbox 580 4068 2182 4140; baseline -0.004 -11"><span class='ocrx_word' id='word_1_291' title='bbox 580 4082 762 4129; x_wconf 89' lang='lat' dir='ltr'><strong>tentus</strong></span> <span class='ocrx_word' id='word_1_292' title='bbox 791 4091 809 4124; x_wconf 81' lang='grc'><strong>›</strong></span> <span class='ocrx_word' id='word_1_293' title='bbox 852 4086 915 4126; x_wconf 87' lang='lat' dir='ltr'><strong>ac</strong></span> <span class='ocrx_word' id='word_1_294' title='bbox 965 4070 1244 4125; x_wconf 90' lang='lat' dir='ltr'><strong>modestus</strong></span> <span class='ocrx_word' id='word_1_295' title='bbox 1291 4069 1611 4124; x_wconf 87' lang='lat' dir='ltr'><strong>debuisset?</strong></span> <span class='ocrx_word' id='word_1_296' title='bbox 1643 4070 1784 4124; x_wconf 87' lang='lat' dir='ltr'><strong>Sane</strong></span> <span class='ocrx_word' id='word_1_297' title='bbox 1829 4068 2050 4140; x_wconf 85' lang='lat' dir='ltr'><strong>(eruditi</strong></span> <span class='ocrx_word' id='word_1_298' title='bbox 2084 4068 2182 4122; x_wconf 88' lang='lat' dir='ltr'><strong>viri</strong></span> 
     </span>
    </p>
   </div>
   <div class='ocr_carea' id='block_1_44' title="bbox 579 4161 2180 4234">
    <p class='ocr_par' dir='ltr' id='par_1_44' title="bbox 579 4161 2180 4234">
     <span class='ocr_line' id='line_1_44' title="bbox 579 4161 2180 4234; baseline -0.003 -14"><span class='ocrx_word' id='word_1_299' title='bbox 579 4167 762 4221; x_wconf 88' lang='lat' dir='ltr'><strong>verbis</strong></span> <span class='ocrx_word' id='word_1_300' title='bbox 794 4167 938 4234; x_wconf 84' lang='lat' dir='ltr'><strong>utor)</strong></span> <span class='ocrx_word' id='word_1_301' title='bbox 973 4163 1104 4218; x_wconf 88' lang='lat' dir='ltr'><strong>nihil</strong></span> <span class='ocrx_word' id='word_1_302' title='bbox 1136 4167 1188 4218; x_wconf 90' lang='lat' dir='ltr'><strong>in</strong></span> <span class='ocrx_word' id='word_1_303' title='bbox 1223 4163 1513 4217; x_wconf 84' lang='lat' dir='ltr'><strong>mandante</strong></span> <span class='ocrx_word' id='word_1_304' title='bbox 1539 4161 1733 4232; x_wconf 86' lang='lat' dir='ltr'><strong>carpit,</strong></span> <span class='ocrx_word' id='word_1_305' title='bbox 1777 4163 1867 4232; x_wconf 90' lang='lat' dir='ltr'><strong>qui</strong></span> <span class='ocrx_word' id='word_1_306' title='bbox 1922 4161 2095 4216; x_wconf 88' lang='lat' dir='ltr'><strong>solam</strong></span> <span class='ocrx_word' id='word_1_307' title='bbox 2127 4162 2180 4216; x_wconf 93' lang='lat' dir='ltr'><strong>in</strong></span> 
     </span>
    </p>
   </div>
   <div class='ocr_carea' id='block_1_45' title="bbox 579 4254 2184 4324">
    <p class='ocr_par' dir='ltr' id='par_1_45' title="bbox 579 4254 2184 4324">
     <span class='ocr_line' id='line_1_45' title="bbox 579 4254 2184 4324; baseline -0.005 -10"><span class='ocrx_word' id='word_1_308' title='bbox 579 4258 809 4315; x_wconf 84' lang='lat' dir='ltr'><strong>subditis</strong></span> <span class='ocrx_word' id='word_1_309' title='bbox 835 4257 1257 4311; x_wconf 71' lang='lat' dir='ltr'><strong>cbnmilitatem)</strong></span> <span class='ocrx_word' id='word_1_310' title='bbox 1286 4255 1559 4311; x_wconf 90' lang='lat' dir='ltr'><strong>desiderat</strong></span> <span class='ocrx_word' id='word_1_311' title='bbox 1582 4265 1633 4310; x_wconf 90' lang='lat' dir='ltr'><strong>et</strong></span> <span class='ocrx_word' id='word_1_312' title='bbox 1661 4254 1879 4324; x_wconf 90' lang='lat' dir='ltr'><strong>quidem</strong></span> <span class='ocrx_word' id='word_1_313' title='bbox 1905 4269 2184 4308; x_wconf 70' lang='lat' dir='ltr'><strong>«necessa-</strong></span> 
     </span>
    </p>
   </div>
   <div class='ocr_carea' id='block_1_46' title="bbox 579 4348 2183 4418">
    <p class='ocr_par' dir='ltr' id='par_1_46' title="bbox 579 4348 2183 4418">
     <span class='ocr_line' id='line_1_46' title="bbox 579 4348 2183 4418; baseline -0.004 -10"><span class='ocrx_word' id='word_1_314' title='bbox 579 4352 749 4417; x_wconf 84' lang='lat' dir='ltr'><strong>riam;</strong></span> <span class='ocrx_word' id='word_1_315' title='bbox 777 4371 796 4403; x_wconf 73' lang='grc'><strong>)</strong></span> <span class='ocrx_word' id='word_1_316' title='bbox 827 4352 993 4406; x_wconf 89' lang='lat' dir='ltr'><strong>immo</strong></span> <span class='ocrx_word' id='word_1_317' title='bbox 1023 4360 1228 4404; x_wconf 90' lang='lat' dir='ltr'><strong>tantum</strong></span> <span class='ocrx_word' id='word_1_318' title='bbox 1255 4350 1398 4404; x_wconf 91' lang='lat' dir='ltr'><strong>illius</strong></span> <span class='ocrx_word' id='word_1_319' title='bbox 1428 4351 1736 4418; x_wconf 62' lang='lat' dir='ltr'><strong>aequitatem</strong></span> <span class='ocrx_word' id='word_1_320' title='bbox 1766 4348 1995 4411; x_wconf 84' lang='lat' dir='ltr'><strong>extollit,</strong></span> <span class='ocrx_word' id='word_1_321' title='bbox 2016 4363 2183 4418; x_wconf 86' lang='lat' dir='ltr'><strong>quan-</strong></span> 
     </span>
    </p>
   </div>
   <div class='ocr_carea' id='block_1_47' title="bbox 580 4437 2183 4510">
    <p class='ocr_par' dir='ltr' id='par_1_47' title="bbox 580 4437 2183 4510">
     <span class='ocr_line' id='line_1_47' title="bbox 580 4437 2183 4510; baseline -0.004 -10"><span class='ocrx_word' id='word_1_322' title='bbox 580 4455 697 4500; x_wconf 92' lang='lat' dir='ltr'><strong>tum</strong></span> <span class='ocrx_word' id='word_1_323' title='bbox 730 4444 922 4499; x_wconf 88' lang='lat' dir='ltr'><strong>horum</strong></span> <span class='ocrx_word' id='word_1_324' title='bbox 954 4442 1353 4499; x_wconf 89' lang='lat' dir='ltr'><strong>contumaciam</strong></span> <span class='ocrx_word' id='word_1_325' title='bbox 1394 4441 1588 4510; x_wconf 87' lang='lat' dir='ltr'><strong>carpit,</strong></span> <span class='ocrx_word' id='word_1_326' title='bbox 1622 4441 1750 4494; x_wconf 94' lang='lat' dir='ltr'><strong>dum</strong></span> <span class='ocrx_word' id='word_1_327' title='bbox 1785 4441 1916 4495; x_wconf 91' lang='lat' dir='ltr'><strong>istos</strong></span> <span class='ocrx_word' id='word_1_328' title='bbox 1951 4459 1968 4491; x_wconf 87' lang='grc'><strong>‹</strong></span> <span class='ocrx_word' id='word_1_329' title='bbox 2008 4437 2183 4494; x_wconf 90' lang='lat' dir='ltr'><strong>inanis</strong></span> 
     </span>
    </p>
   </div>
   <div class='ocr_carea' id='block_1_48' title="bbox 580 4531 2179 4606">
    <p class='ocr_par' dir='ltr' id='par_1_48' title="bbox 580 4531 2179 4606">
     <span class='ocr_line' id='line_1_48' title="bbox 580 4531 2179 4606; baseline -0.003 -17"><span class='ocrx_word' id='word_1_330' title='bbox 580 4535 766 4606; x_wconf 69' lang='lat' dir='ltr'><strong>gloriae</strong></span> <span class='ocrx_word' id='word_1_331' title='bbox 794 4535 1053 4601; x_wconf 60' lang='lat' dir='ltr'><strong>audaciae,</strong></span> <span class='ocrx_word' id='word_1_332' title='bbox 1081 4533 1453 4598; x_wconf 66' lang='lat' dir='ltr'><strong>temeritatis,»</strong></span> <span class='ocrx_word' id='word_1_333' title='bbox 1487 4541 1594 4586; x_wconf 88' lang='lat' dir='ltr'><strong>etc.</strong></span> <span class='ocrx_word' id='word_1_334' title='bbox 1627 4541 1864 4598; x_wconf 86' lang='lat' dir='ltr'><strong>accusat,</strong></span> <span class='ocrx_word' id='word_1_335' title='bbox 1895 4541 1951 4584; x_wconf 89' lang='lat' dir='ltr'><strong>ut</strong></span> <span class='ocrx_word' id='word_1_336' title='bbox 1980 4532 2033 4585; x_wconf 93' lang='lat' dir='ltr'><strong>in</strong></span> <span class='ocrx_word' id='word_1_337' title='bbox 2064 4531 2179 4600; x_wconf 81' lang='lat' dir='ltr'><strong>ipso</strong></span> 
     </span>
    </p>
   </div>
   <div class='ocr_carea' id='block_1_49' title="bbox 2284 523 3897 607">
    <p class='ocr_par' dir='ltr' id='par_1_49' title="bbox 2284 523 3897 607">
     <span class='ocr_line' id='line_1_49' title="bbox 2284 523 3897 607; baseline 0.001 -17"><span class='ocrx_word' id='word_1_338' title='bbox 2284 551 2354 590; x_wconf 93' lang='lat' dir='ltr'><strong>ne</strong></span> <span class='ocrx_word' id='word_1_339' title='bbox 2382 523 2580 607; x_wconf 79' lang='lat' dir='ltr'><strong>aliquid</strong></span> <span class='ocrx_word' id='word_1_340' title='bbox 2607 537 2656 590; x_wconf 92' lang='lat' dir='ltr'><strong>in</strong></span> <span class='ocrx_word' id='word_1_341' title='bbox 2691 545 2753 592; x_wconf 84' lang='lat' dir='ltr'><strong>ea‘</strong></span> <span class='ocrx_word' id='word_1_342' title='bbox 2785 537 3085 607; x_wconf 67' lang='lat' dir='ltr'><strong>quastione</strong></span> <span class='ocrx_word' id='word_1_343' title='bbox 3107 533 3496 592; x_wconf 60' lang='lat' dir='ltr'><strong>innovar&#39;e&#39;t&#39;ul‘?</strong></span> <span class='ocrx_word' id='word_1_344' title='bbox 3523 535 3608 590; x_wconf 65' lang='lat' dir='ltr'><strong>Ei</strong></span> <span class='ocrx_word' id='word_1_345' title='bbox 3635 539 3751 606; x_wconf 70' lang='lat' dir='ltr'><strong>quo</strong></span> <span class='ocrx_word' id='word_1_346' title='bbox 3781 537 3897 591; x_wconf 64' lang='grc' dir='ltr'><strong>Ηεδ</strong></span> 
     </span>
    </p>
   </div>
   <div class='ocr_carea' id='block_1_50' title="bbox 2286 615 3904 698">
    <p class='ocr_par' dir='ltr' id='par_1_50' title="bbox 2286 615 3904 698">
     <span class='ocr_line' id='line_1_50' title="bbox 2286 615 3904 698; baseline -0.001 -16"><span class='ocrx_word' id='word_1_347' title='bbox 2286 629 2406 681; x_wconf 82' lang='lat' dir='ltr'><strong>ru‘m</strong></span> <span class='ocrx_word' id='word_1_348' title='bbox 2437 639 2658 697; x_wconf 74' lang='lat' dir='ltr'><strong>apparet</strong></span> <span class='ocrx_word' id='word_1_349' title='bbox 2681 637 2878 697; x_wconf 88' lang='lat' dir='ltr'><strong>quanta</strong></span> <span class='ocrx_word' id='word_1_350' title='bbox 2905 626 3064 683; x_wconf 80' lang='lat' dir='ltr'><strong>fuerit</strong></span> <span class='ocrx_word' id='word_1_351' title='bbox 3089 625 3230 698; x_wconf 84' lang='lat' dir='ltr'><strong>apud</strong></span> <span class='ocrx_word' id='word_1_352' title='bbox 3251 629 3471 683; x_wconf 84' lang='lat' dir='ltr'><strong>citatum</strong></span> <span class='ocrx_word' id='word_1_353' title='bbox 3493 629 3778 682; x_wconf 71' lang='lat' dir='ltr'><strong>auctorem</strong></span> <span class='ocrx_word' id='word_1_354' title='bbox 3796 615 3904 682; x_wconf 73' lang='lat' dir='ltr'><strong>lati</strong></span> 
     </span>
    </p>
   </div>
   <div class='ocr_carea' id='block_1_51' title="bbox 2283 717 3381 791">
    <p class='ocr_par' dir='ltr' id='par_1_51' title="bbox 2283 717 3381 791">
     <span class='ocr_line' id='line_1_51' title="bbox 2283 717 3381 791; baseline 0 -18"><span class='ocrx_word' id='word_1_355' title='bbox 2283 734 2314 773; x_wconf 88' lang='lat' dir='ltr'><strong>a</strong></span> <span class='ocrx_word' id='word_1_356' title='bbox 2348 717 2624 788; x_wconf 76' lang='lat' dir='ltr'><strong>Stephano</strong></span> <span class='ocrx_word' id='word_1_357' title='bbox 2651 722 2908 790; x_wconf 73' lang='lat' dir='ltr'><strong>praecepti</strong></span> <span class='ocrx_word' id='word_1_358' title='bbox 2936 722 3016 776; x_wconf 86' lang='lat' dir='ltr'><strong>vis</strong></span> <span class='ocrx_word' id='word_1_359' title='bbox 3047 735 3110 776; x_wconf 83' lang='lat' dir='ltr'><strong>ac</strong></span> <span class='ocrx_word' id='word_1_360' title='bbox 3138 723 3381 791; x_wconf 72' lang='lat' dir='ltr'><strong>aeqintas.</strong></span> 
     </span>
    </p>
   </div>
   <div class='ocr_carea' id='block_1_52' title="bbox 2357 813 3902 885">
    <p class='ocr_par' dir='ltr' id='par_1_52' title="bbox 2357 813 3902 885">
     <span class='ocr_line' id='line_1_52' title="bbox 2357 813 3902 885; baseline -0.001 -17"><span class='ocrx_word' id='word_1_361' title='bbox 2357 813 2445 869; x_wconf 86' lang='lat' dir='ltr'><strong>Vl.</strong></span> <span class='ocrx_word' id='word_1_362' title='bbox 2480 813 2588 868; x_wconf 87' lang='lat' dir='ltr'><strong>Nec</strong></span> <span class='ocrx_word' id='word_1_363' title='bbox 2617 814 2946 883; x_wconf 85' lang='lat' dir='ltr'><strong>Stephanum</strong></span> <span class='ocrx_word' id='word_1_364' title='bbox 2995 816 3141 885; x_wconf 82' lang='lat' dir='ltr'><strong>quod</strong></span> <span class='ocrx_word' id='word_1_365' title='bbox 3179 813 3636 884; x_wconf 75' lang='lat' dir='ltr'><strong>rebaptizaniibus</strong></span> <span class='ocrx_word' id='word_1_366' title='bbox 3664 815 3902 868; x_wconf 59' lang='lat' dir='ltr'><strong>etcum-</strong></span> 
     </span>
    </p>
   </div>
   <div class='ocr_carea' id='block_1_53' title="bbox 2285 903 3902 974">
    <p class='ocr_par' dir='ltr' id='par_1_53' title="bbox 2285 903 3902 974">
     <span class='ocr_line' id='line_1_53' title="bbox 2285 903 3902 974; baseline -0.001 -17"><span class='ocrx_word' id='word_1_367' title='bbox 2285 903 2712 959; x_wconf 73' lang='lat' dir='ltr'><strong>municat&#39;ionem</strong></span> <span class='ocrx_word' id='word_1_368' title='bbox 2744 905 3104 960; x_wconf 83' lang='lat' dir='ltr'><strong>comminatus</strong></span> <span class='ocrx_word' id='word_1_369' title='bbox 3133 905 3292 961; x_wconf 79' lang='lat' dir='ltr'><strong>fuerit</strong></span> <span class='ocrx_word' id='word_1_370' title='bbox 3323 903 3703 974; x_wconf 76' lang='lat' dir='ltr'><strong>improbabant</strong></span> <span class='ocrx_word' id='word_1_371' title='bbox 3733 903 3902 958; x_wconf 73' lang='lat' dir='ltr'><strong>nobi-</strong></span> 
     </span>
    </p>
   </div>
   <div class='ocr_carea' id='block_1_54' title="bbox 2286 985 3907 1068">
    <p class='ocr_par' dir='ltr' id='par_1_54' title="bbox 2286 985 3907 1068">
     <span class='ocr_line' id='line_1_54' title="bbox 2286 985 3907 1068; baseline -0.001 -18"><span class='ocrx_word' id='word_1_372' title='bbox 2286 997 2369 1051; x_wconf 88' lang='lat' dir='ltr'><strong>les</strong></span> <span class='ocrx_word' id='word_1_373' title='bbox 2399 985 2506 1050; x_wconf 82' lang='lat' dir='ltr'><strong>dllo</strong></span> <span class='ocrx_word' id='word_1_374' title='bbox 2552 995 2812 1051; x_wconf 71' lang='lat' dir='ltr'><strong>Ecclesia:</strong></span> <span class='ocrx_word' id='word_1_375' title='bbox 2860 989 3118 1051; x_wconf 76' lang='lat' dir='ltr'><strong>Romana:</strong></span> <span class='ocrx_word' id='word_1_376' title='bbox 3167 997 3466 1068; x_wconf 75' lang='lat' dir='ltr'><strong>presbyteri</strong></span> <span class='ocrx_word' id='word_1_377' title='bbox 3498 996 3818 1067; x_wconf 68' lang='lat' dir='ltr'><strong>Dicttysius,</strong></span> <span class='ocrx_word' id='word_1_378' title='bbox 3846 1004 3907 1049; x_wconf 73' lang='lat' dir='ltr'><strong>et</strong></span> 
     </span>
    </p>
   </div>
   <div class='ocr_carea' id='block_1_55' title="bbox 2286 1079 3904 1160">
    <p class='ocr_par' dir='ltr' id='par_1_55' title="bbox 2286 1079 3904 1160">
     <span class='ocr_line' id='line_1_55' title="bbox 2286 1079 3904 1160; baseline -0.002 -19"><span class='ocrx_word' id='word_1_379' title='bbox 2286 1079 2595 1154; x_wconf 86' lang='lat' dir='ltr'><strong>Philemon,</strong></span> <span class='ocrx_word' id='word_1_380' title='bbox 2626 1089 2718 1158; x_wconf 83' lang='lat' dir='ltr'><strong>qui</strong></span> <span class='ocrx_word' id='word_1_381' title='bbox 2751 1093 2886 1143; x_wconf 83' lang='lat' dir='ltr'><strong>teste</strong></span> <span class='ocrx_word' id='word_1_382' title='bbox 2933 1088 3190 1160; x_wconf 80' lang='lat' dir='ltr'><strong>Dionysio</strong></span> <span class='ocrx_word' id='word_1_383' title='bbox 3214 1088 3578 1143; x_wconf 75' lang='lat' dir='ltr'><strong>Alexandrino</strong></span> <span class='ocrx_word' id='word_1_384' title='bbox 3611 1089 3722 1143; x_wconf 73' lang='lat' dir='ltr'><strong>hoc</strong></span> <span class='ocrx_word' id='word_1_385' title='bbox 3749 1088 3904 1141; x_wconf 79' lang='lat' dir='ltr'><strong>idem</strong></span> 
     </span>
    </p>
   </div>
   <div class='ocr_carea' id='block_1_56' title="bbox 2291 1175 3907 1251">
    <p class='ocr_par' dir='ltr' id='par_1_56' title="bbox 2291 1175 3907 1251">
     <span class='ocr_line' id='line_1_56' title="bbox 2291 1175 3907 1251; baseline 0 -18"><span class='ocrx_word' id='word_1_386' title='bbox 2291 1179 2414 1235; x_wconf 83' lang='lat' dir='ltr'><strong>cum</strong></span> <span class='ocrx_word' id='word_1_387' title='bbox 2447 1175 2724 1249; x_wconf 81' lang='lat' dir='ltr'><strong>Stephano</strong></span> <span class='ocrx_word' id='word_1_388' title='bbox 2751 1181 3051 1235; x_wconf 82' lang='lat' dir='ltr'><strong>sentiebant</strong></span> <span class='ocrx_word' id='word_1_389' title='bbox 3082 1198 3095 1234; x_wconf 89' lang='lat'><strong>:</strong></span> <span class='ocrx_word' id='word_1_390' title='bbox 3137 1197 3157 1231; x_wconf 70' lang='grc' dir='ltr'><strong><em>ε</em></strong></span> <span class='ocrx_word' id='word_1_391' title='bbox 3192 1184 3361 1235; x_wconf 75' lang='lat' dir='ltr'><strong>Antea</strong></span> <span class='ocrx_word' id='word_1_392' title='bbox 3390 1181 3626 1250; x_wconf 78' lang='lat' dir='ltr'><strong>quidem,</strong></span> <span class='ocrx_word' id='word_1_393' title='bbox 3657 1189 3680 1233; x_wconf 62' lang='grc' dir='ltr'><strong><em>ἱ</em></strong></span> <span class='ocrx_word' id='word_1_394' title='bbox 3721 1182 3907 1251; x_wconf 73' lang='lat' dir='ltr'><strong>inquit</strong></span> 
     </span>
    </p>
   </div>
   <div class='ocr_carea' id='block_1_57' title="bbox 2285 1266 3896 1342">
    <p class='ocr_par' dir='ltr' id='par_1_57' title="bbox 2285 1266 3896 1342">
     <span class='ocr_line' id='line_1_57' title="bbox 2285 1266 3896 1342; baseline -0.001 -18"><span class='ocrx_word' id='word_1_395' title='bbox 2285 1269 2574 1341; x_wconf 87' lang='lat' dir='ltr'><strong>Dionysius</strong></span> <span class='ocrx_word' id='word_1_396' title='bbox 2606 1266 2871 1326; x_wconf 80' lang='lat' dir='ltr'><strong>Alexand.</strong></span> <span class='ocrx_word' id='word_1_397' title='bbox 2903 1271 3045 1342; x_wconf 85' lang='lat' dir='ltr'><strong>apud</strong></span> <span class='ocrx_word' id='word_1_398' title='bbox 3089 1272 3314 1339; x_wconf 83' lang='lat' dir='ltr'><strong>Euseb.,-</strong></span> <span class='ocrx_word' id='word_1_399' title='bbox 3346 1272 3381 1326; x_wconf 92' lang='lat' dir='ltr'><strong>l.</strong></span> <span class='ocrx_word' id='word_1_400' title='bbox 3425 1280 3497 1327; x_wconf 77' lang='lat' dir='ltr'><strong>vri</strong></span> <span class='ocrx_word' id='word_1_401' title='bbox 3535 1273 3706 1336; x_wconf 62' lang='lat' dir='ltr'><strong>Hm,</strong></span> <span class='ocrx_word' id='word_1_402' title='bbox 3739 1281 3795 1328; x_wconf 85' lang='lat' dir='ltr'><strong>e.</strong></span> <span class='ocrx_word' id='word_1_403' title='bbox 3835 1278 3896 1337; x_wconf 58' lang='grc' dir='ltr'><strong>ἢ,</strong></span> 
     </span>
    </p>
   </div>
   <div class='ocr_carea' id='block_1_58' title="bbox 2293 1359 3907 1434">
    <p class='ocr_par' dir='ltr' id='par_1_58' title="bbox 2293 1359 3907 1434">
     <span class='ocr_line' id='line_1_58' title="bbox 2293 1359 3907 1434; baseline 0.003 -21"><span class='ocrx_word' id='word_1_404' title='bbox 2293 1379 2312 1412; x_wconf 79' lang='lat' dir='ltr'><strong>r</strong></span> <span class='ocrx_word' id='word_1_405' title='bbox 2346 1362 2554 1415; x_wconf 85' lang='lat' dir='ltr'><strong>litteras</strong></span> <span class='ocrx_word' id='word_1_406' title='bbox 2585 1363 2874 1431; x_wconf 84' lang='lat' dir='ltr'><strong>scripserat</strong></span> <span class='ocrx_word' id='word_1_407' title='bbox 2895 1361 3254 1434; x_wconf 82' lang='lat' dir='ltr'><strong>(Stephanus)</strong></span> <span class='ocrx_word' id='word_1_408' title='bbox 3271 1363 3338 1418; x_wconf 86' lang='lat' dir='ltr'><strong>de</strong></span> <span class='ocrx_word' id='word_1_409' title='bbox 3357 1359 3568 1419; x_wconf 78' lang='lat' dir='ltr'><strong>Heleno</strong></span> <span class='ocrx_word' id='word_1_410' title='bbox 3595 1373 3653 1420; x_wconf 85' lang='lat' dir='ltr'><strong>et</strong></span> <span class='ocrx_word' id='word_1_411' title='bbox 3682 1360 3757 1420; x_wconf 78' lang='lat' dir='ltr'><strong>de</strong></span> <span class='ocrx_word' id='word_1_412' title='bbox 3781 1363 3907 1418; x_wconf 77' lang='lat' dir='ltr'><strong>Fir-</strong></span> 
     </span>
    </p>
   </div>
   <div class='ocr_carea' id='block_1_59' title="bbox 2285 1450 3905 1525">
    <p class='ocr_par' dir='ltr' id='par_1_59' title="bbox 2285 1450 3905 1525">
     <span class='ocr_line' id='line_1_59' title="bbox 2285 1450 3905 1525; baseline 0.002 -18"><span class='ocrx_word' id='word_1_413' title='bbox 2285 1450 2505 1509; x_wconf 86' lang='lat' dir='ltr'><strong>m&#39;ilia&#39;no</strong></span> <span class='ocrx_word' id='word_1_414' title='bbox 2539 1474 2559 1507; x_wconf 77' lang='grc' dir='ltr'><strong><em>ι</em></strong></span> <span class='ocrx_word' id='word_1_415' title='bbox 2612 1454 2840 1525; x_wconf 85' lang='lat' dir='ltr'><strong>aliisque</strong></span> <span class='ocrx_word' id='word_1_416' title='bbox 2883 1455 3248 1510; x_wconf 85' lang='lat' dir='ltr'><strong>Urientalibus</strong></span> <span class='ocrx_word' id='word_1_417' title='bbox 3304 1469 3324 1507; x_wconf 67' lang='grc' dir='ltr'><em>ρ</em></span> <span class='ocrx_word' id='word_1_418' title='bbox 3359 1463 3483 1512; x_wconf 79' lang='lat' dir='ltr'><strong>sese</strong></span> <span class='ocrx_word' id='word_1_419' title='bbox 3535 1451 3603 1511; x_wconf 77' lang='lat' dir='ltr'><strong>ab</strong></span> <span class='ocrx_word' id='word_1_420' title='bbox 3669 1453 3905 1514; x_wconf 82' lang='lat' dir='ltr'><strong>illorum</strong></span> 
     </span>
    </p>
   </div>
   <div class='ocr_carea' id='block_1_60' title="bbox 2284 1550 3902 1621">
    <p class='ocr_par' dir='ltr' id='par_1_60' title="bbox 2284 1550 3902 1621">
     <span class='ocr_line' id='line_1_60' title="bbox 2284 1550 3902 1621; baseline 0 -16"><span class='ocrx_word' id='word_1_421' title='bbox 2284 1551 2668 1606; x_wconf 82' lang='lat' dir='ltr'><strong>communione</strong></span> <span class='ocrx_word' id='word_1_422' title='bbox 2687 1551 3073 1619; x_wconf 68' lang='lat' dir='ltr'><strong>discessurum,-</strong></span> <span class='ocrx_word' id='word_1_423' title='bbox 3099 1550 3244 1621; x_wconf 80' lang='lat' dir='ltr'><strong>quod</strong></span> <span class='ocrx_word' id='word_1_424' title='bbox 3264 1551 3554 1606; x_wconf 65' lang='lat' dir='ltr'><strong>haereticos</strong></span> <span class='ocrx_word' id='word_1_425' title='bbox 3583 1551 3902 1621; x_wconf 72' lang='lat' dir='ltr'><strong>rebaptiza-</strong></span> 
     </span>
    </p>
   </div>
   <div class='ocr_carea' id='block_1_61' title="bbox 2286 1627 3906 1714">
    <p class='ocr_par' dir='ltr' id='par_1_61' title="bbox 2286 1627 3906 1714">
     <span class='ocr_line' id='line_1_61' title="bbox 2286 1627 3906 1714; baseline 0.001 -18"><span class='ocrx_word' id='word_1_426' title='bbox 2286 1641 2429 1697; x_wconf 83' lang='lat' dir='ltr'><strong>rent.</strong></span> <span class='ocrx_word' id='word_1_427' title='bbox 2462 1643 2532 1697; x_wconf 77' lang='lat' dir='ltr'><strong>At</strong></span> <span class='ocrx_word' id='word_1_428' title='bbox 2581 1627 2721 1705; x_wconf 69' lang='lat' dir='ltr'><strong>Vide,</strong></span> <span class='ocrx_word' id='word_1_429' title='bbox 2755 1646 2961 1712; x_wconf 74' lang='lat' dir='ltr'><strong>quaeso,-</strong></span> <span class='ocrx_word' id='word_1_430' title='bbox 3024 1645 3343 1714; x_wconf 74' lang='lat' dir='ltr'><strong>gravitatem</strong></span> <span class='ocrx_word' id='word_1_431' title='bbox 3400 1638 3646 1714; x_wconf 68' lang='lat' dir='ltr'><strong>negotii;</strong></span> <span class='ocrx_word' id='word_1_432' title='bbox 3707 1652 3906 1698; x_wconf 68' lang='lat' dir='ltr'><strong>rem:</strong></span> 
     </span>
    </p>
   </div>
   <div class='ocr_carea' id='block_1_62' title="bbox 2285 1734 3905 1805">
    <p class='ocr_par' dir='ltr' id='par_1_62' title="bbox 2285 1734 3905 1805">
     <span class='ocr_line' id='line_1_62' title="bbox 2285 1734 3905 1805; baseline 0 -14"><span class='ocrx_word' id='word_1_433' title='bbox 2285 1737 2429 1791; x_wconf 90' lang='lat' dir='ltr'><strong>enim</strong></span> <span class='ocrx_word' id='word_1_434' title='bbox 2455 1735 2504 1789; x_wconf 85' lang='lat' dir='ltr'><strong>in</strong></span> <span class='ocrx_word' id='word_1_435' title='bbox 2536 1735 2809 1800; x_wconf 73' lang='lat' dir='ltr'><strong>r&#39;tlaXithis,</strong></span> <span class='ocrx_word' id='word_1_436' title='bbox 2839 1741 2895 1789; x_wconf 85' lang='lat' dir='ltr'><strong>tit</strong></span> <span class='ocrx_word' id='word_1_437' title='bbox 2921 1736 3082 1789; x_wconf 79' lang='lat' dir='ltr'><strong>audio</strong></span> <span class='ocrx_word' id='word_1_438' title='bbox 3103 1735 3482 1805; x_wconf 70' lang='lat' dir='ltr'><strong>episcoporum</strong></span> <span class='ocrx_word' id='word_1_439' title='bbox 3503 1736 3790 1802; x_wconf 66' lang='grc' dir='ltr'><strong>οσηεειϋε,</strong></span> <span class='ocrx_word' id='word_1_440' title='bbox 3815 1734 3905 1791; x_wconf 79' lang='lat' dir='ltr'><strong>de-</strong></span> 
     </span>
    </p>
   </div>
   <div class='ocr_carea' id='block_1_63' title="bbox 2208 1819 3902 1912">
    <p class='ocr_par' dir='ltr' id='par_1_63' title="bbox 2208 1819 3902 1912">
     <span class='ocr_line' id='line_1_63' title="bbox 2208 1819 3902 1912; baseline 0.001 -30"><span class='ocrx_word' id='word_1_441' title='bbox 2208 1848 2257 1912; x_wconf 78' lang='lat' dir='ltr'><strong>B</strong></span> <span class='ocrx_word' id='word_1_442' title='bbox 2287 1831 2494 1883; x_wconf 82' lang='lat' dir='ltr'><strong>cretum</strong></span> <span class='ocrx_word' id='word_1_443' title='bbox 2525 1829 2626 1891; x_wconf 87' lang='lat' dir='ltr'><strong>est,</strong></span> <span class='ocrx_word' id='word_1_444' title='bbox 2663 1831 2720 1881; x_wconf 89' lang='lat' dir='ltr'><strong>ut</strong></span> <span class='ocrx_word' id='word_1_445' title='bbox 2765 1829 2854 1896; x_wconf 86' lang='lat' dir='ltr'><strong>qui</strong></span> <span class='ocrx_word' id='word_1_446' title='bbox 2888 1828 2956 1883; x_wconf 85' lang='lat' dir='ltr'><strong>ab</strong></span> <span class='ocrx_word' id='word_1_447' title='bbox 2985 1819 3256 1883; x_wconf 67' lang='lat' dir='ltr'><strong>haereticis</strong></span> <span class='ocrx_word' id='word_1_448' title='bbox 3307 1828 3375 1883; x_wconf 74' lang='lat' dir='ltr'><strong>ad</strong></span> <span class='ocrx_word' id='word_1_449' title='bbox 3427 1828 3762 1884; x_wconf 76' lang='lat' dir='ltr'><strong>catholicam</strong></span> <span class='ocrx_word' id='word_1_450' title='bbox 3794 1831 3902 1884; x_wconf 75' lang='lat' dir='ltr'><strong>Ec-</strong></span> 
     </span>
    </p>
   </div>
   <div class='ocr_carea' id='block_1_64' title="bbox 2285 1918 3904 1989">
    <p class='ocr_par' dir='ltr' id='par_1_64' title="bbox 2285 1918 3904 1989">
     <span class='ocr_line' id='line_1_64' title="bbox 2285 1918 3904 1989; baseline 0.001 -15"><span class='ocrx_word' id='word_1_451' title='bbox 2285 1920 2504 1974; x_wconf 87' lang='lat' dir='ltr'><strong>clesiam</strong></span> <span class='ocrx_word' id='word_1_452' title='bbox 2564 1918 2830 1973; x_wconf 78' lang='lat' dir='ltr'><strong>accedunt</strong></span> <span class='ocrx_word' id='word_1_453' title='bbox 2879 1921 3114 1989; x_wconf 88' lang='lat' dir='ltr'><strong>primum</strong></span> <span class='ocrx_word' id='word_1_454' title='bbox 3157 1921 3532 1975; x_wconf 78' lang='lat' dir='ltr'><strong>catechumeni</strong></span> <span class='ocrx_word' id='word_1_455' title='bbox 3586 1922 3792 1976; x_wconf 75' lang='lat' dir='ltr'><strong>tierent</strong></span> <span class='ocrx_word' id='word_1_456' title='bbox 3843 1937 3904 1976; x_wconf 76' lang='lat' dir='ltr'><strong>ac</strong></span> 
     </span>
    </p>
   </div>
   <div class='ocr_carea' id='block_1_65' title="bbox 2285 2011 3902 2084">
    <p class='ocr_par' dir='ltr' id='par_1_65' title="bbox 2285 2011 3902 2084">
     <span class='ocr_line' id='line_1_65' title="bbox 2285 2011 3902 2084; baseline 0.002 -18"><span class='ocrx_word' id='word_1_457' title='bbox 2285 2012 2480 2074; x_wconf 81' lang='lat' dir='ltr'><strong>deinde</strong></span> <span class='ocrx_word' id='word_1_458' title='bbox 2506 2012 2704 2067; x_wconf 77' lang='lat' dir='ltr'><strong>veteris</strong></span> <span class='ocrx_word' id='word_1_459' title='bbox 2721 2021 2774 2067; x_wconf 91' lang='lat' dir='ltr'><strong>et</strong></span> <span class='ocrx_word' id='word_1_460' title='bbox 2793 2011 2984 2081; x_wconf 87' lang='lat' dir='ltr'><strong>impuri</strong></span> <span class='ocrx_word' id='word_1_461' title='bbox 3013 2011 3262 2068; x_wconf 80' lang='lat' dir='ltr'><strong>fermeuti</strong></span> <span class='ocrx_word' id='word_1_462' title='bbox 3279 2014 3530 2070; x_wconf 86' lang='lat' dir='ltr'><strong>sordibus</strong></span> <span class='ocrx_word' id='word_1_463' title='bbox 3561 2027 3660 2082; x_wconf 84' lang='lat' dir='ltr'><strong>per</strong></span> <span class='ocrx_word' id='word_1_464' title='bbox 3689 2015 3902 2084; x_wconf 81' lang='lat' dir='ltr'><strong>Baptis—</strong></span> 
     </span>
    </p>
   </div>
   <div class='ocr_carea' id='block_1_66' title="bbox 2285 2105 3900 2179">
    <p class='ocr_par' dir='ltr' id='par_1_66' title="bbox 2285 2105 3900 2179">
     <span class='ocr_line' id='line_1_66' title="bbox 2285 2105 3900 2179; baseline 0.002 -20"><span class='ocrx_word' id='word_1_465' title='bbox 2285 2119 2430 2159; x_wconf 88' lang='lat' dir='ltr'><strong>mmn</strong></span> <span class='ocrx_word' id='word_1_466' title='bbox 2460 2111 2838 2176; x_wconf 78' lang='lat' dir='ltr'><strong>purgarentur.</strong></span> <span class='ocrx_word' id='word_1_467' title='bbox 2860 2107 2934 2161; x_wconf 81' lang='lat' dir='ltr'><strong>De</strong></span> <span class='ocrx_word' id='word_1_468' title='bbox 2953 2105 3037 2160; x_wconf 86' lang='lat' dir='ltr'><strong>his</strong></span> <span class='ocrx_word' id='word_1_469' title='bbox 3063 2107 3316 2162; x_wconf 86' lang='lat' dir='ltr'><strong>omnibus</strong></span> <span class='ocrx_word' id='word_1_470' title='bbox 3345 2121 3447 2177; x_wconf 78' lang='lat' dir='ltr'><strong>ego</strong></span> <span class='ocrx_word' id='word_1_471' title='bbox 3471 2107 3541 2161; x_wconf 77' lang='lat' dir='ltr'><strong>ad</strong></span> <span class='ocrx_word' id='word_1_472' title='bbox 3580 2108 3742 2162; x_wconf 85' lang='lat' dir='ltr'><strong>illum</strong></span> <span class='ocrx_word' id='word_1_473' title='bbox 3786 2109 3900 2179; x_wconf 74' lang='lat' dir='ltr'><strong>epi-</strong></span> 
     </span>
    </p>
   </div>
   <div class='ocr_carea' id='block_1_67' title="bbox 2285 2198 3894 2268">
    <p class='ocr_par' dir='ltr' id='par_1_67' title="bbox 2285 2198 3894 2268">
     <span class='ocr_line' id='line_1_67' title="bbox 2285 2198 3894 2268; baseline 0.001 -16"><span class='ocrx_word' id='word_1_474' title='bbox 2285 2201 2482 2253; x_wconf 89' lang='lat' dir='ltr'><strong>stolam</strong></span> <span class='ocrx_word' id='word_1_475' title='bbox 2499 2199 2620 2252; x_wconf 83' lang='lat' dir='ltr'><strong>misi</strong></span> <span class='ocrx_word' id='word_1_476' title='bbox 2632 2205 2826 2267; x_wconf 79' lang='lat' dir='ltr'><strong>regans</strong></span> <span class='ocrx_word' id='word_1_477' title='bbox 2843 2205 3004 2268; x_wconf 88' lang='lat' dir='ltr'><strong>atqtte</strong></span> <span class='ocrx_word' id='word_1_478' title='bbox 3021 2198 3320 2263; x_wconf 69' lang='lat' dir='ltr'><strong>obtestans,</strong></span> <span class='ocrx_word' id='word_1_479' title='bbox 3345 2200 3440 2254; x_wconf 83' lang='lat' dir='ltr'><strong>sed</strong></span> <span class='ocrx_word' id='word_1_480' title='bbox 3458 2208 3513 2254; x_wconf 78' lang='lat' dir='ltr'><strong>et</strong></span> <span class='ocrx_word' id='word_1_481' title='bbox 3529 2199 3894 2264; x_wconf 71' lang='lat' dir='ltr'><strong>charissimis,</strong></span> 
     </span>
    </p>
   </div>
   <div class='ocr_carea' id='block_1_68' title="bbox 2285 2289 3894 2363">
    <p class='ocr_par' dir='ltr' id='par_1_68' title="bbox 2285 2289 3894 2363">
     <span class='ocr_line' id='line_1_68' title="bbox 2285 2289 3894 2363; baseline 0 -16"><span class='ocrx_word' id='word_1_482' title='bbox 2285 2292 2482 2360; x_wconf 87' lang='lat' dir='ltr'><strong>inquit,</strong></span> <span class='ocrx_word' id='word_1_483' title='bbox 2517 2289 2770 2345; x_wconf 80' lang='lat' dir='ltr'><strong>fratribus</strong></span> <span class='ocrx_word' id='word_1_484' title='bbox 2824 2290 3283 2362; x_wconf 81' lang='lat' dir='ltr'><strong>com‘presbyteris</strong></span> <span class='ocrx_word' id='word_1_485' title='bbox 3315 2293 3516 2346; x_wconf 81' lang='lat' dir='ltr'><strong>nostris</strong></span> <span class='ocrx_word' id='word_1_486' title='bbox 3551 2293 3814 2363; x_wconf 71' lang='lat' dir='ltr'><strong>Dionysio</strong></span> <span class='ocrx_word' id='word_1_487' title='bbox 3838 2303 3894 2347; x_wconf 85' lang='lat' dir='ltr'><strong>et</strong></span> 
     </span>
    </p>
   </div>
   <div class='ocr_carea' id='block_1_69' title="bbox 2288 2382 3898 2455">
    <p class='ocr_par' dir='ltr' id='par_1_69' title="bbox 2288 2382 3898 2455">
     <span class='ocr_line' id='line_1_69' title="bbox 2288 2382 3898 2455; baseline 0.001 -16"><span class='ocrx_word' id='word_1_488' title='bbox 2288 2382 2592 2439; x_wconf 87' lang='lat' dir='ltr'><strong>Philemoni</strong></span> <span class='ocrx_word' id='word_1_489' title='bbox 2624 2383 2715 2453; x_wconf 85' lang='lat' dir='ltr'><strong>qui</strong></span> <span class='ocrx_word' id='word_1_490' title='bbox 2748 2383 2897 2452; x_wconf 83' lang='lat' dir='ltr'><strong>prius</strong></span> <span class='ocrx_word' id='word_1_491' title='bbox 2924 2383 3066 2439; x_wconf 80' lang='lat' dir='ltr'><strong>idem</strong></span> <span class='ocrx_word' id='word_1_492' title='bbox 3089 2387 3209 2438; x_wconf 80' lang='lat' dir='ltr'><strong>etim</strong></span> <span class='ocrx_word' id='word_1_493' title='bbox 3253 2384 3532 2455; x_wconf 73' lang='lat' dir='ltr'><strong>Stephano</strong></span> <span class='ocrx_word' id='word_1_494' title='bbox 3564 2387 3898 2450; x_wconf 75' lang='lat' dir='ltr'><strong>sentiebant,</strong></span> 
     </span>
    </p>
   </div>
   <div class='ocr_carea' id='block_1_70' title="bbox 2288 2473 3898 2547">
    <p class='ocr_par' dir='ltr' id='par_1_70' title="bbox 2288 2473 3898 2547">
     <span class='ocr_line' id='line_1_70' title="bbox 2288 2473 3898 2547; baseline -0.002 -16"><span class='ocrx_word' id='word_1_495' title='bbox 2288 2476 2464 2546; x_wconf 83' lang='lat' dir='ltr'><strong>deque</strong></span> <span class='ocrx_word' id='word_1_496' title='bbox 2510 2474 2702 2530; x_wconf 88' lang='lat' dir='ltr'><strong>iisdem</strong></span> <span class='ocrx_word' id='word_1_497' title='bbox 2757 2473 2922 2529; x_wconf 80' lang='lat' dir='ltr'><strong>rebus</strong></span> <span class='ocrx_word' id='word_1_498' title='bbox 2957 2473 3026 2529; x_wconf 79' lang='lat' dir='ltr'><strong>ad</strong></span> <span class='ocrx_word' id='word_1_499' title='bbox 3080 2481 3168 2530; x_wconf 83' lang='lat' dir='ltr'><strong>me</strong></span> <span class='ocrx_word' id='word_1_500' title='bbox 3211 2477 3562 2546; x_wconf 70' lang='lat' dir='ltr'><strong>scripserant,</strong></span> <span class='ocrx_word' id='word_1_501' title='bbox 3612 2475 3839 2547; x_wconf 73' lang='lat' dir='ltr'><strong>scripsi.-</strong></span> <span class='ocrx_word' id='word_1_502' title='bbox 3881 2495 3898 2527; x_wconf 78' lang='grc' dir='ltr'><strong><em>ι</em></strong></span> 
     </span>
    </p>
   </div>
   <div class='ocr_carea' id='block_1_71' title="bbox 2286 2567 3903 2640">
    <p class='ocr_par' dir='ltr' id='par_1_71' title="bbox 2286 2567 3903 2640">
     <span class='ocr_line' id='line_1_71' title="bbox 2286 2567 3903 2640; baseline 0.001 -16"><span class='ocrx_word' id='word_1_503' title='bbox 2286 2571 2602 2640; x_wconf 70' lang='lat' dir='ltr'><strong>Dionysium</strong></span> <span class='ocrx_word' id='word_1_504' title='bbox 2627 2567 2681 2624; x_wconf 87' lang='lat' dir='ltr'><strong>et</strong></span> <span class='ocrx_word' id='word_1_505' title='bbox 2710 2569 3084 2623; x_wconf 79' lang='lat' dir='ltr'><strong>Philemonem</strong></span> <span class='ocrx_word' id='word_1_506' title='bbox 3110 2569 3390 2640; x_wconf 74' lang='lat' dir='ltr'><strong>Stephano</strong></span> <span class='ocrx_word' id='word_1_507' title='bbox 3435 2571 3903 2640; x_wconf 66' lang='lat' dir='ltr'><strong>rebaptizamibu</strong></span> 
     </span>
    </p>
   </div>
   <div class='ocr_carea' id='block_1_72' title="bbox 2290 2657 3904 2734">
    <p class='ocr_par' dir='ltr' id='par_1_72' title="bbox 2290 2657 3904 2734">
     <span class='ocr_line' id='line_1_72' title="bbox 2290 2657 3904 2734; baseline 0.001 -15"><span class='ocrx_word' id='word_1_508' title='bbox 2290 2663 2907 2719; x_wconf 60' lang='lat' dir='ltr'><strong>eiecittmunicalionem</strong></span> <span class='ocrx_word' id='word_1_509' title='bbox 2939 2657 3208 2717; x_wconf 79' lang='lat' dir='ltr'><strong>minitanti</strong></span> <span class='ocrx_word' id='word_1_510' title='bbox 3245 2662 3700 2734; x_wconf 61' lang='grc' dir='ltr'><strong>ρεῦσι-δμώων</strong></span> <span class='ocrx_word' id='word_1_511' title='bbox 3734 2664 3904 2720; x_wconf 56' lang='lat' dir='ltr'><strong>luis”</strong></span> 
     </span>
    </p>
   </div>
   <div class='ocr_carea' id='block_1_73' title="bbox 2290 2752 3904 2828">
    <p class='ocr_par' dir='ltr' id='par_1_73' title="bbox 2290 2752 3904 2828">
     <span class='ocr_line' id='line_1_73' title="bbox 2290 2752 3904 2828; baseline 0.001 -16"><span class='ocrx_word' id='word_1_512' title='bbox 2290 2757 2600 2812; x_wconf 71' lang='lat' dir='ltr'><strong>testimonio</strong></span> <span class='ocrx_word' id='word_1_513' title='bbox 2625 2757 2862 2828; x_wconf 84' lang='lat' dir='ltr'><strong>Dionysii</strong></span> <span class='ocrx_word' id='word_1_514' title='bbox 2892 2758 3157 2812; x_wconf 78' lang='lat' dir='ltr'><strong>Alexand.</strong></span> <span class='ocrx_word' id='word_1_515' title='bbox 3180 2758 3349 2813; x_wconf 76' lang='lat' dir='ltr'><strong>refert</strong></span> <span class='ocrx_word' id='word_1_516' title='bbox 3367 2752 3530 2814; x_wconf 62' lang='lat' dir='ltr'><strong>etiam</strong></span> <span class='ocrx_word' id='word_1_517' title='bbox 3557 2757 3904 2827; x_wconf 63' lang='lat' dir='ltr'><strong>Nicer-herus</strong></span> 
     </span>
    </p>
   </div>
   <div class='ocr_carea' id='block_1_74' title="bbox 2287 2846 3906 2920">
    <p class='ocr_par' dir='ltr' id='par_1_74' title="bbox 2287 2846 3906 2920">
     <span class='ocr_line' id='line_1_74' title="bbox 2287 2846 3906 2920; baseline 0.001 -16"><span class='ocrx_word' id='word_1_518' title='bbox 2287 2847 2647 2920; x_wconf 60' lang='lat' dir='ltr'><strong>Gallinas“)</strong></span> <span class='ocrx_word' id='word_1_519' title='bbox 2668 2867 2679 2901; x_wconf 91' lang='lat'>:</span> <span class='ocrx_word' id='word_1_520' title='bbox 2697 2849 2881 2919; x_wconf 88' lang='lat' dir='ltr'><strong>quanti</strong></span> <span class='ocrx_word' id='word_1_521' title='bbox 2896 2855 3074 2903; x_wconf 72' lang='lat' dir='ltr'><strong>autem</strong></span> <span class='ocrx_word' id='word_1_522' title='bbox 3107 2847 3358 2919; x_wconf 84' lang='lat' dir='ltr'><strong>ponderis</strong></span> <span class='ocrx_word' id='word_1_523' title='bbox 3381 2849 3449 2902; x_wconf 88' lang='lat' dir='ltr'><strong>sit</strong></span> <span class='ocrx_word' id='word_1_524' title='bbox 3481 2846 3828 2904; x_wconf 75' lang='lat' dir='ltr'><strong>Philemonis</strong></span> <span class='ocrx_word' id='word_1_525' title='bbox 3851 2861 3906 2905; x_wconf 80' lang='lat' dir='ltr'><strong>et</strong></span> 
     </span>
    </p>
   </div>
   <div class='ocr_carea' id='block_1_75' title="bbox 2287 2940 3902 3014">
    <p class='ocr_par' dir='ltr' id='par_1_75' title="bbox 2287 2940 3902 3014">
     <span class='ocr_line' id='line_1_75' title="bbox 2287 2940 3902 3014; baseline -0.001 -18"><span class='ocrx_word' id='word_1_526' title='bbox 2287 2942 2588 3012; x_wconf 66' lang='lat' dir='ltr'><strong>praesertim</strong></span> <span class='ocrx_word' id='word_1_527' title='bbox 2621 2943 2858 3014; x_wconf 87' lang='lat' dir='ltr'><strong>Dionysii</strong></span> <span class='ocrx_word' id='word_1_528' title='bbox 2890 2941 3124 2996; x_wconf 80' lang='lat' dir='ltr'><strong>Romani</strong></span> <span class='ocrx_word' id='word_1_529' title='bbox 3157 2957 3252 3012; x_wconf 88' lang='lat' dir='ltr'><strong>pro</strong></span> <span class='ocrx_word' id='word_1_530' title='bbox 3277 2940 3550 3010; x_wconf 78' lang='lat' dir='ltr'><strong>Stephano</strong></span> <span class='ocrx_word' id='word_1_531' title='bbox 3578 2941 3902 3011; x_wconf 68' lang='lat' dir='ltr'><strong>suﬂ’raginm</strong></span> 
     </span>
    </p>
   </div>
   <div class='ocr_carea' id='block_1_76' title="bbox 2287 3034 3900 3104">
    <p class='ocr_par' dir='ltr' id='par_1_76' title="bbox 2287 3034 3900 3104">
     <span class='ocr_line' id='line_1_76' title="bbox 2287 3034 3900 3104; baseline -0.001 -14"><span class='ocrx_word' id='word_1_532' title='bbox 2287 3036 2419 3090; x_wconf 87' lang='lat' dir='ltr'><strong>satis</strong></span> <span class='ocrx_word' id='word_1_533' title='bbox 2451 3035 2762 3098; x_wconf 85' lang='lat' dir='ltr'><strong>ostendunt,</strong></span> <span class='ocrx_word' id='word_1_534' title='bbox 2786 3049 2908 3104; x_wconf 60' lang='lat' dir='ltr'><strong>quas</strong></span> <span class='ocrx_word' id='word_1_535' title='bbox 2935 3035 3034 3090; x_wconf 85' lang='lat' dir='ltr'><strong>SS.</strong></span> <span class='ocrx_word' id='word_1_536' title='bbox 3055 3035 3243 3089; x_wconf 85' lang='lat' dir='ltr'><strong>Patres</strong></span> <span class='ocrx_word' id='word_1_537' title='bbox 3269 3045 3331 3088; x_wconf 75' lang='lat' dir='ltr'><strong>ac</strong></span> <span class='ocrx_word' id='word_1_538' title='bbox 3359 3037 3632 3104; x_wconf 65' lang='lat' dir='ltr'><strong>praecipue</strong></span> <span class='ocrx_word' id='word_1_539' title='bbox 3658 3035 3714 3089; x_wconf 86' lang='lat' dir='ltr'><strong>S.</strong></span> <span class='ocrx_word' id='word_1_540' title='bbox 3735 3034 3900 3088; x_wconf 59' lang='lat' dir='ltr'><strong>Basia</strong></span> 
     </span>
    </p>
   </div>
   <div class='ocr_carea' id='block_1_77' title="bbox 2290 3119 3891 3198">
    <p class='ocr_par' dir='ltr' id='par_1_77' title="bbox 2290 3119 3891 3198">
     <span class='ocr_line' id='line_1_77' title="bbox 2290 3119 3891 3198; baseline -0.002 -18"><span class='ocrx_word' id='word_1_541' title='bbox 2290 3126 2390 3180; x_wconf 83' lang='lat' dir='ltr'><strong>lius</strong></span> <span class='ocrx_word' id='word_1_542' title='bbox 2415 3119 2494 3197; x_wconf 63' lang='grc' dir='ltr'><strong>(ἓ)</strong></span> <span class='ocrx_word' id='word_1_543' title='bbox 2510 3133 2563 3179; x_wconf 84' lang='lat' dir='ltr'><strong>et</strong></span> <span class='ocrx_word' id='word_1_544' title='bbox 2588 3125 2916 3180; x_wconf 85' lang='lat' dir='ltr'><strong>Athanasius</strong></span> <span class='ocrx_word' id='word_1_545' title='bbox 2934 3124 3014 3198; x_wconf 81' lang='grc'><strong>(5)</strong></span> <span class='ocrx_word' id='word_1_546' title='bbox 3032 3137 3130 3196; x_wconf 90' lang='lat' dir='ltr'><strong>pro</strong></span> <span class='ocrx_word' id='word_1_547' title='bbox 3150 3125 3477 3180; x_wconf 81' lang='lat' dir='ltr'><strong>celebranda</strong></span> <span class='ocrx_word' id='word_1_548' title='bbox 3504 3125 3742 3196; x_wconf 77' lang='lat' dir='ltr'><strong>Dionysii</strong></span> <span class='ocrx_word' id='word_1_549' title='bbox 3767 3124 3891 3178; x_wconf 58' lang='lat' dir='ltr'><strong>hoc</strong></span> 
     </span>
    </p>
   </div>
   <div class='ocr_carea' id='block_1_78' title="bbox 2209 3217 3900 3298">
    <p class='ocr_par' dir='ltr' id='par_1_78' title="bbox 2209 3217 3900 3298">
     <span class='ocr_line' id='line_1_78' title="bbox 2209 3217 3900 3298; baseline -0.001 -24"><span class='ocrx_word' id='word_1_550' title='bbox 2209 3233 2256 3298; x_wconf 67' lang='grc' dir='ltr'>α</span> <span class='ocrx_word' id='word_1_551' title='bbox 2291 3217 2434 3274; x_wconf 88' lang='lat' dir='ltr'><strong>mani</strong></span> <span class='ocrx_word' id='word_1_552' title='bbox 2469 3237 2487 3271; x_wconf 73' lang='grc' dir='ltr'>ι</span> <span class='ocrx_word' id='word_1_553' title='bbox 2512 3219 2632 3274; x_wconf 89' lang='lat' dir='ltr'><strong>lidei</strong></span> <span class='ocrx_word' id='word_1_554' title='bbox 2665 3221 2988 3290; x_wconf 81' lang='lat' dir='ltr'><strong>integritate,</strong></span> <span class='ocrx_word' id='word_1_555' title='bbox 3015 3219 3282 3283; x_wconf 74' lang='lat' dir='ltr'><strong>doctrina,</strong></span> <span class='ocrx_word' id='word_1_556' title='bbox 3317 3218 3648 3284; x_wconf 73' lang='lat' dir='ltr'><strong>eruditione,</strong></span> <span class='ocrx_word' id='word_1_557' title='bbox 3669 3219 3900 3289; x_wconf 72' lang='lat' dir='ltr'><strong>sapien-</strong></span> 
     </span>
    </p>
   </div>
   <div class='ocr_carea' id='block_1_79' title="bbox 2293 3311 3899 3381">
    <p class='ocr_par' dir='ltr' id='par_1_79' title="bbox 2293 3311 3899 3381">
     <span class='ocr_line' id='line_1_79' title="bbox 2293 3311 3899 3381; baseline -0.001 -14"><span class='ocrx_word' id='word_1_558' title='bbox 2293 3315 2364 3367; x_wconf 78' lang='lat' dir='ltr'><strong>tia</strong></span> <span class='ocrx_word' id='word_1_559' title='bbox 2397 3312 2622 3380; x_wconf 78' lang='lat' dir='ltr'><strong>aliisque</strong></span> <span class='ocrx_word' id='word_1_560' title='bbox 2653 3311 2939 3366; x_wconf 73' lang='lat' dir='ltr'><strong>virtutiths</strong></span> <span class='ocrx_word' id='word_1_561' title='bbox 2976 3329 2995 3363; x_wconf 76' lang='grc' dir='ltr'><strong><em>ι</em></strong></span> <span class='ocrx_word' id='word_1_562' title='bbox 3025 3312 3366 3366; x_wconf 81' lang='lat' dir='ltr'><strong>cumularent</strong></span> <span class='ocrx_word' id='word_1_563' title='bbox 3412 3312 3610 3381; x_wconf 63' lang='lat' dir='ltr'><strong>elegia,-</strong></span> <span class='ocrx_word' id='word_1_564' title='bbox 3641 3312 3784 3365; x_wconf 77' lang='lat' dir='ltr'><strong>satis</strong></span> <span class='ocrx_word' id='word_1_565' title='bbox 3810 3326 3899 3365; x_wconf 80' lang='lat' dir='ltr'><strong>os-</strong></span> 
     </span>
    </p>
   </div>
   <div class='ocr_carea' id='block_1_80' title="bbox 2291 3402 3903 3473">
    <p class='ocr_par' dir='ltr' id='par_1_80' title="bbox 2291 3402 3903 3473">
     <span class='ocr_line' id='line_1_80' title="bbox 2291 3402 3903 3473; baseline -0.002 -16"><span class='ocrx_word' id='word_1_566' title='bbox 2291 3407 2518 3459; x_wconf 78' lang='lat' dir='ltr'><strong>tendunt</strong></span> <span class='ocrx_word' id='word_1_567' title='bbox 2548 3417 2666 3472; x_wconf 59' lang='lat' dir='ltr'><strong>igua:</strong></span> <span class='ocrx_word' id='word_1_568' title='bbox 2698 3403 2961 3457; x_wconf 86' lang='lat' dir='ltr'><strong>Eusebius</strong></span> <span class='ocrx_word' id='word_1_569' title='bbox 2985 3411 3104 3472; x_wconf 85' lang='lat' dir='ltr'><strong>post</strong></span> <span class='ocrx_word' id='word_1_570' title='bbox 3136 3403 3444 3473; x_wconf 80' lang='lat' dir='ltr'><strong>Dionysium</strong></span> <span class='ocrx_word' id='word_1_571' title='bbox 3469 3402 3903 3458; x_wconf 77' lang='lat' dir='ltr'><strong>Alexandrinum</strong></span> 
     </span>
    </p>
   </div>
   <div class='ocr_carea' id='block_1_81' title="bbox 2290 3493 3902 3568">
    <p class='ocr_par' dir='ltr' id='par_1_81' title="bbox 2290 3493 3902 3568">
     <span class='ocr_line' id='line_1_81' title="bbox 2290 3493 3902 3568; baseline -0.001 -14"><span class='ocrx_word' id='word_1_572' title='bbox 2290 3501 2356 3554; x_wconf 88' lang='lat' dir='ltr'><strong>de</strong></span> <span class='ocrx_word' id='word_1_573' title='bbox 2386 3499 2476 3553; x_wconf 85' lang='lat' dir='ltr'><strong>illo</strong></span> <span class='ocrx_word' id='word_1_574' title='bbox 2505 3499 2659 3552; x_wconf 81' lang='lat' dir='ltr'><strong>nobis</strong></span> <span class='ocrx_word' id='word_1_575' title='bbox 2687 3497 2905 3552; x_wconf 77' lang='lat' dir='ltr'><strong>tradidit</strong></span> <span class='ocrx_word' id='word_1_576' title='bbox 2938 3499 3029 3552; x_wconf 88' lang='lat' dir='ltr'><strong>Iih.</strong></span> <span class='ocrx_word' id='word_1_577' title='bbox 3063 3509 3154 3558; x_wconf 75' lang='lat' dir='ltr'><strong>vn,-</strong></span> <span class='ocrx_word' id='word_1_578' title='bbox 3175 3493 3299 3553; x_wconf 88' lang='lat' dir='ltr'><strong>hist.</strong></span> <span class='ocrx_word' id='word_1_579' title='bbox 3334 3508 3458 3568; x_wconf 85' lang='lat' dir='ltr'><strong>cap.</strong></span> <span class='ocrx_word' id='word_1_580' title='bbox 3479 3499 3534 3564; x_wconf 75' lang='lat'><strong>7,</strong></span> <span class='ocrx_word' id='word_1_581' title='bbox 3560 3497 3649 3551; x_wconf 79' lang='lat' dir='ltr'><strong>llis</strong></span> <span class='ocrx_word' id='word_1_582' title='bbox 3669 3498 3902 3552; x_wconf 78' lang='lat' dir='ltr'><strong>verbis:</strong></span> 
     </span>
    </p>
   </div>
   <div class='ocr_carea' id='block_1_82' title="bbox 2296 3587 3906 3661">
    <p class='ocr_par' dir='ltr' id='par_1_82' title="bbox 2296 3587 3906 3661">
     <span class='ocr_line' id='line_1_82' title="bbox 2296 3587 3906 3661; baseline -0.001 -16"><span class='ocrx_word' id='word_1_583' title='bbox 2296 3612 2314 3645; x_wconf 83' lang='grc'><strong><em>‹</em></strong></span> <span class='ocrx_word' id='word_1_584' title='bbox 2344 3591 2495 3646; x_wconf 81' lang='lat' dir='ltr'><strong>thte</strong></span> <span class='ocrx_word' id='word_1_585' title='bbox 2527 3591 2698 3657; x_wconf 59' lang='lat' dir='ltr'><strong>ipsum</strong></span> <span class='ocrx_word' id='word_1_586' title='bbox 2737 3591 3045 3661; x_wconf 90' lang='lat' dir='ltr'><strong>Dionysium</strong></span> <span class='ocrx_word' id='word_1_587' title='bbox 3104 3587 3406 3644; x_wconf 80' lang='lat' dir='ltr'><strong>Romanum</strong></span> <span class='ocrx_word' id='word_1_588' title='bbox 3462 3590 3906 3644; x_wconf 83' lang='lat' dir='ltr'><strong>eruditissimum</strong></span> 
     </span>
    </p>
   </div>
   <div class='ocr_carea' id='block_1_83' title="bbox 2292 3681 3889 3754">
    <p class='ocr_par' dir='ltr' id='par_1_83' title="bbox 2292 3681 3889 3754">
     <span class='ocr_line' id='line_1_83' title="bbox 2292 3681 3889 3754; baseline -0.001 -17"><span class='ocrx_word' id='word_1_589' title='bbox 2292 3685 2490 3754; x_wconf 77' lang='lat' dir='ltr'><strong>(adhuc</strong></span> <span class='ocrx_word' id='word_1_590' title='bbox 2546 3682 2951 3754; x_wconf 81' lang='lat' dir='ltr'><strong>presbyterum).</strong></span> <span class='ocrx_word' id='word_1_591' title='bbox 2973 3683 3235 3751; x_wconf 80' lang='lat' dir='ltr'><strong>planeque</strong></span> <span class='ocrx_word' id='word_1_592' title='bbox 3288 3681 3671 3736; x_wconf 78' lang='lat' dir='ltr'><strong>admirandum</strong></span> <span class='ocrx_word' id='word_1_593' title='bbox 3710 3683 3889 3735; x_wconf 79' lang='lat' dir='ltr'><strong>virum</strong></span> 
     </span>
    </p>
   </div>
   <div class='ocr_carea' id='block_1_84' title="bbox 2290 3771 3901 3843">
    <p class='ocr_par' dir='ltr' id='par_1_84' title="bbox 2290 3771 3901 3843">
     <span class='ocr_line' id='line_1_84' title="bbox 2290 3771 3901 3843; baseline -0.004 -15"><span class='ocrx_word' id='word_1_594' title='bbox 2290 3776 2455 3829; x_wconf 79' lang='lat' dir='ltr'><strong>fuisse</strong></span> <span class='ocrx_word' id='word_1_595' title='bbox 2504 3774 2809 3828; x_wconf 89' lang='lat' dir='ltr'><strong>testimonio</strong></span> <span class='ocrx_word' id='word_1_596' title='bbox 2864 3773 3098 3843; x_wconf 62' lang='lat' dir='ltr'><strong>Dionysii</strong></span> <span class='ocrx_word' id='word_1_597' title='bbox 3128 3771 3473 3826; x_wconf 79' lang='lat' dir='ltr'><strong>Alexandrini</strong></span> <span class='ocrx_word' id='word_1_598' title='bbox 3507 3771 3640 3825; x_wconf 87' lang='lat' dir='ltr'><strong>licet</strong></span> <span class='ocrx_word' id='word_1_599' title='bbox 3682 3787 3901 3840; x_wconf 72' lang='lat' dir='ltr'><strong>cogno-</strong></span> 
     </span>
    </p>
   </div>
   <div class='ocr_carea' id='block_1_85' title="bbox 2292 3864 3910 3934">
    <p class='ocr_par' dir='ltr' id='par_1_85' title="bbox 2292 3864 3910 3934">
     <span class='ocr_line' id='line_1_85' title="bbox 2292 3864 3910 3934; baseline -0.003 -12"><span class='ocrx_word' id='word_1_600' title='bbox 2292 3878 2478 3932; x_wconf 83' lang='lat' dir='ltr'><strong>scere;</strong></span> <span class='ocrx_word' id='word_1_601' title='bbox 2511 3886 2529 3919; x_wconf 73' lang='grc' dir='ltr'><strong><em>ι</em></strong></span> <span class='ocrx_word' id='word_1_602' title='bbox 2586 3881 2648 3920; x_wconf 87' lang='lat' dir='ltr'><strong>ac</strong></span> <span class='ocrx_word' id='word_1_603' title='bbox 2699 3866 2909 3920; x_wconf 87' lang='lat' dir='ltr'><strong>tandem</strong></span> <span class='ocrx_word' id='word_1_604' title='bbox 2966 3879 3030 3919; x_wconf 81' lang='lat' dir='ltr'><strong>ex</strong></span> <span class='ocrx_word' id='word_1_605' title='bbox 3071 3879 3138 3919; x_wconf 89' lang='lat' dir='ltr'><strong>eo</strong></span> <span class='ocrx_word' id='word_1_606' title='bbox 3185 3864 3426 3934; x_wconf 72' lang='lat' dir='ltr'><strong>dignosci</strong></span> <span class='ocrx_word' id='word_1_607' title='bbox 3473 3864 3640 3918; x_wconf 79' lang='lat' dir='ltr'><strong>etiam</strong></span> <span class='ocrx_word' id='word_1_608' title='bbox 3700 3875 3910 3932; x_wconf 76' lang='lat' dir='ltr'><strong>petest,</strong></span> 
     </span>
    </p>
   </div>
   <div class='ocr_carea' id='block_1_86' title="bbox 2293 3953 3911 4030">
    <p class='ocr_par' dir='ltr' id='par_1_86' title="bbox 2293 3953 3911 4030">
     <span class='ocr_line' id='line_1_86' title="bbox 2293 3953 3911 4030; baseline -0.001 -18"><span class='ocrx_word' id='word_1_609' title='bbox 2293 3959 2435 4030; x_wconf 90' lang='lat' dir='ltr'><strong>quod</strong></span> <span class='ocrx_word' id='word_1_610' title='bbox 2463 3957 2606 4012; x_wconf 86' lang='lat' dir='ltr'><strong>Petri</strong></span> <span class='ocrx_word' id='word_1_611' title='bbox 2638 3955 2947 4010; x_wconf 86' lang='lat' dir='ltr'><strong>cathedram</strong></span> <span class='ocrx_word' id='word_1_612' title='bbox 2989 3964 3108 4025; x_wconf 86' lang='lat' dir='ltr'><strong>post</strong></span> <span class='ocrx_word' id='word_1_613' title='bbox 3139 3953 3359 4010; x_wconf 79' lang='lat' dir='ltr'><strong>Xistum</strong></span> <span class='ocrx_word' id='word_1_614' title='bbox 3390 3954 3431 4009; x_wconf 91' lang='lat' dir='ltr'><strong>ll</strong></span> <span class='ocrx_word' id='word_1_615' title='bbox 3482 3964 3766 4024; x_wconf 76' lang='lat' dir='ltr'><strong>oceupare</strong></span> <span class='ocrx_word' id='word_1_616' title='bbox 3793 3971 3911 4011; x_wconf 77' lang='lat' dir='ltr'><strong>me-</strong></span> 
     </span>
    </p>
   </div>
   <div class='ocr_carea' id='block_1_87' title="bbox 2293 4051 2994 4106">
    <p class='ocr_par' dir='ltr' id='par_1_87' title="bbox 2293 4051 2994 4106">
     <span class='ocr_line' id='line_1_87' title="bbox 2293 4051 2994 4106; baseline -0.011 -2"><span class='ocrx_word' id='word_1_617' title='bbox 2293 4051 2481 4104; x_wconf 87' lang='lat' dir='ltr'><strong>ruerit.</strong></span> <span class='ocrx_word' id='word_1_618' title='bbox 2989 4101 2994 4106; x_wconf 88' lang='lat'><strong><em>_</em></strong></span> 
     </span>
    </p>
   </div>
   <div class='ocr_carea' id='block_1_88' title="bbox 2365 4139 3910 4213">
    <p class='ocr_par' dir='ltr' id='par_1_88' title="bbox 2365 4139 3910 4213">
     <span class='ocr_line' id='line_1_88' title="bbox 2365 4139 3910 4213; baseline -0.001 -16"><span class='ocrx_word' id='word_1_619' title='bbox 2365 4143 2476 4198; x_wconf 81' lang='lat' dir='ltr'><strong>Vll.</strong></span> <span class='ocrx_word' id='word_1_620' title='bbox 2509 4143 2792 4213; x_wconf 74' lang='lat' dir='ltr'><strong>Dionysius</strong></span> <span class='ocrx_word' id='word_1_621' title='bbox 2845 4141 3240 4196; x_wconf 78' lang='lat' dir='ltr'><strong>Alexandrinus</strong></span> <span class='ocrx_word' id='word_1_622' title='bbox 3291 4139 3356 4196; x_wconf 81' lang='lat' dir='ltr'><strong>ad</strong></span> <span class='ocrx_word' id='word_1_623' title='bbox 3414 4141 3768 4211; x_wconf 86' lang='lat' dir='ltr'><strong>Stephanum</strong></span> <span class='ocrx_word' id='word_1_624' title='bbox 3816 4158 3910 4213; x_wconf 77' lang='lat' dir='ltr'><strong>per</strong></span> 
     </span>
    </p>
   </div>
   <div class='ocr_carea' id='block_1_89' title="bbox 2291 4231 3916 4304">
    <p class='ocr_par' dir='ltr' id='par_1_89' title="bbox 2291 4231 3916 4304">
     <span class='ocr_line' id='line_1_89' title="bbox 2291 4231 3916 4304; baseline -0.002 -13"><span class='ocrx_word' id='word_1_625' title='bbox 2291 4237 2500 4291; x_wconf 85' lang='lat' dir='ltr'><strong>litteras</strong></span> <span class='ocrx_word' id='word_1_626' title='bbox 2532 4240 2812 4304; x_wconf 89' lang='lat' dir='ltr'><strong>sequester</strong></span> <span class='ocrx_word' id='word_1_627' title='bbox 2837 4231 3302 4303; x_wconf 84' lang='lat' dir='ltr'><strong>accessitquidem</strong></span> <span class='ocrx_word' id='word_1_628' title='bbox 3335 4252 3353 4284; x_wconf 76' lang='grc' dir='ltr'>ι</span> <span class='ocrx_word' id='word_1_629' title='bbox 3391 4247 3589 4302; x_wconf 74' lang='lat' dir='ltr'><strong>rogans</strong></span> <span class='ocrx_word' id='word_1_630' title='bbox 3615 4243 3794 4303; x_wconf 84' lang='lat' dir='ltr'><strong>atque</strong></span> <span class='ocrx_word' id='word_1_631' title='bbox 3825 4237 3916 4288; x_wconf 83' lang='lat' dir='ltr'><strong>ob-</strong></span> 
     </span>
    </p>
   </div>
   <div class='ocr_carea' id='block_1_90' title="bbox 2293 4323 3913 4384">
    <p class='ocr_par' dir='ltr' id='par_1_90' title="bbox 2293 4323 3913 4384">
     <span class='ocr_line' id='line_1_90' title="bbox 2293 4323 3913 4384; baseline -0.002 0"><span class='ocrx_word' id='word_1_632' title='bbox 2293 4337 2498 4384; x_wconf 87' lang='lat' dir='ltr'><strong>testans</strong></span> <span class='ocrx_word' id='word_1_633' title='bbox 2529 4345 2547 4376; x_wconf 80' lang='grc'><strong>»</strong></span> <span class='ocrx_word' id='word_1_634' title='bbox 2583 4334 2697 4378; x_wconf 90' lang='lat' dir='ltr'><strong>uta</strong></span> <span class='ocrx_word' id='word_1_635' title='bbox 2726 4323 2944 4379; x_wconf 82' lang='lat' dir='ltr'><strong>ferenda</strong></span> <span class='ocrx_word' id='word_1_636' title='bbox 2988 4325 3574 4380; x_wconf 81' lang='lat' dir='ltr'><strong>excommunicationis</strong></span> <span class='ocrx_word' id='word_1_637' title='bbox 3623 4329 3913 4382; x_wconf 70' lang='lat' dir='ltr'><strong>sententia</strong></span> 
     </span>
    </p>
   </div>
   <div class='ocr_carea' id='block_1_91' title="bbox 2288 4417 3908 4487">
    <p class='ocr_par' dir='ltr' id='par_1_91' title="bbox 2288 4417 3908 4487">
     <span class='ocr_line' id='line_1_91' title="bbox 2288 4417 3908 4487; baseline -0.001 -11"><span class='ocrx_word' id='word_1_638' title='bbox 2288 4420 2603 4481; x_wconf 77' lang='lat' dir='ltr'><strong>abstineret,</strong></span> <span class='ocrx_word' id='word_1_639' title='bbox 2623 4419 2850 4487; x_wconf 86' lang='lat' dir='ltr'><strong>ideoque</strong></span> <span class='ocrx_word' id='word_1_640' title='bbox 2879 4432 2945 4472; x_wconf 91' lang='lat' dir='ltr'><strong>ne</strong></span> <span class='ocrx_word' id='word_1_641' title='bbox 2971 4417 3114 4487; x_wconf 91' lang='lat' dir='ltr'><strong>quod</strong></span> <span class='ocrx_word' id='word_1_642' title='bbox 3132 4417 3262 4487; x_wconf 84' lang='lat' dir='ltr'><strong>ipsis</strong></span> <span class='ocrx_word' id='word_1_643' title='bbox 3289 4418 3676 4472; x_wconf 78' lang='lat' dir='ltr'><strong>interminatus</strong></span> <span class='ocrx_word' id='word_1_644' title='bbox 3704 4419 3908 4486; x_wconf 74' lang='lat' dir='ltr'><strong>fuerat,</strong></span> 
     </span>
    </p>
   </div>
   <div class='ocr_carea' id='block_1_92' title="bbox 2296 4510 3914 4570">
    <p class='ocr_par' dir='ltr' id='par_1_92' title="bbox 2296 4510 3914 4570">
     <span class='ocr_line' id='line_1_92' title="bbox 2296 4510 3914 4570; baseline 0.003 -4"><span class='ocrx_word' id='word_1_645' title='bbox 2296 4533 2315 4566; x_wconf 71' lang='grc' dir='ltr'><strong><em>ι</em></strong></span> <span class='ocrx_word' id='word_1_646' title='bbox 2353 4527 2476 4569; x_wconf 88' lang='lat' dir='ltr'><strong>sese</strong></span> <span class='ocrx_word' id='word_1_647' title='bbox 2526 4510 2776 4565; x_wconf 85' lang='lat' dir='ltr'><strong>nimirum</strong></span> <span class='ocrx_word' id='word_1_648' title='bbox 2811 4511 2878 4565; x_wconf 84' lang='lat' dir='ltr'><strong>ab</strong></span> <span class='ocrx_word' id='word_1_649' title='bbox 2931 4510 3144 4564; x_wconf 85' lang='lat' dir='ltr'><strong>illorum</strong></span> <span class='ocrx_word' id='word_1_650' title='bbox 3197 4512 3578 4566; x_wconf 76' lang='lat' dir='ltr'><strong>eotntnunionc</strong></span> <span class='ocrx_word' id='word_1_651' title='bbox 3622 4512 3914 4570; x_wconf 80' lang='lat' dir='ltr'><strong>discessu-</strong></span> 
     </span>
    </p>
   </div>
   <div class='ocr_carea' id='block_1_93' title="bbox 583 4602 3907 4695">
    <p class='ocr_par' dir='ltr' id='par_1_93' title="bbox 583 4602 3907 4695">
     <span class='ocr_line' id='line_1_93' title="bbox 583 4602 3907 4695; baseline 0.001 -35"><span class='ocrx_word' id='word_1_652' title='bbox 583 4602 842 4682; x_wconf 58' lang='lat' dir='ltr'><strong>{mcmus</strong></span> <span class='ocrx_word' id='word_1_653' title='bbox 872 4626 1021 4680; x_wconf 48' lang='lat' dir='ltr'><strong>aditu</strong></span> <span class='ocrx_word' id='word_1_654' title='bbox 1053 4625 1224 4680; x_wconf 61' lang='lat' dir='ltr'><strong>vider;</strong></span> <span class='ocrx_word' id='word_1_655' title='bbox 1265 4633 1462 4694; x_wconf 63' lang='grc' dir='ltr'><strong>ρηιεει,</strong></span> <span class='ocrx_word' id='word_1_656' title='bbox 1504 4623 1559 4678; x_wconf 65' lang='grc' dir='ltr'>εί</span> <span class='ocrx_word' id='word_1_657' title='bbox 1592 4639 1723 4695; x_wconf 63' lang='lat' dir='ltr'><strong>ergo</strong></span> <span class='ocrx_word' id='word_1_658' title='bbox 1753 4624 2030 4694; x_wconf 49' lang='lat' dir='ltr'><strong>episcopo,</strong></span> <span class='ocrx_word' id='word_1_659' title='bbox 2055 4641 2176 4695; x_wconf 48' lang='lat' dir='ltr'><strong>quae</strong></span> <span class='ocrx_word' id='word_1_660' title='bbox 2206 4633 2260 4694; x_wconf 84' lang='lat' dir='ltr'><strong>D-</strong></span> <span class='ocrx_word' id='word_1_661' title='bbox 2290 4621 2430 4670; x_wconf 88' lang='lat' dir='ltr'><strong>rum,</strong></span> <span class='ocrx_word' id='word_1_662' title='bbox 2465 4603 2769 4659; x_wconf 83' lang='lat' dir='ltr'><strong>executioni</strong></span> <span class='ocrx_word' id='word_1_663' title='bbox 2807 4602 3178 4657; x_wconf 88' lang='lat' dir='ltr'><strong>demandaret.</strong></span> <span class='ocrx_word' id='word_1_664' title='bbox 3215 4603 3385 4695; x_wconf 79' lang='lat' dir='ltr'><strong>Fusas</strong></span> <span class='ocrx_word' id='word_1_665' title='bbox 3413 4620 3442 4657; x_wconf 87' lang='lat' dir='ltr'><strong>a</strong></span> <span class='ocrx_word' id='word_1_666' title='bbox 3474 4605 3746 4676; x_wconf 81' lang='lat' dir='ltr'><strong>Dionysio</strong></span> <span class='ocrx_word' id='word_1_667' title='bbox 3781 4624 3907 4678; x_wconf 80' lang='lat' dir='ltr'><strong>pre-</strong></span> 
     </span>
    </p>
   </div>
   <div class='ocr_carea' id='block_1_94' title="bbox 581 4715 2182 4776">
    <p class='ocr_par' dir='ltr' id='par_1_94' title="bbox 581 4715 2182 4776">
     <span class='ocr_line' id='line_1_94' title="bbox 581 4715 2182 4776; baseline -0.003 0"><span class='ocrx_word' id='word_1_668' title='bbox 581 4721 810 4776; x_wconf 89' lang='lat' dir='ltr'><strong>suismet</strong></span> <span class='ocrx_word' id='word_1_669' title='bbox 860 4719 1030 4774; x_wconf 85' lang='lat' dir='ltr'><strong>oculis</strong></span> <span class='ocrx_word' id='word_1_670' title='bbox 1085 4719 1513 4773; x_wconf 81' lang='lat' dir='ltr'><strong>obversabantur</strong></span> <span class='ocrx_word' id='word_1_671' title='bbox 1562 4717 1817 4771; x_wconf 84' lang='lat' dir='ltr'><strong>referenti</strong></span> <span class='ocrx_word' id='word_1_672' title='bbox 1865 4715 2000 4770; x_wconf 83' lang='lat' dir='ltr'><strong>ﬁdes</strong></span> <span class='ocrx_word' id='word_1_673' title='bbox 2026 4717 2182 4771; x_wconf 88' lang='lat' dir='ltr'><strong>adhi-</strong></span> 
     </span>
    </p>
   </div>
   <div class='ocr_carea' id='block_1_95' title="bbox 579 4809 2182 4882">
    <p class='ocr_par' dir='ltr' id='par_1_95' title="bbox 579 4809 2182 4882">
     <span class='ocr_line' id='line_1_95' title="bbox 579 4809 2182 4882; baseline -0.002 -14"><span class='ocrx_word' id='word_1_674' title='bbox 579 4811 781 4877; x_wconf 81' lang='lat' dir='ltr'><strong>benda,</strong></span> <span class='ocrx_word' id='word_1_675' title='bbox 813 4811 962 4865; x_wconf 79' lang='lat' dir='ltr'><strong>vides</strong></span> <span class='ocrx_word' id='word_1_676' title='bbox 991 4810 1263 4882; x_wconf 87' lang='lat' dir='ltr'><strong>Cypriano</strong></span> <span class='ocrx_word' id='word_1_677' title='bbox 1305 4811 1532 4881; x_wconf 87' lang='lat' dir='ltr'><strong>aliisque</strong></span> <span class='ocrx_word' id='word_1_678' title='bbox 1564 4809 2001 4880; x_wconf 87' lang='lat' dir='ltr'><strong>rebaptizationis</strong></span> <span class='ocrx_word' id='word_1_679' title='bbox 2031 4811 2182 4864; x_wconf 87' lang='lat' dir='ltr'><strong>novi-</strong></span> 
     </span>
    </p>
   </div>
   <div class='ocr_carea' id='block_1_96' title="bbox 581 4902 2179 4960">
    <p class='ocr_par' dir='ltr' id='par_1_96' title="bbox 581 4902 2179 4960">
     <span class='ocr_line' id='line_1_96' title="bbox 581 4902 2179 4960; baseline -0.002 -1"><span class='ocrx_word' id='word_1_680' title='bbox 581 4914 746 4960; x_wconf 87' lang='lat' dir='ltr'><strong>tatem</strong></span> <span class='ocrx_word' id='word_1_681' title='bbox 777 4903 1240 4958; x_wconf 88' lang='lat' dir='ltr'><strong>introduccntibns</strong></span> <span class='ocrx_word' id='word_1_682' title='bbox 1273 4903 1557 4957; x_wconf 77' lang='lat' dir='ltr'><strong>adversam</strong></span> <span class='ocrx_word' id='word_1_683' title='bbox 1589 4911 1713 4956; x_wconf 90' lang='lat' dir='ltr'><strong>tunc</strong></span> <span class='ocrx_word' id='word_1_684' title='bbox 1764 4902 1927 4955; x_wconf 78' lang='lat' dir='ltr'><strong>fuisse</strong></span> <span class='ocrx_word' id='word_1_685' title='bbox 1962 4919 1980 4952; x_wconf 86' lang='grc'><em>‹</em></span> <span class='ocrx_word' id='word_1_686' title='bbox 2019 4917 2179 4956; x_wconf 89' lang='lat' dir='ltr'><strong>vene-</strong></span> 
     </span>
    </p>
   </div>
   <div class='ocr_carea' id='block_1_97' title="bbox 581 4997 2178 5064">
    <p class='ocr_par' dir='ltr' id='par_1_97' title="bbox 581 4997 2178 5064">
     <span class='ocr_line' id='line_1_97' title="bbox 581 4997 2178 5064; baseline -0.004 -6"><span class='ocrx_word' id='word_1_687' title='bbox 581 5003 807 5058; x_wconf 88' lang='lat' dir='ltr'><strong>rabilem</strong></span> <span class='ocrx_word' id='word_1_688' title='bbox 856 4999 1208 5055; x_wconf 87' lang='lat' dir='ltr'><strong>ecclesiarum</strong></span> <span class='ocrx_word' id='word_1_689' title='bbox 1259 4999 1497 5053; x_wconf 90' lang='lat' dir='ltr'><strong>onmium</strong></span> <span class='ocrx_word' id='word_1_690' title='bbox 1553 4997 1950 5052; x_wconf 80' lang='lat' dir='ltr'><strong>auctoritatem.</strong></span> <span class='ocrx_word' id='word_1_691' title='bbox 1990 5014 2008 5048; x_wconf 72' lang='grc' dir='ltr'><strong><em>ι</em></strong></span> <span class='ocrx_word' id='word_1_692' title='bbox 2043 4998 2178 5064; x_wconf 83' lang='lat' dir='ltr'><strong>Quia</strong></span> 
     </span>
    </p>
   </div>
   <div class='ocr_carea' id='block_1_98' title="bbox 580 5092 2178 5165">
    <p class='ocr_par' dir='ltr' id='par_1_98' title="bbox 580 5092 2178 5165">
     <span class='ocr_line' id='line_1_98' title="bbox 580 5092 2178 5165; baseline -0.004 -14"><span class='ocrx_word' id='word_1_693' title='bbox 580 5097 835 5152; x_wconf 87' lang='lat' dir='ltr'><strong>nimirum</strong></span> <span class='ocrx_word' id='word_1_694' title='bbox 883 5095 1142 5165; x_wconf 89' lang='lat' dir='ltr'><strong>Stephani</strong></span> <span class='ocrx_word' id='word_1_695' title='bbox 1194 5092 1558 5162; x_wconf 61' lang='lat' dir='ltr'><strong>principientis</strong></span> <span class='ocrx_word' id='word_1_696' title='bbox 1589 5092 1962 5146; x_wconf 88' lang='lat' dir='ltr'><strong>auctoritatem</strong></span> <span class='ocrx_word' id='word_1_697' title='bbox 1990 5105 2178 5145; x_wconf 89' lang='lat' dir='ltr'><strong>omnes</strong></span> 
     </span>
    </p>
   </div>
   <div class='ocr_carea' id='block_1_99' title="bbox 579 5185 2178 5258">
    <p class='ocr_par' dir='ltr' id='par_1_99' title="bbox 579 5185 2178 5258">
     <span class='ocr_line' id='line_1_99' title="bbox 579 5185 2178 5258; baseline -0.004 -12"><span class='ocrx_word' id='word_1_698' title='bbox 579 5192 685 5247; x_wconf 80' lang='lat' dir='ltr'><strong>ilhc</strong></span> <span class='ocrx_word' id='word_1_699' title='bbox 730 5187 973 5245; x_wconf 58' lang='lat' dir='ltr'><strong>ecclesiae</strong></span> <span class='ocrx_word' id='word_1_700' title='bbox 1018 5188 1362 5243; x_wconf 88' lang='lat' dir='ltr'><strong>assentiendo</strong></span> <span class='ocrx_word' id='word_1_701' title='bbox 1392 5196 1446 5242; x_wconf 88' lang='lat' dir='ltr'><strong>et</strong></span> <span class='ocrx_word' id='word_1_702' title='bbox 1474 5186 1822 5258; x_wconf 87' lang='lat' dir='ltr'><strong>approbando</strong></span> <span class='ocrx_word' id='word_1_703' title='bbox 1853 5201 2003 5240; x_wconf 87' lang='lat' dir='ltr'><strong>suam</strong></span> <span class='ocrx_word' id='word_1_704' title='bbox 2037 5185 2178 5240; x_wconf 79' lang='lat' dir='ltr'><strong>fece-</strong></span> 
     </span>
    </p>
   </div>
   <div class='ocr_carea' id='block_1_100' title="bbox 579 5280 2174 5353">
    <p class='ocr_par' dir='ltr' id='par_1_100' title="bbox 579 5280 2174 5353">
     <span class='ocr_line' id='line_1_100' title="bbox 579 5280 2174 5353; baseline -0.004 -14"><span class='ocrx_word' id='word_1_705' title='bbox 579 5296 724 5340; x_wconf 89' lang='lat' dir='ltr'><strong>rant.</strong></span> <span class='ocrx_word' id='word_1_706' title='bbox 787 5285 861 5338; x_wconf 76' lang='lat' dir='ltr'><strong>Ex</strong></span> <span class='ocrx_word' id='word_1_707' title='bbox 914 5298 1020 5353; x_wconf 93' lang='lat' dir='ltr'><strong>quo</strong></span> <span class='ocrx_word' id='word_1_708' title='bbox 1071 5292 1218 5353; x_wconf 91' lang='lat' dir='ltr'><strong>patet</strong></span> <span class='ocrx_word' id='word_1_709' title='bbox 1267 5281 1523 5351; x_wconf 79' lang='lat' dir='ltr'><strong>Stephani</strong></span> <span class='ocrx_word' id='word_1_710' title='bbox 1564 5290 1894 5352; x_wconf 70' lang='lat' dir='ltr'><strong>praeceptum</strong></span> <span class='ocrx_word' id='word_1_711' title='bbox 1946 5280 2174 5350; x_wconf 87' lang='lat' dir='ltr'><strong>justum,</strong></span> 
     </span>
    </p>
   </div>
   <div class='ocr_carea' id='block_1_101' title="bbox 583 5371 2180 5447">
    <p class='ocr_par' dir='ltr' id='par_1_101' title="bbox 583 5371 2180 5447">
     <span class='ocr_line' id='line_1_101' title="bbox 583 5371 2180 5447; baseline -0.001 -17"><span class='ocrx_word' id='word_1_712' title='bbox 583 5391 904 5447; x_wconf 79' lang='lat' dir='ltr'><strong>aquamque</strong></span> <span class='ocrx_word' id='word_1_713' title='bbox 927 5376 1034 5430; x_wconf 89' lang='lat' dir='ltr'><strong>illis</strong></span> <span class='ocrx_word' id='word_1_714' title='bbox 1054 5376 1302 5430; x_wconf 90' lang='lat' dir='ltr'><strong>omnibus</strong></span> <span class='ocrx_word' id='word_1_715' title='bbox 1319 5374 1562 5430; x_wconf 82' lang='lat' dir='ltr'><strong>ecclesiis</strong></span> <span class='ocrx_word' id='word_1_716' title='bbox 1584 5376 1756 5429; x_wconf 89' lang='lat' dir='ltr'><strong>visum</strong></span> <span class='ocrx_word' id='word_1_717' title='bbox 1786 5371 1973 5428; x_wconf 84' lang='lat' dir='ltr'><strong>fuisse.</strong></span> <span class='ocrx_word' id='word_1_718' title='bbox 2000 5374 2180 5440; x_wconf 82' lang='lat' dir='ltr'><strong>Quare</strong></span> 
     </span>
    </p>
   </div>
   <div class='ocr_carea' id='block_1_102' title="bbox 582 5465 2180 5538">
    <p class='ocr_par' dir='ltr' id='par_1_102' title="bbox 582 5465 2180 5538">
     <span class='ocr_line' id='line_1_102' title="bbox 582 5465 2180 5538; baseline -0.003 -14"><span class='ocrx_word' id='word_1_719' title='bbox 582 5470 744 5525; x_wconf 89' lang='lat' dir='ltr'><strong>etiam</strong></span> <span class='ocrx_word' id='word_1_720' title='bbox 775 5468 1046 5538; x_wconf 80' lang='lat' dir='ltr'><strong>Cypriano</strong></span> <span class='ocrx_word' id='word_1_721' title='bbox 1079 5476 1222 5522; x_wconf 90' lang='lat' dir='ltr'><strong>tanta</strong></span> <span class='ocrx_word' id='word_1_722' title='bbox 1251 5468 1402 5535; x_wconf 83' lang='lat' dir='ltr'><strong>juxta</strong></span> <span class='ocrx_word' id='word_1_723' title='bbox 1430 5477 1706 5522; x_wconf 86' lang='lat' dir='ltr'><strong>auctorem</strong></span> <span class='ocrx_word' id='word_1_724' title='bbox 1750 5476 1992 5520; x_wconf 91' lang='lat' dir='ltr'><strong>nostrum</strong></span> <span class='ocrx_word' id='word_1_725' title='bbox 2019 5466 2091 5519; x_wconf 92' lang='lat' dir='ltr'><strong>nil</strong></span> <span class='ocrx_word' id='word_1_726' title='bbox 2126 5465 2180 5519; x_wconf 93' lang='lat' dir='ltr'><strong>in</strong></span> 
     </span>
    </p>
   </div>
   <div class='ocr_carea' id='block_1_103' title="bbox 580 5556 2180 5631">
    <p class='ocr_par' dir='ltr' id='par_1_103' title="bbox 580 5556 2180 5631">
     <span class='ocr_line' id='line_1_103' title="bbox 580 5556 2180 5631; baseline -0.003 -15"><span class='ocrx_word' id='word_1_727' title='bbox 580 5577 741 5617; x_wconf 90' lang='lat' dir='ltr'><strong>causa</strong></span> <span class='ocrx_word' id='word_1_728' title='bbox 791 5560 1547 5631; x_wconf 54' lang='lat' dir='ltr'><strong>Baptismatis.haereticorum</strong></span> <span class='ocrx_word' id='word_1_729' title='bbox 1602 5558 1899 5614; x_wconf 87' lang='lat' dir='ltr'><strong>innovandi</strong></span> <span class='ocrx_word' id='word_1_730' title='bbox 1931 5556 2180 5612; x_wconf 71' lang='lat' dir='ltr'><strong>«humili-</strong></span> 
     </span>
    </p>
   </div>
   <div class='ocr_carea' id='block_1_104' title="bbox 660 5755 2177 5823">
    <p class='ocr_par' dir='ltr' id='par_1_104' title="bbox 660 5755 2177 5823">
     <span class='ocr_line' id='line_1_104' title="bbox 660 5755 2177 5823; baseline 0.003 -17"><span class='ocrx_word' id='word_1_731' title='bbox 660 5756 741 5820; x_wconf 83' lang='grc'><strong>(1)</strong></span> <span class='ocrx_word' id='word_1_732' title='bbox 773 5755 829 5806; x_wconf 83' lang='grc' dir='ltr'><strong>ιη</strong></span> <span class='ocrx_word' id='word_1_733' title='bbox 863 5763 1088 5823; x_wconf 85' lang='lat' dir='ltr'><strong>tractatu</strong></span> <span class='ocrx_word' id='word_1_734' title='bbox 1127 5755 1219 5822; x_wconf 91' lang='lat' dir='ltr'><strong>qui</strong></span> <span class='ocrx_word' id='word_1_735' title='bbox 1247 5755 1431 5823; x_wconf 90' lang='lat' dir='ltr'><strong>incipit</strong></span> <span class='ocrx_word' id='word_1_736' title='bbox 1475 5757 1558 5810; x_wconf 91' lang='lat' dir='ltr'><strong>his</strong></span> <span class='ocrx_word' id='word_1_737' title='bbox 1597 5756 1774 5813; x_wconf 87' lang='lat' dir='ltr'><strong>verbis</strong></span> <span class='ocrx_word' id='word_1_738' title='bbox 1807 5773 1819 5809; x_wconf 93' lang='lat'><strong>:</strong></span> <span class='ocrx_word' id='word_1_739' title='bbox 1848 5756 1969 5812; x_wconf 88' lang='lat' dir='ltr'><strong>Non</strong></span> <span class='ocrx_word' id='word_1_740' title='bbox 1997 5755 2177 5811; x_wconf 84' lang='lat' dir='ltr'><strong>debere</strong></span> 
     </span>
    </p>
   </div>
   <div class='ocr_carea' id='block_1_105' title="bbox 588 5821 1669 5889">
    <p class='ocr_par' dir='ltr' id='par_1_105' title="bbox 588 5821 1669 5889">
     <span class='ocr_line' id='line_1_105' title="bbox 588 5821 1669 5889; baseline 0.006 -17"><span class='ocrx_word' id='word_1_741' title='bbox 588 5821 777 5884; x_wconf 82' lang='lat' dir='ltr'><strong>denuo,</strong></span> <span class='ocrx_word' id='word_1_742' title='bbox 804 5832 906 5876; x_wconf 90' lang='lat' dir='ltr'><strong>ctc.</strong></span> <span class='ocrx_word' id='word_1_743' title='bbox 935 5822 1045 5887; x_wconf 87' lang='lat' dir='ltr'><strong>jam</strong></span> <span class='ocrx_word' id='word_1_744' title='bbox 1074 5821 1235 5889; x_wconf 81' lang='lat' dir='ltr'><strong>supra</strong></span> <span class='ocrx_word' id='word_1_745' title='bbox 1263 5821 1444 5877; x_wconf 81' lang='lat' dir='ltr'><strong>citato.</strong></span> <span class='ocrx_word' id='word_1_746' title='bbox 1665 5855 1669 5858; x_wconf 94' lang='lat'><strong><em>-</em></strong></span> 
     </span>
    </p>
   </div>
   <div class='ocr_carea' id='block_1_106' title="bbox 2290 4694 3886 4766">
    <p class='ocr_par' dir='ltr' id='par_1_106' title="bbox 2290 4694 3886 4766">
     <span class='ocr_line' id='line_1_106' title="bbox 2290 4694 3886 4766; baseline -0.001 -12"><span class='ocrx_word' id='word_1_747' title='bbox 2290 4713 2381 4754; x_wconf 87' lang='lat' dir='ltr'><strong>ces</strong></span> <span class='ocrx_word' id='word_1_748' title='bbox 2409 4695 2667 4766; x_wconf 85' lang='lat' dir='ltr'><strong>Stephani</strong></span> <span class='ocrx_word' id='word_1_749' title='bbox 2699 4695 2958 4750; x_wconf 74' lang='lat' dir='ltr'><strong>Voluntati</strong></span> <span class='ocrx_word' id='word_1_750' title='bbox 2989 4709 3256 4750; x_wconf 82' lang='lat' dir='ltr'><strong>consonas</strong></span> <span class='ocrx_word' id='word_1_751' title='bbox 3283 4694 3446 4750; x_wconf 82' lang='lat' dir='ltr'><strong>fuisse</strong></span> <span class='ocrx_word' id='word_1_752' title='bbox 3461 4707 3686 4752; x_wconf 74' lang='lat' dir='ltr'><strong>constat</strong></span> <span class='ocrx_word' id='word_1_753' title='bbox 3706 4715 3778 4754; x_wconf 77' lang='lat' dir='ltr'><strong>ex</strong></span> <span class='ocrx_word' id='word_1_754' title='bbox 3803 4701 3886 4756; x_wconf 85' lang='lat' dir='ltr'><strong>Au</strong></span> 
     </span>
    </p>
   </div>
   <div class='ocr_carea' id='block_1_107' title="bbox 2287 4786 3902 4863">
    <p class='ocr_par' dir='ltr' id='par_1_107' title="bbox 2287 4786 3902 4863">
     <span class='ocr_line' id='line_1_107' title="bbox 2287 4786 3902 4863; baseline 0.002 -20"><span class='ocrx_word' id='word_1_755' title='bbox 2287 4790 2501 4861; x_wconf 80' lang='lat' dir='ltr'><strong>gustino</strong></span> <span class='ocrx_word' id='word_1_756' title='bbox 2534 4828 2549 4852; x_wconf 93' lang='lat'><strong>,</strong></span> <span class='ocrx_word' id='word_1_757' title='bbox 2604 4787 2692 4857; x_wconf 89' lang='lat' dir='ltr'><strong>qui</strong></span> <span class='ocrx_word' id='word_1_758' title='bbox 2733 4787 2928 4854; x_wconf 67' lang='lat' dir='ltr'><strong>saepius</strong></span> <span class='ocrx_word' id='word_1_759' title='bbox 2985 4795 3211 4840; x_wconf 87' lang='lat' dir='ltr'><strong>testatur</strong></span> <span class='ocrx_word' id='word_1_760' title='bbox 3256 4786 3594 4856; x_wconf 85' lang='lat' dir='ltr'><strong>Stephanum</strong></span> <span class='ocrx_word' id='word_1_761' title='bbox 3628 4805 3766 4844; x_wconf 83' lang='lat' dir='ltr'><strong>cum</strong></span> <span class='ocrx_word' id='word_1_762' title='bbox 3799 4793 3902 4863; x_wconf 77' lang='lat' dir='ltr'><strong>Cy-</strong></span> 
     </span>
    </p>
   </div>
   <div class='ocr_carea' id='block_1_108' title="bbox 2287 4878 3903 4951">
    <p class='ocr_par' dir='ltr' id='par_1_108' title="bbox 2287 4878 3903 4951">
     <span class='ocr_line' id='line_1_108' title="bbox 2287 4878 3903 4951; baseline 0.002 -16"><span class='ocrx_word' id='word_1_763' title='bbox 2287 4883 2476 4951; x_wconf 90' lang='lat' dir='ltr'><strong>priano</strong></span> <span class='ocrx_word' id='word_1_764' title='bbox 2506 4894 2689 4949; x_wconf 85' lang='lat' dir='ltr'><strong>pacem</strong></span> <span class='ocrx_word' id='word_1_765' title='bbox 2739 4890 2792 4932; x_wconf 93' lang='lat' dir='ltr'><strong>ct</strong></span> <span class='ocrx_word' id='word_1_766' title='bbox 2849 4878 3168 4933; x_wconf 88' lang='lat' dir='ltr'><strong>citaritatem</strong></span> <span class='ocrx_word' id='word_1_767' title='bbox 3213 4893 3591 4945; x_wconf 80' lang='lat' dir='ltr'><strong>conservasse,</strong></span> <span class='ocrx_word' id='word_1_768' title='bbox 3619 4892 3680 4935; x_wconf 87' lang='lat' dir='ltr'><strong>et</strong></span> <span class='ocrx_word' id='word_1_769' title='bbox 3708 4897 3903 4938; x_wconf 75' lang='lat' dir='ltr'><strong>conse-</strong></span> 
     </span>
    </p>
   </div>
   <div class='ocr_carea' id='block_1_109' title="bbox 2287 4970 3912 5044">
    <p class='ocr_par' dir='ltr' id='par_1_109' title="bbox 2287 4970 3912 5044">
     <span class='ocr_line' id='line_1_109' title="bbox 2287 4970 3912 5044; baseline 0.004 -19"><span class='ocrx_word' id='word_1_770' title='bbox 2287 4983 2514 5044; x_wconf 90' lang='lat' dir='ltr'><strong>quenter</strong></span> <span class='ocrx_word' id='word_1_771' title='bbox 2537 4972 2672 5025; x_wconf 89' lang='lat' dir='ltr'><strong>intra</strong></span> <span class='ocrx_word' id='word_1_772' title='bbox 2703 4971 2846 5026; x_wconf 73' lang='lat' dir='ltr'><strong>solas</strong></span> <span class='ocrx_word' id='word_1_773' title='bbox 2877 4970 3451 5024; x_wconf 83' lang='lat' dir='ltr'><strong>excommunicationis</strong></span> <span class='ocrx_word' id='word_1_774' title='bbox 3477 4973 3662 5026; x_wconf 85' lang='lat' dir='ltr'><strong>minas</strong></span> <span class='ocrx_word' id='word_1_775' title='bbox 3680 4978 3912 5032; x_wconf 78' lang='lat' dir='ltr'><strong>stetisse</strong></span> 
     </span>
    </p>
   </div>
   <div class='ocr_carea' id='block_1_110' title="bbox 2283 5063 3912 5137">
    <p class='ocr_par' dir='ltr' id='par_1_110' title="bbox 2283 5063 3912 5137">
     <span class='ocr_line' id='line_1_110' title="bbox 2283 5063 3912 5137; baseline 0.002 -16"><span class='ocrx_word' id='word_1_776' title='bbox 2283 5081 2384 5122; x_wconf 90' lang='lat' dir='ltr'><strong>nec</strong></span> <span class='ocrx_word' id='word_1_777' title='bbox 2415 5065 2638 5119; x_wconf 90' lang='lat' dir='ltr'><strong>ulterius</strong></span> <span class='ocrx_word' id='word_1_778' title='bbox 2669 5079 3011 5134; x_wconf 78' lang='lat' dir='ltr'><strong>progressum</strong></span> <span class='ocrx_word' id='word_1_779' title='bbox 3046 5064 3206 5118; x_wconf 75' lang='lat' dir='ltr'><strong>fuisse</strong></span> <span class='ocrx_word' id='word_1_780' title='bbox 3247 5063 3355 5135; x_wconf 55' lang='lat'><strong>(3)..</strong></span> <span class='ocrx_word' id='word_1_781' title='bbox 3379 5066 3443 5118; x_wconf 79' lang='lat' dir='ltr'><strong>At</strong></span> <span class='ocrx_word' id='word_1_782' title='bbox 3475 5064 3912 5137; x_wconf 76' lang='lat' dir='ltr'><strong>intempestivas</strong></span> 
     </span>
    </p>
   </div>
   <div class='ocr_carea' id='block_1_111' title="bbox 2283 5157 3910 5235">
    <p class='ocr_par' dir='ltr' id='par_1_111' title="bbox 2283 5157 3910 5235">
     <span class='ocr_line' id='line_1_111' title="bbox 2283 5157 3910 5235; baseline 0.002 -22"><span class='ocrx_word' id='word_1_783' title='bbox 2283 5159 2451 5214; x_wconf 79' lang='lat' dir='ltr'><strong>fuisse</strong></span> <span class='ocrx_word' id='word_1_784' title='bbox 2484 5158 2580 5213; x_wconf 91' lang='lat' dir='ltr'><strong>has</strong></span> <span class='ocrx_word' id='word_1_785' title='bbox 2608 5157 2866 5226; x_wconf 91' lang='lat' dir='ltr'><strong>Stephani</strong></span> <span class='ocrx_word' id='word_1_786' title='bbox 2905 5159 3078 5210; x_wconf 89' lang='lat' dir='ltr'><strong>minas</strong></span> <span class='ocrx_word' id='word_1_787' title='bbox 3111 5157 3417 5211; x_wconf 89' lang='lat' dir='ltr'><strong>nullatenus</strong></span> <span class='ocrx_word' id='word_1_788' title='bbox 3460 5159 3662 5212; x_wconf 86' lang='lat' dir='ltr'><strong>asserit</strong></span> <span class='ocrx_word' id='word_1_789' title='bbox 3692 5161 3910 5235; x_wconf 74' lang='lat' dir='ltr'><strong>Diony-</strong></span> 
     </span>
    </p>
   </div>
   <div class='ocr_carea' id='block_1_112' title="bbox 2282 5245 3882 5320">
    <p class='ocr_par' dir='ltr' id='par_1_112' title="bbox 2282 5245 3882 5320">
     <span class='ocr_line' id='line_1_112' title="bbox 2282 5245 3882 5320; baseline 0.001 -13"><span class='ocrx_word' id='word_1_790' title='bbox 2282 5253 2415 5319; x_wconf 92' lang='lat' dir='ltr'><strong>sius,</strong></span> <span class='ocrx_word' id='word_1_791' title='bbox 2449 5257 2500 5305; x_wconf 87' lang='lat' dir='ltr'><strong>et</strong></span> <span class='ocrx_word' id='word_1_792' title='bbox 2531 5249 2777 5320; x_wconf 82' lang='lat' dir='ltr'><strong>profecto</strong></span> <span class='ocrx_word' id='word_1_793' title='bbox 2805 5250 2848 5302; x_wconf 89' lang='lat' dir='ltr'><strong>si</strong></span> <span class='ocrx_word' id='word_1_794' title='bbox 2881 5249 3018 5303; x_wconf 82' lang='lat' dir='ltr'><strong>tales</strong></span> <span class='ocrx_word' id='word_1_795' title='bbox 3049 5245 3169 5302; x_wconf 89' lang='lat' dir='ltr'><strong>illas</strong></span> <span class='ocrx_word' id='word_1_796' title='bbox 3199 5247 3564 5302; x_wconf 78' lang='lat' dir='ltr'><strong>existlntttsset</strong></span> <span class='ocrx_word' id='word_1_797' title='bbox 3591 5250 3811 5307; x_wconf 84' lang='lat' dir='ltr'><strong>eadem</strong></span> <span class='ocrx_word' id='word_1_798' title='bbox 3847 5256 3882 5308; x_wconf 88' lang='lat' dir='ltr'><strong>li</strong></span> 
     </span>
    </p>
   </div>
   <div class='ocr_carea' id='block_1_113' title="bbox 2280 5340 3912 5413">
    <p class='ocr_par' dir='ltr' id='par_1_113' title="bbox 2280 5340 3912 5413">
     <span class='ocr_line' id='line_1_113' title="bbox 2280 5340 3912 5413; baseline 0.002 -13"><span class='ocrx_word' id='word_1_799' title='bbox 2280 5345 2513 5411; x_wconf 74' lang='lat' dir='ltr'><strong>berttite,</strong></span> <span class='ocrx_word' id='word_1_800' title='bbox 2539 5359 2640 5413; x_wconf 89' lang='lat' dir='ltr'><strong>qua</strong></span> <span class='ocrx_word' id='word_1_801' title='bbox 2673 5340 2774 5411; x_wconf 91' lang='lat' dir='ltr'><strong>ipsi</strong></span> <span class='ocrx_word' id='word_1_802' title='bbox 2802 5340 3139 5411; x_wconf 74' lang='lat' dir='ltr'><strong>significabat</strong></span> <span class='ocrx_word' id='word_1_803' title='bbox 3163 5340 3465 5396; x_wconf 82' lang='lat' dir='ltr'><strong>executioni</strong></span> <span class='ocrx_word' id='word_1_804' title='bbox 3493 5353 3606 5394; x_wconf 89' lang='lat' dir='ltr'><strong>non</strong></span> <span class='ocrx_word' id='word_1_805' title='bbox 3639 5355 3778 5400; x_wconf 80' lang='lat' dir='ltr'><strong>esse</strong></span> <span class='ocrx_word' id='word_1_806' title='bbox 3815 5343 3912 5403; x_wconf 78' lang='lat' dir='ltr'><strong>dc-</strong></span> 
     </span>
    </p>
   </div>
   <div class='ocr_carea' id='block_1_114' title="bbox 2286 5433 3916 5504">
    <p class='ocr_par' dir='ltr' id='par_1_114' title="bbox 2286 5433 3916 5504">
     <span class='ocr_line' id='line_1_114' title="bbox 2286 5433 3916 5504; baseline 0.004 -12"><span class='ocrx_word' id='word_1_807' title='bbox 2286 5436 2650 5502; x_wconf 86' lang='lat' dir='ltr'><strong>mandandas,</strong></span> <span class='ocrx_word' id='word_1_808' title='bbox 2704 5433 2804 5504; x_wconf 88' lang='lat' dir='ltr'><strong>ipsi</strong></span> <span class='ocrx_word' id='word_1_809' title='bbox 2849 5435 3053 5504; x_wconf 88' lang='lat' dir='ltr'><strong>pariter</strong></span> <span class='ocrx_word' id='word_1_810' title='bbox 3096 5435 3399 5504; x_wconf 83' lang='lat' dir='ltr'><strong>aperuisset</strong></span> <span class='ocrx_word' id='word_1_811' title='bbox 3456 5435 3798 5495; x_wconf 82' lang='lat' dir='ltr'><strong>immaturas</strong></span> <span class='ocrx_word' id='word_1_812' title='bbox 3853 5458 3916 5498; x_wconf 74' lang='lat' dir='ltr'><strong>ac</strong></span> 
     </span>
    </p>
   </div>
   <div class='ocr_carea' id='block_1_115' title="bbox 2359 5545 3912 5624">
    <p class='ocr_par' dir='ltr' id='par_1_115' title="bbox 2359 5545 3912 5624">
     <span class='ocr_line' id='line_1_115' title="bbox 2359 5545 3912 5624; baseline 0.001 -21"><span class='ocrx_word' id='word_1_813' title='bbox 2359 5549 2436 5624; x_wconf 81' lang='lat' dir='ltr'><strong>(l)</strong></span> <span class='ocrx_word' id='word_1_814' title='bbox 2460 5548 2765 5624; x_wconf 33' lang='lat' dir='ltr'><strong>[nitelam]:</strong></span> <span class='ocrx_word' id='word_1_815' title='bbox 2787 5559 2857 5616; x_wconf 84' lang='lat' dir='ltr'><strong>vt,</strong></span> <span class='ocrx_word' id='word_1_816' title='bbox 2887 5564 2937 5604; x_wconf 94' lang='lat' dir='ltr'><strong>c.</strong></span> <span class='ocrx_word' id='word_1_817' title='bbox 2969 5545 3182 5620; x_wconf 82' lang='lat' dir='ltr'><strong>7,apud</strong></span> <span class='ocrx_word' id='word_1_818' title='bbox 3215 5547 3596 5605; x_wconf 84' lang='lat' dir='ltr'><strong>Fronton.due</strong></span> <span class='ocrx_word' id='word_1_819' title='bbox 3653 5565 3740 5623; x_wconf 89' lang='lat' dir='ltr'><strong>p.,</strong></span> <span class='ocrx_word' id='word_1_820' title='bbox 3778 5555 3912 5614; x_wconf 76' lang='lat'><strong>398.</strong></span> 
     </span>
    </p>
   </div>
   <div class='ocr_carea' id='block_1_116' title="bbox 2355 5619 2796 5695">
    <p class='ocr_par' dir='ltr' id='par_1_116' title="bbox 2355 5619 2796 5695">
     <span class='ocr_line' id='line_1_116' title="bbox 2355 5619 2796 5695; baseline 0 0"><span class='ocrx_word' id='word_1_821' title='bbox 2355 5619 2434 5695; x_wconf 69' lang='grc'><strong>(2)</strong></span> <span class='ocrx_word' id='word_1_822' title='bbox 2465 5621 2639 5695; x_wconf 67' lang='lat' dir='ltr'><strong>Epist-</strong></span> <span class='ocrx_word' id='word_1_823' title='bbox 2667 5619 2796 5695; x_wconf 58' lang='grc' dir='ltr'>εει).</span> 
     </span>
    </p>
   </div>
   <div class='ocr_carea' id='block_1_117' title="bbox 2359 5691 3028 5836">
    <p class='ocr_par' dir='ltr' id='par_1_117' title="bbox 2359 5691 3028 5836">
     <span class='ocr_line' id='line_1_117' title="bbox 2359 5691 3028 5763; baseline -0.01 -9"><span class='ocrx_word' id='word_1_824' title='bbox 2359 5691 2413 5754; x_wconf 75' lang='grc' dir='ltr'><strong>(ὅ</strong></span> <span class='ocrx_word' id='word_1_825' title='bbox 2468 5691 2547 5746; x_wconf 88' lang='lat' dir='ltr'><strong>De</strong></span> <span class='ocrx_word' id='word_1_826' title='bbox 2577 5692 2778 5763; x_wconf 83' lang='lat' dir='ltr'><strong>Synod.</strong></span> <span class='ocrx_word' id='word_1_827' title='bbox 2811 5707 2863 5761; x_wconf 93' lang='lat' dir='ltr'><strong>p.</strong></span> <span class='ocrx_word' id='word_1_828' title='bbox 2896 5691 3028 5747; x_wconf 81' lang='grc'><strong>918.</strong></span> 
     </span>
     <span class='ocr_line' id='line_1_118' title="bbox 2359 5694 3023 5836; baseline 0.003 -19"><span class='ocrx_word' id='word_1_829' title='bbox 2359 5694 2436 5836; x_wconf 59' lang='lat' dir='ltr'><strong>(4i</strong></span> <span class='ocrx_word' id='word_1_830' title='bbox 2458 5763 2574 5818; x_wconf 88' lang='lat' dir='ltr'><strong>Lib.</strong></span> <span class='ocrx_word' id='word_1_831' title='bbox 2607 5778 2641 5816; x_wconf 76' lang='grc' dir='ltr'><strong>ν</strong></span> <span class='ocrx_word' id='word_1_832' title='bbox 2656 5765 2732 5836; x_wconf 83' lang='lat' dir='ltr'><strong>_de</strong></span> <span class='ocrx_word' id='word_1_833' title='bbox 2756 5762 2946 5836; x_wconf 25' lang='lat' dir='ltr'><strong>ABapt&quot;</strong></span> <span class='ocrx_word' id='word_1_834' title='bbox 2966 5780 3023 5819; x_wconf 88' lang='lat' dir='ltr'><strong>c0</strong></span> 
     </span>
    </p>
   </div>
   <div class='ocr_carea' id='block_1_118' title="bbox 2353 5758 3908 5846">
    <p class='ocr_par' dir='ltr' id='par_1_118' title="bbox 2353 5758 3908 5846">
     <span class='ocr_line' id='line_1_119' title="bbox 2353 5758 3908 5846; baseline 0.006 -29"><span class='ocrx_word' id='word_1_835' title='bbox 2353 5758 2430 5844; x_wconf 68' lang='grc'><strong>(4)</strong></span> <span class='ocrx_word' id='word_1_836' title='bbox 2458 5763 2574 5846; x_wconf 68' lang='lat' dir='ltr'><strong>Lib.</strong></span> <span class='ocrx_word' id='word_1_837' title='bbox 2607 5758 3100 5846; x_wconf 42' lang='lat' dir='ltr'><strong>v&#39;de_.Bbpt.,coni.</strong></span> <span class='ocrx_word' id='word_1_838' title='bbox 3135 5758 3348 5833; x_wconf 59' lang='lat' dir='ltr'><strong>Donat,</strong></span> <span class='ocrx_word' id='word_1_839' title='bbox 3376 5773 3425 5820; x_wconf 84' lang='lat' dir='ltr'><strong>e.</strong></span> <span class='ocrx_word' id='word_1_840' title='bbox 3449 5759 3655 5838; x_wconf 69' lang='lat' dir='ltr'><strong>25;et,</strong></span> <span class='ocrx_word' id='word_1_841' title='bbox 3692 5769 3831 5829; x_wconf 77' lang='lat' dir='ltr'><strong>aliis</strong></span> <span class='ocrx_word' id='word_1_842' title='bbox 3861 5773 3908 5827; x_wconf 85' lang='lat' dir='ltr'><strong>in</strong></span> 
     </span>
    </p>
   </div>
   <div class='ocr_carea' id='block_1_119' title="bbox 2275 5833 2818 5903">
    <p class='ocr_par' dir='ltr' id='par_1_119' title="bbox 2275 5833 2818 5903">
     <span class='ocr_line' id='line_1_120' title="bbox 2275 5833 2818 5903; baseline -0.004 -14"><span class='ocrx_word' id='word_1_843' title='bbox 2275 5833 2420 5890; x_wconf 82' lang='lat' dir='ltr'><strong>locis</strong></span> <span class='ocrx_word' id='word_1_844' title='bbox 2436 5842 2596 5903; x_wconf 80' lang='lat' dir='ltr'><strong>sttpra</strong></span> <span class='ocrx_word' id='word_1_845' title='bbox 2621 5833 2818 5889; x_wconf 86' lang='lat' dir='ltr'><strong>citatis.</strong></span> 
     </span>
    </p>
   </div>
  </div>
