  <div class='ocr_page' id='page_1' title='image "/cluster/home/n/w/nwhite01/storage/ocr_20150623/3/hvd.32044054086798/700.png"; bbox 0 0 4208 6276; ppageno 0'>
   <div class='ocr_carea' id='block_1_1' title="bbox 333 251 472 312">
    <p class='ocr_par' dir='ltr' id='par_1_1' title="bbox 333 251 472 312">
     <span class='ocr_line' id='line_1_1' title="bbox 333 251 472 312; baseline -0.036 0"><span class='ocrx_word' id='word_1_1' title='bbox 333 251 472 312; x_wconf 64' lang='grc'><strong>1501</strong></span> 
     </span>
    </p>
   </div>
   <div class='ocr_carea' id='block_1_2' title="bbox 1583 231 2398 306">
    <p class='ocr_par' dir='ltr' id='par_1_2' title="bbox 1583 231 2398 306">
     <span class='ocr_line' id='line_1_2' title="bbox 1583 231 2398 306; baseline 0.005 -4"><span class='ocrx_word' id='word_1_2' title='bbox 1583 231 2398 306; x_wconf 70' lang='lat' dir='ltr'><strong>nisroiuco-DOGMATICA.</strong></span> 
     </span>
    </p>
   </div>
   <div class='ocr_carea' id='block_1_3' title="bbox 3499 249 3638 311">
    <p class='ocr_par' dir='ltr' id='par_1_3' title="bbox 3499 249 3638 311">
     <span class='ocr_line' id='line_1_3' title="bbox 3499 249 3638 311; baseline 0 -4"><span class='ocrx_word' id='word_1_3' title='bbox 3499 249 3638 311; x_wconf 73' lang='grc' dir='ltr'><strong>15οί</strong></span> 
     </span>
    </p>
   </div>
   <div class='ocr_carea' id='block_1_4' title="bbox 332 359 3641 444">
    <p class='ocr_par' dir='ltr' id='par_1_4' title="bbox 332 359 3641 444">
     <span class='ocr_line' id='line_1_4' title="bbox 332 359 3641 444; baseline -0 -20"><span class='ocrx_word' id='word_1_4' title='bbox 332 369 519 424; x_wconf 89' lang='lat' dir='ltr'><strong>minus</strong></span> <span class='ocrx_word' id='word_1_5' title='bbox 548 375 731 439; x_wconf 68' lang='lat' dir='ltr'><strong>inquas</strong></span> <span class='ocrx_word' id='word_1_6' title='bbox 767 365 954 431; x_wconf 85' lang='lat' dir='ltr'><strong>fuisse,</strong></span> <span class='ocrx_word' id='word_1_7' title='bbox 988 365 1147 436; x_wconf 86' lang='lat' dir='ltr'><strong>idque</strong></span> <span class='ocrx_word' id='word_1_8' title='bbox 1174 367 1239 420; x_wconf 81' lang='lat' dir='ltr'><strong>eo</strong></span> <span class='ocrx_word' id='word_1_9' title='bbox 1270 359 1461 434; x_wconf 78' lang='lat' dir='ltr'><strong>magis;</strong></span> <span class='ocrx_word' id='word_1_10' title='bbox 1493 359 1637 444; x_wconf 76' lang='lat' dir='ltr'><strong>quod</strong></span> <span class='ocrx_word' id='word_1_11' title='bbox 1665 361 1709 416; x_wconf 92' lang='lat' dir='ltr'><strong>si</strong></span> <span class='ocrx_word' id='word_1_12' title='bbox 1743 359 1934 415; x_wconf 89' lang='lat' dir='ltr'><strong>adver-</strong></span> <span class='ocrx_word' id='word_1_13' title='bbox 1961 361 2014 421; x_wconf 76' lang='grc' dir='ltr'><strong>Α</strong></span> <span class='ocrx_word' id='word_1_14' title='bbox 2041 361 2250 418; x_wconf 90' lang='lat' dir='ltr'><strong>niorem</strong></span> <span class='ocrx_word' id='word_1_15' title='bbox 2277 363 2340 420; x_wconf 78' lang='lat' dir='ltr'><strong>ac</strong></span> <span class='ocrx_word' id='word_1_16' title='bbox 2371 363 2720 422; x_wconf 90' lang='lat' dir='ltr'><strong>illustriorem</strong></span> <span class='ocrx_word' id='word_1_17' title='bbox 2771 367 3071 438; x_wconf 76' lang='lat' dir='ltr'><strong>Augustino</strong></span> <span class='ocrx_word' id='word_1_18' title='bbox 3102 366 3372 423; x_wconf 77' lang='lat' dir='ltr'><strong>neininerii</strong></span> <span class='ocrx_word' id='word_1_19' title='bbox 3405 363 3641 424; x_wconf 73' lang='lat' dir='ltr'><strong>ostentat</strong></span> 
     </span>
    </p>
   </div>
   <div class='ocr_carea' id='block_1_5' title="bbox 334 451 1936 526">
    <p class='ocr_par' dir='ltr' id='par_1_5' title="bbox 334 451 1936 526">
     <span class='ocr_line' id='line_1_5' title="bbox 334 451 1936 526; baseline -0.007 -10"><span class='ocrx_word' id='word_1_20' title='bbox 334 461 498 518; x_wconf 90' lang='lat' dir='ltr'><strong>sariis</strong></span> <span class='ocrx_word' id='word_1_21' title='bbox 535 458 736 514; x_wconf 83' lang='lat' dir='ltr'><strong>nostris</strong></span> <span class='ocrx_word' id='word_1_22' title='bbox 787 453 1078 522; x_wconf 88' lang='lat' dir='ltr'><strong>credimus,</strong></span> <span class='ocrx_word' id='word_1_23' title='bbox 1112 454 1568 526; x_wconf 82' lang='lat' dir='ltr'><strong>rebaptizantlhlls</strong></span> <span class='ocrx_word' id='word_1_24' title='bbox 1598 453 1712 523; x_wconf 90' lang='lat' dir='ltr'><strong>ipse</strong></span> <span class='ocrx_word' id='word_1_25' title='bbox 1739 451 1936 508; x_wconf 82' lang='lat' dir='ltr'><strong>suifra-</strong></span> 
     </span>
    </p>
   </div>
   <div class='ocr_carea' id='block_1_6' title="bbox 343 543 1941 625">
    <p class='ocr_par' dir='ltr' id='par_1_6' title="bbox 343 543 1941 625">
     <span class='ocr_line' id='line_1_6' title="bbox 343 543 1941 625; baseline -0.007 -17"><span class='ocrx_word' id='word_1_26' title='bbox 343 553 572 625; x_wconf 84' lang='lat' dir='ltr'><strong>gabatur</strong></span> <span class='ocrx_word' id='word_1_27' title='bbox 600 565 616 614; x_wconf 84' lang='lat'><strong>;</strong></span> <span class='ocrx_word' id='word_1_28' title='bbox 649 551 813 604; x_wconf 87' lang='lat' dir='ltr'><strong>immo</strong></span> <span class='ocrx_word' id='word_1_29' title='bbox 862 549 1033 619; x_wconf 84' lang='lat' dir='ltr'><strong>justas</strong></span> <span class='ocrx_word' id='word_1_30' title='bbox 1073 551 1224 619; x_wconf 74' lang='lat' dir='ltr'><strong>aeqite</strong></span> <span class='ocrx_word' id='word_1_31' title='bbox 1265 545 1327 603; x_wconf 80' lang='lat' dir='ltr'><strong>ac</strong></span> <span class='ocrx_word' id='word_1_32' title='bbox 1377 546 1624 618; x_wconf 82' lang='lat' dir='ltr'><strong>providus</strong></span> <span class='ocrx_word' id='word_1_33' title='bbox 1677 544 1796 599; x_wconf 88' lang='lat' dir='ltr'><strong>illas</strong></span> <span class='ocrx_word' id='word_1_34' title='bbox 1821 543 1941 599; x_wconf 87' lang='lat' dir='ltr'><strong>Ste-</strong></span> 
     </span>
    </p>
   </div>
   <div class='ocr_carea' id='block_1_7' title="bbox 344 637 1940 719">
    <p class='ocr_par' dir='ltr' id='par_1_7' title="bbox 344 637 1940 719">
     <span class='ocr_line' id='line_1_7' title="bbox 344 637 1940 719; baseline -0.006 -17"><span class='ocrx_word' id='word_1_35' title='bbox 344 647 510 719; x_wconf 87' lang='lat' dir='ltr'><strong>phani</strong></span> <span class='ocrx_word' id='word_1_36' title='bbox 542 647 715 701; x_wconf 90' lang='lat' dir='ltr'><strong>minas</strong></span> <span class='ocrx_word' id='word_1_37' title='bbox 743 645 844 699; x_wconf 89' lang='lat' dir='ltr'><strong>sibi</strong></span> <span class='ocrx_word' id='word_1_38' title='bbox 889 643 1031 698; x_wconf 86' lang='lat' dir='ltr'><strong>visas</strong></span> <span class='ocrx_word' id='word_1_39' title='bbox 1060 657 1180 698; x_wconf 89' lang='lat' dir='ltr'><strong>esse</strong></span> <span class='ocrx_word' id='word_1_40' title='bbox 1210 643 1342 697; x_wconf 86' lang='lat' dir='ltr'><strong>satis</strong></span> <span class='ocrx_word' id='word_1_41' title='bbox 1393 640 1610 704; x_wconf 85' lang='lat' dir='ltr'><strong>indicat,</strong></span> <span class='ocrx_word' id='word_1_42' title='bbox 1642 651 1762 694; x_wconf 90' lang='lat' dir='ltr'><strong>cum</strong></span> <span class='ocrx_word' id='word_1_43' title='bbox 1809 637 1940 692; x_wconf 88' lang='lat' dir='ltr'><strong>solis</strong></span> 
     </span>
    </p>
   </div>
   <div class='ocr_carea' id='block_1_8' title="bbox 343 729 1934 810">
    <p class='ocr_par' dir='ltr' id='par_1_8' title="bbox 343 729 1934 810">
     <span class='ocr_line' id='line_1_8' title="bbox 343 729 1934 810; baseline -0.008 -15"><span class='ocrx_word' id='word_1_44' title='bbox 343 738 600 810; x_wconf 86' lang='lat' dir='ltr'><strong>precibus</strong></span> <span class='ocrx_word' id='word_1_45' title='bbox 631 736 841 792; x_wconf 88' lang='lat' dir='ltr'><strong>illarum</strong></span> <span class='ocrx_word' id='word_1_46' title='bbox 868 736 1245 791; x_wconf 72' lang='lat' dir='ltr'><strong>executionem</strong></span> <span class='ocrx_word' id='word_1_47' title='bbox 1292 741 1606 788; x_wconf 85' lang='lat' dir='ltr'><strong>avertavere</strong></span> <span class='ocrx_word' id='word_1_48' title='bbox 1632 729 1934 785; x_wconf 86' lang='lat' dir='ltr'><strong>tentaverit.</strong></span> 
     </span>
    </p>
   </div>
   <div class='ocr_carea' id='block_1_9' title="bbox 418 820 1942 896">
    <p class='ocr_par' dir='ltr' id='par_1_9' title="bbox 418 820 1942 896">
     <span class='ocr_line' id='line_1_9' title="bbox 418 820 1942 896; baseline -0.007 -12"><span class='ocrx_word' id='word_1_49' title='bbox 418 831 556 886; x_wconf 86' lang='lat' dir='ltr'><strong>Vill.</strong></span> <span class='ocrx_word' id='word_1_50' title='bbox 584 820 847 885; x_wconf 77' lang='lat' dir='ltr'><strong>Eusebius</strong></span> <span class='ocrx_word' id='word_1_51' title='bbox 885 828 1232 884; x_wconf 70' lang='lat' dir='ltr'><strong>Caesariensis</strong></span> <span class='ocrx_word' id='word_1_52' title='bbox 1257 826 1344 896; x_wconf 91' lang='lat' dir='ltr'><strong>qui</strong></span> <span class='ocrx_word' id='word_1_53' title='bbox 1377 839 1440 879; x_wconf 81' lang='lat' dir='ltr'><strong>ex</strong></span> <span class='ocrx_word' id='word_1_54' title='bbox 1475 823 1727 894; x_wconf 88' lang='lat' dir='ltr'><strong>Dionysio</strong></span> <span class='ocrx_word' id='word_1_55' title='bbox 1759 827 1942 891; x_wconf 84' lang='lat' dir='ltr'><strong>peree-</strong></span> 
     </span>
    </p>
   </div>
   <div class='ocr_carea' id='block_1_10' title="bbox 339 913 1942 996">
    <p class='ocr_par' dir='ltr' id='par_1_10' title="bbox 339 913 1942 996">
     <span class='ocr_line' id='line_1_10' title="bbox 339 913 1942 996; baseline -0.01 -16"><span class='ocrx_word' id='word_1_56' title='bbox 339 934 490 996; x_wconf 87' lang='lat' dir='ltr'><strong>perat</strong></span> <span class='ocrx_word' id='word_1_57' title='bbox 521 932 576 978; x_wconf 90' lang='lat' dir='ltr'><strong>et</strong></span> <span class='ocrx_word' id='word_1_58' title='bbox 606 923 658 976; x_wconf 90' lang='lat' dir='ltr'><strong>in</strong></span> <span class='ocrx_word' id='word_1_59' title='bbox 685 937 778 977; x_wconf 90' lang='lat' dir='ltr'><strong>sua</strong></span> <span class='ocrx_word' id='word_1_60' title='bbox 813 921 1044 976; x_wconf 83' lang='lat' dir='ltr'><strong>Historia</strong></span> <span class='ocrx_word' id='word_1_61' title='bbox 1070 916 1719 986; x_wconf 82' lang='lat' dir='ltr'><strong>inserueratStéphanuni</strong></span> <span class='ocrx_word' id='word_1_62' title='bbox 1748 913 1942 981; x_wconf 86' lang='lat' dir='ltr'><strong>rebap-</strong></span> 
     </span>
    </p>
   </div>
   <div class='ocr_carea' id='block_1_11' title="bbox 344 1001 1944 1083">
    <p class='ocr_par' dir='ltr' id='par_1_11' title="bbox 344 1001 1944 1083">
     <span class='ocr_line' id='line_1_11' title="bbox 344 1001 1944 1083; baseline -0.008 -13"><span class='ocrx_word' id='word_1_63' title='bbox 344 1014 640 1071; x_wconf 81' lang='lat' dir='ltr'><strong>tizantibus</strong></span> <span class='ocrx_word' id='word_1_64' title='bbox 665 1012 1002 1083; x_wconf 83' lang='lat' dir='ltr'><strong>signiﬁcasse</strong></span> <span class='ocrx_word' id='word_1_65' title='bbox 1036 1031 1054 1062; x_wconf 73' lang='grc' dir='ltr'><strong>ι</strong></span> <span class='ocrx_word' id='word_1_66' title='bbox 1086 1021 1206 1066; x_wconf 86' lang='lat' dir='ltr'><strong>sese</strong></span> <span class='ocrx_word' id='word_1_67' title='bbox 1235 1012 1300 1064; x_wconf 87' lang='lat' dir='ltr'><strong>ab</strong></span> <span class='ocrx_word' id='word_1_68' title='bbox 1330 1009 1541 1064; x_wconf 89' lang='lat' dir='ltr'><strong>illorum</strong></span> <span class='ocrx_word' id='word_1_69' title='bbox 1565 1001 1944 1061; x_wconf 75' lang='lat' dir='ltr'><strong>communione</strong></span> 
     </span>
    </p>
   </div>
   <div class='ocr_carea' id='block_1_12' title="bbox 345 1097 1942 1172">
    <p class='ocr_par' dir='ltr' id='par_1_12' title="bbox 345 1097 1942 1172">
     <span class='ocr_line' id='line_1_12' title="bbox 345 1097 1942 1172; baseline -0.011 -8"><span class='ocrx_word' id='word_1_70' title='bbox 345 1109 740 1172; x_wconf 87' lang='lat' dir='ltr'><strong>discessurum,</strong></span> <span class='ocrx_word' id='word_1_71' title='bbox 778 1123 796 1158; x_wconf 75' lang='grc' dir='ltr'><strong>ι</strong></span> <span class='ocrx_word' id='word_1_72' title='bbox 850 1113 995 1159; x_wconf 91' lang='lat' dir='ltr'><strong>recte</strong></span> <span class='ocrx_word' id='word_1_73' title='bbox 1024 1103 1210 1157; x_wconf 79' lang='lat' dir='ltr'><strong>St&#39;l‘ibil</strong></span> <span class='ocrx_word' id='word_1_74' title='bbox 1255 1119 1272 1153; x_wconf 83' lang='lat' dir='ltr'><strong>t</strong></span> <span class='ocrx_word' id='word_1_75' title='bbox 1308 1099 1625 1171; x_wconf 87' lang='lat' dir='ltr'><strong>gravissime</strong></span> <span class='ocrx_word' id='word_1_76' title='bbox 1652 1097 1824 1167; x_wconf 82' lang='lat' dir='ltr'><strong>ipsum</strong></span> <span class='ocrx_word' id='word_1_77' title='bbox 1859 1099 1942 1149; x_wconf 82' lang='lat' dir='ltr'><strong>tu-</strong></span> 
     </span>
    </p>
   </div>
   <div class='ocr_carea' id='block_1_13' title="bbox 347 1191 1945 1270">
    <p class='ocr_par' dir='ltr' id='par_1_13' title="bbox 347 1191 1945 1270">
     <span class='ocr_line' id='line_1_13' title="bbox 347 1191 1945 1270; baseline -0.009 -13"><span class='ocrx_word' id='word_1_78' title='bbox 347 1201 498 1266; x_wconf 86' lang='lat' dir='ltr'><strong>lisse,</strong></span> <span class='ocrx_word' id='word_1_79' title='bbox 539 1218 558 1252; x_wconf 85' lang='grc'><strong>›</strong></span> <span class='ocrx_word' id='word_1_80' title='bbox 607 1197 810 1270; x_wconf 90' lang='lat' dir='ltr'><strong>aliquid</strong></span> <span class='ocrx_word' id='word_1_81' title='bbox 839 1213 867 1252; x_wconf 91' lang='lat' dir='ltr'><strong>a</strong></span> <span class='ocrx_word' id='word_1_82' title='bbox 909 1196 1199 1269; x_wconf 86' lang='lat' dir='ltr'><strong>Cypriane,</strong></span> <span class='ocrx_word' id='word_1_83' title='bbox 1231 1196 1459 1265; x_wconf 88' lang='lat' dir='ltr'><strong>aliisque</strong></span> <span class='ocrx_word' id='word_1_84' title='bbox 1485 1192 1626 1248; x_wconf 85' lang='lat' dir='ltr'><strong>circa</strong></span> <span class='ocrx_word' id='word_1_85' title='bbox 1659 1191 1945 1246; x_wconf 76' lang='lat' dir='ltr'><strong>lueretico-</strong></span> 
     </span>
    </p>
   </div>
   <div class='ocr_carea' id='block_1_14' title="bbox 343 1283 1948 1365">
    <p class='ocr_par' dir='ltr' id='par_1_14' title="bbox 343 1283 1948 1365">
     <span class='ocr_line' id='line_1_14' title="bbox 343 1283 1948 1365; baseline -0.009 -13"><span class='ocrx_word' id='word_1_86' title='bbox 343 1312 464 1353; x_wconf 85' lang='lat' dir='ltr'><strong>rum</strong></span> <span class='ocrx_word' id='word_1_87' title='bbox 495 1296 820 1365; x_wconf 86' lang='lat' dir='ltr'><strong>Baptismum</strong></span> <span class='ocrx_word' id='word_1_88' title='bbox 847 1291 1112 1346; x_wconf 90' lang='lat' dir='ltr'><strong>innovari.</strong></span> <span class='ocrx_word' id='word_1_89' title='bbox 1136 1293 1202 1345; x_wconf 80' lang='lat' dir='ltr'><strong>At</strong></span> <span class='ocrx_word' id='word_1_90' title='bbox 1232 1287 1427 1345; x_wconf 87' lang='lat' dir='ltr'><strong>nedum</strong></span> <span class='ocrx_word' id='word_1_91' title='bbox 1480 1287 1813 1356; x_wconf 88' lang='lat' dir='ltr'><strong>Stephanum</strong></span> <span class='ocrx_word' id='word_1_92' title='bbox 1848 1283 1948 1338; x_wconf 57' lang='lat' dir='ltr'><strong>alia</strong></span> 
     </span>
    </p>
   </div>
   <div class='ocr_carea' id='block_1_15' title="bbox 345 1379 1938 1464">
    <p class='ocr_par' dir='ltr' id='par_1_15' title="bbox 345 1379 1938 1464">
     <span class='ocr_line' id='line_1_15' title="bbox 345 1379 1938 1464; baseline -0.009 -18"><span class='ocrx_word' id='word_1_93' title='bbox 345 1402 610 1464; x_wconf 88' lang='lat' dir='ltr'><strong>quatenus</strong></span> <span class='ocrx_word' id='word_1_94' title='bbox 663 1388 1018 1458; x_wconf 77' lang='lat' dir='ltr'><strong>reprehendat</strong></span> <span class='ocrx_word' id='word_1_95' title='bbox 1058 1387 1200 1457; x_wconf 87' lang='lat' dir='ltr'><strong>quod</strong></span> <span class='ocrx_word' id='word_1_96' title='bbox 1233 1385 1284 1442; x_wconf 95' lang='lat' dir='ltr'><strong>id</strong></span> <span class='ocrx_word' id='word_1_97' title='bbox 1318 1381 1669 1456; x_wconf 68' lang='lat' dir='ltr'><strong>«gravissime</strong></span> <span class='ocrx_word' id='word_1_98' title='bbox 1705 1379 1938 1446; x_wconf 74' lang='lat' dir='ltr'><strong>tulei-ii,i</strong></span> 
     </span>
    </p>
   </div>
   <div class='ocr_carea' id='block_1_16' title="bbox 343 1474 1943 1553">
    <p class='ocr_par' dir='ltr' id='par_1_16' title="bbox 343 1474 1943 1553">
     <span class='ocr_line' id='line_1_16' title="bbox 343 1474 1943 1553; baseline -0.011 -11"><span class='ocrx_word' id='word_1_99' title='bbox 343 1501 462 1542; x_wconf 88' lang='lat' dir='ltr'><strong>eam</strong></span> <span class='ocrx_word' id='word_1_100' title='bbox 489 1483 643 1539; x_wconf 78' lang='lat' dir='ltr'><strong>aifert</strong></span> <span class='ocrx_word' id='word_1_101' title='bbox 678 1483 901 1553; x_wconf 85' lang='lat' dir='ltr'><strong>hujusce</strong></span> <span class='ocrx_word' id='word_1_102' title='bbox 930 1479 1186 1550; x_wconf 82' lang='lat' dir='ltr'><strong>Stephani</strong></span> <span class='ocrx_word' id='word_1_103' title='bbox 1219 1478 1417 1549; x_wconf 80' lang='lat' dir='ltr'><strong>agendi</strong></span> <span class='ocrx_word' id='word_1_104' title='bbox 1451 1474 1676 1532; x_wconf 83' lang='lat' dir='ltr'><strong>rationis</strong></span> <span class='ocrx_word' id='word_1_105' title='bbox 1702 1489 1943 1541; x_wconf 83' lang='lat' dir='ltr'><strong>causam,</strong></span> 
     </span>
    </p>
   </div>
   <div class='ocr_carea' id='block_1_17' title="bbox 341 1565 1946 1650">
    <p class='ocr_par' dir='ltr' id='par_1_17' title="bbox 341 1565 1946 1650">
     <span class='ocr_line' id='line_1_17' title="bbox 341 1565 1946 1650; baseline -0.007 -18"><span class='ocrx_word' id='word_1_106' title='bbox 341 1593 464 1650; x_wconf 72' lang='lat' dir='ltr'><strong>quae</strong></span> <span class='ocrx_word' id='word_1_107' title='bbox 496 1577 642 1631; x_wconf 88' lang='lat' dir='ltr'><strong>illius</strong></span> <span class='ocrx_word' id='word_1_108' title='bbox 665 1577 970 1646; x_wconf 72' lang='lat' dir='ltr'><strong>aequitatem</strong></span> <span class='ocrx_word' id='word_1_109' title='bbox 995 1573 1239 1643; x_wconf 89' lang='lat' dir='ltr'><strong>apprime</strong></span> <span class='ocrx_word' id='word_1_110' title='bbox 1269 1565 1946 1638; x_wconf 88' lang='lat' dir='ltr'><strong>demonstret.Stephanus</strong></span> 
     </span>
    </p>
   </div>
   <div class='ocr_carea' id='block_1_18' title="bbox 342 1659 1948 1740">
    <p class='ocr_par' dir='ltr' id='par_1_18' title="bbox 342 1659 1948 1740">
     <span class='ocr_line' id='line_1_18' title="bbox 342 1659 1948 1740; baseline -0.009 -12"><span class='ocrx_word' id='word_1_111' title='bbox 342 1671 650 1740; x_wconf 80' lang='lat' dir='ltr'><strong>enimjuxta</strong></span> <span class='ocrx_word' id='word_1_112' title='bbox 669 1659 955 1724; x_wconf 79' lang='lat' dir='ltr'><strong>Eusebium</strong></span> <span class='ocrx_word' id='word_1_113' title='bbox 972 1665 1020 1721; x_wconf 91' lang='lat' dir='ltr'><strong>id</strong></span> <span class='ocrx_word' id='word_1_114' title='bbox 1037 1665 1359 1737; x_wconf 81' lang='lat' dir='ltr'><strong>gravissime</strong></span> <span class='ocrx_word' id='word_1_115' title='bbox 1379 1663 1514 1728; x_wconf 86' lang='lat' dir='ltr'><strong>tulit,</strong></span> <span class='ocrx_word' id='word_1_116' title='bbox 1532 1663 1652 1731; x_wconf 85' lang='lat' dir='ltr'><strong>quia</strong></span> <span class='ocrx_word' id='word_1_117' title='bbox 1672 1661 1816 1715; x_wconf 85' lang='lat' dir='ltr'><strong>ratus</strong></span> <span class='ocrx_word' id='word_1_118' title='bbox 1833 1659 1948 1714; x_wconf 81' lang='lat' dir='ltr'><strong>fue-</strong></span> 
     </span>
    </p>
   </div>
   <div class='ocr_carea' id='block_1_19' title="bbox 2041 453 3639 532">
    <p class='ocr_par' dir='ltr' id='par_1_19' title="bbox 2041 453 3639 532">
     <span class='ocr_line' id='line_1_19' title="bbox 2041 453 3639 532; baseline 0.007 -26"><span class='ocrx_word' id='word_1_119' title='bbox 2041 453 2353 525; x_wconf 82' lang='lat' dir='ltr'><strong>antiquitas,</strong></span> <span class='ocrx_word' id='word_1_120' title='bbox 2387 459 2517 527; x_wconf 87' lang='lat' dir='ltr'><strong>quot</strong></span> <span class='ocrx_word' id='word_1_121' title='bbox 2544 459 2597 512; x_wconf 91' lang='lat' dir='ltr'><strong>in</strong></span> <span class='ocrx_word' id='word_1_122' title='bbox 2643 475 2709 512; x_wconf 87' lang='lat' dir='ltr'><strong>eo</strong></span> <span class='ocrx_word' id='word_1_123' title='bbox 2737 460 2932 513; x_wconf 86' lang='lat' dir='ltr'><strong>fuerint</strong></span> <span class='ocrx_word' id='word_1_124' title='bbox 2971 455 3250 529; x_wconf 74' lang='lat' dir='ltr'><strong>Augustini</strong></span> <span class='ocrx_word' id='word_1_125' title='bbox 3273 467 3522 528; x_wconf 84' lang='lat' dir='ltr'><strong>conatus,</strong></span> <span class='ocrx_word' id='word_1_126' title='bbox 3548 462 3639 532; x_wconf 88' lang='lat' dir='ltr'><strong>qui</strong></span> 
     </span>
    </p>
   </div>
   <div class='ocr_carea' id='block_1_20' title="bbox 2042 545 3637 622">
    <p class='ocr_par' dir='ltr' id='par_1_20' title="bbox 2042 545 3637 622">
     <span class='ocr_line' id='line_1_20' title="bbox 2042 545 3637 622; baseline 0.007 -23"><span class='ocrx_word' id='word_1_127' title='bbox 2042 546 2210 612; x_wconf 82' lang='lat' dir='ltr'><strong>zeliis,</strong></span> <span class='ocrx_word' id='word_1_128' title='bbox 2236 545 2325 617; x_wconf 81' lang='lat' dir='ltr'><strong>qui</strong></span> <span class='ocrx_word' id='word_1_129' title='bbox 2357 549 2540 614; x_wconf 88' lang='lat' dir='ltr'><strong>ardor,</strong></span> <span class='ocrx_word' id='word_1_130' title='bbox 2584 567 2703 620; x_wconf 72' lang='lat' dir='ltr'><strong>qua:</strong></span> <span class='ocrx_word' id='word_1_131' title='bbox 2731 550 2980 606; x_wconf 81' lang='lat' dir='ltr'><strong>facundia</strong></span> <span class='ocrx_word' id='word_1_132' title='bbox 3008 561 3168 622; x_wconf 87' lang='lat' dir='ltr'><strong>atque</strong></span> <span class='ocrx_word' id='word_1_133' title='bbox 3197 555 3520 620; x_wconf 86' lang='lat' dir='ltr'><strong>constantia,</strong></span> <span class='ocrx_word' id='word_1_134' title='bbox 3547 570 3637 610; x_wconf 91' lang='lat' dir='ltr'><strong>so-</strong></span> 
     </span>
    </p>
   </div>
   <div class='ocr_carea' id='block_1_21' title="bbox 2044 636 3637 714">
    <p class='ocr_par' dir='ltr' id='par_1_21' title="bbox 2044 636 3637 714">
     <span class='ocr_line' id='line_1_21' title="bbox 2044 636 3637 714; baseline 0.008 -24"><span class='ocrx_word' id='word_1_135' title='bbox 2044 636 2128 690; x_wconf 91' lang='lat' dir='ltr'><strong>lus</strong></span> <span class='ocrx_word' id='word_1_136' title='bbox 2161 638 2373 708; x_wconf 81' lang='lat' dir='ltr'><strong>ignorat</strong></span> <span class='ocrx_word' id='word_1_137' title='bbox 2401 642 2490 710; x_wconf 88' lang='lat' dir='ltr'><strong>qui</strong></span> <span class='ocrx_word' id='word_1_138' title='bbox 2524 643 2574 696; x_wconf 91' lang='lat' dir='ltr'><strong>in</strong></span> <span class='ocrx_word' id='word_1_139' title='bbox 2606 643 2772 712; x_wconf 78' lang='lat' dir='ltr'><strong>ipsius</strong></span> <span class='ocrx_word' id='word_1_140' title='bbox 2805 638 3021 714; x_wconf 80' lang='lat' dir='ltr'><strong>scriptis</strong></span> <span class='ocrx_word' id='word_1_141' title='bbox 3053 644 3249 714; x_wconf 81' lang='lat' dir='ltr'><strong>hospes</strong></span> <span class='ocrx_word' id='word_1_142' title='bbox 3278 648 3502 701; x_wconf 86' lang='lat' dir='ltr'><strong>omnino</strong></span> <span class='ocrx_word' id='word_1_143' title='bbox 3533 647 3637 714; x_wconf 90' lang='lat' dir='ltr'><strong>sit;</strong></span> 
     </span>
    </p>
   </div>
   <div class='ocr_carea' id='block_1_22' title="bbox 2042 732 3644 807">
    <p class='ocr_par' dir='ltr' id='par_1_22' title="bbox 2042 732 3644 807">
     <span class='ocr_line' id='line_1_22' title="bbox 2042 732 3644 807; baseline 0.007 -23"><span class='ocrx_word' id='word_1_144' title='bbox 2042 732 2289 800; x_wconf 86' lang='lat' dir='ltr'><strong>apprime</strong></span> <span class='ocrx_word' id='word_1_145' title='bbox 2343 743 2567 790; x_wconf 77' lang='lat' dir='ltr'><strong>noverat</strong></span> <span class='ocrx_word' id='word_1_146' title='bbox 2617 737 2676 791; x_wconf 84' lang='lat' dir='ltr'><strong>S.</strong></span> <span class='ocrx_word' id='word_1_147' title='bbox 2712 737 2926 800; x_wconf 88' lang='lat' dir='ltr'><strong>Doctor,</strong></span> <span class='ocrx_word' id='word_1_148' title='bbox 2957 736 3048 807; x_wconf 90' lang='lat' dir='ltr'><strong>qui</strong></span> <span class='ocrx_word' id='word_1_149' title='bbox 3089 737 3205 806; x_wconf 82' lang='lat' dir='ltr'><strong>ipse</strong></span> <span class='ocrx_word' id='word_1_150' title='bbox 3245 737 3493 793; x_wconf 84' lang='lat' dir='ltr'><strong>tradebat</strong></span> <span class='ocrx_word' id='word_1_151' title='bbox 3523 740 3644 796; x_wconf 90' lang='lat' dir='ltr'><strong>Ste-</strong></span> 
     </span>
    </p>
   </div>
   <div class='ocr_carea' id='block_1_23' title="bbox 2043 821 3640 898">
    <p class='ocr_par' dir='ltr' id='par_1_23' title="bbox 2043 821 3640 898">
     <span class='ocr_line' id='line_1_23' title="bbox 2043 821 3640 898; baseline 0.005 -21"><span class='ocrx_word' id='word_1_152' title='bbox 2043 824 2278 893; x_wconf 87' lang='lat' dir='ltr'><strong>phanum</strong></span> <span class='ocrx_word' id='word_1_153' title='bbox 2304 822 2578 897; x_wconf 86' lang='lat' dir='ltr'><strong>Cypriane</strong></span> <span class='ocrx_word' id='word_1_154' title='bbox 2609 829 2658 881; x_wconf 92' lang='lat' dir='ltr'><strong>in</strong></span> <span class='ocrx_word' id='word_1_155' title='bbox 2691 842 2851 881; x_wconf 90' lang='lat' dir='ltr'><strong>causa</strong></span> <span class='ocrx_word' id='word_1_156' title='bbox 2886 821 3229 898; x_wconf 79' lang='lat' dir='ltr'><strong>Baptismatis</strong></span> <span class='ocrx_word' id='word_1_157' title='bbox 3261 827 3640 886; x_wconf 73' lang='lat' dir='ltr'><strong>haereticorum</strong></span> 
     </span>
    </p>
   </div>
   <div class='ocr_carea' id='block_1_24' title="bbox 2053 917 3639 996">
    <p class='ocr_par' dir='ltr' id='par_1_24' title="bbox 2053 917 3639 996">
     <span class='ocr_line' id='line_1_24' title="bbox 2053 917 3639 996; baseline 0.006 -30"><span class='ocrx_word' id='word_1_158' title='bbox 2053 933 2072 966; x_wconf 76' lang='grc' dir='ltr'><strong>ι</strong></span> <span class='ocrx_word' id='word_1_159' title='bbox 2107 918 2434 986; x_wconf 67' lang='lat' dir='ltr'><strong>praecepisse</strong></span> <span class='ocrx_word' id='word_1_160' title='bbox 2463 917 2540 989; x_wconf 84' lang='lat' dir='ltr'><strong>(-l)</strong></span> <span class='ocrx_word' id='word_1_161' title='bbox 2574 934 2636 973; x_wconf 86' lang='lat' dir='ltr'><strong>ac</strong></span> <span class='ocrx_word' id='word_1_162' title='bbox 2668 919 2840 990; x_wconf 79' lang='lat' dir='ltr'><strong>ipsum</strong></span> <span class='ocrx_word' id='word_1_163' title='bbox 2867 919 3243 996; x_wconf 65' lang='lat' dir='ltr'><strong>abstinendum</strong></span> <span class='ocrx_word' id='word_1_164' title='bbox 3270 922 3639 996; x_wconf 76' lang='lat' dir='ltr'><strong>ptttasse(‘2).i</strong></span> 
     </span>
    </p>
   </div>
   <div class='ocr_carea' id='block_1_25' title="bbox 2045 1004 3644 1082">
    <p class='ocr_par' dir='ltr' id='par_1_25' title="bbox 2045 1004 3644 1082">
     <span class='ocr_line' id='line_1_25' title="bbox 2045 1004 3644 1082; baseline 0.005 -23"><span class='ocrx_word' id='word_1_165' title='bbox 2045 1004 2279 1075; x_wconf 81' lang='lat' dir='ltr'><strong>Legerat</strong></span> <span class='ocrx_word' id='word_1_166' title='bbox 2309 1018 2361 1060; x_wconf 90' lang='lat' dir='ltr'><strong>et</strong></span> <span class='ocrx_word' id='word_1_167' title='bbox 2383 1005 2639 1078; x_wconf 82' lang='lat' dir='ltr'><strong>Cypriani</strong></span> <span class='ocrx_word' id='word_1_168' title='bbox 2673 1010 2738 1063; x_wconf 87' lang='lat' dir='ltr'><strong>ad</strong></span> <span class='ocrx_word' id='word_1_169' title='bbox 2769 1007 3082 1079; x_wconf 76' lang='lat' dir='ltr'><strong>Pompeium’</strong></span> <span class='ocrx_word' id='word_1_170' title='bbox 3125 1011 3435 1080; x_wconf 83' lang='lat' dir='ltr'><strong>epistolam,</strong></span> <span class='ocrx_word' id='word_1_171' title='bbox 3460 1014 3511 1067; x_wconf 89' lang='lat' dir='ltr'><strong>in</strong></span> <span class='ocrx_word' id='word_1_172' title='bbox 3541 1028 3644 1082; x_wconf 89' lang='lat' dir='ltr'><strong>qua</strong></span> 
     </span>
    </p>
   </div>
   <div class='ocr_carea' id='block_1_26' title="bbox 2047 1097 3648 1168">
    <p class='ocr_par' dir='ltr' id='par_1_26' title="bbox 2047 1097 3648 1168">
     <span class='ocr_line' id='line_1_26' title="bbox 2047 1097 3648 1168; baseline 0.005 -17"><span class='ocrx_word' id='word_1_173' title='bbox 2047 1097 2308 1166; x_wconf 83' lang='lat' dir='ltr'><strong>Stephani</strong></span> <span class='ocrx_word' id='word_1_174' title='bbox 2357 1111 2685 1168; x_wconf 60' lang='lat' dir='ltr'><strong>praeceptum</strong></span> <span class='ocrx_word' id='word_1_175' title='bbox 2735 1111 2789 1154; x_wconf 89' lang='lat' dir='ltr'><strong>et</strong></span> <span class='ocrx_word' id='word_1_176' title='bbox 2841 1101 3417 1157; x_wconf 78' lang='lat' dir='ltr'><strong>excomn&#39;iunicationis</strong></span> <span class='ocrx_word' id='word_1_177' title='bbox 3475 1103 3648 1160; x_wconf 87' lang='lat' dir='ltr'><strong>minas</strong></span> 
     </span>
    </p>
   </div>
   <div class='ocr_carea' id='block_1_27' title="bbox 2047 1189 3643 1266">
    <p class='ocr_par' dir='ltr' id='par_1_27' title="bbox 2047 1189 3643 1266">
     <span class='ocr_line' id='line_1_27' title="bbox 2047 1189 3643 1266; baseline 0.005 -24"><span class='ocrx_word' id='word_1_178' title='bbox 2047 1189 2248 1244; x_wconf 87' lang='lat' dir='ltr'><strong>acriter</strong></span> <span class='ocrx_word' id='word_1_179' title='bbox 2277 1193 2694 1262; x_wconf 88' lang='lat' dir='ltr'><strong>perstringebat,</strong></span> <span class='ocrx_word' id='word_1_180' title='bbox 2729 1207 2792 1246; x_wconf 89' lang='lat' dir='ltr'><strong>ac</strong></span> <span class='ocrx_word' id='word_1_181' title='bbox 2821 1193 2950 1246; x_wconf 90' lang='lat' dir='ltr'><strong>illud</strong></span> <span class='ocrx_word' id='word_1_182' title='bbox 2980 1193 3195 1263; x_wconf 76' lang='lat' dir='ltr'><strong>(pridem</strong></span> <span class='ocrx_word' id='word_1_183' title='bbox 3224 1209 3317 1248; x_wconf 92' lang='lat' dir='ltr'><strong>seu</strong></span> <span class='ocrx_word' id='word_1_184' title='bbox 3348 1196 3643 1266; x_wconf 86' lang='lat' dir='ltr'><strong>intempes-</strong></span> 
     </span>
    </p>
   </div>
   <div class='ocr_carea' id='block_1_28' title="bbox 2049 1281 3646 1357">
    <p class='ocr_par' dir='ltr' id='par_1_28' title="bbox 2049 1281 3646 1357">
     <span class='ocr_line' id='line_1_28' title="bbox 2049 1281 3646 1357; baseline 0.005 -22"><span class='ocrx_word' id='word_1_185' title='bbox 2049 1281 2216 1335; x_wconf 89' lang='lat' dir='ltr'><strong>tivum</strong></span> <span class='ocrx_word' id='word_1_186' title='bbox 2235 1292 2288 1336; x_wconf 90' lang='lat' dir='ltr'><strong>et</strong></span> <span class='ocrx_word' id='word_1_187' title='bbox 2311 1282 2793 1349; x_wconf 87' lang='lat' dir='ltr'><strong>inconsideratum,</strong></span> <span class='ocrx_word' id='word_1_188' title='bbox 2815 1284 2944 1338; x_wconf 92' lang='lat' dir='ltr'><strong>istas</strong></span> <span class='ocrx_word' id='word_1_189' title='bbox 2975 1299 3103 1340; x_wconf 89' lang='lat' dir='ltr'><strong>vero</strong></span> <span class='ocrx_word' id='word_1_190' title='bbox 3134 1297 3228 1340; x_wconf 90' lang='lat' dir='ltr'><strong>seu</strong></span> <span class='ocrx_word' id='word_1_191' title='bbox 3262 1286 3434 1340; x_wconf 90' lang='lat' dir='ltr'><strong>minus</strong></span> <span class='ocrx_word' id='word_1_192' title='bbox 3466 1303 3646 1357; x_wconf 68' lang='lat' dir='ltr'><strong>aequas</strong></span> 
     </span>
    </p>
   </div>
   <div class='ocr_carea' id='block_1_29' title="bbox 2047 1376 3648 1450">
    <p class='ocr_par' dir='ltr' id='par_1_29' title="bbox 2047 1376 3648 1450">
     <span class='ocr_line' id='line_1_29' title="bbox 2047 1376 3648 1450; baseline 0.003 -21"><span class='ocrx_word' id='word_1_193' title='bbox 2047 1377 2226 1430; x_wconf 89' lang='lat' dir='ltr'><strong>acrius</strong></span> <span class='ocrx_word' id='word_1_194' title='bbox 2277 1376 2603 1446; x_wconf 79' lang='lat' dir='ltr'><strong>exagitabat.</strong></span> <span class='ocrx_word' id='word_1_195' title='bbox 2658 1377 2837 1445; x_wconf 82' lang='lat' dir='ltr'><strong>Quare</strong></span> <span class='ocrx_word' id='word_1_196' title='bbox 2890 1389 3018 1449; x_wconf 88' lang='lat' dir='ltr'><strong>ergo</strong></span> <span class='ocrx_word' id='word_1_197' title='bbox 3071 1380 3340 1450; x_wconf 77' lang='lat' dir='ltr'><strong>Cypriane</strong></span> <span class='ocrx_word' id='word_1_198' title='bbox 3389 1380 3648 1450; x_wconf 89' lang='lat' dir='ltr'><strong>Stephani</strong></span> 
     </span>
    </p>
   </div>
   <div class='ocr_carea' id='block_1_30' title="bbox 2049 1469 3648 1540">
    <p class='ocr_par' dir='ltr' id='par_1_30' title="bbox 2049 1469 3648 1540">
     <span class='ocr_line' id='line_1_30' title="bbox 2049 1469 3648 1540; baseline 0.004 -18"><span class='ocrx_word' id='word_1_199' title='bbox 2049 1469 2239 1539; x_wconf 82' lang='lat' dir='ltr'><strong>agendi</strong></span> <span class='ocrx_word' id='word_1_200' title='bbox 2267 1469 2528 1524; x_wconf 81' lang='lat' dir='ltr'><strong>rationem</strong></span> <span class='ocrx_word' id='word_1_201' title='bbox 2559 1470 2978 1540; x_wconf 86' lang='lat' dir='ltr'><strong>reprehendenti</strong></span> <span class='ocrx_word' id='word_1_202' title='bbox 3005 1486 3110 1526; x_wconf 90' lang='lat' dir='ltr'><strong>non</strong></span> <span class='ocrx_word' id='word_1_203' title='bbox 3132 1474 3444 1527; x_wconf 88' lang='lat' dir='ltr'><strong>assentitur.</strong></span> <span class='ocrx_word' id='word_1_204' title='bbox 3470 1474 3648 1539; x_wconf 75' lang='lat' dir='ltr'><strong>Quare</strong></span> 
     </span>
    </p>
   </div>
   <div class='ocr_carea' id='block_1_31' title="bbox 2049 1561 3648 1637">
    <p class='ocr_par' dir='ltr' id='par_1_31' title="bbox 2049 1561 3648 1637">
     <span class='ocr_line' id='line_1_31' title="bbox 2049 1561 3648 1637; baseline 0.004 -20"><span class='ocrx_word' id='word_1_205' title='bbox 2049 1561 2302 1634; x_wconf 83' lang='lat' dir='ltr'><strong>Cypriani</strong></span> <span class='ocrx_word' id='word_1_206' title='bbox 2355 1564 2630 1634; x_wconf 89' lang='lat' dir='ltr'><strong>Stephano</strong></span> <span class='ocrx_word' id='word_1_207' title='bbox 2661 1567 2992 1637; x_wconf 67' lang='lat' dir='ltr'><strong>praecipienti</strong></span> <span class='ocrx_word' id='word_1_208' title='bbox 3043 1568 3510 1634; x_wconf 87' lang='lat' dir='ltr'><strong>inobsequcntiam</strong></span> <span class='ocrx_word' id='word_1_209' title='bbox 3542 1585 3648 1624; x_wconf 91' lang='lat' dir='ltr'><strong>non</strong></span> 
     </span>
    </p>
   </div>
   <div class='ocr_carea' id='block_1_32' title="bbox 2050 1655 3648 1730">
    <p class='ocr_par' dir='ltr' id='par_1_32' title="bbox 2050 1655 3648 1730">
     <span class='ocr_line' id='line_1_32' title="bbox 2050 1655 3648 1730; baseline 0.003 -21"><span class='ocrx_word' id='word_1_210' title='bbox 2050 1665 2298 1719; x_wconf 84' lang='lat' dir='ltr'><strong>excusat,</strong></span> <span class='ocrx_word' id='word_1_211' title='bbox 2328 1655 2472 1725; x_wconf 91' lang='lat' dir='ltr'><strong>quod</strong></span> <span class='ocrx_word' id='word_1_212' title='bbox 2506 1657 2880 1727; x_wconf 87' lang='lat' dir='ltr'><strong>intempestiva</strong></span> <span class='ocrx_word' id='word_1_213' title='bbox 2908 1673 2973 1711; x_wconf 91' lang='lat' dir='ltr'><strong>ac</strong></span> <span class='ocrx_word' id='word_1_214' title='bbox 3001 1659 3178 1712; x_wconf 90' lang='lat' dir='ltr'><strong>minus</strong></span> <span class='ocrx_word' id='word_1_215' title='bbox 3208 1667 3360 1728; x_wconf 60' lang='lat' dir='ltr'><strong>aequa</strong></span> <span class='ocrx_word' id='word_1_216' title='bbox 3392 1661 3443 1714; x_wconf 83' lang='lat' dir='ltr'><strong>iri</strong></span> <span class='ocrx_word' id='word_1_217' title='bbox 3474 1661 3648 1730; x_wconf 89' lang='lat' dir='ltr'><strong>ipsum</strong></span> 
     </span>
    </p>
   </div>
   <div class='ocr_carea' id='block_1_33' title="bbox 343 1741 3652 1833">
    <p class='ocr_par' dir='ltr' id='par_1_33' title="bbox 343 1741 3652 1833">
     <span class='ocr_line' id='line_1_33' title="bbox 343 1741 3652 1833; baseline -0.008 -12"><span class='ocrx_word' id='word_1_218' title='bbox 343 1756 1950 1833; x_wconf 83' lang='lat' dir='ltr'><strong>ratniladvcrsusantiquamEcclesiaetraditionemessein-</strong></span> <span class='ocrx_word' id='word_1_219' title='bbox 1979 1741 2026 1815; x_wconf 76' lang='grc' dir='ltr'><strong>Β</strong></span> <span class='ocrx_word' id='word_1_220' title='bbox 2055 1747 2216 1802; x_wconf 73' lang='lat' dir='ltr'><strong>fuerit</strong></span> <span class='ocrx_word' id='word_1_221' title='bbox 2267 1748 2524 1818; x_wconf 79' lang='lat' dir='ltr'><strong>Stephani</strong></span> <span class='ocrx_word' id='word_1_222' title='bbox 2566 1749 2757 1819; x_wconf 85' lang='lat' dir='ltr'><strong>agendi</strong></span> <span class='ocrx_word' id='word_1_223' title='bbox 2814 1750 2995 1803; x_wconf 88' lang='lat' dir='ltr'><strong>ratio?</strong></span> <span class='ocrx_word' id='word_1_224' title='bbox 3040 1750 3208 1804; x_wconf 86' lang='lat' dir='ltr'><strong>Totus</strong></span> <span class='ocrx_word' id='word_1_225' title='bbox 3254 1749 3561 1806; x_wconf 75' lang='lat' dir='ltr'><strong>minuendis</strong></span> <span class='ocrx_word' id='word_1_226' title='bbox 3588 1766 3652 1806; x_wconf 75' lang='lat' dir='ltr'><strong>ac</strong></span> 
     </span>
    </p>
   </div>
   <div class='ocr_carea' id='block_1_34' title="bbox 348 1849 1949 1927">
    <p class='ocr_par' dir='ltr' id='par_1_34' title="bbox 348 1849 1949 1927">
     <span class='ocr_line' id='line_1_34' title="bbox 348 1849 1949 1927; baseline -0.009 -13"><span class='ocrx_word' id='word_1_227' title='bbox 348 1858 687 1914; x_wconf 88' lang='lat' dir='ltr'><strong>novandum:</strong></span> <span class='ocrx_word' id='word_1_228' title='bbox 715 1876 733 1908; x_wconf 83' lang='lat'><strong>(</strong></span> <span class='ocrx_word' id='word_1_229' title='bbox 758 1857 1079 1927; x_wconf 81' lang='lat' dir='ltr'><strong>Cyprianus,</strong></span> <span class='ocrx_word' id='word_1_230' title='bbox 1099 1854 1270 1924; x_wconf 89' lang='lat' dir='ltr'><strong>inquit</strong></span> <span class='ocrx_word' id='word_1_231' title='bbox 1293 1893 1308 1918; x_wconf 93' lang='lat'><strong>,</strong></span> <span class='ocrx_word' id='word_1_232' title='bbox 1329 1851 1363 1906; x_wconf 88' lang='lat' dir='ltr'><strong>l.</strong></span> <span class='ocrx_word' id='word_1_233' title='bbox 1383 1866 1456 1906; x_wconf 85' lang='lat' dir='ltr'><strong>vn</strong></span> <span class='ocrx_word' id='word_1_234' title='bbox 1477 1849 1638 1917; x_wconf 83' lang='lat' dir='ltr'><strong>Hist.,</strong></span> <span class='ocrx_word' id='word_1_235' title='bbox 1657 1865 1708 1903; x_wconf 78' lang='grc' dir='ltr'>ε.</span> <span class='ocrx_word' id='word_1_236' title='bbox 1735 1849 1788 1914; x_wconf 83' lang='grc'><strong>5,</strong></span> <span class='ocrx_word' id='word_1_237' title='bbox 1812 1863 1949 1901; x_wconf 81' lang='lat' dir='ltr'><strong>non-</strong></span> 
     </span>
    </p>
   </div>
   <div class='ocr_carea' id='block_1_35' title="bbox 347 1941 1952 2021">
    <p class='ocr_par' dir='ltr' id='par_1_35' title="bbox 347 1941 1952 2021">
     <span class='ocr_line' id='line_1_35' title="bbox 347 1941 1952 2021; baseline -0.006 -15"><span class='ocrx_word' id='word_1_238' title='bbox 347 1953 448 2007; x_wconf 90' lang='lat' dir='ltr'><strong>nisi</strong></span> <span class='ocrx_word' id='word_1_239' title='bbox 469 1967 564 2021; x_wconf 89' lang='lat' dir='ltr'><strong>per</strong></span> <span class='ocrx_word' id='word_1_240' title='bbox 587 1950 918 2019; x_wconf 85' lang='lat' dir='ltr'><strong>Baptistnum</strong></span> <span class='ocrx_word' id='word_1_241' title='bbox 941 1949 1008 2003; x_wconf 88' lang='lat' dir='ltr'><strong>ab</strong></span> <span class='ocrx_word' id='word_1_242' title='bbox 1029 1964 1215 2002; x_wconf 90' lang='lat' dir='ltr'><strong>errore</strong></span> <span class='ocrx_word' id='word_1_243' title='bbox 1233 1947 1382 2017; x_wconf 90' lang='lat' dir='ltr'><strong>prius</strong></span> <span class='ocrx_word' id='word_1_244' title='bbox 1410 1941 1735 2000; x_wconf 74' lang='lat' dir='ltr'><strong>c‘mtmdatos</strong></span> <span class='ocrx_word' id='word_1_245' title='bbox 1753 1941 1952 1996; x_wconf 89' lang='lat' dir='ltr'><strong>admit-</strong></span> 
     </span>
    </p>
   </div>
   <div class='ocr_carea' id='block_1_36' title="bbox 348 2035 1951 2109">
    <p class='ocr_par' dir='ltr' id='par_1_36' title="bbox 348 2035 1951 2109">
     <span class='ocr_line' id='line_1_36' title="bbox 348 2035 1951 2109; baseline -0.006 -11"><span class='ocrx_word' id='word_1_246' title='bbox 348 2043 542 2100; x_wconf 89' lang='lat' dir='ltr'><strong>tendos</strong></span> <span class='ocrx_word' id='word_1_247' title='bbox 568 2059 688 2099; x_wconf 89' lang='lat' dir='ltr'><strong>esse</strong></span> <span class='ocrx_word' id='word_1_248' title='bbox 711 2044 940 2098; x_wconf 88' lang='lat' dir='ltr'><strong>censuit.</strong></span> <span class='ocrx_word' id='word_1_249' title='bbox 967 2040 1166 2096; x_wconf 83' lang='lat' dir='ltr'><strong>Verum</strong></span> <span class='ocrx_word' id='word_1_250' title='bbox 1188 2039 1496 2109; x_wconf 76' lang='lat' dir='ltr'><strong>Stephanus</strong></span> <span class='ocrx_word' id='word_1_251' title='bbox 1531 2036 1665 2092; x_wconf 88' lang='lat' dir='ltr'><strong>nihil</strong></span> <span class='ocrx_word' id='word_1_252' title='bbox 1688 2035 1951 2091; x_wconf 87' lang='lat' dir='ltr'><strong>adversus</strong></span> 
     </span>
    </p>
   </div>
   <div class='ocr_carea' id='block_1_37' title="bbox 347 2123 1949 2207">
    <p class='ocr_par' dir='ltr' id='par_1_37' title="bbox 347 2123 1949 2207">
     <span class='ocr_line' id='line_1_37' title="bbox 347 2123 1949 2207; baseline -0.01 -13"><span class='ocrx_word' id='word_1_253' title='bbox 347 2139 693 2194; x_wconf 83' lang='lat' dir='ltr'><strong>traditionem</strong></span> <span class='ocrx_word' id='word_1_254' title='bbox 722 2152 841 2207; x_wconf 71' lang='lat' dir='ltr'><strong>qua:</strong></span> <span class='ocrx_word' id='word_1_255' title='bbox 863 2135 974 2206; x_wconf 90' lang='lat' dir='ltr'><strong>jatn</strong></span> <span class='ocrx_word' id='word_1_256' title='bbox 1004 2135 1129 2188; x_wconf 89' lang='lat' dir='ltr'><strong>inde</strong></span> <span class='ocrx_word' id='word_1_257' title='bbox 1155 2133 1223 2187; x_wconf 89' lang='lat' dir='ltr'><strong>ab</strong></span> <span class='ocrx_word' id='word_1_258' title='bbox 1251 2130 1452 2186; x_wconf 89' lang='lat' dir='ltr'><strong>ultimis</strong></span> <span class='ocrx_word' id='word_1_259' title='bbox 1482 2129 1818 2198; x_wconf 88' lang='lat' dir='ltr'><strong>temporibus</strong></span> <span class='ocrx_word' id='word_1_260' title='bbox 1846 2123 1949 2179; x_wconf 84' lang='lat' dir='ltr'><strong>ob-</strong></span> 
     </span>
    </p>
   </div>
   <div class='ocr_carea' id='block_1_38' title="bbox 349 2209 1948 2295">
    <p class='ocr_par' dir='ltr' id='par_1_38' title="bbox 349 2209 1948 2295">
     <span class='ocr_line' id='line_1_38' title="bbox 349 2209 1948 2295; baseline -0.011 -6"><span class='ocrx_word' id='word_1_261' title='bbox 349 2235 588 2289; x_wconf 88' lang='lat' dir='ltr'><strong>tinuerat</strong></span> <span class='ocrx_word' id='word_1_262' title='bbox 621 2228 982 2284; x_wconf 88' lang='lat' dir='ltr'><strong>innovandum</strong></span> <span class='ocrx_word' id='word_1_263' title='bbox 1005 2231 1173 2292; x_wconf 85' lang='lat' dir='ltr'><strong>ratus,</strong></span> <span class='ocrx_word' id='word_1_264' title='bbox 1192 2225 1508 2295; x_wconf 81' lang='lat' dir='ltr'><strong>gravissime</strong></span> <span class='ocrx_word' id='word_1_265' title='bbox 1536 2221 1586 2275; x_wconf 92' lang='lat' dir='ltr'><strong>id</strong></span> <span class='ocrx_word' id='word_1_266' title='bbox 1607 2221 1743 2274; x_wconf 88' lang='lat' dir='ltr'><strong>tulit.</strong></span> <span class='ocrx_word' id='word_1_267' title='bbox 1775 2237 1792 2271; x_wconf 83' lang='lat'><strong>)</strong></span> <span class='ocrx_word' id='word_1_268' title='bbox 1812 2209 1948 2286; x_wconf 87' lang='lat' dir='ltr'><strong>Quid</strong></span> 
     </span>
    </p>
   </div>
   <div class='ocr_carea' id='block_1_39' title="bbox 356 2311 1951 2396">
    <p class='ocr_par' dir='ltr' id='par_1_39' title="bbox 356 2311 1951 2396">
     <span class='ocr_line' id='line_1_39' title="bbox 356 2311 1951 2396; baseline -0.01 -16"><span class='ocrx_word' id='word_1_269' title='bbox 356 2339 520 2396; x_wconf 89' lang='lat' dir='ltr'><strong>porro</strong></span> <span class='ocrx_word' id='word_1_270' title='bbox 552 2323 756 2392; x_wconf 58' lang='lat' dir='ltr'><strong>aequius</strong></span> <span class='ocrx_word' id='word_1_271' title='bbox 803 2337 866 2376; x_wconf 87' lang='lat' dir='ltr'><strong>ac</strong></span> <span class='ocrx_word' id='word_1_272' title='bbox 911 2320 1208 2390; x_wconf 89' lang='lat' dir='ltr'><strong>sapientius</strong></span> <span class='ocrx_word' id='word_1_273' title='bbox 1257 2317 1547 2371; x_wconf 85' lang='lat' dir='ltr'><strong>novitatem</strong></span> <span class='ocrx_word' id='word_1_274' title='bbox 1587 2313 1820 2382; x_wconf 76' lang='lat' dir='ltr'><strong>antiqua:</strong></span> <span class='ocrx_word' id='word_1_275' title='bbox 1852 2311 1951 2365; x_wconf 82' lang='lat' dir='ltr'><strong>Ec-</strong></span> 
     </span>
    </p>
   </div>
   <div class='ocr_carea' id='block_1_40' title="bbox 353 2401 1702 2480">
    <p class='ocr_par' dir='ltr' id='par_1_40' title="bbox 353 2401 1702 2480">
     <span class='ocr_line' id='line_1_40' title="bbox 353 2401 1702 2480; baseline -0.011 -6"><span class='ocrx_word' id='word_1_276' title='bbox 353 2419 534 2475; x_wconf 75' lang='lat' dir='ltr'><strong>clesia:</strong></span> <span class='ocrx_word' id='word_1_277' title='bbox 563 2415 837 2471; x_wconf 89' lang='lat' dir='ltr'><strong>traditioni</strong></span> <span class='ocrx_word' id='word_1_278' title='bbox 867 2412 1193 2468; x_wconf 89' lang='lat' dir='ltr'><strong>contrariam</strong></span> <span class='ocrx_word' id='word_1_279' title='bbox 1220 2407 1538 2480; x_wconf 81' lang='lat' dir='ltr'><strong>gravissime</strong></span> <span class='ocrx_word' id='word_1_280' title='bbox 1570 2401 1702 2461; x_wconf 89' lang='lat' dir='ltr'><strong>fere.</strong></span> 
     </span>
    </p>
   </div>
   <div class='ocr_carea' id='block_1_41' title="bbox 426 2495 1948 2575">
    <p class='ocr_par' dir='ltr' id='par_1_41' title="bbox 426 2495 1948 2575">
     <span class='ocr_line' id='line_1_41' title="bbox 426 2495 1948 2575; baseline -0.01 -12"><span class='ocrx_word' id='word_1_281' title='bbox 426 2507 518 2563; x_wconf 83' lang='lat' dir='ltr'><strong>IX.</strong></span> <span class='ocrx_word' id='word_1_282' title='bbox 551 2507 687 2575; x_wconf 85' lang='lat' dir='ltr'><strong>Quid</strong></span> <span class='ocrx_word' id='word_1_283' title='bbox 714 2506 877 2561; x_wconf 87' lang='lat' dir='ltr'><strong>etiam</strong></span> <span class='ocrx_word' id='word_1_284' title='bbox 907 2503 976 2559; x_wconf 88' lang='lat' dir='ltr'><strong>de</strong></span> <span class='ocrx_word' id='word_1_285' title='bbox 1016 2501 1290 2570; x_wconf 81' lang='lat' dir='ltr'><strong>Stephano</strong></span> <span class='ocrx_word' id='word_1_286' title='bbox 1331 2498 1561 2555; x_wconf 86' lang='lat' dir='ltr'><strong>senserit</strong></span> <span class='ocrx_word' id='word_1_287' title='bbox 1590 2498 1648 2553; x_wconf 91' lang='lat' dir='ltr'><strong>S.</strong></span> <span class='ocrx_word' id='word_1_288' title='bbox 1683 2495 1948 2566; x_wconf 87' lang='lat' dir='ltr'><strong>llierouy—</strong></span> 
     </span>
    </p>
   </div>
   <div class='ocr_carea' id='block_1_42' title="bbox 349 2591 1949 2673">
    <p class='ocr_par' dir='ltr' id='par_1_42' title="bbox 349 2591 1949 2673">
     <span class='ocr_line' id='line_1_42' title="bbox 349 2591 1949 2673; baseline -0.011 -13"><span class='ocrx_word' id='word_1_289' title='bbox 349 2619 472 2660; x_wconf 90' lang='lat' dir='ltr'><strong>mus</strong></span> <span class='ocrx_word' id='word_1_290' title='bbox 499 2603 792 2673; x_wconf 86' lang='lat' dir='ltr'><strong>percipitur</strong></span> <span class='ocrx_word' id='word_1_291' title='bbox 815 2615 878 2654; x_wconf 83' lang='lat' dir='ltr'><strong>ex</strong></span> <span class='ocrx_word' id='word_1_292' title='bbox 909 2614 1007 2652; x_wconf 92' lang='lat' dir='ltr'><strong>suo</strong></span> <span class='ocrx_word' id='word_1_293' title='bbox 1027 2596 1286 2651; x_wconf 88' lang='lat' dir='ltr'><strong>adversus</strong></span> <span class='ocrx_word' id='word_1_294' title='bbox 1308 2592 1682 2649; x_wconf 89' lang='lat' dir='ltr'><strong>Luciferianos</strong></span> <span class='ocrx_word' id='word_1_295' title='bbox 1708 2591 1949 2660; x_wconf 90' lang='lat' dir='ltr'><strong>Dialogo,</strong></span> 
     </span>
    </p>
   </div>
   <div class='ocr_carea' id='block_1_43' title="bbox 349 2683 1953 2766">
    <p class='ocr_par' dir='ltr' id='par_1_43' title="bbox 349 2683 1953 2766">
     <span class='ocr_line' id='line_1_43' title="bbox 349 2683 1953 2766; baseline -0.011 -14"><span class='ocrx_word' id='word_1_296' title='bbox 349 2697 406 2752; x_wconf 88' lang='lat' dir='ltr'><strong>in</strong></span> <span class='ocrx_word' id='word_1_297' title='bbox 437 2711 543 2766; x_wconf 94' lang='lat' dir='ltr'><strong>quo</strong></span> <span class='ocrx_word' id='word_1_298' title='bbox 574 2709 681 2748; x_wconf 92' lang='lat' dir='ltr'><strong>non</strong></span> <span class='ocrx_word' id='word_1_299' title='bbox 713 2692 880 2748; x_wconf 89' lang='lat' dir='ltr'><strong>semel</strong></span> <span class='ocrx_word' id='word_1_300' title='bbox 926 2691 994 2746; x_wconf 90' lang='lat' dir='ltr'><strong>de</strong></span> <span class='ocrx_word' id='word_1_301' title='bbox 1041 2697 1227 2745; x_wconf 87' lang='lat' dir='ltr'><strong>exorta</strong></span> <span class='ocrx_word' id='word_1_302' title='bbox 1277 2689 1334 2742; x_wconf 90' lang='lat' dir='ltr'><strong>S.</strong></span> <span class='ocrx_word' id='word_1_303' title='bbox 1366 2685 1699 2755; x_wconf 83' lang='lat' dir='ltr'><strong>Stephanum</strong></span> <span class='ocrx_word' id='word_1_304' title='bbox 1734 2683 1873 2737; x_wconf 83' lang='lat' dir='ltr'><strong>inter</strong></span> <span class='ocrx_word' id='word_1_305' title='bbox 1898 2692 1953 2737; x_wconf 87' lang='lat' dir='ltr'><strong>et</strong></span> 
     </span>
    </p>
   </div>
   <div class='ocr_carea' id='block_1_44' title="bbox 353 2777 1947 2857">
    <p class='ocr_par' dir='ltr' id='par_1_44' title="bbox 353 2777 1947 2857">
     <span class='ocr_line' id='line_1_44' title="bbox 353 2777 1947 2857; baseline -0.008 -17"><span class='ocrx_word' id='word_1_306' title='bbox 353 2789 412 2847; x_wconf 91' lang='lat' dir='ltr'><strong>S.</strong></span> <span class='ocrx_word' id='word_1_307' title='bbox 443 2788 767 2857; x_wconf 85' lang='lat' dir='ltr'><strong>Cyprianum</strong></span> <span class='ocrx_word' id='word_1_308' title='bbox 825 2785 876 2839; x_wconf 88' lang='lat' dir='ltr'><strong>in</strong></span> <span class='ocrx_word' id='word_1_309' title='bbox 915 2798 1076 2839; x_wconf 87' lang='lat' dir='ltr'><strong>causa</strong></span> <span class='ocrx_word' id='word_1_310' title='bbox 1126 2780 1383 2851; x_wconf 84' lang='lat' dir='ltr'><strong>Baptismi</strong></span> <span class='ocrx_word' id='word_1_311' title='bbox 1407 2777 1787 2833; x_wconf 64' lang='lat' dir='ltr'><strong>haereticorum</strong></span> <span class='ocrx_word' id='word_1_312' title='bbox 1815 2790 1947 2829; x_wconf 85' lang='lat' dir='ltr'><strong>con-</strong></span> 
     </span>
    </p>
   </div>
   <div class='ocr_carea' id='block_1_45' title="bbox 352 2867 1953 2943">
    <p class='ocr_par' dir='ltr' id='par_1_45' title="bbox 352 2867 1953 2943">
     <span class='ocr_line' id='line_1_45' title="bbox 352 2867 1953 2943; baseline -0.01 -7"><span class='ocrx_word' id='word_1_313' title='bbox 352 2881 651 2936; x_wconf 86' lang='lat' dir='ltr'><strong>certatione</strong></span> <span class='ocrx_word' id='word_1_314' title='bbox 701 2877 964 2932; x_wconf 88' lang='lat' dir='ltr'><strong>meminit.</strong></span> <span class='ocrx_word' id='word_1_315' title='bbox 1019 2875 1095 2929; x_wconf 91' lang='lat' dir='ltr'><strong>lbi</strong></span> <span class='ocrx_word' id='word_1_316' title='bbox 1147 2888 1277 2943; x_wconf 81' lang='lat' dir='ltr'><strong>ergo</strong></span> <span class='ocrx_word' id='word_1_317' title='bbox 1312 2891 1330 2922; x_wconf 81' lang='lat' dir='ltr'><strong>t</strong></span> <span class='ocrx_word' id='word_1_318' title='bbox 1399 2867 1733 2940; x_wconf 89' lang='lat' dir='ltr'><strong>Stephanum</strong></span> <span class='ocrx_word' id='word_1_319' title='bbox 1787 2884 1816 2922; x_wconf 90' lang='lat' dir='ltr'><strong>a</strong></span> <span class='ocrx_word' id='word_1_320' title='bbox 1847 2868 1953 2938; x_wconf 78' lang='lat' dir='ltr'><strong>C‘y-</strong></span> 
     </span>
    </p>
   </div>
   <div class='ocr_carea' id='block_1_46' title="bbox 354 2964 1952 3048">
    <p class='ocr_par' dir='ltr' id='par_1_46' title="bbox 354 2964 1952 3048">
     <span class='ocr_line' id='line_1_46' title="bbox 354 2964 1952 3048; baseline -0.011 -17"><span class='ocrx_word' id='word_1_321' title='bbox 354 2977 544 3048; x_wconf 88' lang='lat' dir='ltr'><strong>priano</strong></span> <span class='ocrx_word' id='word_1_322' title='bbox 572 2976 861 3029; x_wconf 90' lang='lat' dir='ltr'><strong>laceratum</strong></span> <span class='ocrx_word' id='word_1_323' title='bbox 897 2991 915 3024; x_wconf 74' lang='grc' dir='ltr'><strong>ι</strong></span> <span class='ocrx_word' id='word_1_324' title='bbox 957 2970 1122 3025; x_wconf 84' lang='lat' dir='ltr'><strong>fuisse</strong></span> <span class='ocrx_word' id='word_1_325' title='bbox 1177 2967 1410 3032; x_wconf 90' lang='lat' dir='ltr'><strong>scribit,</strong></span> <span class='ocrx_word' id='word_1_326' title='bbox 1466 2967 1521 3019; x_wconf 83' lang='lat' dir='ltr'><strong>at</strong></span> <span class='ocrx_word' id='word_1_327' title='bbox 1567 2964 1892 3034; x_wconf 88' lang='lat' dir='ltr'><strong>Cyprianum</strong></span> <span class='ocrx_word' id='word_1_328' title='bbox 1922 2975 1952 3014; x_wconf 74' lang='grc' dir='ltr'><strong>ιι</strong></span> 
     </span>
    </p>
   </div>
   <div class='ocr_carea' id='block_1_47' title="bbox 355 3053 1952 3138">
    <p class='ocr_par' dir='ltr' id='par_1_47' title="bbox 355 3053 1952 3138">
     <span class='ocr_line' id='line_1_47' title="bbox 355 3053 1952 3138; baseline -0.013 -12"><span class='ocrx_word' id='word_1_329' title='bbox 355 3068 632 3138; x_wconf 85' lang='lat' dir='ltr'><strong>Stephano</strong></span> <span class='ocrx_word' id='word_1_330' title='bbox 663 3067 840 3120; x_wconf 88' lang='lat' dir='ltr'><strong>minus</strong></span> <span class='ocrx_word' id='word_1_331' title='bbox 866 3064 1003 3120; x_wconf 88' lang='lat' dir='ltr'><strong>bene</strong></span> <span class='ocrx_word' id='word_1_332' title='bbox 1037 3061 1281 3116; x_wconf 86' lang='lat' dir='ltr'><strong>habitum</strong></span> <span class='ocrx_word' id='word_1_333' title='bbox 1313 3059 1469 3112; x_wconf 89' lang='lat' dir='ltr'><strong>sicuti</strong></span> <span class='ocrx_word' id='word_1_334' title='bbox 1501 3071 1605 3110; x_wconf 91' lang='lat' dir='ltr'><strong>non</strong></span> <span class='ocrx_word' id='word_1_335' title='bbox 1635 3053 1952 3118; x_wconf 80' lang='lat' dir='ltr'><strong>censuit,itd</strong></span> 
     </span>
    </p>
   </div>
   <div class='ocr_carea' id='block_1_48' title="bbox 2055 1841 3650 1913">
    <p class='ocr_par' dir='ltr' id='par_1_48' title="bbox 2055 1841 3650 1913">
     <span class='ocr_line' id='line_1_48' title="bbox 2055 1841 3650 1913; baseline 0 -17"><span class='ocrx_word' id='word_1_336' title='bbox 2055 1841 2334 1896; x_wconf 89' lang='lat' dir='ltr'><strong>elevandis</strong></span> <span class='ocrx_word' id='word_1_337' title='bbox 2363 1841 2616 1912; x_wconf 83' lang='lat' dir='ltr'><strong>Cypriani</strong></span> <span class='ocrx_word' id='word_1_338' title='bbox 2644 1843 2838 1896; x_wconf 86' lang='lat' dir='ltr'><strong>erratis</strong></span> <span class='ocrx_word' id='word_1_339' title='bbox 2865 1842 3089 1897; x_wconf 85' lang='lat' dir='ltr'><strong>vacabat</strong></span> <span class='ocrx_word' id='word_1_340' title='bbox 3127 1842 3478 1913; x_wconf 82' lang='lat' dir='ltr'><strong>Augustinus.</strong></span> <span class='ocrx_word' id='word_1_341' title='bbox 3509 1841 3650 1897; x_wconf 81' lang='lat' dir='ltr'><strong>Nihil</strong></span> 
     </span>
    </p>
   </div>
   <div class='ocr_carea' id='block_1_49' title="bbox 2055 1927 3651 1990">
    <p class='ocr_par' dir='ltr' id='par_1_49' title="bbox 2055 1927 3651 1990">
     <span class='ocr_line' id='line_1_49' title="bbox 2055 1927 3651 1990; baseline 0.001 -2"><span class='ocrx_word' id='word_1_342' title='bbox 2055 1933 2180 1988; x_wconf 88' lang='lat' dir='ltr'><strong>novi</strong></span> <span class='ocrx_word' id='word_1_343' title='bbox 2226 1933 2660 1989; x_wconf 76' lang='lat' dir='ltr'><strong>dixisset‘hanc</strong></span> <span class='ocrx_word' id='word_1_344' title='bbox 2724 1931 3128 1989; x_wconf 80' lang='lat' dir='ltr'><strong>excusationem</strong></span> <span class='ocrx_word' id='word_1_345' title='bbox 3185 1927 3483 1989; x_wconf 75' lang='lat' dir='ltr'><strong>aiferendo.</strong></span> <span class='ocrx_word' id='word_1_346' title='bbox 3532 1934 3651 1990; x_wconf 83' lang='lat' dir='ltr'><strong>Jaui</strong></span> 
     </span>
    </p>
   </div>
   <div class='ocr_carea' id='block_1_50' title="bbox 2053 2026 3648 2099">
    <p class='ocr_par' dir='ltr' id='par_1_50' title="bbox 2053 2026 3648 2099">
     <span class='ocr_line' id='line_1_50' title="bbox 2053 2026 3648 2099; baseline 0.003 -19"><span class='ocrx_word' id='word_1_347' title='bbox 2053 2027 2340 2096; x_wconf 66' lang='lat' dir='ltr'><strong>prmiverat</strong></span> <span class='ocrx_word' id='word_1_348' title='bbox 2392 2029 2507 2098; x_wconf 91' lang='lat' dir='ltr'><strong>ipse</strong></span> <span class='ocrx_word' id='word_1_349' title='bbox 2555 2029 2892 2099; x_wconf 88' lang='lat' dir='ltr'><strong>Cyprianus,</strong></span> <span class='ocrx_word' id='word_1_350' title='bbox 2944 2029 3036 2098; x_wconf 90' lang='lat' dir='ltr'><strong>qui</strong></span> <span class='ocrx_word' id='word_1_351' title='bbox 3080 2026 3326 2083; x_wconf 88' lang='lat' dir='ltr'><strong>eamdem</strong></span> <span class='ocrx_word' id='word_1_352' title='bbox 3371 2027 3648 2084; x_wconf 85' lang='lat' dir='ltr'><strong>attulerat.</strong></span> 
     </span>
    </p>
   </div>
   <div class='ocr_carea' id='block_1_51' title="bbox 2054 2111 3661 2192">
    <p class='ocr_par' dir='ltr' id='par_1_51' title="bbox 2054 2111 3661 2192">
     <span class='ocr_line' id='line_1_51' title="bbox 2054 2111 3661 2192; baseline 0.002 -19"><span class='ocrx_word' id='word_1_353' title='bbox 2054 2120 2231 2189; x_wconf 63' lang='lat' dir='ltr'><strong>Quare</strong></span> <span class='ocrx_word' id='word_1_354' title='bbox 2261 2136 2390 2190; x_wconf 82' lang='lat' dir='ltr'><strong>ergo</strong></span> <span class='ocrx_word' id='word_1_355' title='bbox 2433 2121 2686 2192; x_wconf 88' lang='lat' dir='ltr'><strong>Cypriani</strong></span> <span class='ocrx_word' id='word_1_356' title='bbox 2729 2121 3016 2189; x_wconf 88' lang='lat' dir='ltr'><strong>judicium,</strong></span> <span class='ocrx_word' id='word_1_357' title='bbox 3045 2120 3189 2190; x_wconf 89' lang='lat' dir='ltr'><strong>quod</strong></span> <span class='ocrx_word' id='word_1_358' title='bbox 3235 2120 3370 2176; x_wconf 88' lang='lat' dir='ltr'><strong>tanti</strong></span> <span class='ocrx_word' id='word_1_359' title='bbox 3402 2111 3661 2189; x_wconf 28' lang='lat' dir='ltr'><strong>faciebat,-</strong></span> 
     </span>
    </p>
   </div>
   <div class='ocr_carea' id='block_1_52' title="bbox 2055 2209 3654 2282">
    <p class='ocr_par' dir='ltr' id='par_1_52' title="bbox 2055 2209 3654 2282">
     <span class='ocr_line' id='line_1_52' title="bbox 2055 2209 3654 2282; baseline 0.003 -18"><span class='ocrx_word' id='word_1_360' title='bbox 2055 2209 2158 2264; x_wconf 87' lang='lat' dir='ltr'><strong>hac</strong></span> <span class='ocrx_word' id='word_1_361' title='bbox 2204 2212 2255 2264; x_wconf 92' lang='lat' dir='ltr'><strong>in</strong></span> <span class='ocrx_word' id='word_1_362' title='bbox 2291 2221 2442 2280; x_wconf 88' lang='lat' dir='ltr'><strong>parte</strong></span> <span class='ocrx_word' id='word_1_363' title='bbox 2491 2230 2596 2266; x_wconf 92' lang='lat' dir='ltr'><strong>non</strong></span> <span class='ocrx_word' id='word_1_364' title='bbox 2637 2211 3009 2280; x_wconf 73' lang='lat' dir='ltr'><strong>se;piitur?Si</strong></span> <span class='ocrx_word' id='word_1_365' title='bbox 3037 2227 3163 2266; x_wconf 88' lang='lat' dir='ltr'><strong>vera</strong></span> <span class='ocrx_word' id='word_1_366' title='bbox 3193 2211 3356 2282; x_wconf 79' lang='lat' dir='ltr'><strong>&#39;loqni</strong></span> <span class='ocrx_word' id='word_1_367' title='bbox 3383 2220 3436 2266; x_wconf 88' lang='lat' dir='ltr'><strong>et</strong></span> <span class='ocrx_word' id='word_1_368' title='bbox 3464 2211 3654 2268; x_wconf 84' lang='lat' dir='ltr'><strong>audire</strong></span> 
     </span>
    </p>
   </div>
   <div class='ocr_carea' id='block_1_53' title="bbox 2054 2302 3658 2373">
    <p class='ocr_par' dir='ltr' id='par_1_53' title="bbox 2054 2302 3658 2373">
     <span class='ocr_line' id='line_1_53' title="bbox 2054 2302 3658 2373; baseline 0.002 -18"><span class='ocrx_word' id='word_1_369' title='bbox 2054 2302 2252 2372; x_wconf 88' lang='lat' dir='ltr'><strong>placet.</strong></span> <span class='ocrx_word' id='word_1_370' title='bbox 2287 2303 2475 2358; x_wconf 86' lang='lat' dir='ltr'><strong>Talem</strong></span> <span class='ocrx_word' id='word_1_371' title='bbox 2507 2321 2612 2357; x_wconf 91' lang='lat' dir='ltr'><strong>non</strong></span> <span class='ocrx_word' id='word_1_372' title='bbox 2654 2305 2865 2359; x_wconf 86' lang='lat' dir='ltr'><strong>censuit</strong></span> <span class='ocrx_word' id='word_1_373' title='bbox 2904 2303 3256 2373; x_wconf 83' lang='lat' dir='ltr'><strong>Augustinus,</strong></span> <span class='ocrx_word' id='word_1_374' title='bbox 3283 2303 3497 2372; x_wconf 88' lang='lat' dir='ltr'><strong>qualem</strong></span> <span class='ocrx_word' id='word_1_375' title='bbox 3545 2304 3658 2359; x_wconf 82' lang='lat' dir='ltr'><strong>exi-</strong></span> 
     </span>
    </p>
   </div>
   <div class='ocr_carea' id='block_1_54' title="bbox 2055 2393 3656 2468">
    <p class='ocr_par' dir='ltr' id='par_1_54' title="bbox 2055 2393 3656 2468">
     <span class='ocr_line' id='line_1_54' title="bbox 2055 2393 3656 2468; baseline 0 -20"><span class='ocrx_word' id='word_1_376' title='bbox 2055 2396 2307 2450; x_wconf 84' lang='lat' dir='ltr'><strong>5titnabat</strong></span> <span class='ocrx_word' id='word_1_377' title='bbox 2336 2394 2636 2468; x_wconf 85' lang='lat' dir='ltr'><strong>Cyprianus</strong></span> <span class='ocrx_word' id='word_1_378' title='bbox 2663 2394 2921 2465; x_wconf 88' lang='lat' dir='ltr'><strong>Stephani</strong></span> <span class='ocrx_word' id='word_1_379' title='bbox 2964 2393 3156 2465; x_wconf 87' lang='lat' dir='ltr'><strong>agendi</strong></span> <span class='ocrx_word' id='word_1_380' title='bbox 3202 2394 3488 2460; x_wconf 88' lang='lat' dir='ltr'><strong>rationem,</strong></span> <span class='ocrx_word' id='word_1_381' title='bbox 3518 2395 3656 2449; x_wconf 86' lang='lat' dir='ltr'><strong>alio-</strong></span> 
     </span>
    </p>
   </div>
   <div class='ocr_carea' id='block_1_55' title="bbox 2054 2485 3654 2559">
    <p class='ocr_par' dir='ltr' id='par_1_55' title="bbox 2054 2485 3654 2559">
     <span class='ocr_line' id='line_1_55' title="bbox 2054 2485 3654 2559; baseline -0.001 -17"><span class='ocrx_word' id='word_1_382' title='bbox 2054 2489 2184 2557; x_wconf 91' lang='lat' dir='ltr'><strong>quin</strong></span> <span class='ocrx_word' id='word_1_383' title='bbox 2217 2490 2307 2557; x_wconf 88' lang='lat' dir='ltr'><strong>qui</strong></span> <span class='ocrx_word' id='word_1_384' title='bbox 2358 2503 2455 2558; x_wconf 92' lang='lat' dir='ltr'><strong>pro</strong></span> <span class='ocrx_word' id='word_1_385' title='bbox 2482 2498 2730 2557; x_wconf 89' lang='lat' dir='ltr'><strong>suscepta</strong></span> <span class='ocrx_word' id='word_1_386' title='bbox 2780 2486 3034 2559; x_wconf 88' lang='lat' dir='ltr'><strong>Cypriani</strong></span> <span class='ocrx_word' id='word_1_387' title='bbox 3065 2485 3384 2542; x_wconf 83' lang='lat' dir='ltr'><strong>defensione</strong></span> <span class='ocrx_word' id='word_1_388' title='bbox 3426 2495 3502 2541; x_wconf 87' lang='lat' dir='ltr'><strong>tot</strong></span> <span class='ocrx_word' id='word_1_389' title='bbox 3547 2486 3654 2541; x_wconf 87' lang='lat' dir='ltr'><strong>alia</strong></span> 
     </span>
    </p>
   </div>
   <div class='ocr_carea' id='block_1_56' title="bbox 2054 2578 3649 2651">
    <p class='ocr_par' dir='ltr' id='par_1_56' title="bbox 2054 2578 3649 2651">
     <span class='ocr_line' id='line_1_56' title="bbox 2054 2578 3649 2651; baseline -0.002 -17"><span class='ocrx_word' id='word_1_390' title='bbox 2054 2581 2304 2650; x_wconf 86' lang='lat' dir='ltr'><strong>allegavit</strong></span> <span class='ocrx_word' id='word_1_391' title='bbox 2335 2592 2390 2635; x_wconf 90' lang='lat' dir='ltr'><strong>ct</strong></span> <span class='ocrx_word' id='word_1_392' title='bbox 2411 2581 2754 2651; x_wconf 82' lang='lat' dir='ltr'><strong>excogitavit,</strong></span> <span class='ocrx_word' id='word_1_393' title='bbox 2789 2580 2918 2634; x_wconf 89' lang='lat' dir='ltr'><strong>illud</strong></span> <span class='ocrx_word' id='word_1_394' title='bbox 2949 2578 3190 2649; x_wconf 87' lang='lat' dir='ltr'><strong>profecto</strong></span> <span class='ocrx_word' id='word_1_395' title='bbox 3220 2595 3325 2633; x_wconf 90' lang='lat' dir='ltr'><strong>non</strong></span> <span class='ocrx_word' id='word_1_396' title='bbox 3355 2579 3649 2644; x_wconf 89' lang='lat' dir='ltr'><strong>omisisset,</strong></span> 
     </span>
    </p>
   </div>
   <div class='ocr_carea' id='block_1_57' title="bbox 2055 2673 3655 2745">
    <p class='ocr_par' dir='ltr' id='par_1_57' title="bbox 2055 2673 3655 2745">
     <span class='ocr_line' id='line_1_57' title="bbox 2055 2673 3655 2745; baseline -0.001 -16"><span class='ocrx_word' id='word_1_397' title='bbox 2055 2673 2198 2744; x_wconf 89' lang='lat' dir='ltr'><strong>quod</strong></span> <span class='ocrx_word' id='word_1_398' title='bbox 2230 2674 2536 2745; x_wconf 79' lang='lat' dir='ltr'><strong>Cyprianus</strong></span> <span class='ocrx_word' id='word_1_399' title='bbox 2562 2675 2680 2745; x_wconf 88' lang='lat' dir='ltr'><strong>ipse</strong></span> <span class='ocrx_word' id='word_1_400' title='bbox 2712 2690 2810 2745; x_wconf 92' lang='lat' dir='ltr'><strong>pro</strong></span> <span class='ocrx_word' id='word_1_401' title='bbox 2831 2689 2928 2729; x_wconf 91' lang='lat' dir='ltr'><strong>suo</strong></span> <span class='ocrx_word' id='word_1_402' title='bbox 2955 2673 3241 2729; x_wconf 89' lang='lat' dir='ltr'><strong>resistendi</strong></span> <span class='ocrx_word' id='word_1_403' title='bbox 3273 2673 3396 2743; x_wconf 89' lang='lat' dir='ltr'><strong>jure</strong></span> <span class='ocrx_word' id='word_1_404' title='bbox 3435 2689 3541 2729; x_wconf 90' lang='lat' dir='ltr'><strong>non</strong></span> <span class='ocrx_word' id='word_1_405' title='bbox 3568 2687 3655 2728; x_wconf 87' lang='lat' dir='ltr'><strong>se-</strong></span> 
     </span>
    </p>
   </div>
   <div class='ocr_carea' id='block_1_58' title="bbox 2054 2765 2525 2822">
    <p class='ocr_par' dir='ltr' id='par_1_58' title="bbox 2054 2765 2525 2822">
     <span class='ocr_line' id='line_1_58' title="bbox 2054 2765 2525 2822; baseline -0.002 -1"><span class='ocrx_word' id='word_1_406' title='bbox 2054 2765 2162 2821; x_wconf 90' lang='lat' dir='ltr'><strong>mel</strong></span> <span class='ocrx_word' id='word_1_407' title='bbox 2210 2765 2525 2822; x_wconf 81' lang='lat' dir='ltr'><strong>adduxerat.</strong></span> 
     </span>
    </p>
   </div>
   <div class='ocr_carea' id='block_1_59' title="bbox 2129 2854 3650 2929">
    <p class='ocr_par' dir='ltr' id='par_1_59' title="bbox 2129 2854 3650 2929">
     <span class='ocr_line' id='line_1_59' title="bbox 2129 2854 3650 2929; baseline -0.001 -17"><span class='ocrx_word' id='word_1_408' title='bbox 2129 2859 2358 2913; x_wconf 89' lang='lat' dir='ltr'><strong>Tantum</strong></span> <span class='ocrx_word' id='word_1_409' title='bbox 2389 2858 2544 2914; x_wconf 89' lang='lat' dir='ltr'><strong>abest</strong></span> <span class='ocrx_word' id='word_1_410' title='bbox 2573 2869 2630 2912; x_wconf 91' lang='lat' dir='ltr'><strong>ut</strong></span> <span class='ocrx_word' id='word_1_411' title='bbox 2655 2855 2911 2929; x_wconf 89' lang='lat' dir='ltr'><strong>Cypriani</strong></span> <span class='ocrx_word' id='word_1_412' title='bbox 2940 2857 2992 2911; x_wconf 92' lang='lat' dir='ltr'><strong>in</strong></span> <span class='ocrx_word' id='word_1_413' title='bbox 3027 2855 3286 2926; x_wconf 86' lang='lat' dir='ltr'><strong>Stephani</strong></span> <span class='ocrx_word' id='word_1_414' title='bbox 3336 2854 3533 2925; x_wconf 83' lang='lat' dir='ltr'><strong>agendi</strong></span> <span class='ocrx_word' id='word_1_415' title='bbox 3563 2870 3650 2910; x_wconf 87' lang='lat' dir='ltr'><strong>ra-</strong></span> 
     </span>
    </p>
   </div>
   <div class='ocr_carea' id='block_1_60' title="bbox 2058 2933 3657 3020">
    <p class='ocr_par' dir='ltr' id='par_1_60' title="bbox 2058 2933 3657 3020">
     <span class='ocr_line' id='line_1_60' title="bbox 2058 2933 3657 3020; baseline -0.001 -16"><span class='ocrx_word' id='word_1_416' title='bbox 2058 2952 2257 3006; x_wconf 90' lang='lat' dir='ltr'><strong>tionem</strong></span> <span class='ocrx_word' id='word_1_417' title='bbox 2291 2951 2442 3020; x_wconf 90' lang='lat' dir='ltr'><strong>quasi</strong></span> <span class='ocrx_word' id='word_1_418' title='bbox 2493 2950 2672 3004; x_wconf 89' lang='lat' dir='ltr'><strong>minus</strong></span> <span class='ocrx_word' id='word_1_419' title='bbox 2703 2966 2910 3019; x_wconf 66' lang='lat' dir='ltr'><strong>{equam</strong></span> <span class='ocrx_word' id='word_1_420' title='bbox 2941 2933 3005 3005; x_wconf 76' lang='lat' dir='ltr'><strong>ac</strong></span> <span class='ocrx_word' id='word_1_421' title='bbox 3048 2948 3383 3003; x_wconf 87' lang='lat' dir='ltr'><strong>moderatam</strong></span> <span class='ocrx_word' id='word_1_422' title='bbox 3423 2949 3657 3018; x_wconf 84' lang='lat' dir='ltr'><strong>querelis</strong></span> 
     </span>
    </p>
   </div>
   <div class='ocr_carea' id='block_1_61' title="bbox 2057 3042 3658 3112">
    <p class='ocr_par' dir='ltr' id='par_1_61' title="bbox 2057 3042 3658 3112">
     <span class='ocr_line' id='line_1_61' title="bbox 2057 3042 3658 3112; baseline 0 -17"><span class='ocrx_word' id='word_1_423' title='bbox 2057 3043 2305 3098; x_wconf 88' lang='lat' dir='ltr'><strong>assentiri</strong></span> <span class='ocrx_word' id='word_1_424' title='bbox 2336 3060 2394 3098; x_wconf 90' lang='lat' dir='ltr'><strong>se</strong></span> <span class='ocrx_word' id='word_1_425' title='bbox 2423 3057 2578 3112; x_wconf 84' lang='lat' dir='ltr'><strong>posse</strong></span> <span class='ocrx_word' id='word_1_426' title='bbox 2617 3042 2909 3098; x_wconf 87' lang='lat' dir='ltr'><strong>crediderit</strong></span> <span class='ocrx_word' id='word_1_427' title='bbox 2953 3044 3300 3112; x_wconf 83' lang='lat' dir='ltr'><strong>Augustinus,</strong></span> <span class='ocrx_word' id='word_1_428' title='bbox 3331 3051 3389 3096; x_wconf 93' lang='lat' dir='ltr'><strong>ut</strong></span> <span class='ocrx_word' id='word_1_429' title='bbox 3415 3056 3506 3096; x_wconf 90' lang='lat' dir='ltr'><strong>eas</strong></span> <span class='ocrx_word' id='word_1_430' title='bbox 3551 3057 3658 3095; x_wconf 92' lang='lat' dir='ltr'><strong>non</strong></span> 
     </span>
    </p>
   </div>
   <div class='ocr_carea' id='block_1_62' title="bbox 356 3137 3656 3224">
    <p class='ocr_par' dir='ltr' id='par_1_62' title="bbox 356 3137 3656 3224">
     <span class='ocr_line' id='line_1_62' title="bbox 356 3137 3656 3224; baseline -0.008 -7"><span class='ocrx_word' id='word_1_431' title='bbox 356 3177 460 3219; x_wconf 90' lang='lat' dir='ltr'><strong>nec</strong></span> <span class='ocrx_word' id='word_1_432' title='bbox 486 3159 744 3224; x_wconf 82' lang='lat' dir='ltr'><strong>tradidit;</strong></span> <span class='ocrx_word' id='word_1_433' title='bbox 778 3158 942 3212; x_wconf 90' lang='lat' dir='ltr'><strong>immo</strong></span> <span class='ocrx_word' id='word_1_434' title='bbox 974 3153 1233 3224; x_wconf 90' lang='lat' dir='ltr'><strong>Stephani</strong></span> <span class='ocrx_word' id='word_1_435' title='bbox 1279 3150 1598 3206; x_wconf 67' lang='lat' dir='ltr'><strong>constantim</strong></span> <span class='ocrx_word' id='word_1_436' title='bbox 1633 3164 1693 3200; x_wconf 89' lang='lat' dir='ltr'><strong>ac</strong></span> <span class='ocrx_word' id='word_1_437' title='bbox 1723 3146 1838 3200; x_wconf 88' lang='lat' dir='ltr'><strong>zelo</strong></span> <span class='ocrx_word' id='word_1_438' title='bbox 1859 3141 1954 3198; x_wconf 85' lang='lat' dir='ltr'><strong>ad-</strong></span> <span class='ocrx_word' id='word_1_439' title='bbox 1980 3148 2024 3210; x_wconf 72' lang='grc' dir='ltr'><strong>ρ</strong></span> <span class='ocrx_word' id='word_1_440' title='bbox 2060 3153 2218 3209; x_wconf 86' lang='lat' dir='ltr'><strong>posse</strong></span> <span class='ocrx_word' id='word_1_441' title='bbox 2274 3138 2374 3192; x_wconf 84' lang='lat' dir='ltr'><strong>nisi</strong></span> <span class='ocrx_word' id='word_1_442' title='bbox 2432 3139 2723 3208; x_wconf 89' lang='lat' dir='ltr'><strong>improbari</strong></span> <span class='ocrx_word' id='word_1_443' title='bbox 2777 3138 3195 3208; x_wconf 86' lang='lat' dir='ltr'><strong>signiﬁcaverit,</strong></span> <span class='ocrx_word' id='word_1_444' title='bbox 3245 3137 3656 3193; x_wconf 85' lang='lat' dir='ltr'><strong>strenuissimus</strong></span> 
     </span>
    </p>
   </div>
   <div class='ocr_carea' id='block_1_63' title="bbox 354 3237 1952 3322">
    <p class='ocr_par' dir='ltr' id='par_1_63' title="bbox 354 3237 1952 3322">
     <span class='ocr_line' id='line_1_63' title="bbox 354 3237 1952 3322; baseline -0.012 -13"><span class='ocrx_word' id='word_1_445' title='bbox 354 3253 565 3321; x_wconf 84' lang='lat' dir='ltr'><strong>scribit,</strong></span> <span class='ocrx_word' id='word_1_446' title='bbox 597 3252 738 3322; x_wconf 91' lang='lat' dir='ltr'><strong>quod</strong></span> <span class='ocrx_word' id='word_1_447' title='bbox 762 3249 896 3304; x_wconf 89' lang='lat' dir='ltr'><strong>irriti</strong></span> <span class='ocrx_word' id='word_1_448' title='bbox 925 3248 1127 3302; x_wconf 83' lang='lat' dir='ltr'><strong>fuerint</strong></span> <span class='ocrx_word' id='word_1_449' title='bbox 1152 3242 1410 3322; x_wconf 79' lang='lat' dir='ltr'><strong>Cypriani</strong></span> <span class='ocrx_word' id='word_1_450' title='bbox 1439 3257 1537 3312; x_wconf 91' lang='lat' dir='ltr'><strong>pro</strong></span> <span class='ocrx_word' id='word_1_451' title='bbox 1570 3237 1824 3294; x_wconf 87' lang='lat' dir='ltr'><strong>mutanda</strong></span> <span class='ocrx_word' id='word_1_452' title='bbox 1857 3253 1952 3291; x_wconf 88' lang='lat' dir='ltr'><strong>an-</strong></span> 
     </span>
    </p>
   </div>
   <div class='ocr_carea' id='block_1_64' title="bbox 358 3334 1952 3419">
    <p class='ocr_par' dir='ltr' id='par_1_64' title="bbox 358 3334 1952 3419">
     <span class='ocr_line' id='line_1_64' title="bbox 358 3334 1952 3419; baseline -0.013 -15"><span class='ocrx_word' id='word_1_453' title='bbox 358 3350 506 3419; x_wconf 91' lang='lat' dir='ltr'><strong>tiqua</strong></span> <span class='ocrx_word' id='word_1_454' title='bbox 538 3345 796 3401; x_wconf 73' lang='lat' dir='ltr'><strong>Ecclesia:</strong></span> <span class='ocrx_word' id='word_1_455' title='bbox 825 3343 1171 3397; x_wconf 86' lang='lat' dir='ltr'><strong>tradiditione</strong></span> <span class='ocrx_word' id='word_1_456' title='bbox 1199 3350 1457 3394; x_wconf 89' lang='lat' dir='ltr'><strong>conatus:</strong></span> <span class='ocrx_word' id='word_1_457' title='bbox 1487 3338 1720 3391; x_wconf 83' lang='lat' dir='ltr'><strong>Conatus</strong></span> <span class='ocrx_word' id='word_1_458' title='bbox 1750 3341 1851 3399; x_wconf 91' lang='lat' dir='ltr'><strong>est,</strong></span> <span class='ocrx_word' id='word_1_459' title='bbox 1871 3334 1952 3385; x_wconf 90' lang='lat' dir='ltr'><strong>in-</strong></span> 
     </span>
    </p>
   </div>
   <div class='ocr_carea' id='block_1_65' title="bbox 356 3423 1952 3514">
    <p class='ocr_par' dir='ltr' id='par_1_65' title="bbox 356 3423 1952 3514">
     <span class='ocr_line' id='line_1_65' title="bbox 356 3423 1952 3514; baseline -0.011 -17"><span class='ocrx_word' id='word_1_460' title='bbox 356 3442 491 3514; x_wconf 92' lang='lat' dir='ltr'><strong>quit,</strong></span> <span class='ocrx_word' id='word_1_461' title='bbox 527 3443 714 3496; x_wconf 89' lang='lat' dir='ltr'><strong>beatus</strong></span> <span class='ocrx_word' id='word_1_462' title='bbox 743 3437 1042 3510; x_wconf 86' lang='lat' dir='ltr'><strong>Cyprianus</strong></span> <span class='ocrx_word' id='word_1_463' title='bbox 1070 3435 1332 3490; x_wconf 89' lang='lat' dir='ltr'><strong>contritos</strong></span> <span class='ocrx_word' id='word_1_464' title='bbox 1378 3433 1524 3485; x_wconf 86' lang='lat' dir='ltr'><strong>lacus</strong></span> <span class='ocrx_word' id='word_1_465' title='bbox 1553 3429 1742 3500; x_wconf 87' lang='lat' dir='ltr'><strong>fugere</strong></span> <span class='ocrx_word' id='word_1_466' title='bbox 1780 3441 1843 3482; x_wconf 88' lang='lat' dir='ltr'><strong>ac</strong></span> <span class='ocrx_word' id='word_1_467' title='bbox 1872 3423 1952 3480; x_wconf 83' lang='lat' dir='ltr'><strong>hi-</strong></span> 
     </span>
    </p>
   </div>
   <div class='ocr_carea' id='block_1_66' title="bbox 355 3521 1954 3604">
    <p class='ocr_par' dir='ltr' id='par_1_66' title="bbox 355 3521 1954 3604">
     <span class='ocr_line' id='line_1_66' title="bbox 355 3521 1954 3604; baseline -0.013 -13"><span class='ocrx_word' id='word_1_468' title='bbox 355 3536 487 3592; x_wconf 85' lang='lat' dir='ltr'><strong>bere</strong></span> <span class='ocrx_word' id='word_1_469' title='bbox 509 3532 577 3588; x_wconf 93' lang='lat' dir='ltr'><strong>de</strong></span> <span class='ocrx_word' id='word_1_470' title='bbox 598 3543 732 3604; x_wconf 75' lang='lat' dir='ltr'><strong>aQua</strong></span> <span class='ocrx_word' id='word_1_471' title='bbox 751 3531 945 3596; x_wconf 87' lang='lat' dir='ltr'><strong>aliena,</strong></span> <span class='ocrx_word' id='word_1_472' title='bbox 968 3538 1022 3584; x_wconf 89' lang='lat' dir='ltr'><strong>et</strong></span> <span class='ocrx_word' id='word_1_473' title='bbox 1045 3527 1246 3582; x_wconf 85' lang='lat' dir='ltr'><strong>idcirco</strong></span> <span class='ocrx_word' id='word_1_474' title='bbox 1275 3525 1654 3580; x_wconf 67' lang='grc' dir='ltr'>ιιιειειίεοιύιιι</span> <span class='ocrx_word' id='word_1_475' title='bbox 1677 3521 1954 3590; x_wconf 81' lang='lat' dir='ltr'><strong>Baptisma</strong></span> 
     </span>
    </p>
   </div>
   <div class='ocr_carea' id='block_1_67' title="bbox 356 3609 1955 3699">
    <p class='ocr_par' dir='ltr' id='par_1_67' title="bbox 356 3609 1955 3699">
     <span class='ocr_line' id='line_1_67' title="bbox 356 3609 1955 3699; baseline -0.014 -14"><span class='ocrx_word' id='word_1_476' title='bbox 356 3628 656 3699; x_wconf 82' lang='lat' dir='ltr'><strong>reprobatis</strong></span> <span class='ocrx_word' id='word_1_477' title='bbox 705 3625 773 3679; x_wconf 90' lang='lat' dir='ltr'><strong>ad</strong></span> <span class='ocrx_word' id='word_1_478' title='bbox 801 3621 1136 3694; x_wconf 83' lang='lat' dir='ltr'><strong>Stephanum</strong></span> <span class='ocrx_word' id='word_1_479' title='bbox 1184 3629 1312 3674; x_wconf 89' lang='lat' dir='ltr'><strong>tunc</strong></span> <span class='ocrx_word' id='word_1_480' title='bbox 1362 3617 1618 3671; x_wconf 82' lang='lat' dir='ltr'><strong>Romanae</strong></span> <span class='ocrx_word' id='word_1_481' title='bbox 1668 3611 1812 3666; x_wconf 90' lang='lat' dir='ltr'><strong>urbis</strong></span> <span class='ocrx_word' id='word_1_482' title='bbox 1843 3609 1955 3678; x_wconf 88' lang='lat' dir='ltr'><strong>epi-</strong></span> 
     </span>
    </p>
   </div>
   <div class='ocr_carea' id='block_1_68' title="bbox 359 3699 1954 3788">
    <p class='ocr_par' dir='ltr' id='par_1_68' title="bbox 359 3699 1954 3788">
     <span class='ocr_line' id='line_1_68' title="bbox 359 3699 1954 3788; baseline -0.013 -13"><span class='ocrx_word' id='word_1_483' title='bbox 359 3733 582 3788; x_wconf 89' lang='lat' dir='ltr'><strong>sc0pum</strong></span> <span class='ocrx_word' id='word_1_484' title='bbox 615 3732 777 3788; x_wconf 91' lang='lat' dir='ltr'><strong>super</strong></span> <span class='ocrx_word' id='word_1_485' title='bbox 822 3715 922 3769; x_wconf 92' lang='lat' dir='ltr'><strong>hac</strong></span> <span class='ocrx_word' id='word_1_486' title='bbox 971 3729 1027 3767; x_wconf 87' lang='lat' dir='ltr'><strong>rc</strong></span> <span class='ocrx_word' id='word_1_487' title='bbox 1057 3711 1370 3767; x_wconf 82' lang='lat' dir='ltr'><strong>Africanam</strong></span> <span class='ocrx_word' id='word_1_488' title='bbox 1419 3705 1685 3778; x_wconf 87' lang='lat' dir='ltr'><strong>synodum</strong></span> <span class='ocrx_word' id='word_1_489' title='bbox 1734 3699 1954 3768; x_wconf 78' lang='lat' dir='ltr'><strong>direxit,</strong></span> 
     </span>
    </p>
   </div>
   <div class='ocr_carea' id='block_1_69' title="bbox 358 3806 1324 3881">
    <p class='ocr_par' dir='ltr' id='par_1_69' title="bbox 358 3806 1324 3881">
     <span class='ocr_line' id='line_1_69' title="bbox 358 3806 1324 3881; baseline -0.016 -9"><span class='ocrx_word' id='word_1_490' title='bbox 358 3814 459 3872; x_wconf 85' lang='lat' dir='ltr'><strong>sed</strong></span> <span class='ocrx_word' id='word_1_491' title='bbox 482 3823 708 3868; x_wconf 89' lang='lat' dir='ltr'><strong>conatus</strong></span> <span class='ocrx_word' id='word_1_492' title='bbox 728 3812 844 3881; x_wconf 88' lang='lat' dir='ltr'><strong>ejus</strong></span> <span class='ocrx_word' id='word_1_493' title='bbox 874 3810 1072 3863; x_wconf 84' lang='lat' dir='ltr'><strong>frustra</strong></span> <span class='ocrx_word' id='word_1_494' title='bbox 1096 3806 1215 3860; x_wconf 89' lang='lat' dir='ltr'><strong>fuit.</strong></span> <span class='ocrx_word' id='word_1_495' title='bbox 1257 3824 1274 3856; x_wconf 84' lang='grc'>›</span> <span class='ocrx_word' id='word_1_496' title='bbox 1317 3828 1324 3833; x_wconf 14' lang='grc' dir='ltr'><strong>ι</strong></span> 
     </span>
    </p>
   </div>
   <div class='ocr_carea' id='block_1_70' title="bbox 435 3892 1957 3977">
    <p class='ocr_par' dir='ltr' id='par_1_70' title="bbox 435 3892 1957 3977">
     <span class='ocr_line' id='line_1_70' title="bbox 435 3892 1957 3977; baseline -0.014 -16"><span class='ocrx_word' id='word_1_497' title='bbox 435 3912 607 3977; x_wconf 90' lang='lat' dir='ltr'><strong>Atque</strong></span> <span class='ocrx_word' id='word_1_498' title='bbox 637 3905 773 3960; x_wconf 88' lang='lat' dir='ltr'><strong>adeo</strong></span> <span class='ocrx_word' id='word_1_499' title='bbox 807 3903 1003 3957; x_wconf 81' lang='lat' dir='ltr'><strong>frustra</strong></span> <span class='ocrx_word' id='word_1_500' title='bbox 1059 3897 1455 3968; x_wconf 83' lang='lat' dir='ltr'><strong>rebaptizantes</strong></span> <span class='ocrx_word' id='word_1_501' title='bbox 1501 3892 1834 3962; x_wconf 87' lang='lat' dir='ltr'><strong>Stephanum</strong></span> <span class='ocrx_word' id='word_1_502' title='bbox 1867 3901 1957 3942; x_wconf 89' lang='lat' dir='ltr'><strong>ro-</strong></span> 
     </span>
    </p>
   </div>
   <div class='ocr_carea' id='block_1_71' title="bbox 361 3981 1960 4073">
    <p class='ocr_par' dir='ltr' id='par_1_71' title="bbox 361 3981 1960 4073">
     <span class='ocr_line' id='line_1_71' title="bbox 361 3981 1960 4073; baseline -0.013 -18"><span class='ocrx_word' id='word_1_503' title='bbox 361 4011 578 4073; x_wconf 87' lang='lat' dir='ltr'><strong>garunt,</strong></span> <span class='ocrx_word' id='word_1_504' title='bbox 608 4007 665 4054; x_wconf 92' lang='lat' dir='ltr'><strong>ut</strong></span> <span class='ocrx_word' id='word_1_505' title='bbox 698 3999 848 4068; x_wconf 82' lang='lat' dir='ltr'><strong>juxta</strong></span> <span class='ocrx_word' id='word_1_506' title='bbox 878 3995 935 4051; x_wconf 91' lang='lat' dir='ltr'><strong>S.</strong></span> <span class='ocrx_word' id='word_1_507' title='bbox 964 3995 1246 4049; x_wconf 89' lang='lat' dir='ltr'><strong>Doctoretn</strong></span> <span class='ocrx_word' id='word_1_508' title='bbox 1297 3999 1453 4044; x_wconf 83' lang='lat' dir='ltr'><strong>suum</strong></span> <span class='ocrx_word' id='word_1_509' title='bbox 1505 4001 1746 4041; x_wconf 80' lang='lat' dir='ltr'><strong>errorem</strong></span> <span class='ocrx_word' id='word_1_510' title='bbox 1797 3981 1960 4052; x_wconf 89' lang='lat' dir='ltr'><strong>depo-</strong></span> 
     </span>
    </p>
   </div>
   <div class='ocr_carea' id='block_1_72' title="bbox 360 4079 1956 4160">
    <p class='ocr_par' dir='ltr' id='par_1_72' title="bbox 360 4079 1956 4160">
     <span class='ocr_line' id='line_1_72' title="bbox 360 4079 1956 4160; baseline -0.014 -12"><span class='ocrx_word' id='word_1_511' title='bbox 360 4094 569 4148; x_wconf 87' lang='lat' dir='ltr'><strong>suerint</strong></span> <span class='ocrx_word' id='word_1_512' title='bbox 587 4090 928 4160; x_wconf 83' lang='lat' dir='ltr'><strong>etantiquato</strong></span> <span class='ocrx_word' id='word_1_513' title='bbox 946 4085 1114 4141; x_wconf 90' lang='lat' dir='ltr'><strong>veteri</strong></span> <span class='ocrx_word' id='word_1_514' title='bbox 1146 4100 1339 4138; x_wconf 90' lang='lat' dir='ltr'><strong>novum</strong></span> <span class='ocrx_word' id='word_1_515' title='bbox 1364 4079 1956 4140; x_wconf 85' lang='lat' dir='ltr'><strong>emiserintdecretutn;</strong></span> 
     </span>
    </p>
   </div>
   <div class='ocr_carea' id='block_1_73' title="bbox 362 4165 1960 4257">
    <p class='ocr_par' dir='ltr' id='par_1_73' title="bbox 362 4165 1960 4257">
     <span class='ocr_line' id='line_1_73' title="bbox 362 4165 1960 4257; baseline -0.013 -16"><span class='ocrx_word' id='word_1_516' title='bbox 362 4186 539 4257; x_wconf 87' lang='lat' dir='ltr'><strong>pergit</strong></span> <span class='ocrx_word' id='word_1_517' title='bbox 569 4183 742 4238; x_wconf 82' lang='lat' dir='ltr'><strong>enim:</strong></span> <span class='ocrx_word' id='word_1_518' title='bbox 776 4199 793 4232; x_wconf 76' lang='grc' dir='ltr'><strong>ι</strong></span> <span class='ocrx_word' id='word_1_519' title='bbox 830 4180 1072 4249; x_wconf 85' lang='lat' dir='ltr'><strong>Denique</strong></span> <span class='ocrx_word' id='word_1_520' title='bbox 1122 4177 1194 4230; x_wconf 89' lang='lat' dir='ltr'><strong>illi</strong></span> <span class='ocrx_word' id='word_1_521' title='bbox 1242 4171 1485 4246; x_wconf 81' lang='lat' dir='ltr'><strong>episcopi</strong></span> <span class='ocrx_word' id='word_1_522' title='bbox 1537 4168 1820 4243; x_wconf 77' lang='lat' dir='ltr'><strong>(Africani)</strong></span> <span class='ocrx_word' id='word_1_523' title='bbox 1870 4165 1960 4237; x_wconf 85' lang='lat' dir='ltr'><strong>qui</strong></span> 
     </span>
    </p>
   </div>
   <div class='ocr_carea' id='block_1_74' title="bbox 362 4264 1960 4348">
    <p class='ocr_par' dir='ltr' id='par_1_74' title="bbox 362 4264 1960 4348">
     <span class='ocr_line' id='line_1_74' title="bbox 362 4264 1960 4348; baseline -0.012 -13"><span class='ocrx_word' id='word_1_524' title='bbox 362 4276 777 4348; x_wconf 79' lang='lat' dir='ltr'><strong>rebaptizandos</strong></span> <span class='ocrx_word' id='word_1_525' title='bbox 827 4273 1112 4328; x_wconf 66' lang='lat' dir='ltr'><strong>hmrcticos</strong></span> <span class='ocrx_word' id='word_1_526' title='bbox 1157 4287 1277 4325; x_wconf 89' lang='lat' dir='ltr'><strong>etnn</strong></span> <span class='ocrx_word' id='word_1_527' title='bbox 1310 4284 1375 4324; x_wconf 91' lang='lat' dir='ltr'><strong>eo</strong></span> <span class='ocrx_word' id='word_1_528' title='bbox 1402 4264 1719 4337; x_wconf 85' lang='lat' dir='ltr'><strong>(Cypriano)</strong></span> <span class='ocrx_word' id='word_1_529' title='bbox 1762 4269 1960 4316; x_wconf 77' lang='lat' dir='ltr'><strong>statue-</strong></span> 
     </span>
    </p>
   </div>
   <div class='ocr_carea' id='block_1_75' title="bbox 364 4359 1960 4438">
    <p class='ocr_par' dir='ltr' id='par_1_75' title="bbox 364 4359 1960 4438">
     <span class='ocr_line' id='line_1_75' title="bbox 364 4359 1960 4438; baseline -0.012 -10"><span class='ocrx_word' id='word_1_530' title='bbox 364 4381 492 4429; x_wconf 88' lang='lat' dir='ltr'><strong>rant</strong></span> <span class='ocrx_word' id='word_1_531' title='bbox 519 4371 583 4425; x_wconf 89' lang='lat' dir='ltr'><strong>ad</strong></span> <span class='ocrx_word' id='word_1_532' title='bbox 639 4369 916 4438; x_wconf 82' lang='lat' dir='ltr'><strong>antiquam</strong></span> <span class='ocrx_word' id='word_1_533' title='bbox 972 4363 1419 4420; x_wconf 89' lang='lat' dir='ltr'><strong>consuetudinem</strong></span> <span class='ocrx_word' id='word_1_534' title='bbox 1472 4359 1705 4413; x_wconf 87' lang='lat' dir='ltr'><strong>revoluti</strong></span> <span class='ocrx_word' id='word_1_535' title='bbox 1764 4371 1960 4410; x_wconf 89' lang='lat' dir='ltr'><strong>novum</strong></span> 
     </span>
    </p>
   </div>
   <div class='ocr_carea' id='block_1_76' title="bbox 364 4437 1962 4526">
    <p class='ocr_par' dir='ltr' id='par_1_76' title="bbox 364 4437 1962 4526">
     <span class='ocr_line' id='line_1_76' title="bbox 364 4437 1962 4526; baseline -0.013 -4"><span class='ocrx_word' id='word_1_536' title='bbox 364 4467 596 4522; x_wconf 83' lang='lat' dir='ltr'><strong>emisere</strong></span> <span class='ocrx_word' id='word_1_537' title='bbox 620 4463 916 4517; x_wconf 86' lang='lat' dir='ltr'><strong>decretum.</strong></span> <span class='ocrx_word' id='word_1_538' title='bbox 957 4478 975 4509; x_wconf 70' lang='grc' dir='ltr'><strong>ι</strong></span> <span class='ocrx_word' id='word_1_539' title='bbox 1009 4457 1087 4512; x_wconf 89' lang='lat' dir='ltr'><strong>En</strong></span> <span class='ocrx_word' id='word_1_540' title='bbox 1118 4455 1242 4526; x_wconf 77' lang='lat' dir='ltr'><strong>quid</strong></span> <span class='ocrx_word' id='word_1_541' title='bbox 1274 4452 1463 4507; x_wconf 80' lang='lat' dir='ltr'><strong>lncrati</strong></span> <span class='ocrx_word' id='word_1_542' title='bbox 1487 4451 1595 4506; x_wconf 92' lang='lat' dir='ltr'><strong>sint</strong></span> <span class='ocrx_word' id='word_1_543' title='bbox 1631 4448 1864 4504; x_wconf 84' lang='lat' dir='ltr'><strong>Africani</strong></span> <span class='ocrx_word' id='word_1_544' title='bbox 1894 4437 1962 4502; x_wconf 90' lang='lat' dir='ltr'><strong>ad</strong></span> 
     </span>
    </p>
   </div>
   <div class='ocr_carea' id='block_1_77' title="bbox 2060 3229 3662 3301">
    <p class='ocr_par' dir='ltr' id='par_1_77' title="bbox 2060 3229 3662 3301">
     <span class='ocr_line' id='line_1_77' title="bbox 2060 3229 3662 3301; baseline 0 -16"><span class='ocrx_word' id='word_1_545' title='bbox 2060 3230 2185 3285; x_wconf 90' lang='lat' dir='ltr'><strong>licet</strong></span> <span class='ocrx_word' id='word_1_546' title='bbox 2207 3231 2456 3301; x_wconf 84' lang='lat' dir='ltr'><strong>Cypriani</strong></span> <span class='ocrx_word' id='word_1_547' title='bbox 2486 3229 2759 3285; x_wconf 80' lang='lat' dir='ltr'><strong>defensor.</strong></span> <span class='ocrx_word' id='word_1_548' title='bbox 2794 3231 3124 3300; x_wconf 78' lang='lat' dir='ltr'><strong>Expendens</strong></span> <span class='ocrx_word' id='word_1_549' title='bbox 3150 3231 3292 3285; x_wconf 89' lang='lat' dir='ltr'><strong>enim</strong></span> <span class='ocrx_word' id='word_1_550' title='bbox 3320 3230 3572 3301; x_wconf 88' lang='lat' dir='ltr'><strong>Cypriani</strong></span> <span class='ocrx_word' id='word_1_551' title='bbox 3594 3230 3662 3285; x_wconf 88' lang='lat' dir='ltr'><strong>ad</strong></span> 
     </span>
    </p>
   </div>
   <div class='ocr_carea' id='block_1_78' title="bbox 2059 3322 3658 3393">
    <p class='ocr_par' dir='ltr' id='par_1_78' title="bbox 2059 3322 3658 3393">
     <span class='ocr_line' id='line_1_78' title="bbox 2059 3322 3658 3393; baseline -0.001 -15"><span class='ocrx_word' id='word_1_552' title='bbox 2059 3322 2373 3393; x_wconf 87' lang='lat' dir='ltr'><strong>Pompeium</strong></span> <span class='ocrx_word' id='word_1_553' title='bbox 2405 3323 2714 3392; x_wconf 86' lang='lat' dir='ltr'><strong>epistolam,</strong></span> <span class='ocrx_word' id='word_1_554' title='bbox 2749 3324 2799 3376; x_wconf 90' lang='lat' dir='ltr'><strong>in</strong></span> <span class='ocrx_word' id='word_1_555' title='bbox 2823 3339 2924 3392; x_wconf 86' lang='lat' dir='ltr'><strong>qua</strong></span> <span class='ocrx_word' id='word_1_556' title='bbox 2956 3333 3010 3377; x_wconf 93' lang='lat' dir='ltr'><strong>et</strong></span> <span class='ocrx_word' id='word_1_557' title='bbox 3038 3323 3254 3390; x_wconf 87' lang='lat' dir='ltr'><strong>quidem</strong></span> <span class='ocrx_word' id='word_1_558' title='bbox 3285 3323 3399 3376; x_wconf 87' lang='lat' dir='ltr'><strong>sola</strong></span> <span class='ocrx_word' id='word_1_559' title='bbox 3431 3322 3658 3376; x_wconf 82' lang='lat' dir='ltr'><strong>Romani</strong></span> 
     </span>
    </p>
   </div>
   <div class='ocr_carea' id='block_1_79' title="bbox 2061 3413 3662 3485">
    <p class='ocr_par' dir='ltr' id='par_1_79' title="bbox 2061 3413 3662 3485">
     <span class='ocr_line' id='line_1_79' title="bbox 2061 3413 3662 3485; baseline -0.001 -15"><span class='ocrx_word' id='word_1_560' title='bbox 2061 3415 2328 3485; x_wconf 79' lang='lat' dir='ltr'><strong>pontiﬁcis</strong></span> <span class='ocrx_word' id='word_1_561' title='bbox 2377 3415 2570 3484; x_wconf 85' lang='lat' dir='ltr'><strong>agendi</strong></span> <span class='ocrx_word' id='word_1_562' title='bbox 2615 3415 2883 3470; x_wconf 80' lang='lat' dir='ltr'><strong>ratioiiem</strong></span> <span class='ocrx_word' id='word_1_563' title='bbox 2934 3415 3219 3470; x_wconf 84' lang='lat' dir='ltr'><strong>vellicabat</strong></span> <span class='ocrx_word' id='word_1_564' title='bbox 3267 3413 3662 3484; x_wconf 84' lang='lat' dir='ltr'><strong>Cartltaginen-</strong></span> 
     </span>
    </p>
   </div>
   <div class='ocr_carea' id='block_1_80' title="bbox 2058 3508 3661 3579">
    <p class='ocr_par' dir='ltr' id='par_1_80' title="bbox 2058 3508 3661 3579">
     <span class='ocr_line' id='line_1_80' title="bbox 2058 3508 3661 3579; baseline -0.001 -15"><span class='ocrx_word' id='word_1_565' title='bbox 2058 3509 2133 3564; x_wconf 84' lang='lat' dir='ltr'><strong>sis</strong></span> <span class='ocrx_word' id='word_1_566' title='bbox 2160 3511 2407 3575; x_wconf 84' lang='lat' dir='ltr'><strong>antistes,</strong></span> <span class='ocrx_word' id='word_1_567' title='bbox 2456 3509 2657 3565; x_wconf 88' lang='lat' dir='ltr'><strong>diserte</strong></span> <span class='ocrx_word' id='word_1_568' title='bbox 2699 3510 3012 3579; x_wconf 86' lang='lat' dir='ltr'><strong>pronuntiat</strong></span> <span class='ocrx_word' id='word_1_569' title='bbox 3057 3524 3119 3563; x_wconf 88' lang='lat' dir='ltr'><strong>ea</strong></span> <span class='ocrx_word' id='word_1_570' title='bbox 3172 3509 3371 3572; x_wconf 91' lang='lat' dir='ltr'><strong>omnia,</strong></span> <span class='ocrx_word' id='word_1_571' title='bbox 3406 3524 3525 3578; x_wconf 76' lang='lat' dir='ltr'><strong>qua:</strong></span> <span class='ocrx_word' id='word_1_572' title='bbox 3553 3508 3661 3579; x_wconf 89' lang='lat' dir='ltr'><strong>Cy-</strong></span> 
     </span>
    </p>
   </div>
   <div class='ocr_carea' id='block_1_81' title="bbox 2060 3601 3658 3676">
    <p class='ocr_par' dir='ltr' id='par_1_81' title="bbox 2060 3601 3658 3676">
     <span class='ocr_line' id='line_1_81' title="bbox 2060 3601 3658 3676; baseline -0.003 -18"><span class='ocrx_word' id='word_1_573' title='bbox 2060 3604 2279 3676; x_wconf 89' lang='lat' dir='ltr'><strong>prianus</strong></span> <span class='ocrx_word' id='word_1_574' title='bbox 2318 3619 2385 3658; x_wconf 88' lang='lat' dir='ltr'><strong>eo</strong></span> <span class='ocrx_word' id='word_1_575' title='bbox 2430 3603 2529 3658; x_wconf 93' lang='lat' dir='ltr'><strong>loci</strong></span> <span class='ocrx_word' id='word_1_576' title='bbox 2580 3613 2772 3657; x_wconf 87' lang='lat' dir='ltr'><strong>contra</strong></span> <span class='ocrx_word' id='word_1_577' title='bbox 2819 3601 3153 3671; x_wconf 87' lang='lat' dir='ltr'><strong>Stephanum</strong></span> <span class='ocrx_word' id='word_1_578' title='bbox 3203 3602 3517 3670; x_wconf 89' lang='lat' dir='ltr'><strong>scripserat,</strong></span> <span class='ocrx_word' id='word_1_579' title='bbox 3549 3615 3658 3655; x_wconf 89' lang='lat' dir='ltr'><strong>non</strong></span> 
     </span>
    </p>
   </div>
   <div class='ocr_carea' id='block_1_82' title="bbox 2062 3695 3661 3768">
    <p class='ocr_par' dir='ltr' id='par_1_82' title="bbox 2062 3695 3661 3768">
     <span class='ocr_line' id='line_1_82' title="bbox 2062 3695 3661 3768; baseline -0.002 -16"><span class='ocrx_word' id='word_1_580' title='bbox 2062 3698 2294 3753; x_wconf 89' lang='lat' dir='ltr'><strong>hominis</strong></span> <span class='ocrx_word' id='word_1_581' title='bbox 2325 3698 2497 3768; x_wconf 86' lang='lat' dir='ltr'><strong>pacati</strong></span> <span class='ocrx_word' id='word_1_582' title='bbox 2527 3712 2589 3752; x_wconf 91' lang='lat' dir='ltr'><strong>ac</strong></span> <span class='ocrx_word' id='word_1_583' title='bbox 2619 3698 2818 3762; x_wconf 90' lang='lat' dir='ltr'><strong>sereni,</strong></span> <span class='ocrx_word' id='word_1_584' title='bbox 2855 3697 2949 3751; x_wconf 85' lang='lat' dir='ltr'><strong>sed</strong></span> <span class='ocrx_word' id='word_1_585' title='bbox 2989 3696 3242 3750; x_wconf 64' lang='lat' dir='ltr'><strong>«irritati:</strong></span> <span class='ocrx_word' id='word_1_586' title='bbox 3271 3695 3439 3751; x_wconf 88' lang='lat' dir='ltr'><strong>fuisse</strong></span> <span class='ocrx_word' id='word_1_587' title='bbox 3473 3695 3661 3760; x_wconf 89' lang='lat' dir='ltr'><strong>verba,</strong></span> 
     </span>
    </p>
   </div>
   <div class='ocr_carea' id='block_1_83' title="bbox 2061 3788 3664 3860">
    <p class='ocr_par' dir='ltr' id='par_1_83' title="bbox 2061 3788 3664 3860">
     <span class='ocr_line' id='line_1_83' title="bbox 2061 3788 3664 3860; baseline -0.002 -16"><span class='ocrx_word' id='word_1_588' title='bbox 2061 3805 2181 3860; x_wconf 65' lang='lat' dir='ltr'><strong>quae</strong></span> <span class='ocrx_word' id='word_1_589' title='bbox 2209 3789 2388 3844; x_wconf 91' lang='lat' dir='ltr'><strong>minus</strong></span> <span class='ocrx_word' id='word_1_590' title='bbox 2434 3789 2514 3842; x_wconf 86' lang='lat' dir='ltr'><strong>sui</strong></span> <span class='ocrx_word' id='word_1_591' title='bbox 2547 3804 2772 3860; x_wconf 88' lang='lat' dir='ltr'><strong>compos</strong></span> <span class='ocrx_word' id='word_1_592' title='bbox 2813 3806 2919 3842; x_wconf 92' lang='lat' dir='ltr'><strong>non</strong></span> <span class='ocrx_word' id='word_1_593' title='bbox 2967 3788 3145 3842; x_wconf 88' lang='lat' dir='ltr'><strong>sobrie</strong></span> <span class='ocrx_word' id='word_1_594' title='bbox 3185 3803 3248 3841; x_wconf 90' lang='lat' dir='ltr'><strong>ac</strong></span> <span class='ocrx_word' id='word_1_595' title='bbox 3274 3789 3510 3858; x_wconf 83' lang='lat' dir='ltr'><strong>graviter</strong></span> <span class='ocrx_word' id='word_1_596' title='bbox 3538 3802 3664 3856; x_wconf 85' lang='lat' dir='ltr'><strong>pro-</strong></span> 
     </span>
    </p>
   </div>
   <div class='ocr_carea' id='block_1_84' title="bbox 2062 3879 3664 3958">
    <p class='ocr_par' dir='ltr' id='par_1_84' title="bbox 2062 3879 3664 3958">
     <span class='ocr_line' id='line_1_84' title="bbox 2062 3879 3664 3958; baseline -0.002 -21"><span class='ocrx_word' id='word_1_597' title='bbox 2062 3884 2263 3948; x_wconf 91' lang='lat' dir='ltr'><strong>tulerit,</strong></span> <span class='ocrx_word' id='word_1_598' title='bbox 2291 3882 2384 3937; x_wconf 89' lang='lat' dir='ltr'><strong>sed</strong></span> <span class='ocrx_word' id='word_1_599' title='bbox 2420 3881 2762 3958; x_wconf 55' lang='lat' dir='ltr'><strong>«effuderit,»</strong></span> <span class='ocrx_word' id='word_1_600' title='bbox 2789 3882 2958 3936; x_wconf 90' lang='lat' dir='ltr'><strong>immo</strong></span> <span class='ocrx_word' id='word_1_601' title='bbox 2982 3881 3052 3934; x_wconf 91' lang='lat' dir='ltr'><strong>ita</strong></span> <span class='ocrx_word' id='word_1_602' title='bbox 3085 3879 3465 3944; x_wconf 88' lang='lat' dir='ltr'><strong>moderationi,</strong></span> <span class='ocrx_word' id='word_1_603' title='bbox 3497 3880 3664 3949; x_wconf 83' lang='lat' dir='ltr'><strong>aequi-</strong></span> 
     </span>
    </p>
   </div>
   <div class='ocr_carea' id='block_1_85' title="bbox 2062 3969 3738 4043">
    <p class='ocr_par' dir='ltr' id='par_1_85' title="bbox 2062 3969 3738 4043">
     <span class='ocr_line' id='line_1_85' title="bbox 2062 3969 3738 4043; baseline -0.006 -12"><span class='ocrx_word' id='word_1_604' title='bbox 2062 3976 2155 4031; x_wconf 88' lang='lat' dir='ltr'><strong>tati</strong></span> <span class='ocrx_word' id='word_1_605' title='bbox 2211 3990 2273 4029; x_wconf 90' lang='lat' dir='ltr'><strong>ac</strong></span> <span class='ocrx_word' id='word_1_606' title='bbox 2304 3973 2550 4028; x_wconf 89' lang='lat' dir='ltr'><strong>charitati</strong></span> <span class='ocrx_word' id='word_1_607' title='bbox 2605 3989 2792 4043; x_wconf 90' lang='lat' dir='ltr'><strong>parum</strong></span> <span class='ocrx_word' id='word_1_608' title='bbox 2845 3987 3104 4034; x_wconf 82' lang='lat' dir='ltr'><strong>consona.</strong></span> <span class='ocrx_word' id='word_1_609' title='bbox 3159 3981 3217 4024; x_wconf 91' lang='lat' dir='ltr'><strong>ut</strong></span> <span class='ocrx_word' id='word_1_610' title='bbox 3260 3971 3386 4025; x_wconf 88' lang='lat' dir='ltr'><strong>talia</strong></span> <span class='ocrx_word' id='word_1_611' title='bbox 3431 3969 3654 4036; x_wconf 91' lang='lat' dir='ltr'><strong>fuerint,</strong></span> <span class='ocrx_word' id='word_1_612' title='bbox 3735 3979 3738 3982; x_wconf 84' lang='lat'>&#39;</span> 
     </span>
    </p>
   </div>
   <div class='ocr_carea' id='block_1_86' title="bbox 2069 4063 3658 4138">
    <p class='ocr_par' dir='ltr' id='par_1_86' title="bbox 2069 4063 3658 4138">
     <span class='ocr_line' id='line_1_86' title="bbox 2069 4063 3658 4138; baseline -0.004 -15"><span class='ocrx_word' id='word_1_613' title='bbox 2069 4085 2218 4138; x_wconf 70' lang='lat' dir='ltr'><strong>«qua:</strong></span> <span class='ocrx_word' id='word_1_614' title='bbox 2239 4084 2345 4122; x_wconf 92' lang='lat' dir='ltr'><strong>non</strong></span> <span class='ocrx_word' id='word_1_615' title='bbox 2371 4067 2502 4121; x_wconf 88' lang='lat' dir='ltr'><strong>levis</strong></span> <span class='ocrx_word' id='word_1_616' title='bbox 2529 4067 2622 4122; x_wconf 90' lang='lat' dir='ltr'><strong>sed</strong></span> <span class='ocrx_word' id='word_1_617' title='bbox 2647 4065 2965 4136; x_wconf 79' lang='lat' dir='ltr'><strong>perniciosa:</strong></span> <span class='ocrx_word' id='word_1_618' title='bbox 2987 4063 3340 4119; x_wconf 85' lang='lat' dir='ltr'><strong>dissensionis</strong></span> <span class='ocrx_word' id='word_1_619' title='bbox 3361 4063 3658 4132; x_wconf 91' lang='lat' dir='ltr'><strong>periculum</strong></span> 
     </span>
    </p>
   </div>
   <div class='ocr_carea' id='block_1_87' title="bbox 2067 4157 3662 4228">
    <p class='ocr_par' dir='ltr' id='par_1_87' title="bbox 2067 4157 3662 4228">
     <span class='ocr_line' id='line_1_87' title="bbox 2067 4157 3662 4228; baseline -0.006 -12"><span class='ocrx_word' id='word_1_620' title='bbox 2067 4161 2404 4223; x_wconf 88' lang='lat' dir='ltr'><strong>habuerunt;</strong></span> <span class='ocrx_word' id='word_1_621' title='bbox 2446 4178 2464 4211; x_wconf 73' lang='grc' dir='ltr'><strong>ι</strong></span> <span class='ocrx_word' id='word_1_622' title='bbox 2499 4159 2725 4228; x_wconf 87' lang='lat' dir='ltr'><strong>ideoque</strong></span> <span class='ocrx_word' id='word_1_623' title='bbox 2770 4157 3077 4212; x_wconf 89' lang='lat' dir='ltr'><strong>nullatenus</strong></span> <span class='ocrx_word' id='word_1_624' title='bbox 3121 4172 3184 4211; x_wconf 88' lang='lat' dir='ltr'><strong>ea</strong></span> <span class='ocrx_word' id='word_1_625' title='bbox 3232 4169 3523 4219; x_wconf 86' lang='lat' dir='ltr'><strong>excusare,</strong></span> <span class='ocrx_word' id='word_1_626' title='bbox 3567 4168 3662 4208; x_wconf 82' lang='lat' dir='ltr'><strong>ne-</strong></span> 
     </span>
    </p>
   </div>
   <div class='ocr_carea' id='block_1_88' title="bbox 2065 4245 3666 4325">
    <p class='ocr_par' dir='ltr' id='par_1_88' title="bbox 2065 4245 3666 4325">
     <span class='ocr_line' id='line_1_88' title="bbox 2065 4245 3666 4325; baseline -0.006 -15"><span class='ocrx_word' id='word_1_627' title='bbox 2065 4254 2191 4310; x_wconf 90' lang='lat' dir='ltr'><strong>dum</strong></span> <span class='ocrx_word' id='word_1_628' title='bbox 2229 4253 2462 4325; x_wconf 89' lang='lat' dir='ltr'><strong>probare</strong></span> <span class='ocrx_word' id='word_1_629' title='bbox 2492 4252 2676 4308; x_wconf 85' lang='lat' dir='ltr'><strong>valens</strong></span> <span class='ocrx_word' id='word_1_630' title='bbox 2699 4267 2762 4306; x_wconf 89' lang='lat' dir='ltr'><strong>ea</strong></span> <span class='ocrx_word' id='word_1_631' title='bbox 2793 4271 2811 4303; x_wconf 78' lang='grc' dir='ltr'><strong>ι</strong></span> <span class='ocrx_word' id='word_1_632' title='bbox 2852 4250 3129 4320; x_wconf 85' lang='lat' dir='ltr'><strong>praeterire</strong></span> <span class='ocrx_word' id='word_1_633' title='bbox 3157 4249 3351 4304; x_wconf 90' lang='lat' dir='ltr'><strong>melius</strong></span> <span class='ocrx_word' id='word_1_634' title='bbox 3382 4260 3503 4303; x_wconf 85' lang='lat' dir='ltr'><strong>esse</strong></span> <span class='ocrx_word' id='word_1_635' title='bbox 3537 4264 3554 4298; x_wconf 71' lang='grc' dir='ltr'><strong>ι</strong></span> <span class='ocrx_word' id='word_1_636' title='bbox 3585 4245 3666 4300; x_wconf 87' lang='lat' dir='ltr'><strong>vir</strong></span> 
     </span>
    </p>
   </div>
   <div class='ocr_carea' id='block_1_89' title="bbox 2065 4339 3667 4411">
    <p class='ocr_par' dir='ltr' id='par_1_89' title="bbox 2065 4339 3667 4411">
     <span class='ocr_line' id='line_1_89' title="bbox 2065 4339 3667 4411; baseline -0.006 -9"><span class='ocrx_word' id='word_1_637' title='bbox 2065 4347 2358 4402; x_wconf 89' lang='lat' dir='ltr'><strong>christiana</strong></span> <span class='ocrx_word' id='word_1_638' title='bbox 2402 4344 2666 4400; x_wconf 87' lang='lat' dir='ltr'><strong>eharitate</strong></span> <span class='ocrx_word' id='word_1_639' title='bbox 2718 4343 2953 4399; x_wconf 83' lang='lat' dir='ltr'><strong>maxime</strong></span> <span class='ocrx_word' id='word_1_640' title='bbox 3004 4341 3259 4411; x_wconf 67' lang='lat' dir='ltr'><strong>praeditus</strong></span> <span class='ocrx_word' id='word_1_641' title='bbox 3311 4339 3667 4409; x_wconf 89' lang='lat' dir='ltr'><strong>pronuntiat:</strong></span> 
     </span>
    </p>
   </div>
   <div class='ocr_carea' id='block_1_90' title="bbox 2068 4431 3664 4510">
    <p class='ocr_par' dir='ltr' id='par_1_90' title="bbox 2068 4431 3664 4510">
     <span class='ocr_line' id='line_1_90' title="bbox 2068 4431 3664 4510; baseline -0.008 -14"><span class='ocrx_word' id='word_1_642' title='bbox 2068 4456 2135 4496; x_wconf 89' lang='lat' dir='ltr'><strong>en</strong></span> <span class='ocrx_word' id='word_1_643' title='bbox 2166 4438 2450 4510; x_wconf 85' lang='lat' dir='ltr'><strong>Augustini</strong></span> <span class='ocrx_word' id='word_1_644' title='bbox 2475 4438 2637 4494; x_wconf 86' lang='lat' dir='ltr'><strong>verba</strong></span> <span class='ocrx_word' id='word_1_645' title='bbox 2666 4455 2678 4490; x_wconf 90' lang='lat'><strong>:</strong></span> <span class='ocrx_word' id='word_1_646' title='bbox 2711 4455 2729 4488; x_wconf 77' lang='grc' dir='ltr'><strong>ι</strong></span> <span class='ocrx_word' id='word_1_647' title='bbox 2769 4436 2886 4492; x_wconf 83' lang='lat' dir='ltr'><strong>Jam</strong></span> <span class='ocrx_word' id='word_1_648' title='bbox 2946 4435 3034 4489; x_wconf 91' lang='lat' dir='ltr'><strong>illa</strong></span> <span class='ocrx_word' id='word_1_649' title='bbox 3079 4450 3200 4505; x_wconf 76' lang='lat' dir='ltr'><strong>qua:</strong></span> <span class='ocrx_word' id='word_1_650' title='bbox 3250 4435 3300 4488; x_wconf 93' lang='lat' dir='ltr'><strong>in</strong></span> <span class='ocrx_word' id='word_1_651' title='bbox 3331 4431 3664 4502; x_wconf 86' lang='lat' dir='ltr'><strong>Stephanum</strong></span> 
     </span>
    </p>
   </div>
   <div class='ocr_carea' id='block_1_91' title="bbox 365 4525 3673 4630">
    <p class='ocr_par' dir='ltr' id='par_1_91' title="bbox 365 4525 3673 4630">
     <span class='ocr_line' id='line_1_91' title="bbox 365 4525 3673 4630; baseline -0.011 -15"><span class='ocrx_word' id='word_1_652' title='bbox 365 4559 702 4630; x_wconf 88' lang='lat' dir='ltr'><strong>Stephanum</strong></span> <span class='ocrx_word' id='word_1_653' title='bbox 734 4551 1233 4623; x_wconf 87' lang='lat' dir='ltr'><strong>confugientes.An</strong></span> <span class='ocrx_word' id='word_1_654' title='bbox 1258 4561 1440 4617; x_wconf 64' lang='lat' dir='ltr'><strong>quaeso</strong></span> <span class='ocrx_word' id='word_1_655' title='bbox 1458 4543 1716 4611; x_wconf 87' lang='lat' dir='ltr'><strong>Stephani</strong></span> <span class='ocrx_word' id='word_1_656' title='bbox 1738 4542 1789 4595; x_wconf 92' lang='lat' dir='ltr'><strong>in</strong></span> <span class='ocrx_word' id='word_1_657' title='bbox 1818 4540 1960 4595; x_wconf 52' lang='lat' dir='ltr'><strong>Afri.</strong></span> <span class='ocrx_word' id='word_1_658' title='bbox 1990 4529 2043 4602; x_wconf 83' lang='lat' dir='ltr'><strong>D</strong></span> <span class='ocrx_word' id='word_1_659' title='bbox 2072 4535 2311 4589; x_wconf 88' lang='lat' dir='ltr'><strong>irritatus</strong></span> <span class='ocrx_word' id='word_1_660' title='bbox 2360 4532 2548 4588; x_wconf 79' lang='lat' dir='ltr'><strong>elfudit</strong></span> <span class='ocrx_word' id='word_1_661' title='bbox 2575 4532 2918 4602; x_wconf 82' lang='lat' dir='ltr'><strong>(Cyprianus)</strong></span> <span class='ocrx_word' id='word_1_662' title='bbox 2948 4538 3243 4584; x_wconf 87' lang='lat' dir='ltr'><strong>retractare</strong></span> <span class='ocrx_word' id='word_1_663' title='bbox 3289 4527 3434 4594; x_wconf 91' lang='lat' dir='ltr'><strong>nolo,</strong></span> <span class='ocrx_word' id='word_1_664' title='bbox 3467 4525 3590 4596; x_wconf 89' lang='lat' dir='ltr'><strong>quia</strong></span> <span class='ocrx_word' id='word_1_665' title='bbox 3613 4533 3673 4580; x_wconf 85' lang='lat' dir='ltr'><strong>et</strong></span> 
     </span>
    </p>
   </div>
   <div class='ocr_carea' id='block_1_92' title="bbox 367 4635 1958 4721">
    <p class='ocr_par' dir='ltr' id='par_1_92' title="bbox 367 4635 1958 4721">
     <span class='ocr_line' id='line_1_92' title="bbox 367 4635 1958 4721; baseline -0.013 -13"><span class='ocrx_word' id='word_1_666' title='bbox 367 4669 536 4711; x_wconf 87' lang='lat' dir='ltr'><strong>canos</strong></span> <span class='ocrx_word' id='word_1_667' title='bbox 563 4649 757 4721; x_wconf 90' lang='lat' dir='ltr'><strong>agendi</strong></span> <span class='ocrx_word' id='word_1_668' title='bbox 785 4649 1047 4702; x_wconf 82' lang='lat' dir='ltr'><strong>tationem</strong></span> <span class='ocrx_word' id='word_1_669' title='bbox 1076 4645 1383 4712; x_wconf 87' lang='lat' dir='ltr'><strong>vituperare</strong></span> <span class='ocrx_word' id='word_1_670' title='bbox 1411 4637 1671 4709; x_wconf 88' lang='lat' dir='ltr'><strong>potuisset</strong></span> <span class='ocrx_word' id='word_1_671' title='bbox 1693 4635 1958 4721; x_wconf 82' lang='lat' dir='ltr'><strong>llierotiy-</strong></span> 
     </span>
    </p>
   </div>
   <div class='ocr_carea' id='block_1_93' title="bbox 365 4715 1963 4814">
    <p class='ocr_par' dir='ltr' id='par_1_93' title="bbox 365 4715 1963 4814">
     <span class='ocr_line' id='line_1_93' title="bbox 365 4715 1963 4814; baseline -0.014 -10"><span class='ocrx_word' id='word_1_672' title='bbox 365 4765 508 4813; x_wconf 89' lang='lat' dir='ltr'><strong>mus,</strong></span> <span class='ocrx_word' id='word_1_673' title='bbox 545 4763 608 4801; x_wconf 85' lang='lat' dir='ltr'><strong>cx</strong></span> <span class='ocrx_word' id='word_1_674' title='bbox 668 4759 771 4814; x_wconf 85' lang='lat' dir='ltr'><strong>qua</strong></span> <span class='ocrx_word' id='word_1_675' title='bbox 808 4751 1010 4796; x_wconf 88' lang='lat' dir='ltr'><strong>tantum</strong></span> <span class='ocrx_word' id='word_1_676' title='bbox 1044 4737 1280 4794; x_wconf 88' lang='lat' dir='ltr'><strong>Africani</strong></span> <span class='ocrx_word' id='word_1_677' title='bbox 1327 4750 1390 4789; x_wconf 89' lang='lat' dir='ltr'><strong>ac</strong></span> <span class='ocrx_word' id='word_1_678' title='bbox 1438 4733 1688 4788; x_wconf 89' lang='lat' dir='ltr'><strong>universa</strong></span> <span class='ocrx_word' id='word_1_679' title='bbox 1722 4715 1963 4784; x_wconf 76' lang='lat' dir='ltr'><strong>Ecclesia</strong></span> 
     </span>
    </p>
   </div>
   <div class='ocr_carea' id='block_1_94' title="bbox 364 4821 1967 4910">
    <p class='ocr_par' dir='ltr' id='par_1_94' title="bbox 364 4821 1967 4910">
     <span class='ocr_line' id='line_1_94' title="bbox 364 4821 1967 4910; baseline -0.014 -11"><span class='ocrx_word' id='word_1_680' title='bbox 364 4845 574 4900; x_wconf 88' lang='lat' dir='ltr'><strong>lucrum</strong></span> <span class='ocrx_word' id='word_1_681' title='bbox 623 4836 1034 4910; x_wconf 84' lang='lat' dir='ltr'><strong>percepisscnt?</strong></span> <span class='ocrx_word' id='word_1_682' title='bbox 1067 4830 1306 4887; x_wconf 86' lang='lat' dir='ltr'><strong>Tandem</strong></span> <span class='ocrx_word' id='word_1_683' title='bbox 1339 4827 1615 4883; x_wconf 78' lang='lat' dir='ltr'><strong>concludit</strong></span> <span class='ocrx_word' id='word_1_684' title='bbox 1667 4826 1727 4881; x_wconf 91' lang='lat' dir='ltr'><strong>S.</strong></span> <span class='ocrx_word' id='word_1_685' title='bbox 1764 4821 1967 4878; x_wconf 88' lang='lat' dir='ltr'><strong>Doctor</strong></span> 
     </span>
    </p>
   </div>
   <div class='ocr_carea' id='block_1_95' title="bbox 366 4917 1968 5008">
    <p class='ocr_par' dir='ltr' id='par_1_95' title="bbox 366 4917 1968 5008">
     <span class='ocr_line' id='line_1_95' title="bbox 366 4917 1968 5008; baseline -0.015 -15"><span class='ocrx_word' id='word_1_686' title='bbox 366 4945 496 5008; x_wconf 87' lang='lat' dir='ltr'><strong>post</strong></span> <span class='ocrx_word' id='word_1_687' title='bbox 520 4934 686 4989; x_wconf 87' lang='lat' dir='ltr'><strong>verba</strong></span> <span class='ocrx_word' id='word_1_688' title='bbox 740 4929 904 4985; x_wconf 88' lang='lat' dir='ltr'><strong>modo</strong></span> <span class='ocrx_word' id='word_1_689' title='bbox 933 4928 1093 4982; x_wconf 83' lang='lat' dir='ltr'><strong>citata</strong></span> <span class='ocrx_word' id='word_1_690' title='bbox 1122 4944 1141 4977; x_wconf 79' lang='grc' dir='ltr'><strong>ι</strong></span> <span class='ocrx_word' id='word_1_691' title='bbox 1180 4923 1305 4994; x_wconf 87' lang='lat' dir='ltr'><strong>qttid</strong></span> <span class='ocrx_word' id='word_1_692' title='bbox 1339 4921 1610 4975; x_wconf 87' lang='lat' dir='ltr'><strong>facimus?</strong></span> <span class='ocrx_word' id='word_1_693' title='bbox 1636 4920 1707 4972; x_wconf 89' lang='lat' dir='ltr'><strong>Ita</strong></span> <span class='ocrx_word' id='word_1_694' title='bbox 1733 4925 1786 4973; x_wconf 91' lang='lat' dir='ltr'><strong>et</strong></span> <span class='ocrx_word' id='word_1_695' title='bbox 1815 4917 1968 4970; x_wconf 76' lang='lat' dir='ltr'><strong>nolis</strong></span> 
     </span>
    </p>
   </div>
   <div class='ocr_carea' id='block_1_96' title="bbox 370 5007 1969 5098">
    <p class='ocr_par' dir='ltr' id='par_1_96' title="bbox 370 5007 1969 5098">
     <span class='ocr_line' id='line_1_96' title="bbox 370 5007 1969 5098; baseline -0.014 -13"><span class='ocrx_word' id='word_1_696' title='bbox 370 5007 610 5098; x_wconf 82' lang='lat' dir='ltr'><strong>inajores</strong></span> <span class='ocrx_word' id='word_1_697' title='bbox 661 5024 855 5087; x_wconf 85' lang='lat' dir='ltr'><strong>nostri,</strong></span> <span class='ocrx_word' id='word_1_698' title='bbox 890 5031 942 5076; x_wconf 91' lang='lat' dir='ltr'><strong>et</strong></span> <span class='ocrx_word' id='word_1_699' title='bbox 971 5020 1078 5074; x_wconf 87' lang='lat' dir='ltr'><strong>illis</strong></span> <span class='ocrx_word' id='word_1_700' title='bbox 1115 5017 1196 5072; x_wconf 89' lang='lat' dir='ltr'><strong>sui</strong></span> <span class='ocrx_word' id='word_1_701' title='bbox 1227 5014 1497 5069; x_wconf 86' lang='lat' dir='ltr'><strong>tradidere</strong></span> <span class='ocrx_word' id='word_1_702' title='bbox 1543 5012 1800 5080; x_wconf 72' lang='lat' dir='ltr'><strong>majores.</strong></span> <span class='ocrx_word' id='word_1_703' title='bbox 1835 5028 1852 5059; x_wconf 73' lang='grc' dir='ltr'><strong>ι</strong></span> <span class='ocrx_word' id='word_1_704' title='bbox 1889 5007 1969 5063; x_wconf 81' lang='lat' dir='ltr'><strong>Ex</strong></span> 
     </span>
    </p>
   </div>
   <div class='ocr_carea' id='block_1_97' title="bbox 366 5100 1970 5193">
    <p class='ocr_par' dir='ltr' id='par_1_97' title="bbox 366 5100 1970 5193">
     <span class='ocr_line' id='line_1_97' title="bbox 366 5100 1970 5193; baseline -0.014 -17"><span class='ocrx_word' id='word_1_705' title='bbox 366 5121 564 5193; x_wconf 88' lang='lat' dir='ltr'><strong>quibus</strong></span> <span class='ocrx_word' id='word_1_706' title='bbox 616 5114 932 5186; x_wconf 80' lang='lat' dir='ltr'><strong>Hieronymi</strong></span> <span class='ocrx_word' id='word_1_707' title='bbox 989 5110 1199 5174; x_wconf 79' lang='lat' dir='ltr'><strong>verbis,</strong></span> <span class='ocrx_word' id='word_1_708' title='bbox 1235 5105 1488 5174; x_wconf 74' lang='lat' dir='ltr'><strong>intelligis</strong></span> <span class='ocrx_word' id='word_1_709' title='bbox 1534 5102 1850 5158; x_wconf 89' lang='lat' dir='ltr'><strong>imitandum</strong></span> <span class='ocrx_word' id='word_1_710' title='bbox 1904 5100 1970 5154; x_wconf 86' lang='lat' dir='ltr'><strong>ab</strong></span> 
     </span>
    </p>
   </div>
   <div class='ocr_carea' id='block_1_98' title="bbox 366 5195 1968 5283">
    <p class='ocr_par' dir='ltr' id='par_1_98' title="bbox 366 5195 1968 5283">
     <span class='ocr_line' id='line_1_98' title="bbox 366 5195 1968 5283; baseline -0.014 -14"><span class='ocrx_word' id='word_1_711' title='bbox 366 5215 491 5283; x_wconf 91' lang='lat' dir='ltr'><strong>ipso</strong></span> <span class='ocrx_word' id='word_1_712' title='bbox 521 5208 879 5266; x_wconf 86' lang='lat' dir='ltr'><strong>Luciferianis</strong></span> <span class='ocrx_word' id='word_1_713' title='bbox 910 5203 1134 5276; x_wconf 89' lang='lat' dir='ltr'><strong>proponi</strong></span> <span class='ocrx_word' id='word_1_714' title='bbox 1159 5199 1417 5269; x_wconf 85' lang='lat' dir='ltr'><strong>Stephani</strong></span> <span class='ocrx_word' id='word_1_715' title='bbox 1447 5197 1618 5252; x_wconf 89' lang='lat' dir='ltr'><strong>zelum</strong></span> <span class='ocrx_word' id='word_1_716' title='bbox 1646 5211 1708 5249; x_wconf 88' lang='lat' dir='ltr'><strong>ac</strong></span> <span class='ocrx_word' id='word_1_717' title='bbox 1732 5195 1968 5248; x_wconf 88' lang='lat' dir='ltr'><strong>studium</strong></span> 
     </span>
    </p>
   </div>
   <div class='ocr_carea' id='block_1_99' title="bbox 368 5288 1972 5365">
    <p class='ocr_par' dir='ltr' id='par_1_99' title="bbox 368 5288 1972 5365">
     <span class='ocr_line' id='line_1_99' title="bbox 368 5288 1972 5365; baseline -0.014 -5"><span class='ocrx_word' id='word_1_718' title='bbox 368 5307 427 5360; x_wconf 90' lang='lat' dir='ltr'><strong>in</strong></span> <span class='ocrx_word' id='word_1_719' title='bbox 475 5299 864 5358; x_wconf 84' lang='lat' dir='ltr'><strong>conservandis</strong></span> <span class='ocrx_word' id='word_1_720' title='bbox 909 5311 972 5352; x_wconf 88' lang='lat' dir='ltr'><strong>ac</strong></span> <span class='ocrx_word' id='word_1_721' title='bbox 1013 5293 1317 5365; x_wconf 87' lang='lat' dir='ltr'><strong>posteritati</strong></span> <span class='ocrx_word' id='word_1_722' title='bbox 1368 5288 1821 5351; x_wconf 86' lang='lat' dir='ltr'><strong>transmittendis,</strong></span> <span class='ocrx_word' id='word_1_723' title='bbox 1852 5300 1972 5356; x_wconf 61' lang='lat' dir='ltr'><strong>quae</strong></span> 
     </span>
    </p>
   </div>
   <div class='ocr_carea' id='block_1_100' title="bbox 369 5378 1973 5469">
    <p class='ocr_par' dir='ltr' id='par_1_100' title="bbox 369 5378 1973 5469">
     <span class='ocr_line' id='line_1_100' title="bbox 369 5378 1973 5469; baseline -0.015 -14"><span class='ocrx_word' id='word_1_724' title='bbox 369 5400 494 5469; x_wconf 85' lang='lat' dir='ltr'><strong>ipse</strong></span> <span class='ocrx_word' id='word_1_725' title='bbox 521 5413 551 5452; x_wconf 88' lang='lat' dir='ltr'><strong>a</strong></span> <span class='ocrx_word' id='word_1_726' title='bbox 577 5397 688 5452; x_wconf 87' lang='lat' dir='ltr'><strong>suis</strong></span> <span class='ocrx_word' id='word_1_727' title='bbox 715 5392 1010 5462; x_wconf 85' lang='lat' dir='ltr'><strong>majoribus</strong></span> <span class='ocrx_word' id='word_1_728' title='bbox 1031 5398 1336 5456; x_wconf 88' lang='lat' dir='ltr'><strong>acceperat,</strong></span> <span class='ocrx_word' id='word_1_729' title='bbox 1370 5401 1437 5440; x_wconf 85' lang='lat' dir='ltr'><strong>ex</strong></span> <span class='ocrx_word' id='word_1_730' title='bbox 1467 5399 1574 5453; x_wconf 89' lang='lat' dir='ltr'><strong>quo</strong></span> <span class='ocrx_word' id='word_1_731' title='bbox 1603 5394 1790 5435; x_wconf 88' lang='lat' dir='ltr'><strong>rursus</strong></span> <span class='ocrx_word' id='word_1_732' title='bbox 1821 5378 1973 5433; x_wconf 89' lang='lat' dir='ltr'><strong>colli-</strong></span> 
     </span>
    </p>
   </div>
   <div class='ocr_carea' id='block_1_101' title="bbox 370 5471 1969 5563">
    <p class='ocr_par' dir='ltr' id='par_1_101' title="bbox 370 5471 1969 5563">
     <span class='ocr_line' id='line_1_101' title="bbox 370 5471 1969 5563; baseline -0.016 -16"><span class='ocrx_word' id='word_1_733' title='bbox 370 5492 518 5563; x_wconf 86' lang='lat' dir='ltr'><strong>gitur</strong></span> <span class='ocrx_word' id='word_1_734' title='bbox 544 5503 706 5560; x_wconf 88' lang='lat' dir='ltr'><strong>quam</strong></span> <span class='ocrx_word' id='word_1_735' title='bbox 737 5485 898 5540; x_wconf 79' lang='lat' dir='ltr'><strong>fuerit</strong></span> <span class='ocrx_word' id='word_1_736' title='bbox 937 5483 1148 5538; x_wconf 89' lang='lat' dir='ltr'><strong>alienus</strong></span> <span class='ocrx_word' id='word_1_737' title='bbox 1183 5479 1243 5535; x_wconf 90' lang='lat' dir='ltr'><strong>S.</strong></span> <span class='ocrx_word' id='word_1_738' title='bbox 1276 5477 1475 5531; x_wconf 91' lang='lat' dir='ltr'><strong>Doctor</strong></span> <span class='ocrx_word' id='word_1_739' title='bbox 1501 5473 1570 5528; x_wconf 90' lang='lat' dir='ltr'><strong>ab</strong></span> <span class='ocrx_word' id='word_1_740' title='bbox 1599 5471 1811 5526; x_wconf 89' lang='lat' dir='ltr'><strong>illorum</strong></span> <span class='ocrx_word' id='word_1_741' title='bbox 1841 5485 1969 5525; x_wconf 91' lang='lat' dir='ltr'><strong>sen-</strong></span> 
     </span>
    </p>
   </div>
   <div class='ocr_carea' id='block_1_102' title="bbox 375 5566 1969 5656">
    <p class='ocr_par' dir='ltr' id='par_1_102' title="bbox 375 5566 1969 5656">
     <span class='ocr_line' id='line_1_102' title="bbox 375 5566 1969 5656; baseline -0.015 -14"><span class='ocrx_word' id='word_1_742' title='bbox 375 5587 564 5652; x_wconf 88' lang='lat' dir='ltr'><strong>tcntia,</strong></span> <span class='ocrx_word' id='word_1_743' title='bbox 591 5585 683 5656; x_wconf 87' lang='lat' dir='ltr'><strong>qui</strong></span> <span class='ocrx_word' id='word_1_744' title='bbox 710 5578 1165 5652; x_wconf 90' lang='lat' dir='ltr'><strong>Stephanizelum</strong></span> <span class='ocrx_word' id='word_1_745' title='bbox 1196 5573 1506 5635; x_wconf 87' lang='lat' dir='ltr'><strong>traducunt,</strong></span> <span class='ocrx_word' id='word_1_746' title='bbox 1538 5577 1596 5622; x_wconf 90' lang='lat' dir='ltr'><strong>ut</strong></span> <span class='ocrx_word' id='word_1_747' title='bbox 1619 5566 1969 5637; x_wconf 80' lang='lat' dir='ltr'><strong>praecipitem,</strong></span> 
     </span>
    </p>
   </div>
   <div class='ocr_carea' id='block_1_103' title="bbox 375 5663 1600 5738">
    <p class='ocr_par' dir='ltr' id='par_1_103' title="bbox 375 5663 1600 5738">
     <span class='ocr_line' id='line_1_103' title="bbox 375 5663 1600 5738; baseline -0.02 0"><span class='ocrx_word' id='word_1_748' title='bbox 375 5695 442 5738; x_wconf 82' lang='lat' dir='ltr'><strong>ac</strong></span> <span class='ocrx_word' id='word_1_749' title='bbox 471 5679 536 5735; x_wconf 88' lang='lat' dir='ltr'><strong>ad</strong></span> <span class='ocrx_word' id='word_1_750' title='bbox 577 5679 755 5734; x_wconf 88' lang='lat' dir='ltr'><strong>omnia</strong></span> <span class='ocrx_word' id='word_1_751' title='bbox 784 5669 1110 5730; x_wconf 87' lang='lat' dir='ltr'><strong>devastanda</strong></span> <span class='ocrx_word' id='word_1_752' title='bbox 1141 5667 1298 5721; x_wconf 90' lang='lat' dir='ltr'><strong>unice</strong></span> <span class='ocrx_word' id='word_1_753' title='bbox 1329 5663 1600 5719; x_wconf 89' lang='lat' dir='ltr'><strong>idoneum.</strong></span> 
     </span>
    </p>
   </div>
   <div class='ocr_carea' id='block_1_104' title="bbox 380 5749 1974 5842">
    <p class='ocr_par' dir='ltr' id='par_1_104' title="bbox 380 5749 1974 5842">
     <span class='ocr_line' id='line_1_104' title="bbox 380 5749 1974 5842; baseline -0.014 -13"><span class='ocrx_word' id='word_1_754' title='bbox 380 5835 385 5841; x_wconf 91' lang='lat'>_</span> <span class='ocrx_word' id='word_1_755' title='bbox 425 5771 522 5828; x_wconf 69' lang='grc' dir='ltr'>Χ.</span> <span class='ocrx_word' id='word_1_756' title='bbox 557 5772 662 5830; x_wconf 87' lang='lat' dir='ltr'><strong>Pro</strong></span> <span class='ocrx_word' id='word_1_757' title='bbox 691 5769 961 5842; x_wconf 87' lang='lat' dir='ltr'><strong>Cypriane</strong></span> <span class='ocrx_word' id='word_1_758' title='bbox 1012 5757 1354 5821; x_wconf 76' lang='lat' dir='ltr'><strong>defendendo</strong></span> <span class='ocrx_word' id='word_1_759' title='bbox 1401 5770 1463 5812; x_wconf 89' lang='lat' dir='ltr'><strong>ac</strong></span> <span class='ocrx_word' id='word_1_760' title='bbox 1510 5749 1819 5811; x_wconf 86' lang='lat' dir='ltr'><strong>excusando</strong></span> <span class='ocrx_word' id='word_1_761' title='bbox 1849 5765 1974 5822; x_wconf 88' lang='lat' dir='ltr'><strong>pro-</strong></span> 
     </span>
    </p>
   </div>
   <div class='ocr_carea' id='block_1_105' title="bbox 2069 4618 3666 4694">
    <p class='ocr_par' dir='ltr' id='par_1_105' title="bbox 2069 4618 3666 4694">
     <span class='ocr_line' id='line_1_105' title="bbox 2069 4618 3666 4694; baseline -0.006 -13"><span class='ocrx_word' id='word_1_762' title='bbox 2069 4643 2175 4682; x_wconf 90' lang='lat' dir='ltr'><strong>non</strong></span> <span class='ocrx_word' id='word_1_763' title='bbox 2207 4641 2342 4694; x_wconf 82' lang='lat' dir='ltr'><strong>Opus</strong></span> <span class='ocrx_word' id='word_1_764' title='bbox 2368 4634 2452 4680; x_wconf 92' lang='lat' dir='ltr'><strong>est</strong></span> <span class='ocrx_word' id='word_1_765' title='bbox 2486 4645 2498 4679; x_wconf 89' lang='lat'><strong>:</strong></span> <span class='ocrx_word' id='word_1_766' title='bbox 2533 4624 2722 4680; x_wconf 89' lang='lat' dir='ltr'><strong>eadem</strong></span> <span class='ocrx_word' id='word_1_767' title='bbox 2754 4638 2952 4694; x_wconf 87' lang='lat' dir='ltr'><strong>quippe</strong></span> <span class='ocrx_word' id='word_1_768' title='bbox 2985 4622 3098 4691; x_wconf 88' lang='lat' dir='ltr'><strong>ipsa</strong></span> <span class='ocrx_word' id='word_1_769' title='bbox 3128 4620 3378 4675; x_wconf 81' lang='lat' dir='ltr'><strong>dicuntur</strong></span> <span class='ocrx_word' id='word_1_770' title='bbox 3407 4635 3528 4690; x_wconf 73' lang='lat' dir='ltr'><strong>qua:</strong></span> <span class='ocrx_word' id='word_1_771' title='bbox 3554 4618 3666 4688; x_wconf 88' lang='lat' dir='ltr'><strong>jam</strong></span> 
     </span>
    </p>
   </div>
   <div class='ocr_carea' id='block_1_106' title="bbox 2070 4715 3671 4789">
    <p class='ocr_par' dir='ltr' id='par_1_106' title="bbox 2070 4715 3671 4789">
     <span class='ocr_line' id='line_1_106' title="bbox 2070 4715 3671 4789; baseline -0.006 -13"><span class='ocrx_word' id='word_1_772' title='bbox 2070 4724 2200 4776; x_wconf 83' lang='lat' dir='ltr'><strong>satis</strong></span> <span class='ocrx_word' id='word_1_773' title='bbox 2223 4721 2464 4775; x_wconf 71' lang='lat' dir='ltr'><strong>discussa</strong></span> <span class='ocrx_word' id='word_1_774' title='bbox 2497 4728 2643 4785; x_wconf 90' lang='lat' dir='ltr'><strong>sunt,</strong></span> <span class='ocrx_word' id='word_1_775' title='bbox 2678 4728 2732 4774; x_wconf 90' lang='lat' dir='ltr'><strong>et</strong></span> <span class='ocrx_word' id='word_1_776' title='bbox 2761 4734 2823 4773; x_wconf 91' lang='lat' dir='ltr'><strong>ea</strong></span> <span class='ocrx_word' id='word_1_777' title='bbox 2856 4717 3138 4789; x_wconf 67' lang='lat' dir='ltr'><strong>prtetcrirc</strong></span> <span class='ocrx_word' id='word_1_778' title='bbox 3179 4715 3370 4770; x_wconf 92' lang='lat' dir='ltr'><strong>melius</strong></span> <span class='ocrx_word' id='word_1_779' title='bbox 3400 4723 3514 4779; x_wconf 88' lang='lat' dir='ltr'><strong>est,</strong></span> <span class='ocrx_word' id='word_1_780' title='bbox 3548 4727 3671 4783; x_wconf 76' lang='lat' dir='ltr'><strong>qua:</strong></span> 
     </span>
    </p>
   </div>
   <div class='ocr_carea' id='block_1_107' title="bbox 2073 4803 3664 4885">
    <p class='ocr_par' dir='ltr' id='par_1_107' title="bbox 2073 4803 3664 4885">
     <span class='ocr_line' id='line_1_107' title="bbox 2073 4803 3664 4885; baseline -0.011 -16"><span class='ocrx_word' id='word_1_781' title='bbox 2073 4814 2387 4885; x_wconf 86' lang='lat' dir='ltr'><strong>perniciosae</strong></span> <span class='ocrx_word' id='word_1_782' title='bbox 2436 4811 2790 4866; x_wconf 88' lang='lat' dir='ltr'><strong>dissensionis</strong></span> <span class='ocrx_word' id='word_1_783' title='bbox 2846 4807 3144 4877; x_wconf 91' lang='lat' dir='ltr'><strong>periculum</strong></span> <span class='ocrx_word' id='word_1_784' title='bbox 3171 4806 3473 4861; x_wconf 86' lang='lat' dir='ltr'><strong>habuerunt</strong></span> <span class='ocrx_word' id='word_1_785' title='bbox 3503 4803 3605 4873; x_wconf 83' lang='lat'><strong>(5).</strong></span> <span class='ocrx_word' id='word_1_786' title='bbox 3646 4820 3664 4852; x_wconf 76' lang='grc' dir='ltr'><strong>ι</strong></span> 
     </span>
    </p>
   </div>
   <div class='ocr_carea' id='block_1_108' title="bbox 2074 4893 3677 4972">
    <p class='ocr_par' dir='ltr' id='par_1_108' title="bbox 2074 4893 3677 4972">
     <span class='ocr_line' id='line_1_108' title="bbox 2074 4893 3677 4972; baseline -0.011 -10"><span class='ocrx_word' id='word_1_787' title='bbox 2074 4907 2232 4962; x_wconf 88' lang='lat' dir='ltr'><strong>liisce</strong></span> <span class='ocrx_word' id='word_1_788' title='bbox 2261 4922 2325 4960; x_wconf 90' lang='lat' dir='ltr'><strong>ne</strong></span> <span class='ocrx_word' id='word_1_789' title='bbox 2354 4904 2531 4959; x_wconf 80' lang='lat' dir='ltr'><strong>verbis</strong></span> <span class='ocrx_word' id='word_1_790' title='bbox 2560 4902 2888 4972; x_wconf 88' lang='lat' dir='ltr'><strong>Augustinus</strong></span> <span class='ocrx_word' id='word_1_791' title='bbox 2928 4898 3166 4953; x_wconf 87' lang='lat' dir='ltr'><strong>ostendit</strong></span> <span class='ocrx_word' id='word_1_792' title='bbox 3206 4913 3265 4951; x_wconf 89' lang='lat' dir='ltr'><strong>se</strong></span> <span class='ocrx_word' id='word_1_793' title='bbox 3295 4895 3563 4966; x_wconf 83' lang='lat' dir='ltr'><strong>Cypriane</strong></span> <span class='ocrx_word' id='word_1_794' title='bbox 3592 4893 3677 4946; x_wconf 90' lang='lat' dir='ltr'><strong>vi-</strong></span> 
     </span>
    </p>
   </div>
   <div class='ocr_carea' id='block_1_109' title="bbox 2074 4974 3672 5067">
    <p class='ocr_par' dir='ltr' id='par_1_109' title="bbox 2074 4974 3672 5067">
     <span class='ocr_line' id='line_1_109' title="bbox 2074 4974 3672 5067; baseline -0.011 -13"><span class='ocrx_word' id='word_1_795' title='bbox 2074 5001 2230 5054; x_wconf 87' lang='lat' dir='ltr'><strong>rilem</strong></span> <span class='ocrx_word' id='word_1_796' title='bbox 2259 4996 2516 5067; x_wconf 85' lang='lat' dir='ltr'><strong>Stephani</strong></span> <span class='ocrx_word' id='word_1_797' title='bbox 2549 4993 2740 5066; x_wconf 88' lang='lat' dir='ltr'><strong>agendi</strong></span> <span class='ocrx_word' id='word_1_798' title='bbox 2768 4974 3035 5047; x_wconf 86' lang='lat' dir='ltr'><strong>rationem</strong></span> <span class='ocrx_word' id='word_1_799' title='bbox 3061 4987 3304 5058; x_wconf 87' lang='lat' dir='ltr'><strong>carpenti</strong></span> <span class='ocrx_word' id='word_1_800' title='bbox 3336 4983 3622 5053; x_wconf 77' lang='lat' dir='ltr'><strong>sullragari</strong></span> <span class='ocrx_word' id='word_1_801' title='bbox 3649 4981 3672 5036; x_wconf 89' lang='lat'><strong>?</strong></span> 
     </span>
    </p>
   </div>
   <div class='ocr_carea' id='block_1_110' title="bbox 2078 5076 3672 5161">
    <p class='ocr_par' dir='ltr' id='par_1_110' title="bbox 2078 5076 3672 5161">
     <span class='ocr_line' id='line_1_110' title="bbox 2078 5076 3672 5161; baseline -0.011 -15"><span class='ocrx_word' id='word_1_802' title='bbox 2078 5092 2152 5146; x_wconf 90' lang='lat' dir='ltr'><strong>lta</strong></span> <span class='ocrx_word' id='word_1_803' title='bbox 2179 5108 2246 5145; x_wconf 91' lang='lat' dir='ltr'><strong>ne</strong></span> <span class='ocrx_word' id='word_1_804' title='bbox 2268 5090 2537 5161; x_wconf 88' lang='lat' dir='ltr'><strong>signiticat</strong></span> <span class='ocrx_word' id='word_1_805' title='bbox 2565 5087 2622 5142; x_wconf 91' lang='lat' dir='ltr'><strong>S.</strong></span> <span class='ocrx_word' id='word_1_806' title='bbox 2646 5086 2843 5140; x_wconf 84' lang='lat' dir='ltr'><strong>Doctor</strong></span> <span class='ocrx_word' id='word_1_807' title='bbox 2875 5083 3020 5138; x_wconf 90' lang='lat' dir='ltr'><strong>illam</strong></span> <span class='ocrx_word' id='word_1_808' title='bbox 3045 5081 3166 5146; x_wconf 86' lang='lat' dir='ltr'><strong>sibi,</strong></span> <span class='ocrx_word' id='word_1_809' title='bbox 3196 5079 3351 5133; x_wconf 87' lang='lat' dir='ltr'><strong>sicuti</strong></span> <span class='ocrx_word' id='word_1_810' title='bbox 3382 5076 3672 5147; x_wconf 80' lang='lat' dir='ltr'><strong>Cypriane,</strong></span> 
     </span>
    </p>
   </div>
   <div class='ocr_carea' id='block_1_111' title="bbox 2076 5165 3675 5254">
    <p class='ocr_par' dir='ltr' id='par_1_111' title="bbox 2076 5165 3675 5254">
     <span class='ocr_line' id='line_1_111' title="bbox 2076 5165 3675 5254; baseline -0.013 -14"><span class='ocrx_word' id='word_1_811' title='bbox 2076 5185 2514 5254; x_wconf 87' lang='lat' dir='ltr'><strong>intempestivam</strong></span> <span class='ocrx_word' id='word_1_812' title='bbox 2548 5191 2602 5236; x_wconf 92' lang='lat' dir='ltr'><strong>et</strong></span> <span class='ocrx_word' id='word_1_813' title='bbox 2651 5180 2832 5234; x_wconf 91' lang='lat' dir='ltr'><strong>minus</strong></span> <span class='ocrx_word' id='word_1_814' title='bbox 2875 5191 3083 5247; x_wconf 74' lang='lat' dir='ltr'><strong>aequam</strong></span> <span class='ocrx_word' id='word_1_815' title='bbox 3112 5174 3281 5227; x_wconf 68' lang='lat' dir='ltr'><strong>visam</strong></span> <span class='ocrx_word' id='word_1_816' title='bbox 3315 5165 3521 5224; x_wconf 70' lang='lat' dir='ltr'><strong>fuisse?</strong></span> <span class='ocrx_word' id='word_1_817' title='bbox 3554 5181 3675 5237; x_wconf 68' lang='lat' dir='ltr'><strong>qua:</strong></span> 
     </span>
    </p>
   </div>
   <div class='ocr_carea' id='block_1_112' title="bbox 2076 5260 3678 5346">
    <p class='ocr_par' dir='ltr' id='par_1_112' title="bbox 2076 5260 3678 5346">
     <span class='ocr_line' id='line_1_112' title="bbox 2076 5260 3678 5346; baseline -0.014 -12"><span class='ocrx_word' id='word_1_818' title='bbox 2076 5290 2256 5334; x_wconf 89' lang='lat' dir='ltr'><strong>autem</strong></span> <span class='ocrx_word' id='word_1_819' title='bbox 2308 5277 2597 5346; x_wconf 83' lang='lat' dir='ltr'><strong>Augustini</strong></span> <span class='ocrx_word' id='word_1_820' title='bbox 2639 5272 2803 5328; x_wconf 89' lang='lat' dir='ltr'><strong>verba</strong></span> <span class='ocrx_word' id='word_1_821' title='bbox 2833 5269 3176 5340; x_wconf 82' lang='lat' dir='ltr'><strong>exponimus,</strong></span> <span class='ocrx_word' id='word_1_822' title='bbox 3210 5282 3272 5320; x_wconf 89' lang='lat' dir='ltr'><strong>ea</strong></span> <span class='ocrx_word' id='word_1_823' title='bbox 3303 5277 3426 5318; x_wconf 88' lang='lat' dir='ltr'><strong>esse</strong></span> <span class='ocrx_word' id='word_1_824' title='bbox 3455 5260 3678 5316; x_wconf 87' lang='lat' dir='ltr'><strong>minime</strong></span> 
     </span>
    </p>
   </div>
   <div class='ocr_carea' id='block_1_113' title="bbox 2080 5349 3679 5443">
    <p class='ocr_par' dir='ltr' id='par_1_113' title="bbox 2080 5349 3679 5443">
     <span class='ocr_line' id='line_1_113' title="bbox 2080 5349 3679 5443; baseline -0.014 -16"><span class='ocrx_word' id='word_1_825' title='bbox 2080 5381 2255 5443; x_wconf 90' lang='lat' dir='ltr'><strong>putes,</strong></span> <span class='ocrx_word' id='word_1_826' title='bbox 2291 5385 2411 5442; x_wconf 68' lang='lat' dir='ltr'><strong>qua:</strong></span> <span class='ocrx_word' id='word_1_827' title='bbox 2463 5384 2532 5422; x_wconf 87' lang='lat' dir='ltr'><strong>ex</strong></span> <span class='ocrx_word' id='word_1_828' title='bbox 2561 5369 2686 5422; x_wconf 87' lang='lat' dir='ltr'><strong>aliis</strong></span> <span class='ocrx_word' id='word_1_829' title='bbox 2713 5363 2956 5434; x_wconf 87' lang='lat' dir='ltr'><strong>ejusdem</strong></span> <span class='ocrx_word' id='word_1_830' title='bbox 2997 5359 3056 5416; x_wconf 93' lang='lat' dir='ltr'><strong>S.</strong></span> <span class='ocrx_word' id='word_1_831' title='bbox 3090 5356 3337 5413; x_wconf 88' lang='lat' dir='ltr'><strong>Doctoris</strong></span> <span class='ocrx_word' id='word_1_832' title='bbox 3388 5349 3679 5422; x_wconf 89' lang='lat' dir='ltr'><strong>temperari</strong></span> 
     </span>
    </p>
   </div>
   <div class='ocr_carea' id='block_1_114' title="bbox 2081 5445 3678 5537">
    <p class='ocr_par' dir='ltr' id='par_1_114' title="bbox 2081 5445 3678 5537">
     <span class='ocr_line' id='line_1_114' title="bbox 2081 5445 3678 5537; baseline -0.013 -16"><span class='ocrx_word' id='word_1_833' title='bbox 2081 5465 2307 5537; x_wconf 91' lang='lat' dir='ltr'><strong>possint.</strong></span> <span class='ocrx_word' id='word_1_834' title='bbox 2344 5461 2399 5518; x_wconf 90' lang='lat' dir='ltr'><strong>id</strong></span> <span class='ocrx_word' id='word_1_835' title='bbox 2429 5461 2571 5517; x_wconf 89' lang='lat' dir='ltr'><strong>enim</strong></span> <span class='ocrx_word' id='word_1_836' title='bbox 2605 5468 2812 5516; x_wconf 89' lang='lat' dir='ltr'><strong>tantum</strong></span> <span class='ocrx_word' id='word_1_837' title='bbox 2843 5457 2966 5522; x_wconf 92' lang='lat' dir='ltr'><strong>loci,</strong></span> <span class='ocrx_word' id='word_1_838' title='bbox 2994 5468 3094 5510; x_wconf 91' lang='lat' dir='ltr'><strong>nec</strong></span> <span class='ocrx_word' id='word_1_839' title='bbox 3124 5451 3272 5518; x_wconf 86' lang='lat' dir='ltr'><strong>alibi,</strong></span> <span class='ocrx_word' id='word_1_840' title='bbox 3303 5445 3563 5521; x_wconf 84' lang='lat' dir='ltr'><strong>expendit</strong></span> <span class='ocrx_word' id='word_1_841' title='bbox 3583 5459 3678 5502; x_wconf 80' lang='lat' dir='ltr'><strong>ex-</strong></span> 
     </span>
    </p>
   </div>
   <div class='ocr_carea' id='block_1_115' title="bbox 2150 5593 2936 5671">
    <p class='ocr_par' dir='ltr' id='par_1_115' title="bbox 2150 5593 2936 5671">
     <span class='ocr_line' id='line_1_115' title="bbox 2150 5593 2936 5671; baseline -0.014 -14"><span class='ocrx_word' id='word_1_842' title='bbox 2150 5599 2228 5671; x_wconf 79' lang='lat' dir='ltr'><strong>(i)</strong></span> <span class='ocrx_word' id='word_1_843' title='bbox 2251 5599 2370 5656; x_wconf 88' lang='lat' dir='ltr'><strong>Lib.</strong></span> <span class='ocrx_word' id='word_1_844' title='bbox 2397 5615 2426 5652; x_wconf 93' lang='lat' dir='ltr'><strong>v</strong></span> <span class='ocrx_word' id='word_1_845' title='bbox 2449 5596 2719 5671; x_wconf 77' lang='lat' dir='ltr'><strong>de_Bapt.,</strong></span> <span class='ocrx_word' id='word_1_846' title='bbox 2747 5609 2797 5651; x_wconf 91' lang='lat' dir='ltr'><strong>c.</strong></span> <span class='ocrx_word' id='word_1_847' title='bbox 2843 5593 2936 5650; x_wconf 76' lang='grc'>25.</span> 
     </span>
    </p>
   </div>
   <div class='ocr_carea' id='block_1_116' title="bbox 2155 5669 2608 5744">
    <p class='ocr_par' dir='ltr' id='par_1_116' title="bbox 2155 5669 2608 5744">
     <span class='ocr_line' id='line_1_116' title="bbox 2155 5669 2608 5744; baseline -0.009 -20"><span class='ocrx_word' id='word_1_848' title='bbox 2155 5669 2232 5744; x_wconf 63' lang='grc' dir='ltr'><em>(ε’)</em></span> <span class='ocrx_word' id='word_1_849' title='bbox 2250 5671 2409 5744; x_wconf 61' lang='lat' dir='ltr'><strong>tnta,</strong></span> <span class='ocrx_word' id='word_1_850' title='bbox 2432 5686 2481 5726; x_wconf 89' lang='lat' dir='ltr'><strong>c.</strong></span> <span class='ocrx_word' id='word_1_851' title='bbox 2515 5669 2608 5724; x_wconf 79' lang='lat'><strong>25.</strong></span> 
     </span>
    </p>
   </div>
   <div class='ocr_carea' id='block_1_117' title="bbox 2159 5733 3378 5818">
    <p class='ocr_par' dir='ltr' id='par_1_117' title="bbox 2159 5733 3378 5818">
     <span class='ocr_line' id='line_1_117' title="bbox 2159 5733 3378 5818; baseline -0.002 -22"><span class='ocrx_word' id='word_1_852' title='bbox 2159 5733 2237 5817; x_wconf 63' lang='lat'><strong>(3&#39;)</strong></span> <span class='ocrx_word' id='word_1_853' title='bbox 2269 5742 2347 5798; x_wconf 89' lang='lat' dir='ltr'><strong>De</strong></span> <span class='ocrx_word' id='word_1_854' title='bbox 2372 5741 2530 5818; x_wconf 81' lang='lat' dir='ltr'><strong>Bapf.</strong></span> <span class='ocrx_word' id='word_1_855' title='bbox 2566 5749 2704 5797; x_wconf 86' lang='lat' dir='ltr'><strong>cont.</strong></span> <span class='ocrx_word' id='word_1_856' title='bbox 2741 5739 2957 5807; x_wconf 86' lang='lat' dir='ltr'><strong>Donat.,</strong></span> <span class='ocrx_word' id='word_1_857' title='bbox 2978 5733 3073 5792; x_wconf 87' lang='lat' dir='ltr'><strong>lib.</strong></span> <span class='ocrx_word' id='word_1_858' title='bbox 3103 5749 3156 5804; x_wconf 85' lang='lat' dir='ltr'><strong>v,</strong></span> <span class='ocrx_word' id='word_1_859' title='bbox 3183 5751 3232 5793; x_wconf 92' lang='lat' dir='ltr'><strong>c.</strong></span> <span class='ocrx_word' id='word_1_860' title='bbox 3261 5735 3378 5796; x_wconf 72' lang='lat'><strong>2&#39;5.</strong></span> 
     </span>
    </p>
   </div>
   <div class='ocr_carea' id='block_1_118' title="bbox 3745 298 3772 313">
    <p class='ocr_par' dir='ltr' id='par_1_118' title="bbox 3745 298 3772 313">
     <span class='ocr_line' id='line_1_118' title="bbox 3745 298 3772 313; baseline 0 0"><span class='ocrx_word' id='word_1_861' title='bbox 3745 298 3772 313; x_wconf 62' lang='grc' dir='ltr'>δ</span> 
     </span>
    </p>
   </div>
  </div>
