4116 6258
529 271 670 327 1505

1958 262 2409 322 DISSERTATIO

3702 259 3727 313 1
3743 254 3881 313 ὅθι

534 401 741 457 presse,
774 400 892 456 quae
933 383 1236 454 Cyprianus
1277 382 1329 437 itt
1359 380 1693 453 Stephanum
1725 379 1942 448 effutiit,
1976 390 2035 435 ut
2062 395 2128 435 ex
2154 384 2209 443 Α
2232 380 2447 451 gustiae,
2474 379 2766 434 ostendunt
2794 378 3023 433 diversae.
3055 378 3158 433 illae
3189 392 3253 433 ac
3275 376 3567 447 perplexae,
3590 390 3734 446 quas
3753 388 3876 445 pro

535 493 601 534 eo
631 475 911 548 Augustini
941 484 1177 530 mentem
1210 486 1361 529 certo
1392 475 1606 544 assequi
1635 476 1808 543 possis
1830 483 1884 529 et
1908 473 2128 529 debeas.

537 571 652 639 Qua
686 585 814 625 vero
846 569 1040 633 fronte,
1085 576 1143 621 ttt
1170 567 1345 622 obiter
1370 567 1567 630 dicam,
1597 568 1784 637 nuperi
1810 565 1973 637 aliqui
2008 582 2131 635 pro-

538 665 759 717 tulerint
781 662 1137 729 Augustinum
1168 676 1491 730 praeeipuam
1514 660 1764 733 Cypriani
1791 662 2132 715 sanctitatem

536 758 590 811 in
620 756 927 824 modo,quo
952 756 1211 809 adversus
1243 755 1575 835 Stephanum
1600 770 1719 809 sese
1748 755 2132 824 gessitconsti-

541 851 733 915 tuisse,
788 850 1023 904 viderint
1072 851 1212 918 ipsi,
1265 850 1525 920 nobisque
1567 849 1926 919 patefaciant;
1981 852 2134 918 quasi

539 957 669 996 vero
723 952 801 996 tot
846 943 948 997 alia
980 942 1230 1014 Cypriani
1282 944 1691 1014 pra-clariSsima
1743 954 1891 1013 gesta
1924 941 1988 996 ad
2016 940 2134 998 exi-

538 1035 726 1101 tniam,
757 1051 916 1102 quam
972 1036 1112 1105 apud
1148 1034 1327 1091 Deum
1372 1044 1425 1091 et
1465 1038 1712 1091 homines
1751 1035 1981 1090 obtinuit
2007 1051 2133 1090 san-

545 1128 782 1181 ctitatem
819 1128 1136 1181 firmandam
1166 1144 1229 1182 ac
1260 1128 1689 1182 eottstituendam
1735 1126 1954 1182 minime
1982 1127 2135 1181 Suffi-

536 1233 742 1279 cerent.
771 1222 823 1276 In
856 1223 1223 1291 expendeudis
1249 1234 1557 1277 sanctorum
1592 1222 1897 1285 virtutibus,
1929 1236 2134 1290 expett-

538 1320 736 1376 datttttr
760 1334 1065 1373 S:lIlCEOI‘lllll
1094 1320 1431 1385 testimonia;
1465 1318 1530 1373 ad
1558 1330 1774 1373 sanctos
1798 1318 2134 1387 potissimum

541 1422 751 1483 spectat
780 1422 1089 1467 sanctorum
1138 1430 1259 1467 vera
1313 1415 1625 1468 discernere
1674 1411 1884 1471 merita,
1920 1425 2125 1465 eorum-

545 1523 649 1576 que
680 1505 944 1574 prarc0uia
973 1506 1247 1562 celebrare
1279 1522 1292 1569 ;
1324 1505 1648 1558 sanctissimi
1699 1504 1857 1574 igitur
1885 1500 2138 1574 Cypriani

542 1600 731 1653 merita
780 1616 842 1652 ex
897 1598 1239 1652 sanctissimo
1288 1599 1486 1667 pariter
1524 1598 1824 1661 Augustino
1874 1596 2142 1651 lieeatdi-

543 1706 831 1762 gnOSrcre,
867 1691 937 1745 ttil
972 1691 1212 1761 aequius:
1244 1701 1321 1755 at,
1352 1706 1471 1761 qua:
1502 1692 1552 1745 itt
1575 1690 1843 1763 Cypriano
1879 1706 1985 1745 non
2018 1705 2139 1761 pro-

2240 474 2355 542 ejus
2381 471 2693 526 defensione
2716 470 2935 526 adduxit
2959 471 3215 525 rationes.
3269 468 3424 522 Modo
3448 469 3591 523 enim
3616 475 3878 521 conten-

2238 566 2317 621 dit
2343 566 2574 621 dubitari
2605 582 2761 635 posse
2793 583 2859 620 an
2890 566 3192 636 Cyprianus
3223 562 3643 633 rebaptizandos
3672 560 3875 616 barre-

2238 661 2371 716 tieos
2392 676 2511 717 esse
2540 663 2791 727 senserit,
2825 676 2886 715 ac
2909 660 3108 729 siepius
3135 668 3365 712 conatur
3415 658 3577 712 etiam
3607 656 3875 711 aliorum

2240 755 2546 809 testimonio
2577 755 2744 824 ipsius
2774 768 3013 809 errorem
3036 752 3256 806 dubium
3288 749 3517 805 reddere
3544 748 3649 819 (1).
3684 747 3877 803 Modo

2238 845 2511 901 contendit
2542 846 2749 914 ipsum,
2796 847 2839 900 si
2885 845 2956 899 ita
2997 844 3194 907 sensit,
3239 842 3383 897 hunc
3423 857 3676 897 errorem
3721 855 3870 910 core

2239 940 2442 995 rexisse
2469 938 2570 1011 (2).
2606 938 2762 993 Modo
2802 938 2963 993 tradit
2998 937 3323 1008 Cyprianum
3354 936 3399 989 si
3428 949 3622 989 revera
3673 933 3875 988 noluit

2241 1032 2570 1101 Baptismum
2608 1030 2747 1101 apud
2790 1030 3105 1093 ltzeretieos,
3166 1038 3223 1081 ut
3262 1027 3568 1097 Stephanus
3615 1025 3875 1080 docebat

2238 1133 2551 1187 agnoscere,
2600 1118 2650 1170 id
2678 1132 2788 1172 sua:
2816 1115 3096 1170 charitatis
3131 1114 3377 1167 ubertate
3408 1129 3471 1167 ac
3496 1127 3611 1166 suae
3642 1111 3873 1181 passio-

2240 1212 2323 1266 nis
2355 1210 2489 1265 falce
2518 1225 2775 1281 purgasse
2813 1208 2891 1281 (ὅ)
2920 1227 2931 1262 :
2964 1207 3082 1262 haec
3123 1207 3303 1261 omnia
3332 1204 3457 1274 quid
3486 1204 3638 1258 aliud
3669 1203 3872 1257 mani-

2240 1303 2438 1359 fe~tant
2467 1319 2625 1373 quam
2661 1301 2919 1372 pomificii
2944 1300 3197 1370 prtecepti
3228 1297 3578 1368 tenuitatem?
3614 1296 3675 1353 Si
3705 1296 3875 1351 enim

2240 1394 2548 1466 Stephanus
2598 1393 2964 1465 praeripiendo
3010 1392 3282 1461 tequitatis
3320 1406 3385 1446 ac
3418 1388 3712 1461 potestatis
3747 1404 3871 1443 sua:

2242 1488 2439 1542 limites
2481 1488 2734 1551 excessit,
2774 1502 2870 1541 nec
2896 1486 2969 1540 illi
2993 1484 3191 1541 cedere
3218 1484 3496 1539 debuissi-t
3513 1482 3871 1553 Cyprianus,

2242 1589 2300 1635 ttt
2329 1579 2456 1650 quid
2482 1595 2578 1649 pro
2619 1580 2772 1633 istius
2804 1578 3120 1633 defensioue
3148 1574 3509 1646 indagandum
3540 1576 3873 1643 Augustino

2244 1674 2451 1740 fuisset,
2468 1685 2643 1729 utrum
2657 1673 2983 1727 correxisset
2999 1686 3151 1725 suam
3165 1670 3487 1725 sententiam
3504 1682 3610 1724 nec
3625 1667 3727 1721 ne?
3741 1682 3874 1722 cum

541 1783 689 1838 bavit
720 1827 733 1850 ,
790 1784 883 1839 sed
934 1785 1111 1853 potius
1144 1785 1265 1838 velo
1295 1783 1575 1839 charitatis
1634 1796 1687 1838 et
1722 1784 1919 1839 silentii
1951 1784 2139 1851 obvol-

2246 1766 2390 1821 illam
2421 1780 2678 1820 revocare
2701 1779 2764 1819 ac
2791 1764 3067 1833 corrigere
3097 1778 3203 1817 non
3235 1759 3556 1816 teneretur?
3582 1760 3874 1816 Pneterea

543 1879 721 1933 venda
749 1888 958 1933 censuit
1005 1878 1355 1949 Augustinus,
1387 1878 1606 1933 veridici
1649 1878 1890 1934 dicamus
1931 1878 1999 1933 ab
2025 1880 2140 1948 ipso

544 1986 649 2024 non
707 1970 844 2025 adeo
883 1971 1047 2025 fuisse
1091 1970 1337 2038 laudata,
1382 1972 1521 2024 utin
1569 1969 1675 2024 illis
1721 1971 1988 2042 praecipua
2036 1970 2141 2042 Cy-

544 2064 716 2133 priani
741 2063 1044 2118 sanctitatis
1072 2062 1379 2117 fundamina
1413 2064 1688 2117 locaverit.

617 2177 691 2230 Ex
734 2177 1031 2248 Augustino
1084 2192 1269 2231 rursus
1302 2177 1579 2247 percipere
1619 2176 1765 2232 lubet
1817 2192 1937 2248 qua:
1983 2175 2144 2232 fuerit

541 2269 670 2323 editi
710 2285 739 2323 a
797 2268 1075 2339 Stephano
1126 2271 1375 2339 przecepti
1420 2270 1676 2340 aequitas,
1735 2280 1789 2324 et
1843 2285 1911 2323 an
1951 2271 2142 2325 merito

546 2364 643 2432 ipsi
669 2362 927 2417 restiterit
957 2362 1276 2435 Cyprianus.
1348 2361 1460 2418 Etsi
1514 2363 1863 2434 Augustinus,
1895 2374 1948 2418 ut
1982 2365 2143 2419 modo

546 2453 882 2521 videbamus,
946 2466 1241 2511 retractare
1268 2472 1325 2511 se
1368 2457 1513 2511 nolle
1541 2473 1603 2512 ae
1647 2459 1921 2527 praeterire
1953 2460 2143 2514 melius

544 2563 666 2602 esse
698 2548 1035 2618 profiteatur,
1074 2567 1193 2619 quae
1223 2550 1524 2619 Cyprianus
1554 2551 1604 2605 in
1636 2551 1861 2619 epistola
1884 2551 1950 2605 ad
1982 2550 2143 2606 Potn-

546 2643 722 2713 peium
754 2662 771 2694 ‹
801 2643 1039 2697 irritatus
1072 2663 1088 2696 ι
1118 2643 1167 2697 in
1196 2643 1525 2713 Stephanum
1561 2664 1579 2695 ι
1615 2644 1897 2711 effuderat,
1938 2665 1956 2698 ι
1992 2662 2142 2716 qna:-

546 2736 668 2790 tlant
699 2746 875 2790 tamen
916 2753 978 2791 ex
1025 2736 1112 2790 illa
1142 2737 1433 2805 decerpere
1455 2752 1517 2791 ac
1550 2738 1753 2792 referre
1787 2739 1973 2807 voluit,
2025 2755 2144 2809 qua:

549 2836 781 2884 maxime
808 2842 929 2899 apta
962 2840 1114 2884 erant
1142 2831 1205 2883 ad
1236 2830 1564 2900 probandam
1588 2831 1787 2885 conditi
1812 2848 1840 2885 a
1871 2831 2144 2902 Stephano

552 2933 804 2993 pra-(septi
862 2925 1192 2993 :cqnitatem,
1240 2923 1639 2993 etculpandam
1689 2924 1942 2995 Cypriani
1990 2925 2146 2980 inob-

548 3017 982 3086 temperantiam,
1027 3018 1077 3070 in
1127 3031 1233 3086 quo
1283 3018 1463 3071 ntirari
1516 3018 1648 3072 satis
1704 3032 1808 3071 non
1861 3033 2145 3087 possumus

548 3110 922 3178 Augthtiniani
972 3111 1077 3165 vim
1124 3112 1322 3181 ingenii
1367 3128 1429 3165 ac
1486 3113 1681 3166 mentis
1724 3114 2141 3182 perSpicaciatn,

549 3208 632 3257 cui
680 3203 764 3259 vel
799 3203 912 3273 ipsa
950 3201 1202 3276 Cypriani
1244 3205 1568 3261 documenta
1611 3207 1927 3262 suffecerint
1966 3208 2032 3261 ad
2062 3207 2149 3263 de-

550 3296 955 3351 monstrandam
997 3297 1167 3368 ipsius
1218 3300 1539 3352 resiStcntize
1593 3300 1791 3354 labem.
1840 3300 1973 3354 Cum
2002 3303 2145 3355 enim

552 3388 855 3458 Cyprianus
881 3386 1136 3456 Stephani
1164 3398 1489 3456 praeceptum
1521 3405 1664 3457 aegre
1696 3390 1873 3443 ferens
1899 3391 1948 3443 itt
1986 3391 2145 3444 citata

549 3480 616 3533 ad
652 3479 961 3547 Pompeium
1012 3480 1242 3548 epistola
1274 3480 1497 3534 dixisset
1533 3500 1552 3531 ‹
1590 3481 1910 3551 Episcopum
1940 3482 2146 3538 docibi-

550 3573 653 3627 lem
687 3587 810 3627 esse
831 3571 1048 3635 debere,
1071 3584 1123 3627 et
1159 3587 1263 3626 non
1299 3584 1503 3628 tantum
1532 3575 1745 3638 docere,
1775 3576 1867 3631 sed
1896 3588 1948 3631 et
1974 3577 2147 3633 disce-

549 3682 609 3720 re
630 3666 776 3719 illum
806 3675 1081 3734 oportere,
1116 3687 1133 3718 ι
1172 3666 1288 3721 Ιιειιε
1314 3666 1566 3737 Cypriani
1598 3670 1758 3723 verba
1792 3670 1957 3725 refert
1986 3682 2146 3740 atque

552 3758 741 3827 prohat
786 3758 1117 3827 Augustinus
1146 3758 1247 3831 (1),
1298 3768 1351 3814 at
1378 3759 1485 3815 alio
1511 3775 1643 3816 sane
1672 3778 1828 3832 quam
1848 3763 2147 3834 Cyprianus

550 3848 745 3919 spiritu
776 3860 831 3904 et
877 3864 1062 3919 scopo,
1094 3850 1393 3921 Cyprianus
1423 3853 1566 3908 enim
1597 3855 1907 3923 episcopum
1937 3855 2144 3911 docibi—

551 3940 656 3995 lem
709 3957 831 3998 esse
877 3943 1078 3999 debere
1130 3945 1364 4009 dicebat,
1399 3957 1451 3999 Ill
1483 3946 1793 4002 ostenderet
1815 3948 2145 4018 Stephanum

552 4035 845 4103 praecipere
873 4043 1077 4088 tantum
1101 4050 1164 4089 ac
1190 4036 1385 4091 docere
1416 4053 1521 4090 non
1555 4037 1825 4103 debuisse,
1859 4040 1951 4093 sed
1984 4040 2147 4094 etiam

552 4126 760 4180 discere
813 4140 873 4180 ac
913 4126 1139 4180 aliorum
1186 4129 1481 4183 rationibus
1512 4129 1798 4184 docibilem
1839 4144 1960 4184 sese
2010 4146 2148 4200 pra:-

550 4219 710 4282 bere;
745 4220 1073 4289 Augustinus
1102 4235 1320 4276 econtra
1355 4223 1440 4276 illa
1470 4223 1720 4294 Cypriani
1750 4225 2013 4280 sententia
2045 4228 2147 4281 uti-

554 4321 658 4375 tttr,
705 4322 759 4364 ttt
783 4313 1032 4365 Ostendat
1063 4329 1169 4366 non
1202 4313 1536 4383 Stephanum
1570 4315 1823 4388 Cypriani
1854 4334 2143 4386 argumen-

553 4404 641 4472 tis,
660 4404 753 4459 sed
782 4403 1109 4476 Cyprianum
1137 4406 1393 4475 Stephani
1413 4421 1681 4479 prmcepto
1709 4410 1997 4466 docibilem
2026 4429 2147 4470 esse

551 4497 820 4557 debuisse.
863 4517 881 4549 ‹
910 4499 1055 4567 quia,
1086 4498 1278 4568 inquit,
1304 4502 1529 4555 recitato
1562 4502 1652 4556 illo
1682 4503 1935 4574 Cypriani
1960 4504 2141 4574 effato,

550 4590 690 4643 sicut
719 4590 883 4643 multa
917 4598 1073 4645 erant
1103 4607 1221 4660 qua)
1252 4592 1441 4647 doctus
1472 4593 1771 4665 Cyprianus
1796 4597 2037 4665 doceret,
2067 4601 2145 4657 sic

551 4694 665 4736 erat
707 4693 759 4736 et
803 4684 1002 4752 aliquid
1033 4684 1173 4754 quod
1205 4685 1507 4757 Cyprianus
1550 4688 1794 4743 docibilis
1823 4690 2077 4748 disceret.
2119 4715 2138 4747 ι

551 4777 669 4843 Quo
697 4792 826 4846 ergo
857 4779 907 4831 itt
933 4780 1147 4847 negotio
1168 4778 1466 4850 Cyprianus
1505 4781 1857 4850 Stephanum,
1887 4786 2144 4857 Augusti-

550 4884 653 4924 nus
684 4867 1009 4942 Cyprianum
1039 4870 1326 4927 docibilem
1348 4874 1531 4929 voluit.
1589 4874 1724 4943 Quid
1751 4876 1852 4931 hoc
1879 4878 2145 4949 significat

551 4962 653 5016 nisi
689 4962 1016 5034 Cyprianum
1043 4962 1193 5032 juxta
1239 4964 1591 5033 Augustinum
1620 4965 1902 5037 Stepltano
1932 4969 2144 5027 docenti

550 5066 604 5111 ct
632 5057 960 5127 praecipienti
992 5058 1276 5112 docibilem
1307 5073 1428 5114 esse
1451 5060 1723 5127 debuisse,
1758 5079 1822 5118 ex
1854 5081 1960 5135 quo
1998 5077 2145 5137 patet

548 5150 809 5221 Stephani
851 5160 1176 5222 pra-ceptum
1220 5152 1585 5224 aequissimum
1628 5156 1924 5228 Augustino
1970 5161 2146 5217 visunt

545 5241 731 5299 fuisse.

618 5356 749 5411 Ctnn
777 5364 957 5411 autem
990 5354 1288 5426 Augustino
1312 5357 1652 5427 potissimum
1677 5360 1925 5418 insistant
1953 5362 2142 5421 adver-

546 5452 673 5504 sarii
698 5450 890 5517 nostri,
920 5450 1051 5504 vitio
1079 5450 1234 5506 nobis
1260 5466 1363 5506 non
1390 5452 1605 5507 dabitttr
1622 5453 1665 5507 si
1688 5454 1739 5508 in
1769 5454 1937 5525 ipsius
1961 5469 2142 5516 mente

544 5544 859 5611 exponenda
896 5542 1168 5612 paululum
1227 5543 1599 5599 immorantur.
1654 5545 1796 5614 Quot
1836 5546 2035 5604 fuerint
2080 5550 2135 5606 in

543 5635 852 5690 excusando
891 5635 1160 5707 Cypriano
1192 5636 1250 5692 S.
1289 5637 1532 5695 Doctoris
1582 5639 1857 5711 ambages,
1880 5650 2012 5712 quot
2036 5659 2133 5698 an-

611 5788 692 5857 (ι)
720 5790 840 5843 Lib.
876 5792 1010 5861 v‘do
1040 5793 1222 5859 BapL,
1254 5807 1373 5862 cap.
1393 5796 1483 5849 26.

2245 1860 2545 1929 Cyprianus
2562 1858 2714 1919 ineo,
2731 1857 3267 1927 juxtaAugustiuum,
3285 1853 3719 1927 peccavit,quod
3744 1875 3763 1905 ι
3779 1869 3876 1907 no-

2246 1952 2342 2006 lttit
2361 1964 2655 2020 agnoscere
2676 1950 3006 2019 Baptismum
3023 1949 3162 2019 apud
3185 1948 3499 2002 haereticos:
3526 1965 3545 1998 ι
3571 1956 3871 2017 peccatunt

2244 2045 2385 2100 enim
2406 2044 2569 2100 fuisse
2595 2046 2735 2114 quod
2760 2043 3037 2099 charitatis
3062 2043 3307 2098 ubertate
3328 2057 3393 2095 ac
3416 2040 3555 2095 falce
3586 2041 3873 2110 passionis

2246 2136 2576 2207 purgandum
2609 2144 2743 2202 erat,
2765 2150 2922 2189 nemo
2950 2134 3180 2198 dubitat;
3209 2140 3263 2187 at
3289 2129 3534 2203 profecto
3564 2131 3624 2185 in
3657 2148 3725 2186 eo
3757 2146 3870 2187 non

2246 2237 2521 2298 peccasset
2557 2225 2879 2298 Cyprianus,
2910 2227 2955 2280 si
2997 2225 3273 2296 Stephano
3320 2224 3663 2294 prmcipienti
3690 2239 3867 2291 agno-

2244 2319 2473 2374 eendum
2506 2334 2625 2373 esse
2658 2318 2991 2389 Baptismum
3017 2318 3158 2387 apud
3184 2318 3474 2372 hmretieos
3497 2306 3869 2387 obtempera-

2246 2431 2303 2469 re
2323 2430 2427 2469 non
2453 2416 2765 2480 tenebatur;
2804 2430 2966 2485 quam
2990 2414 3042 2468 in
3067 2429 3177 2468 rem
3196 2412 3456 2483 quasdam
3483 2412 3865 2467 recentiorum

2248 2507 2694 2563 hallucinationes
2734 2508 2946 2577 aperire
2978 2522 3083 2561 non
3137 2507 3301 2575 piget,
3336 2520 3437 2561 nec
3467 2506 3667 2560 inutile
3700 2505 3865 2559 vide-

2249 2614 2353 2658 tur.
2414 2603 2518 2658 Alii
2541 2602 2875 2659 contendunt
2905 2601 3038 2657 nihil
3068 2601 3338 2673 Cypriano
3363 2601 3415 2655 in
3445 2600 3545 2655 hac
3578 2615 3709 2654 cum
3741 2599 3868 2655 Ste-

2250 2695 2425 2766 phano
2448 2696 2855 2751 concertatione
2877 2694 3161 2757 excidisse,
3187 2692 3332 2764 quod
3348 2693 3529 2763 aliqua
3549 2692 3863 2762 reprehen-

2248 2791 2400 2844 sione
2446 2790 2661 2859 (lignum
2696 2789 2996 2860 Augustino
3043 2788 3218 2842 visum
3268 2787 3449 2854 fuerit,
3494 2788 3667 2841 immo
3711 2787 3865 2839 affir-

2250 2891 2400 2936 mant
2449 2882 2776 2953 Cyprianum
2809 2882 2859 2933 in
2894 2879 3053 2933 modo
3080 2895 3186 2950 quo
3225 2894 3346 2935 sese
3378 2880 3543 2951 gessit
3588 2880 3865 2934 adversus

2248 2974 2578 3043 Stephanum
2616 2973 2845 3026 maxime
2870 2971 2938 3027 ab
2965 2972 3266 3042 Augustino
3296 2971 3688 3035 commendari,
3717 2988 3866 3042 quo-

2251 3080 2367 3119 rum
2395 3066 2715 3118 sententiam
2739 3065 2820 3117 vel
2847 3062 3049 3119 referre
3071 3063 3183 3133 jam
3212 3075 3295 3119 est
3320 3063 3570 3119 refutare.
3616 3062 3863 3118 Constri-

2180 3164 2225 3227 ο
2262 3157 2426 3211 tiores
2447 3156 2658 3211 aliiduo
2684 3157 2734 3211 in
2763 3155 3013 3227 Cypriani
3040 3156 3231 3226 agendi
3259 3158 3467 3212 ratione
3489 3158 3861 3225 distinguunt,

2252 3252 2393 3321 quod
2425 3265 2618 3320 nempe
2664 3249 2938 3319 Stephano
2985 3250 3265 3313 restiterit,
3316 3259 3372 3304 et
3417 3250 3557 3316 quod
3590 3250 3867 3308 nonnulla

2251 3343 2303 3398 in
2334 3342 2665 3411 Stephanum
2696 3342 3118 3412 eflirderitﬁqurc
3146 3341 3574 3397 moderationem
3596 3357 3661 3397 ac
3692 3358 3860 3398 man.

2250 3434 2586 3489 suetudinem
2617 3435 2966 3491 christianum
2991 3437 3165 3490 minus
3193 3446 3464 3505 saperent.
3521 3437 3576 3492 ld
3602 3439 3861 3496 ultimum

2250 3526 2319 3580 ab
2341 3529 2643 3597 Augustino
2672 3529 2991 3598 reprehendi
3010 3541 3282 3595 asserunt,
3312 3546 3419 3585 non
3437 3546 3569 3586 vero
3597 3533 3861 3601 primum.

2252 3619 2388 3674 Pace
2417 3622 2640 3675 istorum
2671 3620 2904 3676 dixerim
2936 3622 3219 3693 Augustini
3251 3624 3448 3693 scripta
3477 3623 3559 3679 vel
3581 3626 3720 3679 satis
3751 3643 3867 3684 non

2251 3712 2556 3778 voluerunt,
2587 3714 2671 3768 vel
2706 3714 2815 3782 ipsa
2844 3716 2976 3769 satis
3023 3730 3126 3772 non
3179 3714 3493 3782 attendere;
3543 3716 3743 3774 inscite
3777 3721 3868 3775 vel

2253 3812 2304 3859 te
2333 3805 2570 3871 profecto
2595 3805 3019 3861 Itallttcittantut‘.

2322 3896 2478 3951 Enim
2508 3914 2636 3952 vero
2663 3898 2720 3953 S.
2767 3900 3096 3969 Augustinus
3137 3900 3188 3954 in
3224 3901 3491 3974 Cypriano
3521 3918 3630 3958 non
3669 3905 3864 3959 solum

2250 4005 2313 4044 ea
2362 3988 2707 4059 reprehendit
2751 4006 2870 4061 qua:
2917 3991 3092 4046 minus
3125 4001 3485 4064 temperanter
3529 3994 3583 4049 in
3614 3996 3865 4066 Stepha-

2252 4099 2377 4137 num
2418 4082 2627 4147 elfudit,
2661 4082 2753 4138 sed
2779 4087 2938 4137 etiam
2968 4084 3109 4155 quod
3142 4088 3254 4155 ipse
3278 4086 3435 4141 aliter
3451 4104 3513 4143 ac
3539 4088 3867 4159 Stephanus

2251 4176 2304 4230 itt
2334 4178 2431 4231 hac
2460 4175 2759 4246 quaestione
2785 4177 3035 4239 senserit,
3064 4179 3207 4247 quod
3242 4179 3493 4245 noluerit,
3530 4189 3591 4235 ut
3614 4182 3870 4254 Stepha-

2251 4283 2351 4322 nus
2372 4277 2725 4337 praeceperat,
2758 4268 3086 4338 Baptismum
3110 4270 3249 4339 apud
3284 4271 3568 4326 haereticos
3595 4290 3867 4343 agnosce-

2250 4374 2328 4423 re,
2364 4359 2416 4413 id
2444 4358 2603 4413 etiam
2631 4368 2825 4429 praeter
2846 4375 2931 4425 ea,
2955 4377 3074 4431 qua:
3099 4362 3149 4415 in
3180 4360 3512 4431 Stephanum
3548 4383 3568 4415 ‹
3608 4365 3869 4425 irritatus

2250 4451 2459 4517 effudit,
2502 4469 2519 4503 ι
2548 4450 2811 4507 charitate
2840 4462 2894 4507 et
2928 4455 3185 4525 martyrio
3215 4469 3243 4507 a
3274 4454 3541 4526 Cypriano
3565 4469 3867 4528 purgatum

2170 4542 2480 4616 Daffirmat
2533 4543 2890 4613 Hipponensis
2934 4545 3237 4616 episcopus.
3312 4547 3547 4603 Attenta:
3599 4549 3712 4621 iam
3745 4555 3868 4607 Au-

2249 4636 2463 4705 gustino
2504 4636 2842 4705 praebeantur
2892 4651 3050 4691 aures
3086 4654 3101 4693 :
3134 4656 3153 4689 ‹
3197 4637 3520 4709 Cyprianus,
3568 4641 3752 4712 inquit
3797 4646 3868 4700 in

2250 4727 2352 4797 Ep.
2379 4726 2445 4783 ad
2465 4726 2800 4783 Vincentium
2821 4729 3012 4799 Rogat.
3039 4745 3085 4784 c.
3124 4729 3210 4795 10,
3236 4742 3324 4785 aut
3346 4748 3450 4786 non
3479 4734 3644 4788 sensit
3675 4737 3871 4791 omni-

2248 4837 2318 4875 no
2340 4823 2483 4891 quod
2513 4837 2634 4874 eum
2670 4823 2907 4877 sensisse
2938 4823 3179 4878 recitatis
3227 4823 3391 4896 (apud
3426 4826 3716 4882 luereticos
3745 4844 3869 4885 non

2249 4930 2371 4971 esse
2408 4915 2764 4985 Baptismum)
2796 4927 2887 4970 aut
2932 4914 3033 4971 hoc
3059 4926 3243 4985 postea
3283 4918 3524 4973 correxit
3575 4919 3627 4973 in
3662 4924 3867 4993 regula

2248 5006 2522 5074 veritatis,
2565 5015 2657 5061 aut
2710 5006 2854 5061 hunc
2892 5006 3045 5078 quasi
3092 5022 3308 5063 naevum
3349 5008 3433 5064 sui
3472 5010 3870 5071 candidissimi

2320 5162 2536 5237 (l)Lib.
2565 5180 2600 5219 tt
2631 5164 2700 5220 de
2730 5164 2903 5236 Bapt.,
2931 5182 3048 5236 cap.
3082 5166 3175 5232 5|,
3208 5166 3298 5237 35,
3327 5166 3399 5222 '55
3430 5175 3486 5222 et
3513 5167 3623 5234 58;
3652 5168 3751 5226 lib.
3801 5188 3870 5227 Iv

2248 5234 2639 5311 deiB'apt._ea_p.
2674 5237 2738 5311 Π
2762 5253 2781 5311 _;
2807 5234 2905 5292 lib.
2928 5234 3179 5311 [contra
3206 5236 3555 5311 Cresconium
3599 5258 3723 5311 cap.
3755 5244 3866 5299 32.

2247 5307 2417 5377 Epist.
2450 5309 2517 5363 ad
2543 5308 2867 5380 Macrobium
2916 5308 3039 5364 108.
3069 5309 3240 5380 Epist.
3274 5308 3342 5364 ad
3371 5307 3713 5367 Vincentium
3745 5314 3870 5369 [lu-

2244 5389 2380 5450 gat.,
2411 5395 2511 5450 cap
2562 5379 2649 5435 10.
3121 5379 3128 5380 “

2256 5520 2281 5523 _
2317 5449 2397 5523 (2)
2446 5451 2562 5506 Lib.
2607 5467 2641 5506 n
2667 5449 2753 5523 de
2780 5450 2937 5523 Bapt.
2980 5465 3129 5523 cap._
3164 5452 3221 5523 ἐξ
3244 5460 3299 5507 et
3341 5451 3405 5518 5;
3437 5452 3530 5508 lib.
3574 5469 3610 5509 n
3651 5466 3869 5514 contra

2243 5520 2499 5646 geseon.
2543 5537 2659 5593 cap.
2706 5521 2799 5575 ult.
2847 5522 3016 5591 Epist.
3048 5520 3134 5576 'ad
3181 5521 3426 5579 Vincent.
3476 5525 3669 5596 Rogat.
3720 5543 3863 5599 cap.

2309 5664 2393 5735 (5)
2438 5665 2624 5740 Libat
2649 5662 2717 5718 de
2757 5662 3085 5740 Bapt._cap:_
3114 5663 3221 5740 l8;
3254 5664 3445 5740 lib._de
3471 5667 3632 5722 unico
3684 5669 3865 5740 Bapt.

2233 5744 2445 5873 gggtriao
2466 5737 2715 5800 Petilian,
2763 5734 2880 5807 cap.
2912 5734 3023 5793 15(
3048 5734 3218 5809 Epist.
3246 5738 3313 5794 ad
3364 5736 3615 5796 Vincent.
3645 5734 3865 5815 Rogat.
