4116 6258
229 349 345 407 1505

1430 335 2221 401 HlSTORICO—DOGMATICA
2233 379 2246 395 .

3365 342 3389 397 1
3400 340 3508 398 306

223 469 435 540 pectoris
464 465 744 537 cooperuit
788 464 952 520 ubere
994 463 1295 520 charitatis.
1334 480 1353 514 ι
1396 460 1493 516 Hie
1516 460 1660 529 juxta
1689 458 1796 512 Au-
1823 459 1875 516 A
1902 454 2057 511 aliter
2098 456 2286 522 sensit,
2330 472 2491 527 quam
2541 456 2742 514 veritas
2772 471 2869 529 per
2903 472 2966 513 os
2995 469 3192 529 nempe
3242 455 3508 526 Stephani

221 564 472 635 gustinum
500 577 605 616 non
630 575 750 631 qua:
773 560 825 614 in
851 558 1186 635 Stephanum
1227 576 1244 610 t
1274 556 1513 611 irritatus
1538 552 1743 616 effudit,
1772 570 1790 602 ›

221 655 456 726 sedquod
475 654 635 709 aliter
662 667 726 708 ac
753 652 1063 722 Stephanus
1085 652 1228 706 circa
1258 648 1636 703 haereticorum
1660 644 1800 714 Bap-

222 750 356 805 tisma
388 746 559 802 sensit
598 744 925 817 Cyprianus,
959 743 1089 799 illud
1120 752 1203 798 est
1242 739 1384 812 quod
1409 760 1427 792 ι
1468 740 1633 794 ubere
1668 737 1795 792 cha-

218 840 371 895 ritalis
400 838 706 905 cooperuit.
740 856 758 889 ›
786 837 852 891 Ει
878 836 972 891 lib.
1009 852 1023 891 ι
1054 836 1122 891 de
1144 835 1299 904 Bapt.
1328 848 1447 902 cap.
1474 833 1562 899 i8,
1599 850 1616 883 ι
1652 829 1793 902 quod

218 947 345 1001 ergo,
375 930 569 1000 inquit,
611 929 701 984 ille
733 930 814 984 vir
844 938 1066 984 sanctus
1090 925 1457 999 (Cyprianus)
1488 925 1555 980 de
1586 924 1793 994 Baptis-

216 1040 292 1080 tno
319 1024 473 1079 aliter
494 1024 740 1078 sentiens
770 1037 930 1093 quam
961 1037 1019 1076 se
1058 1036 1150 1075 res
1181 1019 1437 1086 habebat,
1467 1033 1586 1087 quae
1609 1025 1792 1088 postea

215 1125 521 1187 pertractata
560 1124 613 1169 et
654 1114 1067 1183 diligentissima
1113 1111 1546 1167 consideratione
1586 1111 1793 1164 ﬁrmata

214 1218 305 1273 est,
329 1209 378 1262 in
398 1207 666 1262 catholica
694 1206 897 1261 unitate
918 1204 1233 1276 permansit,
1258 1212 1314 1259 et
1339 1201 1616 1257 eharitatis
1636 1201 1792 1256 uber-

215 1310 311 1357 tate
335 1310 740 1371 compensatqu
764 1308 850 1355 est
877 1309 931 1354 et
962 1298 1226 1369 passionis
1258 1297 1394 1353 falce
1420 1306 1699 1367 purgatum
1727 1316 1738 1350 :
1766 1313 1785 1347 ι

212 1393 475 1463 Hocjnxta
506 1394 863 1463 Augustinum
904 1392 1185 1446 charitatis
1214 1391 1457 1445 ubertate
1477 1404 1793 1459 compensa-

210 1486 293 1539 vit.
324 1484 431 1540 lloc
463 1485 727 1556 passionis
755 1485 890 1540 falce
913 1485 1160 1555 purgavit
1183 1482 1503 1556 Cyprianus,
1538 1484 1791 1538 nimirum

215 1595 232 1630 ι
265 1576 394 1646 quod
422 1576 597 1644 aliter,
631 1592 791 1647 quam
827 1591 887 1633 se
911 1592 1017 1641 res,
1058 1594 1077 1629 ι
1111 1587 1167 1631 ut
1203 1576 1508 1646 Stephanus
1536 1574 1789 1641 docebat;

215 1688 231 1721 ε
269 1670 510 1736 haberet,
554 1689 571 1722 ι
608 1670 753 1725 circa
782 1669 1159 1726 htereticorum
1216 1669 1486 1737 Baptisma
1532 1687 1551 1721 ι
1590 1669 1790 1725 sentie-

209 1760 307 1817 bat.
346 1780 364 1814 ι
420 1761 687 1819 Praeterea
714 1778 836 1818 cum
879 1763 1172 1820 Petiliauus
1221 1764 1492 1819 Donatista
1537 1764 1790 1836 Cypriani

1901 549 2293 604 consuetudine
2341 558 2467 605 tunc
2522 550 2889 617 monstrabat,
2941 558 2996 605 at
3054 550 3215 605 Pater
3267 545 3509 603 caelestis

1903 651 2119 712 propter
2162 643 2329 713 ipsius
2370 646 2695 714 prmcipuam
2740 644 3058 699 charitatem
3091 653 3142 698 et
3192 642 3507 713 passionem

1900 735 2189 805 glorio~am
2215 738 2280 792 ab
2317 756 2334 790 ι
2369 737 2469 794 ista
2510 738 2937 808 reprehensione
2978 756 2996 789 ι
3038 736 3202 791 etiam
3238 735 3504 806 purgavit.

1901 828 2366 898 Reprehensibilis
2404 845 2534 901 ergo
2582 831 2743 885 etiam
2775 840 2891 885 erat
2917 828 3221 901 Cyprianus
3266 827 3409 898 quod
3439 827 3507 883 de

1899 927 2172 997 Baptismo
2200 928 2355 982 aliter
2376 929 2605 983 sentiret
2633 944 2697 983 ac
2723 926 3053 997 Stephanus,
3085 941 3192 982 non
3223 940 3353 997 ergo
3382 934 3506 979 tan-

1899 1028 2011 1075 tum
2032 1019 2480 1090 reprehensibilis
2505 1030 2622 1075 erat
2646 1019 2947 1091 Cyprianus
2972 1019 3123 1089 juxta
3145 1017 3505 1088 Augustinum

1896 1114 2039 1185 quod
2066 1116 2310 1185 qua-dam
2342 1116 2393 1169 in
2421 1113 2751 1184 Stephanum
2784 1114 2963 1168 minus
2988 1112 3266 1168 moderata
3296 1125 3360 1167 ac
3388 1126 3507 1166 mo-

1895 1206 2047 1262 desta
2067 1205 2338 1273 effuderit,
2357 1208 2451 1261 sed
2474 1207 2636 1261 etiam
2662 1207 2804 1277 quod
2837 1206 2999 1261 aliter
3028 1204 3095 1261 ab
3126 1205 3244 1275 ipso
3264 1204 3333 1260 de
3362 1204 3503 1275 Bap-

1897 1299 2054 1354 tismo
2086 1298 2333 1364 sentiret,
2356 1313 2418 1353 ac
2451 1298 2730 1368 Stephano
2759 1307 2945 1353 contra
2976 1297 3246 1352 sentiente
3274 1306 3329 1352 et
3364 1311 3504 1366 prte-

1894 1391 2145 1460 cipiente,
2166 1392 2438 1446 censuerit
2465 1392 2674 1446 nullum
2715 1405 2835 1447 esse
2863 1390 3004 1461 apud
3038 1389 3331 1446 haereticos
3361 1390 3502 1459 Bap-

1897 1484 2077 1537 tisma.

1968 1576 2094 1631 Haec
2120 1578 2165 1631 si
2199 1577 2372 1645 pacati
2405 1585 2459 1633 et
2503 1577 2694 1632 attenti
2728 1576 3147 1648 perpendissent
3192 1574 3281 1630 isti
3313 1588 3503 1630 recen-

1896 1668 2060 1724 tiores
2088 1669 2233 1723 illam
2276 1685 2567 1740 numquam
2603 1669 3024 1738 excogitassent,
3080 1681 3202 1736 qua:
3239 1664 3393 1722 Solos
3420 1666 3502 1720 in-

1895 1770 2081 1817 cautos
2111 1763 2195 1817 vel
2246 1764 2465 1818 inscitus
2510 1762 2763 1832 decipere
2832 1762 3001 1831 possit
3050 1761 3452 1816 distinctionem
3479 1800 3496 1827 ,

208 1858 566 1914 anetoritatcm
620 1869 857 1930 urgeret,
908 1859 999 1931 qui
1049 1860 1333 1915 luereticos
1376 1858 1442 1913 ad
1488 1858 1786 1915 Ecclesiam
1818 1853 1864 1913 B
1892 1871 1996 1927 qua
2021 1856 2271 1909 nimirum
2302 1854 2487 1910 vohmt
2517 1854 2843 1926 Cyprianum
2876 1856 3016 1909 ineo
3045 1852 3262 1924 quidem
3293 1852 3363 1907 ab
3390 1853 3501 1907 Au-

142 1968 153 1979 ο
207 1949 478 2005 redeuntes
522 1952 640 2006 sine
667 1951 941 2022 Baptismo
982 1968 1088 2008 non
1134 1968 1255 2008 esse
1292 1952 1634 2021 recipiendos
1679 1963 1792 2007 sta-

209 2051 372 2097 tuerat
392 2063 404 2097 :
428 2062 445 2095 ‹
472 2044 515 2098 Ο
533 2059 713 2115 quam,
744 2045 1209 2101 exclamabundus
1226 2045 1516 2117 respondet
1538 2045 1791 2117 Augusti-

207 2150 315 2199 nus,
369 2135 717 2192 detestandus
761 2147 844 2194 est
880 2156 1032 2194 error
1071 2138 1347 2194 hominum
1389 2139 1480 2210 qui
1521 2141 1791 2196 clarorum

206 2229 427 2283 virorum
459 2230 702 2300 quaedam
734 2248 841 2287 non
871 2243 1017 2287 recte
1048 2230 1186 2287 faeta
1214 2231 1559 2287 laudabiliter
1579 2246 1639 2287 se
1668 2232 1789 2288 inti-

207 2322 298 2376 tari
326 2334 534 2394 putant,
557 2340 587 2379 a
610 2341 837 2396 quorum
861 2326 1150 2381 virtutibus
1171 2326 1333 2380 alieni
1362 2335 1508 2397 sunt,
1540 2327 1617 2381 sic
1646 2327 1790 2382 enim

205 2424 255 2468 ct
272 2416 507 2470 nonnulli
532 2417 693 2473 Petro
708 2421 951 2489 apostolo
975 2419 1275 2489 comparari
1289 2434 1348 2474 se
1360 2419 1566 2485 volunt,
1580 2420 1624 2473 si
1639 2418 1793 2475 Chri-

204 2516 338 2561 stum
372 2510 700 2579 negaverint,
732 2510 778 2565 si
807 2526 933 2566 vero
961 2511 1120 2566 etiam
1149 2510 1640 2581 Centesjndaizare
1669 2524 1791 2565 coe-

204 2599 375 2670 gerint
404 2602 624 2655 vocitari
671 2604 911 2673 germani
945 2604 1062 2673 ejus
1101 2602 1353 2659 affectant
1392 2622 1404 2658 :
1440 2603 1556 2658 lucc
1600 2603 1652 2657 in
1699 2601 1791 2657 illo

204 2702 347 2748 tanto
392 2693 840 2764 reprehensibilia
896 2695 1144 2761 fuerunt,
1202 2695 1295 2749 sed
1357 2702 1500 2749 tanta
1564 2693 1790 2749 eminuit

201 2788 488 2856 apostolica
528 2790 696 2858 gratia
726 2799 782 2843 ut
805 2790 1063 2845 continuo
1092 2789 1491 2844 delerentur....
1528 2788 1604 2843 sic
1642 2797 1696 2843 et
1733 2788 1787 2843 in

199 2880 426 2952 Martyre
449 2882 837 2952 gloriosissimo
861 2881 1133 2954 Cypriane
1159 2901 1171 2936 :
1198 2882 1254 2938 Si
1292 2883 1433 2953 apud
1480 2882 1785 2948 haereticos,

200 2972 279 3026 vel
311 2974 686 3029 schismaticos
710 2973 897 3028 datum
952 2972 1148 3029 Christi
1197 2973 1529 3043 Baptismum
1573 2972 1789 3027 nolebat

196 3081 505 3137 agnoscere,
559 3078 703 3122 tanta
746 3068 864 3138 ejus
908 3069 1097 3125 merita
1140 3083 1311 3139 usque
1350 3068 1416 3123 ad
1458 3067 1784 3136 triumphum

195 3159 433 3228 martyrii
462 3170 750 3215 consecuta
779 3168 925 3227 sunt,
955 3171 1012 3216 ut
1041 3173 1093 3217 ct
1120 3163 1397 3217 charitatis
1418 3178 1520 3233 qua
1548 3160 1785 3217 excelle-

1895 1949 2111 2019 gustino
2138 1948 2484 2019 reprehendi,
2510 1948 2650 2018 quod
2680 1948 2732 2001 in
2764 1946 3097 2017 Stephanum
3115 1946 3290 2015 aliqua
3320 1943 3500 1999 chari-

1897 2044 1990 2097 tati
2039 2056 2103 2097 ac
2150 2040 2510 2096 moderationi
2561 2037 2883 2094 Christianw
2928 2038 3106 2093 minus
3150 2051 3388 2092 consona
3419 2034 3499 2090 ef-

1894 2134 2115 2200 fuderit,
2149 2150 2255 2190 non
2298 2144 2477 2189 autem
2523 2135 2575 2187 in
2606 2150 2671 2189 eo
2701 2134 2843 2204 quod
2875 2131 3153 2202 Stephano
3190 2130 3497 2201 refragante

1893 2244 1955 2285 ac
1976 2240 2164 2284 contra
2208 2230 2555 2299 prtecipiente
2593 2244 2747 2283 suam
2788 2226 3138 2298 pertinaciter
3188 2224 3495 2282 defenderit

1892 2323 2238 2378 sententiam.
2298 2321 2515 2378 Centies
2538 2321 2856 2389 ubtrudunt,
2894 2320 3163 2376 inculcant
3192 2329 3494 2391 urgentque

1894 2415 2217 2485 Cyprianum
2258 2430 2410 2469 suam
2453 2423 2769 2469 constanter
2814 2423 2870 2470 et
2913 2414 3136 2470 immote
3166 2412 3492 2469 sententiam

1894 2521 2299 2578 prepuguasse,
2358 2508 2483 2562 licet
2532 2507 2842 2578 Stephanus
2896 2506 2959 2561 Β.
3016 2506 3258 2577 pontifex
3305 2516 3493 2563 contra

1892 2601 2199 2670 scripsisset
2246 2610 2299 2655 et
2351 2602 2721 2672 praecepisset,
2753 2615 2853 2655 nec
2884 2600 2938 2654 in
2975 2616 3041 2655 eo
3082 2600 3150 2655 ab
3190 2600 3493 2671 Augustino

1893 2707 2145 2759 umquam
2198 2691 2362 2748 fuisse
2399 2693 2709 2763 culpatum,
2742 2694 2866 2763 quia
2900 2692 3207 2762 Stephanus
3237 2692 3493 2748 modera-

1892 2784 2051 2839 tionis
2099 2800 2163 2841 ac
2206 2801 2317 2840 sua:
2360 2786 2643 2857 potestatis
2684 2785 2883 2840 limites
2923 2786 3180 2852 excessit,
3226 2787 3351 2857 quia
3382 2786 3485 2841 soli

1892 2876 2149 2933 Eccle>ite
2187 2879 2391 2949 judicio
2427 2880 2732 2951 Cyprianus
2764 2878 2961 2935 cedere
2994 2878 3296 2934 tenebatur.
3350 2879 3491 2945 Quid

1891 2970 1975 3026 his
2001 2973 2139 3043 ego?
2197 2972 2326 3028 Siue
2352 2972 2612 3039 clamore,
2658 2973 2776 3027 sine
2804 2972 3054 3042 strepitu,
3086 2972 3204 3026 sine
3244 2980 3490 3027 ostenta-

1892 3064 2067 3130 tione,
2098 3064 2191 3118 sed
2223 3079 2370 3127 vere,
2415 3064 2732 3134 simpliciter
2754 3073 2809 3120 et
2831 3063 3066 3119 breviter
3102 3062 3227 3118 dico
3265 3064 3491 3136 Cypria-

1891 3174 2018 3213 num
2062 3158 2128 3213 ad
2178 3160 2465 3230 genuinam
2522 3160 2804 3230 Augustini
2846 3168 3082 3215 mentem
3130 3160 3184 3214 in
3223 3174 3290 3215 eo
3318 3158 3487 3217 fuisse

193 3248 284 3304 bat
321 3250 458 3315 luce,
503 3251 592 3305 illa
633 3253 973 3309 obumbratio
1006 3255 1276 3325 fugaretur
1303 3254 1407 3328 (ιι).
1449 3276 1468 3308 ι
1515 3255 1679 3312 Vides
1708 3271 1777 3312 ex
1809 3246 1853 3309 C
1894 3270 1913 3303 ι
1952 3252 2431 3320 reprehensibilem
2477 3272 2495 3305 ι
2529 3254 2671 3325 quod
2701 3273 2720 3306 ‹
2758 3252 2918 3308 aliter
2939 3268 3002 3308 ac
3027 3252 3337 3324 Stephanus
3363 3269 3491 3309 sen-

190 3345 493 3414 Augustino
521 3344 572 3400 in
599 3345 864 3419 Cypriane
884 3348 986 3403 hoc
1019 3348 1184 3406 fuisse
1216 3369 1234 3401 ι
1274 3350 1725 3421 reprehensibile,
1755 3369 1775 3403 ι

188 3438 330 3508 quod
363 3457 381 3490 ‹
413 3439 649 3495 noluerit
672 3461 693 3494 ι
721 3443 1173 3515 quemadmodum
1204 3444 1301 3515 ipsi
1326 3445 1781 3515 praeceperatSte-

186 3532 396 3604 phanus
433 3554 451 3587 ι
486 3551 779 3607 agnoscere
806 3558 825 3591 ι
858 3539 1188 3610 Baptismum
1218 3539 1413 3596 Christi
1438 3542 1578 3612 apud
1606 3541 1779 3600 hmre-

185 3626 323 3680 ticos
348 3636 403 3682 et
421 3628 794 3686 schismaticos
829 3633 1046 3698 datum;
1078 3632 1193 3687 hzec
1222 3634 1371 3702 juxta
1423 3636 1777 3705 Augustinum

182 3717 298 3788 ipsa
324 3719 423 3775 fuit
448 3722 701 3793 Cypriani
740 3724 983 3793 quaedam
1015 3743 1034 3777 ‹
1091 3724 1429 3781 obumbratio
1466 3746 1483 3778 ι
1525 3743 1645 3798 qua:
1678 3729 1780 3787 sub

178 3810 462 3869 cltaritatis
487 3815 604 3871 luce
637 3834 653 3867 ι
688 3815 854 3886 fugari
889 3837 908 3871 ›
934 3817 1136 3874 debuit.

254 3904 495 3961 Tandem
520 3921 588 3961 ne
611 3908 935 3964 morosiorcs
957 3911 1123 3966 simus
1142 3913 1194 3965 in
1221 3911 1595 3981 percurrendis
1614 3914 1779 3967 omni-

172 3999 280 4055 bus
310 4016 431 4077 quae
458 4000 541 4055 his
571 4001 901 4070 respondent
930 4004 1205 4075 Augustini
1238 4005 1371 4060 locis
1403 4006 1504 4078 (2),
1538 4021 1701 4060 unum
1724 4016 1779 4062 et

170 4092 377 4158 solum,
416 4092 525 4162 jam
556 4096 733 4148 citatis
788 4095 963 4149 adhuc
1017 4095 1384 4151 subneCtimus
1446 4099 1668 4167 petitum
1710 4112 1775 4153 ex

169 4184 267 4241 lib.
289 4201 327 4240 tt
358 4196 506 4241 eunt.
527 4185 883 4242 Gaudentium
904 4188 1087 4243 donat.
1112 4204 1230 4260 cap.
1251 4190 1316 4245 8:
1346 4209 1363 4241 ι
1395 4190 1549 4245 Absit
1573 4203 1770 4255 autem,

167 4277 371 4348 inquit,
409 4289 463 4333 ut
497 4280 745 4351 quoniam
781 4279 1118 4336 beatissimus
1145 4281 1443 4353 Cyprianus
1471 4282 1537 4335 de
1566 4279 1774 4350 Baptis-

164 4384 263 4424 mo
296 4371 456 4425 aliter
471 4373 659 4437 sensit,
682 4389 840 4445 quam
872 4375 1066 4431 veritas
1094 4386 1147 4431 et
1178 4385 1331 4433 antea
1360 4377 1774 4444 consuetudine,

159 4476 218 4521 et
265 4476 457 4534 postea
492 4477 769 4537 perspecta
819 4467 1130 4539 diligentius
1175 4469 1381 4525 ratione
1427 4471 1771 4538 monstravit,

156 4569 459 4629 propterea
488 4560 770 4631 quisquam
820 4570 1059 4617 nostrum
1090 4561 1181 4633 qui
1206 4562 1306 4619 hoc
1332 4563 1475 4634 quod
1507 4565 1619 4629 ille,
1663 4579 1772 4619 non

1885 3348 1974 3401 sit.
2017 3367 2034 3399 ›
2071 3347 2223 3417 Quod
2270 3366 2288 3399 ‹
2334 3347 2568 3402 noluerit
2605 3361 2901 3418 agnoscere
2927 3365 2944 3398 ι
2980 3345 3131 3412 illud,
3176 3346 3319 3417 quod
3362 3348 3487 3403 Ste-

1888 3441 2095 3510 phanus
2159 3440 2376 3512 agnosci
2447 3440 2701 3505 volebat;
2758 3458 2780 3494 a
2836 3440 3171 3509 Baptismum
3227 3439 3484 3495 nimirum

1884 3533 2082 3588 Christi
2110 3535 2271 3588 etiam
2300 3548 2422 3589 esse
2452 3532 2589 3603 apud
2624 3533 2913 3588 haereticos
2944 3542 2998 3587 et
3024 3531 3418 3588 srhismaticos.
3459 3553 3479 3586 ι

1884 3625 1962 3689 Id,
1994 3627 2229 3695 inquam,
2256 3626 2309 3682 in
2337 3626 2609 3698 Cypriane
2646 3626 2993 3697 reprehendit
3029 3625 3395 3696 'Augustinus,
3427 3626 3482 3682 id

1890 3738 1908 3771 ι
1947 3718 2209 3774 charitate
2245 3738 2263 3771 ι
2295 3728 2349 3774 et
2394 3719 2610 3789 quidem
2657 3736 2676 3770 ι
2714 3718 2865 3773 uberi
2919 3738 2937 3770 ι
2971 3728 3382 3788 compensatum
3414 3717 3483 3773 ab

1881 3811 2000 3881 ipso
2047 3812 2365 3875 autumavit,
2395 3810 2447 3865 id
2485 3832 2502 3864 ‹
2540 3810 2680 3866 falce
2730 3810 2974 3883 martyrii
3018 3820 3301 3881 purgatum
3365 3828 3384 3862 ›
3415 3811 3483 3865 ab

1882 3903 1998 3972 ipso
2045 3903 2431 3972 pronuntiavit.
2488 3902 2621 3958 Tale
2662 3918 2791 3972 ergo
2822 3918 2928 3957 non
2977 3912 3094 3957 erat
3143 3903 3208 3957 ad
3242 3911 3479 3958 mentem

1881 3992 2163 4063 Augustini
2215 3994 2472 4060 Stephani
2515 3992 2579 4047 R.
2634 3992 2904 4062 pontificis
2966 4002 3335 4064 praeceptum,
3391 3995 3478 4050 cui

1879 4088 2177 4159 Cyprianus
2205 4087 2322 4141 sine
2349 4086 2504 4157 culpa
2551 4085 2808 4141 resistere
2839 4084 3095 4156 potuerit.
3159 4084 3320 4141 Suam
3351 4100 3480 4155 ergo

1880 4181 2201 4236 sententiam
2236 4180 2537 4250 Cyprianus
2568 4178 2841 4248 deponere
2868 4194 2931 4233 ac
2960 4178 3119 4234 aliter
3153 4178 3356 4232 sentire
3386 4177 3479 4232 de-

1880 4273 2073 4338 bebat,
2130 4283 2186 4326 ut
2224 4271 2521 4340 culpandus
2564 4285 2668 4325 non
2711 4279 2891 4337 esset;
2946 4286 3053 4326 non
3084 4285 3212 4341 ergo
3261 4268 3477 4325 laudent

1880 4365 2186 4437 Stephanus
2208 4366 2359 4435 juxta
2380 4364 2437 4420 S.
2482 4363 2841 4435 AuguSIinum
2883 4363 3291 4434 vituperandus,
3320 4361 3475 4432 quasi

1881 4458 2239 4531 praecipiendo
2269 4458 2653 4513 moderationis
2695 4472 2759 4512 ac
2798 4473 2909 4512 suae
2968 4457 3244 4527 potestatis
3275 4454 3476 4511 limites

1880 4565 2295 4624 prmtergressus
2342 4550 2525 4619 fuerit,
2587 4550 2682 4607 sed
2714 4566 2745 4607 e
2776 4560 2964 4605 contra
3015 4552 3323 4621 arguendus
3365 4548 3475 4621 Cy-

152 4656 415 4724 sapimus
440 4655 488 4710 ei
514 4670 573 4709 se
595 4653 788 4708 audeat
815 4666 1165 4726 anteponere.
1198 4655 1405 4712 Caetera
1427 4657 1569 4712 enim
1602 4657 1766 4713 multa
1793 4658 1847 4720 D
1872 4646 2113 4715 Ρτίθηυεν
2162 4644 2252 4716 qui
2275 4642 2430 4699 amet
2474 4644 2542 4700 ab
2598 4645 2715 4714 ipso
2766 4644 2972 4699 δθηιίτθ
3002 4642 3258 4711 vomer“,
3288 4641 3475 4713 imque

149 4757 211 4801 et
248 4762 451 4817 magna
482 4747 597 4818 ejus
643 4748 832 4803 merita
870 4760 919 4803 et
950 4748 1163 4804 animus
1191 4752 1459 4819 praecipua
1506 4750 1772 4807 charitate

152 4838 539 4906 plenissimus,
574 4855 668 4908 per
696 4855 853 4907 quem
888 4856 1007 4895 cum
1037 4842 1259 4913 collegis
1286 4844 1496 4898 diversa
1528 4844 1770 4899 sentien-

147 4928 313 4982 tibus
345 4931 716 4998 pacatissimus
743 4932 955 5001 mansit,
981 4935 1102 4989 etin
1128 4936 1328 4991 unitate
1359 4934 1614 4993 Ecclesia:
1643 4952 1769 5010 pas-

144 5021 243 5076 sio
271 5023 535 5092 gloriosa,
571 5026 703 5079 satis
753 5027 1106 5085 ostenderunt
1134 5046 1257 5087 eum
1317 5033 1481 5089 fuisse
1528 5051 1773 5090 sarmen-

145 5124 276 5170 tum
312 5115 368 5169 in
399 5115 599 5173 Christi
628 5117 860 5175 radicem
881 5122 1228 5186 fructuosam.
1248 5124 1390 5195 quod
1420 5125 1579 5181 Pater
1601 5128 1763 5182 etiam

140 5210 221 5264 ab
275 5212 384 5267 ista
426 5212 848 5282 reprehensione
899 5226 1237 5287 purgaret....
1274 5222 1565 5275 ostendens
1603 5221 1767 5275 etiam

138 5310 201 5362 in
239 5310 386 5380 ipsis
417 5308 708 5366 fructuosis
735 5311 1027 5381 agricolam
1059 5315 1149 5382 qui
1181 5323 1264 5370 est
1294 5315 1346 5368 in
1383 5316 1539 5371 caelis
1566 5316 1765 5384 aliqmd

134 5403 417 5460 invenire
463 5404 604 5472 quod
656 5414 864 5474 purget.
914 5426 932 5458 ι
964 5406 1103 5473 Quid
1143 5407 1383 5463 clarius?
1435 5408 1571 5477 Quid
1614 5409 1766 5462 lucu-

134 5496 416 5552 lentius?
446 5497 770 5569 Cyprianus,
798 5497 951 5567 juxta
984 5499 1364 5570 Augustinum,
1392 5499 1460 5555 de
1490 5500 1765 5570 Baptismo

123 5650 312 5779 1⁸⁵(1)
347 5652 470 5707 Lib.
518 5652 587 5708 de
633 5650 735 5709 Un.
786 5650 990 5722 Raptis.
1028 5662 1213 5708 contra
1256 5649 1609 5720 Petilianum,
1643 5668 1761 5725 cap.

126 5723 313 5920 ’ἰὴ
344 5795 411 5853 γ.
435 5752 529 5852 lib.
547 5812 603 5851 ut
626 5795 693 5856 de
712 5799 866 5869 Bapt.
891 5810 1009 5868 cap.
1038 5796 1126 5853 l9.
1148 5795 1318 5867 Epist.
1345 5794 1411 5853 ad
1437 5796 1763 5855 Macrobium

126 5868 230 5924 1t).
270 5910 285 5924 .
324 5884 453 5924 can.
489 5871 540 5924 5.
573 5877 677 5924 etc.

324 5884 453 5942 cap.
489 5871 540 5936 5,
573 5877 677 5925 etc.

1876 4740 2150 4795 resistere.

1949 4832 2040 4887 XI.
2084 4832 2253 4899 Quam
2299 4830 2565 4903 apposita,
2613 4845 2770 4902 quam
2804 4830 3076 4902 religiosa,
3128 4846 3289 4901 quam
3317 4847 3472 4902 aequa

1878 4924 2158 4982 Vincentio
2187 4925 2453 4981 Lirinensi
2488 4925 2692 4996 optimo
2719 4936 2772 4980 et
2798 4925 3175 4997 antiquissimo
3205 4925 3359 4982 Callo
3388 4926 3471 4979 vi-

1876 5033 1933 5074 sa
1971 5018 2170 5075 fuerint
2213 5018 2472 5089 Stephani
2516 5018 2567 5073 in
2606 5016 2931 5090 Cyprianum
2985 5028 3156 5089 gesta,
3200 5019 3279 5073 vel
3308 5033 3373 5072 ex
3403 5033 3472 5074 eo

1872 5111 2085 5166 abunde
2104 5110 2460 5182 dignoscitur,
2490 5113 2630 5179 quod
2657 5112 2745 5165 illa
2777 5111 3036 5182 Stephani
3066 5120 3217 5183 gesta
3246 5109 3464 5177 referat,

1870 5213 1927 5259 et
1972 5204 2201 5258 adducat
2262 5202 2613 5272 gravissimus
2651 5212 2839 5258 auctor
2886 5202 2964 5274 (1)
3007 5203 3073 5257 ad
3133 5200 3463 5274 probandam

1872 5297 2009 5350 hanc
2028 5296 2219 5350 thesim
2250 5296 2403 5349 initio
2420 5296 2613 5366 capitis
2632 5296 2965 5366 propositam
2983 5313 2994 5349 :
3009 5314 3027 5346 ‹
3052 5294 3167 5351 Mos
3195 5296 3298 5351 iste
3319 5309 3463 5349 sern-

1871 5404 1967 5459 per
1998 5389 2051 5443 in
2082 5388 2322 5442 Ecclesia
2350 5388 2519 5458 viguit
2541 5397 2597 5442 ut
2623 5403 2730 5459 quo
2752 5387 2873 5458 quis
2895 5387 3034 5443 foret
3056 5388 3379 5459 religiosior,
3399 5402 3468 5442 eo

1868 5479 2169 5551 promptius
2198 5479 2425 5535 novellis
2452 5478 2922 5535 adinventionibus
2962 5480 3275 5535 contrairet.
3308 5497 3327 5531 ι
3359 5478 3439 5536 γα

1868 5587 1986 5628 rum
2027 5571 2299 5637 disertius,
2332 5572 2745 5628 aclueulentius
2801 5572 3038 5627 ostendit
3090 5572 3175 5627 his
3227 5571 3407 5628 verbis
3445 5588 3461 5604 ο

1874 5684 1893 5719 ι
1922 5666 1977 5721 lu
2006 5665 2245 5737 Epistola
2268 5681 2389 5735 quae
2422 5674 2547 5720 tunc
2576 5664 2644 5720 ad
2661 5664 2893 5720 Africam
2922 5665 3085 5721 missa
3102 5672 3206 5733 est,
3230 5664 3316 5719 his
3337 5679 3463 5720 vero

1866 5757 1951 5815 bis
1998 5757 2178 5814 sanxit
2215 5757 2563 5829 (Stephanus)
2594 5756 2728 5814 nihil
2771 5756 3136 5815 innovaudutn
3183 5756 3288 5814 nisi
3317 5756 3462 5831 quod

1946 5874 2032 5946 (1)
2060 5872 2446 5942 Commenitor.,
2474 5886 2590 5943 cap.
2620 5872 2672 5931 9.
