4116 6258
611 321 637 386 Ι
649 315 753 386 3οῩ

2081 311 2538 390 lilSSEllTATiO

3771 327 3907 385 i508

612 443 866 502 traditum
912 445 1015 502 est.
1047 443 1382 518 iiitelllgebat
1411 439 1608 504 etenim
1640 448 1721 504 vir
1748 445 1965 505 sanctus
1989 456 2044 505 et
2072 463 2200 520 pru-
2232 455 2276 513 Α
2309 461 2455 512 num,
2498 445 2553 501 ut
2582 459 2742 516 supra
2772 444 3004 501 Vidimus
3036 444 3142 518 (i),
3171 443 3473 500 affirmabat
3502 444 3755 515 Stephani
3787 461 3910 500 sen-

612 539 747 596 tiens
777 537 908 595 'nihii
952 539 1095 595 aliud
1123 541 1384 596 rationem
1428 536 1648 614 pietatis
1675 537 1984 606 admittere,
2021 541 2120 596 nisi
2153 537 2210 596 ut

614 634 794 689 omnia
832 647 950 703 qua:
1002 630 1108 688 ilde'
1139 649 1166 687 a
1202 631 1448 690 Patrib‘us
1501 645 1746 706 suscepta
1793 635 1986 700 forent,
2019 633 2207 690 eadem

615 726 721 782 fide
755 724 879 780 illii's
936 727 1417 797 consignarentur,
1465 728 1672 799 nosque
1729 728 2045 798 religionem
2103 741 2210 781 non

614 823 716 888 qua
753 818 1015 875 vellemus
1045 818 1263 888 dncei‘e,
1303 820 1396 876 sed
1425 819 1602 891 potius
1632 831 1732 890 qua
1759 819 1846 874 illa
1876 817 2094 875 duceret
2126 834 2212 873 se—

615 912 704 982 qui
738 913 1020 982 n'plirtere;
1072 911 1235 981 idque
1280 911 1400 967 esse
1446 914 1722 984 proprium
1752 911 2074 966 Christiana:
2106 921 2214 965 mo-

615 1004 802 1061 tleSti-J:
835 1007 888 1059 δι
938 1005 1216 1076 gravitatis
1245 1009 1348 1061 lion
1382 1003 1476 1061 sud
1519 1008 1746 1076 poSteris
1798 1005 2033 1068 tradere,
2057 1005 2150 1059 Sed
2183 1011 2211 1059 a‘

617 1098 915 1169 majoribus
963 1105 1179 1169 accepta
1233 1102 1519 1155 servarem
1557 1103 1680 1154 ttine'
1725 1099 1892 1154 ii'eatae
1940 1100 2215 1154 memorite

619 1201 754 1264 papa
779 1185 1105 1262 Stephanus,
1131 1192 1438 1261 apostolicae
1465 1192 1622 1250 Sedis
1641 1193 1887 1260 antistes,
1920 1209 2038 1247 cum
2056 1197 2216 1248 caete-

620 1289 698 1344 ris
742 1284 958 1358 qdidem
988 1287 1213 1356 collegis
1242 1285 1376 1355 Suis,
1405 1286 1498 1342 Sed
1535 1291 1714 1342 tamen
1749 1285 1858 1356 prze
1888 1288 2100 1341 eteteris
2129 1295 2214 1340 re-

621 1377 756 1438 stitit
802 1377 1316 1453 (rebaptizantilitls)
1369 1379 1612 1451 dignum,
1661 1389 1719 1434 ut
1768 1381 1980 1450 'opinor,
2029 1379 2216 1433 existi-

624 1492 797 1542 mans,
834 1475 878 1530 si
907 1475 1146 1544 reliquos
1173 1489 1365 1529 onmes
1396 1484 1601 1527 tantum
1634 1474 1754 1528 fidei
1774 1467 2060 1527 devotione
2106 1471 2213 1525 vin-

625 1565 773 1626 ceret
802 1610 818 1636 ,
861 1576 1118 1639 quantmn
1169 1562 1272 1622 loci
1329 1562 1649 1622 auctoritate
1693 1565 1978 1635 Qupei'abat
2026 1562 2150 1637 :(t)
2196 1583 2214 1616 ι

624 1661 753 1719 Hice
793 1662 860 1718 de
907 1662 1182 1732 Stephano
1225 1660 1320 1716 toti
1368 1659 1553 1717 Gallia:
1619 1659 1900 1714 insonabat
1946 1659 2220 1730 piissimus

625 1757 718 1812 ille
775 1767 838 1812 ac
884 1757 1282 1812 eruditissimus
1311 1755 1494 1811 Gallus
1528 1754 1860 1809 Vincentius.
1923 1751 2062 1830 llzec
2101 1751 2221 1805 licet

2315 541 2534 593 tentiam
2583 540 2742 594 etiam
2791 557 2809 591 ‹
2862 541 2928 593 de
2976 537 3432 607 rebaptizantibus
3475 553 3582 593 non
3619 539 3848 593 ferendis
3882 563 3900 590 ο

2315 629 2571 685 Ecclesiae
2620 633 2882 686 universae
2915 631 3082 686 fuisse
3121 629 3405 700 probatam
3451 647 3478 684 a
3506 647 3614 701 quo
3669 633 3908 702 profecto

2317 725 2566 780 Ecclesia:
2603 725 2836 796 judicio,
2868 727 2952 781 cui
2989 733 3097 780 tota
3127 726 3451 795 suii‘ragatur
3479 727 3766 796 antiquitas
3792 741 3912 782 eor-

2315 820 2468 874 datus
2495 819 2749 876 recedere
2779 820 2971 882 noluit,
3006 835 3072 875 ne
3098 819 3526 875 Christianorum
3561 823 3797 876 omnium
3826 824 3912 875 in-

2315 915 2674 984 dignationem
2715 925 2767 970 et
2808 914 3158 970 offensionem
3212 914 3532 980 incurreret,
3583 916 3723 984 quod
3777 934 3913 972 unus

2317 1009 2456 1064 inter
2489 1019 2697 1064 veteres
2735 1017 2786 1064 et
2815 1011 3054 1064 ornnium
3099 1010 3303 1078 primus
3335 1007 3592 1078 Stephani
3621 1010 3808 1080 agendi
3839 1027 3917 1064 ra-

2319 1103 2516 1156 tionem
2568 1099 2872 1172 improbare
2907 1118 2968 1156 ac
2997 1100 3048 1155 lu
3095 1098 3428 1170 Stephanum
3485 1101 3768 1171 insurgere
3809 1118 3914 1157 non

2318 1195 2640 1252 erubuisset.

2393 1281 2530 1342 XIII.
2574 1287 2702 1354 Quae
2743 1285 3011 1358 Cypriano
3056 1286 3105 1340 in
3152 1295 3314 1341 causa
3358 1285 3704 1355 Baptismatis
3743 1287 3912 1341 conti-

2320 1379 2658 1448 gere,obiler
2682 1378 3138 1434 commemorandi
3170 1378 3427 1432 nonnulla
3459 1377 3556 1432 fuit
3586 1381 3704 1433 viro
3733 1379 3917 1433 litteris

2320 1485 2373 1531 et
2420 1473 2702 1526 Sanctitate
2759 1471 3060 1526 clarissimo
3112 1471 3404 1525 venerabili
3451 1470 3608 1525 Bed;e
3663 1472 3913 1534 occasio;

2324 1569 2487 1637 pauca
2534 1581 2683 1632 vero,
2725 1581 2844 1636 qua:
2875 1564 2943 1620 de
2974 1565 3072 1620 hac
3122 1565 3523 1620 concertatione
3556 1567 3717 1620 nobis
3765 1566 3917 1621 etiam

2324 1659 2485 1715 tradit
2516 1659 2758 1714 eruditus
2788 1659 3039 1727 scriptor,
3081 1658 3239 1713 sicuti
3273 1657 3528 1728 Stephani
3560 1659 3679 1713 zelo
3713 1674 3776 1712 ac
3810 1675 3920 1728 pru-

2324 1752 2523 1808 dentia:
2551 1753 2853 1808 nullatenus
2875 1752 3135 1819 officiunt,
3164 1752 3234 1806 ita
3263 1753 3422 1806 etiam
3447 1752 3592 1806 illius
3615 1751 3816 1822 agendi
3842 1767 3920 1805 ra.

623 1845 902 1918 Stephano
952 1845 1004 1902 in
1049 1846 1378 1918 Cyprianum
1413 1845 1592 1915 agenti
1623 1843 2017 1915 perhonoriﬁca
2053 1841 2222 1897 Fran-
2256 1847 2302 1912 Β
2333 1847 2492 1901 tionis
2543 1848 2846 1916 aequitatem
2903 1860 3010 1898 non
3067 1845 3298 1900 obscure
3354 1844 3681 1914 signiﬁcant.
3738 1843 3924 1899 Rrihit

625 1951 813 1995 corutn
871 1938 1070 1993 nemini
1129 1945 1255 1992 tonc
1306 1934 1469 1992 nimia
1528 1937 1612 1991 vel
1669 1935 2024 1990 red'tindalitia
2071 1934 2223 1988 vide-

626 2029 854 2095 bantur;
892 2027 1057 2084 lnimo
1085 2029 1208 2099 quia
1253 2027 1465 2083 veritati
1511 2043 1616 2081 non
1663 2027 1863 2093 minus;
1919 2027 2076 2098 quain
2115 2041 2224 2080 sua:

626 2139 753 2196 erga
805 2123 948 2180 Petri
1026 2127 1372 2179 stlocesSores
1451 2125 1647 2177 innata:
1723 2122 1906 2192 pietati
1988 2121 2226 2176 considia

627 2217 860 2274 libenter
921 2215 1177 2271 audiebat
1239 2219 1302 2271 ac
1373 2215 1602 2286 posteris
1669 2213 1914 2268 tradebat
1978 2214 2227 2267 universa

629 2310 820 2376 Gallia,
854 2319 1013 2381 atque
1041 2309 1246 2364 utinam
1281 2309 1394 2363 haec
1421 2309 1582 2363 etiam
1607 2306 1849 2362 Lanuuio
1875 2306 2225 2377 pldctilSSent,

631 2409 706 2458 tot
755 2401 1002 2472 profecto
1053 2401 1333 2457 erroribds
1375 2399 1716 2456 Vincentium
1769 2399 2030 2469 Stephani
2080 2407 2230 2468 gesta

630 2494 955 2549 scribentem
990 2509 1095 2548 non
1139 2503 1440 2556 onerasset,
1476 2493 1684 2563 ipsique
1735 2499 1900 2546 lotam
1945 2491 1996 2544 in
2049 2490 2148 2544 hac
2176 2495 2232 2545 r'e

632 2587 793 2642 tidem
815 2587 1036 2642 minime
1058 2586 1382 2642 detraxisset
1400 2584 1499 2657 (Ξ).
1523 2585 1719 2639 Verum
1739 2583 2014 2652 Stephano
2035 2583 2235 2653 glorias

632 2695 690 2736 sa
731 2680 892 2736 nimis
922 2689 1098 2746 erant,
1128 2695 1248 2750 quae
1280 2678 1595 2733 Vincentius
1639 2675 1992 2741 lnenlorabat,
2044 2674 2232 2744 hujus-

633 2785 739 2845 que
783 2774 836 2830 in
881 2774 1215 2846 exponendis
1270 2773 1336 2829 Β.
1397 2772 1707 2842 pontificum
1754 2774 1921 2842 gestis
1980 2770 2153 2843 stylus
2205 2773 2234 2824 a

633 2865 858 2925 Launoii
891 2869 1031 2941 style
1062 2868 1221 2923 nimis
1265 2868 1528 2933 diverSus,
1564 2873 1618 2920 ut
1647 2865 1786 2936 apud
1820 2851 2119 2919 Latinoium
2143 2877 2237 2918 ex—

635 2969 880 3031 pectatus
909 2975 971 3014 ac
1001 2961 1264 3030 gratiosus
1287 2958 1376 3012 ille
1403 2958 1517 3012 fore
1540 2957 1785 3021 deberet,
1824 2955 1910 3025 qui
1939 2955 2234 3018 modestus;

637 3059 880 3125 pacatas,
922 3052 1222 3122 Augustino
1263 3061 1430 3106 covus
1459 3049 1719 3120 Stephani
1763 3058 2092 3119 praeceptum
2131 3062 2237 3102 non

639 3148 756 3202 zelo
789 3147 1072 3216 praecipiti,
1105 3146 1482 3216 intempestivo
1521 3150 1584 3198 ac
1614 3143 1915 3213 impotenti,
1948 3141 2042 3196 sed
2073 3141 2239 3210 ipsius

2327 1939 2469 1996 enim
2499 1937 2826 2011 Cyprianum
2857 1946 2912 1993 et
2941 1951 3098 1991 suum
3129 1953 3369 1992 errorem
3404 1953 3422 1987 ί
3454 1936 3764 1992 correxisse
3795 1947 3849 1991 et
3867 1937 3924 1990 ad

2330 2034 2694 2090 universalem
2749 2041 2951 2087 sancta:
3020 2031 3277 2086 Ecclesia:
3340 2045 3585 2085 normam
3652 2030 3922 2084 reductum

2331 2127 2518 2183 fuisse.
2553 2146 2570 2179 ι
2605 2127 2718 2194 Qua
2750 2141 2878 2181 vero
2905 2141 3027 2194 ope,
3062 2140 3237 2195 quove
3266 2122 3513 2194 prmsidio
3541 2123 3847 2194 Cyprianus
3866 2123 3925 2177 ad

2332 2220 2689 2274 universalent
2713 2217 2970 2273 Ecclesize
2997 2232 3237 2270 normam
3267 2215 3520 2271 reductus
3554 2215 3736 2276 fuerit,
3762 2216 3931 2282 expli-

2334 2323 2420 2370 cat
2463 2314 2543 2368 Vir
2587 2311 2850 2376 eruditus,
2901 2328 2919 2362 ι
2960 2310 3313 2380 spiritualium
3351 2327 3369 2360 ι
3402 2324 3601 2377 nempe
3646 2325 3664 2360 ι
3697 2309 3928 2363 virorum

2334 2408 2699 2472 institutione;
2731 2424 2748 2455 ι
2777 2405 2876 2459 sub
2919 2404 3139 2458 nomine
3180 2412 3357 2457 autem
3390 2402 3603 2456 illorum
3644 2419 3663 2454 ι
3690 2403 3931 2472 spiritua-

2335 2500 2466 2555 lium
2513 2500 2773 2564 virorum,
2808 2516 2826 2549 ι
2878 2512 3104 2568 quorum
3156 2496 3540 2550 «institutione
3576 2511 3594 2546 ι
3638 2495 3931 2565 Cyprianus

2337 2592 2466 2648 illud
2499 2593 2568 2646 sit
2596 2599 2874 2646 assecutus
2902 2588 3235 2658 Stephanum
3268 2587 3507 2656 aliosque
3555 2585 3818 2657 Cypriani
3852 2589 3933 2641 ad-

2336 2685 2605 2740 versarios
2625 2699 2653 2737 a
2677 2683 2818 2737 Beda
2841 2681 3105 2752 designari
3138 2679 3475 2749 perspicuum
3508 2688 3590 2732 est
3617 2718 3632 2730 .
3661 2679 3805 2746 Quid
3828 2696 3934 2733 arn-

2339 2776 2479 2846 plids
2505 2775 2570 2830 ad
2602 2774 2986 2830 ostendendam
3019 2772 3279 2843 Stephani
3310 2772 3360 2824 in
3385 2771 3721 2842 Cyprianum
3751 2773 3937 2842 agendi

2341 2869 2561 2924 rationis
2615 2866 2948 2938 prudentiam
3003 2881 3066 2920 ac
3119 2864 3482 2935 aequitatem?
3554 2863 3894 2919 Prudentem
3926 2908 3940 2929 ,

2342 2973 2618 3033 :rqtiamve
2645 2960 2764 3032 quis
2805 2973 2960 3029 neget
2992 2959 3135 3012 illam
3164 2956 3356 3028 agendi
3390 2955 3678 3022 rationem,
3725 2958 3815 3011 cui
3844 2968 3943 3011 tam

2343 3056 2489 3112 utilis
2523 3067 2626 3109 tam
2668 3053 2935 3123 gloriosus
2961 3051 3224 3106 debeatur
3253 3049 3458 3103 fructus
3487 3063 3551 3102 ac
3583 3049 3797 3103 exitus?
3825 3065 3952 3119 qua:

2342 3148 2669 3221 Cyprianum
2710 3146 2776 3200 atl
2807 3145 3164 3200 univerSalem
3215 3141 3471 3197 Ecclesia:
3505 3155 3744 3195 normam
3780 3143 3951 3198 redu-

646 3257 666 3292 ‹
701 3239 969 3294 sanctitati
995 3239 1292 3308 prudentiae
1324 3255 1342 3289 ι
1375 3251 1473 3292 nec
1505 3251 1609 3291 non
1646 3253 1664 3287 ι
1703 3235 1953 3290 laudabili
1985 3247 2004 3286 ι
2055 3241 2231 3303 poste:

2345 3253 2468 3299 cere‘
2496 3242 2739 3296 valuerit.
2774 3237 2851 3299 En
2888 3241 2958 3313 pii
3001 3243 3277 3313 scriptoris
3312 3240 3469 3296 verba
3503 3253 3565 3292 ex
3597 3237 3739 3293 libro
3776 3240 3947 3293 varia-

641 3333 714 3387 ris
736 3331 924 3388 eadem
951 3331 1217 3396 tradendi,
1248 3335 1367 3400 qua:
1395 3345 1421 3382 a
1451 3329 1744 3397 majoribus
1770 3335 2052 3396 acceperat
2079 3344 2101 3392 ε,
2136 3338 2243 3380 sm-

641 3424 751 3489 dio,
793 3441 812 3477 »
860 3439 922 3479 ac
967 3424 1182 3478 demum
1224 3421 1480 3492 Stephani
1531 3437 1550 3472 ‹
1599 3419 1723 3475 fidei
1769 3437 1788 3470 ο
1829 3431 1934 3488 qua
1990 3427 2237 3482 caeteros,

641 3525 700 3572 ut
732 3523 787 3573 et
815 3517 918 3572 ioci
949 3515 1229 3587 dignitate,
1279 3503 1592 3584 superabat,
1626 3527 1688 3567 ac
1717 3521 1736 3562 ι
1771 3509 2042 3566 devotioni
2076 3527 2094 3561 ι
2146 3505 2241 3563 ad-

641 3612 932 3669 scribebat.

717 3701 832 3758 Xll.
851 3700 1080 3758 Prodeat
1102 3701 1210 3771 jam‘
1236 3707 1375 3755 nunc
1399 3698 1624 3769 insignis
1649 3706 1702 3752 et
1721 3696 2050 3766 perceiebris
2072 3705 2238 3751 execu-

643 3796 680 3852 li
708 3796 845 3851 sexti
873 3797 1178 3865 episcopus,
1221 3794 1309 3864 qui
1356 3799 1641 3862 suspectus
1685 3790 1851 3845 videri
1878 3803 1982 3846 non
2014 3790 2179 3860 possit
2224 3807 2238 3844 :

643 3889 756 3944 sive
787 3898 970 3943 contra
1003 3887 1332 3959 Cyprianum
1383 3873 1713 3955 pronuntiet,
1762 3892 1816 3938 nt
1850 3892 1973 3954 pote
2009 3884 2156 3944 Afer.
2187 3892 2242 3938 et

643 3981 894 4053 Cypriani
913 3981 1333 4045 amantissimus,
1353 3980 1468 4035 sive
1495 3995 1590 4050 pro
1607 3977 1662 4035 S.
1683 3978 1958 4048 Stephano
1992 3977 2241 4047 puntilice

642 4075 906 4141 Romano,
951 4075 1150 4146 quippe
1176 4075 1266 4144 qni
1295 4074 1693 4137 sclilsmaticus,
1726 4073 2012 4128 Facundos
2044 4087 2242 4141 nempe

645 4170 1066 4226 Hcrmianensis.
1091 4167 1374 4223 iiicantem
1393 4168 1718 4240 Cyprianum
1736 4187 1764 4221 a
1782 4166 2056 4236 Stephano
2077 4165 2242 4220 fuisse

644 4263 936 4336 culpatum.
970 4272 1023 4318 et
1051 4262 1264 4333 qiiidem
1295 4263 1550 4317 intentata
1579 4261 2080 4316 cxcomunicatione
2104 4259 2243 4316 scie-

643 4357 733 4412 bat
777 4366 828 4412 et
872 4355 1118 4410 tradebat
1166 4355 1270 4426 (5).
1349 4355 1624 4424 Stephano
1667 4355 1868 4423 pariter
1914 4353 2240 4425 Cyprianum

643 4447 909 4504 restitisse
960 4461 1025 4502 ac
1053 4449 1313 4502 calamum
1346 4449 1395 4502 in
1439 4443 1665 4518 epistola
1714 4448 1779 4502 ad
1830 4446 2140 4514 Pompeium
2189 4446 2240 4500 in

645 4539 794 4596 illum
836 4541 1118 4595 strinxisse
1171 4540 1332 4595 refert
1357 4538 1473 4612 (2t);
1523 4555 1552 4594 a
1597 4539 1849 4595 Facundo
1895 4538 2055 4609 igitur
2081 4539 2241 4592 totius

2346 3347 2463 3392 runt
2495 3339 2854 3409 qtncstionum
2887 3345 3075 3410 quarst.
3112 3338 3164 3402 5,
3189 3337 3440 3407 decerpta
3473 3353 3487 3390 :
3523 3355 3540 3388 α
3568 3334 3629 3391 Si
3660 3335 3808 3389 bona
3837 3349 3948 3401 qua:

2346 3430 2513 3484 nosﬁs
2545 3443 2640 3499 per
2665 3431 2981 3485 charitateln
3010 3428 3332 3498 operamini,
3365 3428 3561 3481 tribuet
3590 3426 3751 3479 vobis
3780 3425 3951 3478 divina

2343 3525 2531 3596 gratia,
2562 3531 2618 3578 ut
2645 3524 2690 3579 si
2735 3523 2862 3593 quid
2901 3524 3057 3578 aliter
3097 3537 3254 3592 quam
3302 3520 3458 3576 decet
3507 3521 3706 3590 sapitis
3757 3527 3813 3574 et
3860 3518 3952 3571 hoc

2343 3618 2629 3688 aliquando
2669 3618 2995 3688 intelligatis,
3044 3619 3178 3670 sicut
3210 3612 3268 3670 Β.
3321 3615 3591 3686 Cypriane
3643 3613 3944 3682 cantigisse

2344 3711 2684 3780 perspicuum
2725 3718 2827 3775 est,
2875 3709 2964 3779 qui
3006 3715 3126 3762 cum
3160 3708 3272 3761 suis
3299 3705 3642 3775 coepiscopis
3673 3707 3774 3774 qui
3809 3711 3956 3758 erant

2346 3805 2399 3858 in
2428 3803 2606 3860 Africa
2629 3802 3039 3873 rebaptizandos
3062 3815 3183 3856 esse
3208 3800 3493 3854 hmreticos
3518 3808 3717 3852 contra
3755 3813 3960 3852 morem

2346 3899 2605 3953 Ecclesize
2624 3898 2830 3962 statuit,
2851 3896 2945 3950 sed
2973 3897 3092 3966 quia
3122 3897 3172 3949 in
3202 3909 3298 3948 suo
3326 3909 3509 3959 sensu,
3535 3894 3629 3962 qui
3651 3895 3764 3947 sibi
3789 3907 3964 3947 reetus

2345 3991 2628 4046 videbatur
2653 3990 2812 4045 bonis
2835 3987 3114 4044 abundare
3131 3987 3384 4058 operibus
3411 3987 3638 4050 studuit,
3679 4001 3815 4039 mox
3847 3999 3967 4038 eor-

2347 4087 2445 4157 rigi
2477 4085 2706 4150 meruit;
2741 4093 2901 4154 atque
2945 4083 3010 4137 ad
3040 4081 3394 4136 un‘iversalcm
3441 4089 3645 4132 sancta:
3702 4078 3968 4134 Ecciesix

2347 4194 2592 4236 normam
2625 4175 2986 4247 Spirituaiium
3028 4175 3264 4230 virorum
3298 4174 3640 4228 institutione
3689 4173 3913 4226 reduci.
3951 4189 3968 4222 ι

2417 4271 2558 4326 XIV.
2591 4267 2729 4338 Quid
2761 4270 2936 4326 dicam
2978 4270 3047 4326 de
3093 4268 3326 4339 Georgio
3372 4267 3580 4322 Tarasii
3625 4266 3975 4321 Patriarchx

2346 4365 2760 4435 Constantinop.
2790 4363 3235 4438 Syncello?Quid
3261 4364 3327 4419 de
3353 4361 3667 4432 Nicephoro
3694 4360 3980 4416 Callisto?

2347 4441 2607 4514 Referunt
2635 4459 2795 4512 ambo
2828 4457 3158 4528 Stephanum
3189 4453 3462 4530 Cypriano
3506 4455 3797 4509 restitisse
3832 4473 3851 4521 ;
3887 4469 3978 4508 nec

2348 4553 2666 4624 ignorabant
2696 4551 2914 4606 modum
2948 4566 3053 4616 quo
3075 4551 3294 4615 restitit,
3327 4549 3705 4618 praecipiendo
3760 4550 3981 4603 scilicet

644 4633 724 4688 rei
757 4642 922 4704 geste.
975 4632 1149 4702 perito
1203 4632 1494 4696 discamus,
1525 4643 1593 4688 an
1633 4633 1754 4702 jure
1785 4633 1868 4688 vel
1909 4632 2100 4702 injuria
2140 4631 2231 4704 Cy-

2347 4653 2508 4716 atque
2525 4645 2870 4715 gravissimas
2890 4658 3077 4714 pmuas
3092 4640 3426 4704 intenta‘ndo,
3450 4639 3498 4695 id
3517 4640 3691 4694 etiam
3707 4657 3774 4694 ex
3789 4653 3984 4711 presse

645 4725 865 4796 prianus
893 4725 962 4778 ita
996 4723 1155 4780 fuerit
1176 4742 1202 4778 a
1233 4726 1506 4795 Stephano
1525 4727 1791 4796 culpatus.
1821 4734 1876 4781 et
1913 4731 2246 4795 consequene

647 4828 728 4875 ter
761 4833 829 4874 an
873 4820 1067 4875 merito
1119 4821 1218 4889 ipsi
1269 4821 1547 4877 restiterit.
1601 4819 1681 4878 Ab
1717 4821 1835 4890 ipso
1872 4820 2244 4892 perdiscamus

645 4917 840 4980 etiam,
893 4916 1018 4968 num
1058 4912 1382 4985 Cyprianmn
1415 4913 1739 4984 Stephanus,
1785 4913 1868 4969 vel
1910 4913 2243 4981 Stephanum

644 5007 943 5080 Cyprianus
999 5005 1259 5075 iniuriose
1303 5007 1612 5061 tractaverit
1646 5024 1658 5060 :
1697 5023 1714 5057 ι
1761 5005 2080 5076 Cyprianus,
2114 5023 2133 5057 ι
2167 5005 2247 5060 in:

645 5100 761 5171 quit
789 5099 1045 5166 breviter,
1087 5097 1179 5153 sed
1207 5109 1390 5169 aperte
1421 5116 1440 5149 ι
1477 5098 1734 5167 iniuriose
1767 5107 2002 5152 tractans
2032 5097 2247 5152 beatum

648 5193 1002 5262 Stephanum,
1036 5207 1063 5244 a
1092 5207 1197 5260 quo
1226 5192 1394 5246 iuerat
1417 5192 1534 5260 jure
1557 5191 1824 5261 culpatus.
1865 5210 1883 5243 ι
1915 5189 2039 5244 Have
2068 5191 2118 5243 in
2151 5189 2246 5245 de—

647 5286 893 5341 fensione
937 5287 1097 5340 trium
1149 5285 1508 5356 capitulorum
1557 5286 1649 5340 lib.
1698 5301 1752 5349 x,
1793 5297 1912 5356 cap.
1958 5285 2013 5352 5,
2060 5295 2249 5340 versus

648 5378 886 5435 medium
927 5378 1213 5435 Africanus
1259 5379 1515 5447 antistes,
1550 5379 1640 5450 qui
1663 5379 2006 5435 Iibroconlra
2049 5378 2250 5434 Mucia-

719 5558 806 5684 (Ιζ
833 5557 1056 5641 Ibidem.

725 5629 785 5684 (2
836 5629 894 5683 in
927 5629 1051 5684 Eois

725 5627 806 5702 (ᾖ)
836 5629 894 5702 i_n
927 5629 1093 5702 Epist.
1125 5629 1195 5702 ad
1222 5627 1404 5686 Iacob.
1433 5631 1626 5687 Bevilm
1653 5667 1667 5687 .
1694 5633 1784 5689 15.
1826 5646 1948 5702 pag.
1977 5631 2106 5687 8i'7.

842 5697 946 5778 [fro
971 5687 1284 5778 ᾎεῇξῃείῳιε
1313 5717 1366 5754 Ill
1394 5701 1682 5774 Capitulor.
1731 5687 1928 5770 ἰώ.ἰῖ
1966 5718 2086 5774 cap.
2139 5703 2174 5758 5
2204 5717 2236 5758 e

661 5759 798 5814 libro'
815 5759 1062 5817 acluersus
1085 5765 1398 5822 Mocianum.

732 5829 811 5894 (4)
841 5830 1061 5885 Ibidem.

2350 4738 2512 4794 tradit
2538 4737 2872 4808 Nicephorus
2902 4736 3019 4806 (2);
3049 4748 3103 4789 at
3135 4741 3326 4789 neuter
3372 4733 3726 4803 Stephanum
3771 4737 3984 4804 carpit,

2349 4843 2539 4889 neuter
2566 4833 2832 4886 ullatenus
2884 4829 3256 4900 reprehendit,
3292 4828 3408 4882 sed
3452 4827 3612 4882 ambo
3665 4825 3990 4884 Eusebium

2349 4925 2737 4982 Ctesariensem
2793 4923 2964 4979 seculi
3012 4938 3130 4978 eam
3181 4921 3440 4991 Stephani
3488 4919 3695 4990 agendi
3745 4924 3994 4975 ration!

2349 5025 2564 5072 causam
2590 5017 2886 5082 adducunt,
2918 5025 3036 5085 qna:
3060 5014 3207 5068 illam
3234 5029 3338 5068 non
3365 5014 3462 5066 nisi
3486 5028 3710 5082 aequam
3735 5015 3998 5070 eﬁiciai-t

2352 5121 2414 5166 ac
2455 5110 2712 5165 exhibere
2759 5109 2994 5162 valeant.
3043 5106 3119 5161 ita
3162 5107 3305 5161 enim
3353 5121 3478 5174 erga
3523 5104 3910 5176 Cyprianum
3955 5120 4006 5159 se

2349 5206 2515 5277 gessit
2560 5204 2789 5260 Sanctus
2838 5200 3083 5255 Pontifex
3135 5202 3284 5268 juxta
3343 5197 3588 5252 laudatos
3641 5199 4008 5269 scriptores.

2351 5301 2471 5368 quia
2505 5297 2575 5350 nit
2611 5313 2629 5346 ι
2664 5295 2806 5360 novi,
2841 5312 2859 5346 ι
2896 5293 2970 5347 nil
3017 5291 3159 5362 quod
3194 5309 3213 5342 ι
3244 5290 3479 5360 εηιίᾳιιςιι
3510 5288 3818 5344 Ecclesia:
3880 5308 4012 5346 cea—

2351 5389 2728 5448 consuetudini
2756 5387 3134 5442 adversaretur
3159 5384 3212 5441 in
3239 5399 3356 5440 eam
3385 5381 3661 5438 introduci
3694 5384 3968 5441 volebat
3997 5401 4011 5431 ι

2349 5494 2404 5542 et
2433 5483 2656 5541 curabat
2687 5478 2788 5553 (ὅ).

2467 5630 2482 5677 l
2545 5622 2736 5692 Supra.

2435 5622 2516 5767 i2;
2548 5695 2663 5767 Lib.
2694 5709 2745 5767 \'_l
2779 5691 3244 5767 Hist._e_cgl.,_cap.
3274 5691 3328 5767 7.

2363 5758 2517 5893 b.
2548 5764 2860 5892 Ἧοὲριιὲςὲ
2911 5762 3043 5819 ibid.
3093 5758 3357 5834 Georgius
3400 5758 3542 5832 apud
3585 5761 4030 5820 Anastasiuas.

2403 5854 2416 5890 l
2482 5877 2494 5891 .
2536 5853 2566 5892 a
2673 5852 2726 5890 η.
2868 5871 2884 5889 ο
2973 5855 2982 5860 ’
