4208 6276
299 305 448 376 i309

1544 283 2366 362 utsroaicomeeuntca.

3468 278 3614 337 1510

375 437 498 496 XV.
550 427 826 509 Apposita,
864 429 1020 504 aqua
1074 423 1137 487 au
1183 423 1488 500 opportuna
1538 415 1799 492 Stephani
1844 416 1898 473 in
1924 415 2114 478 Asuis‘
2153 411 2492 509 coepiscopis
2521 408 2611 480 qui
2663 404 2822 509 erant
2861 405 2916 460 in
2961 396 3612 509 ffrica.‘reli-§pti.i‘andos

297 527 708 602 rebaptlz’antes
735 521 887 598 gesta
932 523 1069 579 adeo
1106 510 1416 593 iudicarunt
1453 521 1689 580 veteres,
1719 519 1776 567 ut
1816 509 1900 566 vel

296 621 434 694 ipsis
471 614 954 690 rebaptizahtibus,
1001 613 1046 671 si
1099 611 1208 669 ιισῆ
1247 605 1407 676 illico,
1465 605 1660 664 a'himis
1706 604 1901 659 ardore

297 711 684 784 disputationis
700 707 960 778 abreptis,
984 707 1178 763 saltem
1203 719 1310 758 non
1335 700 1504 756 multo
1526 707 1666 769 ‘p'O‘St,
1700 694 1901 752 sedatis

290 805 404 877 jam
436 819 502 860 ac
531 799 742 860 Serenis
793 795 1019 871 probata
1053 791 1224 852 fuisse
1276 791 1434 849 doliis
1484 791 1810 861 signiﬁcent,
1845 796 1900 842 et

293 898 517 972 quidem
542 899 620 952 sic
654 884 900 966 probata,
931 891 988 947 tit
1018 893 1174 947 sbhm
1202 891 1447 972 emit-erit
1481 883 1644 941 etiam
1678 881 1896 938 'revoc'a-

295 963 495 1049 verint.
525 991 602 1046 oe
620 963 1060 1060 S—.Cypriauold
1098 974 1386 1040 credivult
1433 963 1491 1036 s.
1541 975 1890 1048 Augustinus,

294 1085 424 1141 licet
446 1085 498 1138 id
540 1079 734 1138 litteris
765 1070 1078 1135 mandatum
1104 1077 1164 1131 se
1203 1073 1309 1130 ﬁdit
1337 1069 1614 1128 ἰῐὶθὲἒιιίἐεθ
1641 1067 1892 1123 fateatur".-

201 1160 205 1163 ’
308 1197 327 1232 ‹
353 1175 656 1249 Cyprianus
683 1191 702 1227 ι
740 1171 912 1243 inquit
936 1171 989 1224 itt
1022 1170 1180 1239 epist.
1211 1165 1276 1221 ad
1309 1161 1559 1221 Vincet".
1585 1159 1776 1231 Rogat.
1801 1156 1893 1225 95,

300 1286 424 1342 cap,
456 1269 547 1337 10,
587 1273 807 1322 tantem
840 1268 1078 1321 sensisse
1127 1256 1286 1318 aliter
1313 1258 1383 1315 tle
1410 1256 1704 1328 Baptismo,
1735 1267 1896 1325 quam

299 1361 476 1418 forma
505 1372 558 1417 et
586 1357 925 1415 consuetudo
956 1351 1188 1411 habebat
1215 1351 1472 1409 Ecclesia:
1514 1351 1620 1405 non
1649 1349 1702 1403 ili
1734 1353 1896 1402 cano-

298 1455 460 1516 nicis,
485 1443 580 1510 sed
610 1452 664 1507 iit
687 1454 801 1508 Suis
818 1451 873 1506 et
899 1441 1118 1506 cencilii
1141 1445 1339 1503 litteris
1368 1441 1675 1510 invertit-ur;
1709 1447 1895 1498 corrc-‘-

296 1549 442 1605 xisse
483 1556 663 1602 autem
711 1545 866 1600 istam
915 1541 1234 1598 sententiam
1285 1541 1392 1594 non
1439 1535 1732 1600 invehitur,
1785 1549 1892 1589 non

295 1637 716 1712 incongruenter
743 1637 920 1692 "tamen
951 1635 1018 1690 de
1051 1633 1140 1690 tali
1169 1631 1284 1688 iiro
1309 1629 1733 1687 existimandum
1785 1633 1889 1695 est,

293 1731 440 1806 quod
469 1727 767 1788 correxerit
793 1739 848 1785 et
873 1725 1104 1785 fortasse
1131 1729 1444 1796 supressuin
1481 1721 1551 1776 'slt
1577 1721 1646 1775 ab
1690 1719 1770 1775 eis
1799 1721 1890 1790 qui

2005 517 2127 562 esse
2171 501 2456 563 lucretieos
2485 501 2673 560 centra
2706 501 2911 555 morem
2961 494 3221 552 Ecclesia
3263 492 3450 549 statuit
3485 495 3612 546 mox

2004 590 2201 672 corrigi
2246 600 2466 665 inaruit,
2495 606 2662 668 atque
2691 595 2758 651 ad
2787 592 3153 650 universalem
3191 597 3394 644 aucta:
3425 587 3613 644 Eccita-'-

2002 693 2101 748 sia:
2147 698 2392 746 obrutam
2443 687 2808 758 spiritualium
2867 684 3110 739 virorum
3157 681 3495 739 institutione
3525 681 3614 735 tie-3

2002 783 2146 838 duci.
2178 791 2197 836 ι
2257 783 2333 837 De
2381 776 2832 850 rebaptizantinm
2864 775 3240 846 reciplseentia
3296 774 3368 828 ita
3395 781 3614 828 veteres

2003 870 2228 943 laudati,
2257 877 2452 946 quibus
2494 871 2700 929 uultum
2749 869 3009 940 refragari
3059 869 3112 924 ili
3146 869 3469 939 antiquitate
3498 874 3609 921 tota

2000 971 2292 1040 reperies:
2350 971 2462 1038 nun
2515 975 2649 1022 vero
2703 966 2748 1020 si
2803 960 3111 1031 Stephanus
3138 961 3299 1016 llum.
3357 957 3607 1029 pontifex

2000 1073 2152 1118 suatn
2182 1062 2233 1116 in
2265 1061 2370 1117 huc
2395 1058 2610 1131 negotio
2629 1056 3014 1113 auctoritatem
3038 1068 3147 1110 non
3168 1054 3607 1124 iitterposuisset,

2000 1157 2044 1211 si
2077 1159 2286 1210 tantum
2340 1163 2448 1209 utin
2473 1164 2581 1223 prae
2611 1165 2671 1208 se
2699 1151 2910 1206 tulisset
2947 1149 3186 1219 vigerem
3219 1147 3606 1220 apostolicum;

1999 1229 2102 1306 ιπεί
2133 1255 2192 1306 se
2214 1247 2486 1320 tamquam
2507 1247 2718 1302 mut-um
2737 1252 2937 1301 aereum
2960 1239 3415 1315 rebaptizantlbus
3437 1251 3608 1311 cippo:

1998 1337 2220 1407 suisset,
2253 1343 2463 1397 adeone
2490 1341 2646 1395 facile
2682 1347 2858 1400 suam;
2891 1337 3050 1408 quam
3085 1345 3235 1391 tanto
3258 1334 3453 1390 ardore
3483 1346 3607 1402 ιιι-οξ

1997 1429 2650 1508 pugnabantseutehtlain
2676 1433 3029 1489 revuvaSsent
3070 1428 3311 1487 Africani
3362 1429 3608 1484 simulet

1997 1528 2296 1586 Orientales
2327 1530 2635 1585 antistites?
2665 1528 2800 1597 Quis
2828 1523 2918 1582 hic
2943 1527 3169 1597 digitum
3191 1526 3285 1580 Del
3313 1527 3417 1579 non
3441 1534 3607 1594 agno:

1995 1632 2131 1689 seat,
2157 1624 2245 1692 qui
2274 1622 2531 1694 Stephani
2555 1617 2894 1690 aliorumque
2919 1619 3020 1689 ipsi
3041 1617 3434 1673 adluerentiltm
3463 1619 3604 1687 epis-

1996 1724 2254 1784 coporum
2273 1711 2448 1768 zelum
2466 1725 2529 1767 ae
2545 1712 2904 1767 constantiam
2924 1722 3029 1765 tum
3054 1711 3204 1765 uberi
3223 1710 3396 1764 fructu
3413 1724 3604 1764 cumu—

294 1801 398 1884 hoc
428 1840 618 1882 errore
641 1822 865 1879 nimium
893 1815 1142 1878 delectati
1169 1817 1313 1884 sunt,
1347 1825 1401 1872 et
1431 1807 1581 1871 tanto
1623 1814 1768 1868 θδιυι
1797 1819 1891 1883 pa:
1921 1803 1968 1876 Β
1996 1805 2109 1860 lare
2129 1803 2397 1859 voluerit?
2421 1803 2631 1858 illudne
2645 1802 2836 1858 credes
2861 1801 3465 1871 intcmpestivum,quod
3495 1810 3603 1855 tam

293 1921 526 1978 trocinio
553 1923 743 1976 carere
769 1910 1079 1973 noluerhni.
1115 1913 1135 1967 ἰ
1165 1911 1494 1995 Augustinus
1540 1909 1644 1964 hoc
1671 1907 1890 1978 quidem

291 2017 347 2072 in
382 2017 500 2070 toea
524 2008 654 2069 dicit
683 2010 1057 2067 tantutttmodo
1106 2013 1255 2063 tnon
1303 2005 1762 2076 iucung'rueittet‘i
1823 1999 1891 2055 de

291 2107 564 2182 Cypriane
592 2103 1009 2165 existimandum
1050 2111 1192 2169 esse,
1219 2100 1361 2171 quod
1394 2109 1544 2155 suam
1593 2095 1894 2153 correxerit

291 2203 655 2268 sententiam;
685 2209 738 2256 at
767 2197 858 2256 lib.
911 2213 947 2255 ιι
976 2197 1044 2254 de
1097 2190 1373 2266 Baptisms
1402 2193 1589 2248 citima
1623 2189 1887 2245 Donatist.

291 2312 413 2368 cap.
449 2291 502 2361 5,
536 2303 644 2350 tam
676 2301 885 2350 certum
934 2291 1128 2348 asserit
1155 2288 1482 2360 ijriauum
1525 2287 1678 2341 suam
1729 2284 1890 2335 iero:

292 2399 450 2445 casse
477 2387 818 2452 sententiam,
839 2390 1002 2456 quam
1023 2385 1232 2438 certum
1251 2387 1334 2436 cst
1356 2375 1488 2434 tanti
1515 2373 1693 2432 meiut
1719 2373 1890 2429 fuisse

296 2481 508 2545 virum;
540 2469 662 2534 hinc
691 2479 834 2534 enim
865 2469 1221 2533 considerans
1243 2471 1300 2529 S.
1336 2471 1534 2529 Doctor
1560 2467 1890 2541 cypriauuid

294 2573 577 2644 Stephano
601 2569 890 2638 restitisse,
942 2562 1091 2624 Illinc
1120 2566 1313 2638 inagna
1345 2561 1742 2632 contemplatus
1780 2559 1886 2630 Gy:

293 2669 471 2740 priani
503 2667 724 2732 merita,
755 2663 952 2736 quibus
982 2671 1088 2718 non
1121 2675 1308 2732 parum
1335 2658 1607 2714 diiecisset
1635 2655 1806 2726 tpsms
1837 2656 1888 2708 lli

291 2776 481 2817 errore
516 2761 849 2831 pertinacia:
899 2774 1019 2813 cum
1068 2759 1118 2810 tn
1162 2753 1418 2826 cypriani
1450 2749 1642 2806 litteris
1668 2748 1909 2817 hujusce

291 2855 564 2924 Opiniohis
604 2851 1000 2908 correctionem
1033 2859 1096 2905 ac
1124 2843 1558 2904 emendationem
1603 2847 1710 2897 non
1742 2842 1891 2895 inve=

287 2949 875 3015 nisset,asseveranter
895 2945 1228 3020 pronuntiat,
1259 2942 1401 3013 quod
1430 2941 1474 2995 Si
1506 2939 1645 2994 hanc
1672 2938 1889 2994 Correcé

289 3044 494 3098 tionem
535 3043 726 3098 littera:
757 3049 1022 3106 tacerent,
1057 3039 1225 3112 ipsius
1252 3033 1430 3091 tamen
1479 3034 1672 3088 merita
1719 3040 1886 3087 testa-

287 3145 497 3200 rentur,
544 3150 607 3188 ae
638 3133 857 3189 dubiant
901 3145 1024 3188 esse
1065 3137 1170 3186 non
1221 3130 1491 3185 sinerent:
1549 3122 1884 3197 t‘q'nomudo,

1993 1895 2155 1951 fuerit
2189 1896 2382 1951 efﬁcax
2430 1893 2715 1951 studium?
2743 1894 2934 1965 iniquo
2970 1909 3034 1949 ae
3074 1895 3454 1964 intempestivo
3483 1894 3604 1950 zelo

1995 1991 2142 2046 itane
2177 1989 2390 2045 dociles
2439 2006 2500 2045 se
2531 1989 2923 2061 praebuissent;
2966 1989 3057 2060 qui
3089 2003 3158 2044 eo
3205 1987 3604 2059 gravabantur?

1994 2082 2092 2140 Vel
2126 2083 2252 2138 hine
2273 2083 2532 2153 Stephani
2561 2090 2811 2137 actorum
2836 2080 3096 2152 dignusne
3125 2081 3457 2152 aequitatem:

2073 2175 2217 2232 XVI;
2249 2179 2314 2231 At
2345 2175 2557 2230 tandem
2579 2175 2722 2244 quod
2751 2185 2920 2228 unum
2949 2171 3207 2229 infrunita
3234 2173 3601 2228 recentiorum

1993 2267 2229 2333 illorum,-
2257 2266 2350 2338 qui
2389 2265 2720 2322 sanctissimi
2749 2265 3024 2336 pontiﬁcis
3052 2266 3370 2320 memoriam
3400 2264 3602 2319 dilace—

1991 2374 2117 2416 rare
2143 2376 2248 2415 non
2271 2360 2547 2426 desinunt,
2576 2373 2672 2413 ora
2700 2359 2914 2428 penitus
2969 2357 3326 2424 contundere,
3385 2368 3449 2411 ae
3500 2357 3603 2412 inii

1993 2468 2156 2525 quam
2185 2453 2469 2508 audaciam
2521 2454 2822 2523 reprimere
2868 2452 3184 2520 sufﬁceret:
3231 2453 3336 2523 ipsi
3383 2452 3600 2508 auscul-

1993 2550 2174 2603 tentu‘r
2219 2546 2564 2602 infensiusimi
2608 2548 2666 2605 δι
2711 2546 2972 2617 Stephani
3031 2547 3236 2613 hostes,-
3269 2549 3417 2617 ipsos
3471 2545 3600 2603 dico

1992 2639 2322 2695 Donatistas.
2356 2640 2430 2695 De
2474 2649 2628 2708 amna
2663 2640 2749 2694 vel
2805 2640 2990 2710 iniqua
3041 2639 3308 2710 Stephani
3360 2639 3444 2694 vel
3489 2640 3599 2711 Cy-

1991 2733 2168 2804 priani
2194 2733 2388 2804 agendi
2424 2734 2637 2788 ratione
2665 2734 2772 2788 sint
2794 2732 3028 2802 indices;
3060 2733 3234 2788 Nemo
3279 2733 3456 2790 nescit
3484 2735 3598 2789 Do-

1992 2829 2205 2884 natistis
2251 2829 2328 2883 nil
2374 2827 2540 2883 fuisse
2570 2827 2788 2883 charius
2826 2842 2988 2896 quam
3039 2828 3372 2900 Cyprianum
3401 2867 3414 2891 ,
3465 2827 3600 2884 nihil

1990 2921 2330 2990 familiarius,
2354 2937 2516 2994 quam
2548 2931 2714 2992 o‘pera
2744 2921 3028 2994 Cypriani,
3058 2930 3120 2977 ac
3166 2921 3506 2992 potissimum
3535 2935 3600 2977 ea

1989 3031 2110 3085 quae
2141 3027 2240 3084 pro
2267 3029 2362 3070 sua
2389 3015 2458 3071 de
2484 3014 2893 3084 rebaptizandis
2926 3014 3198 3069 lneretieis
3225 3014 3480 3084 Opinione
3509 3011 3600 3067 ﬁr-

1991 3108 2187 3164 manda
2216 3109 2646 3165 elucubraverat.
2680 3108 2805 3163 Haec
2859 3107 3080 3164 assidue
3118 3106 3417 3164 Gatltolicis
3454 3107 3598 3162 occi—

285 3195 745 3297 inqttit,vaccipere
768 3227 999 3296 potuerit
1017 3225 1318 3297 Cyprianus
1335 3195 1619 3278 veritatem
1637 3229 1823 3277 contra
1843 3219 1889 3278 id

2002 3203 2232 3266 nebanti
2285 3203 2338 3256 in
2385 3200 2697 3257 Catltolieos
2744 3202 3026 3272 drgebant.
3079 3201 3309 3271 Legerat
3361 3201 3499 3267 hmo,
3534 3217 3600 3257 ae

284 3319 436 3391 quod
457 3321 728 3376 sentiebat
758 3321 1055 3383 inventam,
1086 3323 1139 3372 et
1161 3316 1204 3372 si
1238 3315 1430 3371 litterae
1464 3310 1664 3380 tacent,
1697 3313 1886 3368 merita

285 3415 543 3480 clamant,
565 3414 609 3468 si
645 3413 886 3485 Epistola
915 3417 1020 3467 'no'n
1040 3411 1334 3476 invenitur,
1362 3415 1562 3465 c'orona
1584 3404 1832 3475 testatur,
1861 3409 1880 3459 ὓ

362 3509 664 3580 Augustino
703 3509 941 3564 concinit
969 3506 1028 3563 S.
1061 3498 1448 3577 HierOnytnns,
1494 3504 1583 3574 qui
1613 3503 1887 3574 expressis

286 3601 470 3656 verbis
497 3601 731 3655 afﬁrmat
756 3595 1039 3655 Africanos
1068 3598 1354 3666 episcopus
1382 3597 1534 3650 Suam
1583 3591 1650 3650 de
1692 3596 1886 3665 rebap-

284 3693 518 3748 tizandis
536 3685 816 3747 Hiereticis
833 3690 1155 3746 sententiam
1177 3705 1316 3744 novo
1332 3685 1552 3744 decreto
1574 3693 1883 3742 revocasse.

290 3805 312 3838 ι
337 3785 413 3840 illi
443 3787 543 3857 ipsi
573 3785 837 3856 episcopi,
880 3787 1070 3856 inquit,
1121 3784 1210 3854 qui
1240 3779 1656 3852 rebaptizandos
1714 3777 1888 3836 Incre-

284 3881 426 3935 ticos
458 3896 579 3934 cum
606 3880 875 3950 Cypriano
901 3886 1203 3934 statuerant
1232 3876 1298 3930 ad
1326 3875 1601 3945 antiquam
1654 3888 1884 3929 consue-

284 3971 527 4028 tudinem
585 3973 815 4028 revoluti
863 3987 1064 4026 novum
1116 3973 1350 4026 emisere
1397 3969 1736 4026 decretum.»
1774 3967 1882 4040 (t)

281 4063 584 4121 Orientales
607 4067 804 4136 pariter
829 4066 1236 4136 rebaptizationi
1267 4064 1511 4120 faventes
1536 4073 1692 4118 suum
1721 4063 1886 4118 resci-

281 4157 434 4214 disse
454 4155 738 4227 judicium,
770 4155 1311 4228 traditAugnstinus,
1352 4166 1406 4212 et
1432 4143 1518 4212 vel
1546 4155 1650 4226 ipsi
1691 4161 1884 4228 agnos-

280 4252 484 4307 cebant
537 4250 863 4305 Donatistzez
904 4266 922 4302 ι
949 4249 1181 4320 Maiores
1233 4259 1412 4306 autem
1468 4245 1675 4320 vestri»
1713 4248 1884 4319 inquit

280 4344 342 4401 ε.
381 4343 689 4399 Doctorlib.
719 4359 776 4398 ιιι
797 4348 984 4398 contra
1010 4344 1384 4410 Cresconium,
1411 4343 1604 4413 cupii.
1644 4359 1663 4395 ι
1687 4341 1883 4414 quibus

281 4438 392 4492 tale
426 4438 794 4492 testimonium
843 4438 1183 4507 pcrhibnisti,
1240 4437 1383 4508 quod
1415 4439 1482 4494 ab
1519 4437 1882 4494 Orientalibus

278 4542 568 4600 propterea
594 4532 978 4587 communione
1023 4521 1244 4587 discreti
1275 4541 1420 4596 sunt,
1459 4532 1581 4603 quia
1621 4531 1698 4587 illi
1722 4548 1879 4588 suum

273 4622 542 4695 judicium
575 4624 933 4691 resciderunt,
963 4635 1072 4696 uno
1102 4626 1182 4681 eis
1223 4624 1499 4695 placuerat
1523 4625 1592 4682 de
1626 4625 1714 4683 illa
1746 4627 1886 4698 Bap-
1911 4607 1964 4667 D

279 4717 427 4772 tismi
446 4719 719 4787 quzetion'e
748 4717 1050 4790 Cyprianus
1072 4730 1235 4789 atque
1265 4719 1340 4773 illi
1371 4717 1628 4775 Africano
1651 4719 1883 4777 conuilio

278 4811 595 4866 consentire
621 4822 896 4880 oportere,
919 4829 938 4862 ι
967 4822 1022 4867 et
1044 4813 1202 4882 paulo
1237 4821 1377 4881 post.
1406 4813 1580 4884 ipsum
1599 4811 1883 4885 alloquens

275 4902 635 4959 Cresconium
667 4904 854 4960 donati
888 4913 1035 4960 tant:
1068 4923 1088 4958 ι
1118 4905 1295 4961 Vestri
1325 4909 1562 4976 majores
1599 4909 1688 4978 qui
1723 4924 1783 4964 se
1813 4909 1882 4964 ab

275 4995 634 5052 Orientalium
659 4999 1064 5074 communione,
1089 4999 1230 5069 quod
1259 4999 1326 5054 de
1351 5000 1448 5055 hac
1471 5013 1530 5056 re
1559 5000 1579 5074 (
1603 5001 1880 5072 Baptismo

272 5087 690 5161 hmrelicorum)
725 5069 936 5145 diversa
978 5092 1246 5147 senserint
1270 5069 1606 5148 diviserunt»
1645 5069 1713 5149 Et
1751 5110 1874 5165 cap.

270 5181 348 5236 '5:
379 5180 529 5236 tCur
557 5198 662 5237 non
692 5188 874 5253 potius
918 5184 1081 5239 etiam
1126 5185 1276 5256 ipsos
1324 5200 1524 5256 paucos
1573 5185 1876 5244 Orientales

272 5290 433 5330 suum
453 5275 713 5346 judicium
741 5279 1046 5333 correxisse
1059 5278 1325 5344 dicamus,
1348 5296 1453 5334 non
1483 5289 1541 5334 ut
1563 5287 1617 5335 tu
1639 5269 1876 5352 loqueris

273 5368 597 5434 rescidisse;
635 5369 776 5425 sicut
804 5371 946 5426 enim
976 5371 1245 5427 laudabile
1270 5383 1352 5427 est
1380 5388 1410 5426 a
1455 5388 1577 5428 vera
1608 5374 1877 5428 sententia

274 5475 386 5515 non
417 5464 645 5528 moveri,
670 5463 739 5516 ita
758 5464 1027 5533 culpabile
1054 5465 1343 5534 persistere
1361 5466 1412 5520 in
1429 5466 1584 5521 falsa.
1605 5486 1624 5518 ι
1652 5467 1878 5539 Cypria-

275 5569 409 5608 num
441 5569 471 5608 a
503 5569 599 5610 sua
628 5557 896 5610 sententia
941 5557 1259 5614 discessisse
1305 5567 1489 5628 aperte
1517 5560 1761 5616 tradebat
1787 5576 1880 5616 oc—

277 5655 404 5702 tavo
431 5649 634 5702 sacculo
654 5664 705 5705 v.
735 5647 881 5704 Beda
920 5649 1004 5706 his
1033 5645 1248 5706 verbis:
1271 5669 1290 5704 ι
1319 5650 1622 5724 Cyprianus
1645 5655 1737 5726 qui
1759 5669 1881 5712 cum

356 5782 438 5856 (l)
467 5782 680 5856 Diatog.
713 5787 915 5845 advers.
943 5787 1260 5861 Luciferian.

1996 3295 2222 3350 triverat
2267 3295 2486 3350 illorum
2513 3295 2819 3363 eoripbaetts
2860 3294 3176 3360 Petiliands,
3221 3293 3338 3349 ineo
3378 3295 3597 3366 inquam

1989 3387 2248 3458 Cypriani
2274 3403 2440 3458 opera
2468 3387 2798 3459 perlegerat,
2831 3387 2884 3441 in
2926 3387 3124 3457 quibus
3145 3385 3430 3458 Stephano
3460 3400 3599 3457 pra:-

1989 3479 2208 3549 cipienti
2238 3494 2300 3534 ae
2322 3479 2777 3549 rebaptizantibus
2801 3479 3413 3534 ereommunicationem
3437 3479 3597 3533 minis

1993 3572 2128 3626 tanti
2159 3573 2290 3626 vitia
2321 3588 2426 3626 non
2460 3587 2626 3642 pauca
2653 3572 2957 3644 Cyprianus
2985 3571 3380 3642 exprobrabat:
3410 3571 3597 3642 Neque

1996 3673 2174 3721 tamen
2201 3665 2284 3720 his
2313 3666 2564 3722 omnibus
2586 3666 2657 3720 ita
2688 3667 2896 3721 moveri
2929 3667 3102 3735 potuit
3123 3665 3595 3735 Petilianus,'quin

1991 3757 2135 3812 ultro
2182 3772 2246 3812 ac
2278 3757 2475 3828 palam,
2527 3766 2715 3812 contra
2748 3773 2861 3813 rem
2883 3774 3070 3824 suam,
3117 3768 3304 3812 contra
3334 3759 3502 3828 ipsam
3532 3758 3589 3814 S.

1990 3847 2268 3920 Cypriani,
2289 3848 2440 3918 cuius
2467 3848 2519 3902 in
2548 3849 2879 3917 Stephanum
2899 3848 3062 3911 dicta,
3090 3856 3146 3901 ut
3166 3865 3343 3903 meras
3359 3849 3592 3920 proinde

1993 3940 2291 3994 calumnias
2319 3940 2596 4008 arguebat,
2616 3942 3018 4007 auctoritatem,
3037 3940 3370 4010 Stephanum
3409 3959 3427 3991 t
3451 3943 3593 4010 cpis-

1993 4041 2242 4103 copatum
2287 4031 2551 4086 illibatum
2601 4033 2877 4102 gessisset
2934 4032 3181 4089 absolute
3224 4032 3588 4102 proﬁteretur.

1992 4123 2121 4180 Haec
2173 4123 2422 4178 Petiliani
2469 4124 2734 4181 Cirtensis
2785 4127 2837 4180 in
2895 4124 3143 4181 Numidia
3190 4126 3590 4184 Donatistarum

1989 4216 2242 4288 Episcopi
2275 4224 2381 4270 tam
2405 4213 2687 4287 Stephano
2714 4217 2949 4288 gloriosa
2980 4217 3250 4274 confessio
3277 4219 3484 4274 eruitur
3524 4234 3591 4276 ex

1989 4309 2073 4364 his
2101 4309 2157 4366 S.
2183 4309 2467 4380 Augustini
2493 4309 2674 4366 verbis
2700 4311 2794 4366 lib.
2824 4310 2893 4368 de
2922 4313 3078 4367 unico
3102 4311 3378 4383 Baptismo
3403 4323 3592 4368 contra

1986 4404 2334 4472 Petilianum,
2365 4422 2416 4461 c.
2448 4407 2514 4464 Η
2549 4423 2562 4459 :
2595 4425 2612 4459 ι
2660 4408 2768 4463 Sed
2793 4408 2917 4463 volo
2939 4408 3070 4464 mitti
3094 4410 3269 4464 solvat
3298 4409 3397 4464 iste
3423 4407 3592 4479 (Peti-

1987 4499 2186 4570 lianus)
2230 4502 2609 4571 quaestionem,
2665 4502 3104 4573 quandoquidem
3158 4520 3280 4558 cum
3331 4501 3590 4557 Romamn

1993 4590 2251 4648 Ecclesia:
2285 4608 2380 4662 per
2410 4593 2656 4650 ordinem
2683 4604 3078 4650 counnemorat
3114 4595 3420 4667 episcopos,
3449 4594 3591 4650 inter

1989 4699 2085 4740 eos
2111 4688 2560 4742 commemoravit
2580 4696 2634 4743 et
2655 4688 3017 4756 Stephanum,
3051 4705 3188 4759 quos
3214 4689 3589 4760 episcopatum

1986 4777 2251 4833 illibatum
2289 4780 2528 4850 gessisse
2555 4781 2840 4837 confessus
2867 4791 2970 4838 est.
3005 4800 3024 4835 ι
3057 4783 3198 4850 Quid
3227 4784 3292 4838 ad
3324 4783 3588 4854 Stephani

1985 4872 2211 4942 gloriam
2243 4882 2354 4928 tum
2385 4873 2438 4928 in
2468 4875 2590 4930 aliis
2620 4891 2739 4946 qua:
2771 4874 2899 4931 fecit
2942 4877 3217 4942 omnibus,
3260 4887 3372 4934 tum
3403 4880 3456 4933 in
3488 4878 3591 4934 hoe

1984 4965 2254 5034 praecipue
2277 4967 2496 5036 negotio
2518 4968 3007 5024 commendandam
3027 4970 3403 5036 excellentius,
3423 4983 3588 5041 quant

1981 5057 2221 5128 ipsorum
2269 5060 2338 5115 de
2382 5060 2502 5129 eius
2549 5063 2864 5133 integritate
2891 5063 3291 5119 Donatistarum
3340 5065 3587 5118 testimo-

1979 5145 2147 5199 nium.
2174 5144 2464 5201 Enimvero
2493 5149 2776 5203 veritatem
2802 5150 2937 5203 hanc
2986 5165 3092 5204 non
3123 5151 3285 5204 modo
3329 5158 3575 5219 apertam

1977 5236 2073 5291 sed
2102 5245 2157 5292 et
2196 5237 2487 5295 violentam
2539 5239 2706 5298 fuisse
2760 5252 2998 5311 oportet,
3049 5243 3266 5315 quando
3311 5258 3428 5297 eam
3486 5257 3587 5298 nec

1980 5325 2169 5384 hostes
2224 5331 2442 5400 quidem
2499 5333 2854 5390 infensissimi
2887 5334 3234 5390 dissimulare
3274 5341 3584 5404 potuerunt.

1979 5419 2045 5474 Et
2073 5421 2232 5476 hodie
2264 5438 2368 5477 non
2394 5424 2562 5493 pudet
2603 5427 2896 5496 scriptores
2924 5427 3211 5498 quosdam,
3242 5427 3333 5498 qni
3361 5442 3421 5482 se
3476 5425 3584 5481 Ca-

1984 5512 2214 5568 tholicos
2245 5513 2430 5570 haberi
2455 5518 2644 5574 volunt
2668 5520 2923 5592 Cypriani
2952 5519 3359 5592 Firmilianique
3392 5517 3588 5576 litteris

1983 5603 2049 5657 ad
2080 5605 2408 5660 sanctissimi
2444 5607 2603 5678 hujus
2646 5609 2917 5679 pontiﬁcis
2962 5613 3308 5678 memoriam,
3344 5611 3431 5667 vel
3458 5609 3593 5680 ipsis

1985 5695 2116 5752 olim
2159 5696 2451 5756 Donatistis
2500 5703 2861 5774 nndequaqne
2891 5704 3153 5775 illibatam
3184 5703 3603 5765 commaculau-

1991 5795 2115 5855 dam
2179 5807 2369 5854 rorsus
2397 5811 2428 5855 a
2461 5797 2922 5872 proscindendam
2946 5798 3115 5857 abuti.
