4208 6276
598 323 735 383 1311

2026 329 2484 389 DISSERTATIO

3768 337 3917 394 1512

670 443 834 501 XVII.
887 443 1079 502 Plures
1120 444 1380 518 Stephani
1430 447 1671 505 vindices
1723 440 1831 503 non
1882 448 2189 519 suppeditat
2216 448 2265 508 A
2295 447 2682 514 monumentis,
2724 447 3049 519 illorumque
3078 463 3108 504 a
3156 463 3242 505 me
3275 448 3423 506 indui
3466 463 3701 519 sensus;
3728 449 3909 508 dicam

596 540 912 612 antiquitas,
940 540 1065 613 quia
1090 540 1274 611 plures
1286 557 1392 598 non
1414 543 1650 604 exhibet.
1679 544 1769 615 qui
1786 543 1853 598 de.
1877 544 2078 597 famosa
2106 544 2194 598 illa

596 634 921 706 Cyprianum
965 634 1108 690 inter
1132 642 1188 691 et
1226 635 1562 707 Stephanum
1612 646 1800 693 exorta
1846 635 2198 692 contentione

596 727 684 782 vel
725 741 789 782 ex
825 725 1075 795 professo
1130 727 1516 794 disseruerint,
1568 728 1654 784 vel
1709 743 1807 800 per
1851 738 2199 783 transennam

596 819 982 884 meminerint;
1028 829 1085 875 at
1132 820 1309 886 fallor,
1365 821 1468 876 nisi
1500 821 1703 877 laudati
1734 822 1994 878 hactenus
2023 821 2198 891 scrip-

600 922 750 968 tores
774 911 991 967 abunde
1026 912 1305 969 sufﬁciant
1332 913 1397 969 ad
1430 915 1762 985 propositam
1790 913 2050 984 Stephani
2076 929 2202 968 eau-

596 1019 714 1061 sam
761 1019 868 1060 non
910 1004 1085 1061 solum
1114 1021 1144 1061 a
1183 1005 1472 1062 calumniis
1501 1006 1900 1069 vindicandam.
1942 1005 2039 1061 sed
2072 1005 2203 1060 insi-

597 1099 791 1171 gnibus
804 1098 967 1154 etiam
987 1100 1352 1157 decorandam
1370 1101 1581 1173 elogiis.
1607 1102 1807 1174 Ecquis
1829 1101 1973 1157 enim
1992 1100 2203 1157 dubitet

599 1206 749 1247 sanie
773 1192 975 1247 mentis
1016 1191 1071 1248 id
1100 1208 1129 1247 a
1161 1193 1441 1264 Stephano
1468 1204 1659 1249 contra
1681 1193 2009 1265 Cyprianum
2040 1192 2201 1247 alios-

598 1298 703 1355 que
732 1285 1132 1354 rebaptizantes
1158 1296 1305 1341 recte
1349 1284 1549 1342 factum
1600 1285 1790 1354 fuisse,
1830 1284 1997 1356 quod,
2045 1280 2207 1341 sicu‘ﬂ

599 1386 843 1433 veterum
869 1392 1027 1433 nemo
1046 1378 1399 1449 improbavit,
1426 1388 1504 1434 tot
1525 1378 1624 1435 SS.
1652 1379 1860 1447 Patres,
1888 1379 2205 1446 nobilesque

600 1482 709 1528 tam
750 1472 995 1528 doctrina
1023 1474 1181 1542 quam
1219 1474 1539 1543 antiquitate
1565 1474 1880 1544 scriptores,
1918 1474 2081 1529 immo
2115 1474 2204 1529 vel

600 1566 701 1637 ipsi
725 1566 1072 1623 infensissimi
1093 1568 1350 1637 Stephani
1371 1568 1557 1624 hostes
1572 1569 1625 1624 in
1642 1582 1711 1625 eo
1731 1569 2206 1626 commendarunt?

600 1660 733 1729 Quis
773 1661 979 1732 judicio
1009 1670 1116 1717 tam
1162 1664 1333 1733 gravi,
1386 1672 1495 1717 tam
1529 1663 1707 1718 valido
1734 1678 1842 1718 non
1871 1664 2201 1735 acqniescat,

600 1770 665 1813 ac
712 1757 765 1812 in
808 1765 973 1812 tanta:
1016 1758 1357 1813 auctoritatis
1407 1756 1607 1813 lectulo
1658 1757 1812 1829 quasi
1861 1756 2039 1814 fessus
2092 1773 2202 1812 non

603 1852 923 1909 accumbat?

675 1945 804 2001 Post
854 1946 969 2002 haec
989 1956 1233 2004 veterum
1266 1949 1572 2005 testimonia
1622 1964 1764 2005 anne
1801 1950 1979 2005 adhuc
2028 1950 2203 2019 inqui-

603 2038 855 2105 rendum,
882 2053 949 2094 an
980 2040 1424 2102 examinandum,
1470 2051 1652 2097 utrum
1684 2052 1829 2098 recta
1867 2043 1951 2097 vel
1994 2042 2199 2114 iniqua,

604 2142 907 2206 opportuna
937 2133 1025 2190 vel
1068 2135 1467 2206 intempestiva,
1520 2136 1756 2205 prudens
1787 2138 1868 2194 vel
1899 2139 2203 2194 inconsulta

606 2226 769 2283 fuerit
798 2227 1059 2300 Stephani
1092 2238 1277 2286 contra
1304 2231 1703 2300 rebaptizantes
1726 2234 1920 2304 agendi
1939 2234 2113 2289 ratio?
2135 2236 2205 2291 At

607 2320 654 2375 si
694 2321 871 2375 minus
902 2330 1048 2376 recta
1094 2323 1250 2379 nobis
1280 2334 1575 2395 appareant
1616 2326 1875 2393 Stephani
1906 2336 2046 2392 acta,
2080 2342 2204 2383 nos-

609 2422 753 2469 trum
778 2414 880 2469 hoc
906 2414 1297 2487 qualecumque
1324 2432 1551 2473 examen
1583 2434 1646 2473 ac
1662 2418 1923 2489 judicium
1944 2420 2205 2492 tmmqnid

612 2516 859 2563 veterum
908 2509 1151 2566 omnium
1196 2511 1400 2581 judicio
1439 2520 1496 2567 et
1532 2514 1784 2569 examine
1812 2514 2117 2569 accuratius
2143 2529 2206 2569 ac

608 2601 825 2671 gravius
873 2599 1312 2659 existimabitur?
1337 2602 1602 2675 Numquid
1633 2613 1709 2660 tot
1734 2603 1831 2661 SS.
1862 2604 2075 2671 Patres,
2103 2614 2205 2660 tot-

612 2711 719 2767 que
769 2694 1062 2751 venerandi
1118 2696 1423 2767 Scriptores
1487 2695 1815 2768 prmjndiciis
1863 2697 2075 2767 abrepti
2122 2698 2207 2753 vel

611 2786 825 2857 decepti
850 2788 934 2845 vel
966 2790 1143 2845 minus
1168 2790 1391 2846 veridici
1417 2790 1730 2853 credentur,
1775 2807 1875 2847 nos
1904 2807 2035 2847 vero
2078 2806 2209 2847 ocu-

610 2878 853 2943 latiores.
898 2882 1187 2953 aequiores,
1232 2892 1393 2953 atque
1438 2882 1523 2937 his
1566 2883 1815 2938 omnibus
1859 2885 2076 2948 mentis,
2124 2883 2208 2939 vel

610 2974 791 3030 cordis
822 2974 1223 3031 infirmitatibus
1249 2976 1321 3030 ita
1351 2976 1507 3032 liberi
1550 2990 1614 3032 ac
1642 2976 1930 3043 immunes,
1965 2986 2021 3032 ut
2046 2992 2208 3049 quam

613 3068 715 3139 ipsi
746 3071 964 3139 assequi
1010 3086 1117 3126 non
1170 3071 1454 3127 valuerunt
1498 3072 1800 3136 veritatem,
1859 3074 2097 3145 pandere
2146 3090 2209 3130 ac

613 3161 902 3217 ostendere
950 3162 1108 3218 nobis
1151 3162 1366 3219 tandem
1413 3164 1573 3220 fuerit
1622 3166 1996 3221 reservatum?
2024 3165 2082 3221 ld
2116 3182 2202 3231 ne,

2305 540 2448 595 nude
2473 540 2615 611 quod
2642 541 2842 607 sentio,
2887 541 3014 597 Haec
3047 544 3129 597 via
3158 541 3225 597 ad
3252 551 3400 599 recte
3442 543 3806 614 dignoscenda
3854 554 3911 606 et

2302 633 2617 688 aestimanda
2664 644 2907 690 veterum
2956 644 3110 706 gesta
3164 635 3329 691 tutior
3381 636 3710 708 graviorque
3772 637 3906 695 mihi

2303 740 2518 794 semper
2547 727 2657 780 visa
2682 724 2801 781 fuit.

2376 820 2505 874 Post
2526 819 2742 890 longum
2776 820 2957 891 itaque
2981 820 3425 892 laboriosumque
3444 819 3697 890 Stephani
3717 834 3909 893 gesto-

2305 928 2479 981 ruma
2510 912 2811 969 Neutericis
2851 914 3053 968 nostris
3104 913 3344 968 habitum
3390 928 3637 980 examen,
3672 914 3907 984 prodeat

2304 1003 2607 1073 Stephanus
2633 1020 2696 1060 ac
2729 1005 2797 1059 ab
2837 1006 2965 1075 ipsis
2992 1005 3316 1074 divulgetur,
3360 1004 3648 1075 superbus,
3700 1018 3901 1062 contu--

2306 1096 2584 1155 meliosus.
2630 1108 2845 1153 scatens
2876 1096 3108 1167 injuriis,
3144 1096 3338 1151 fastum
3386 1096 3589 1153 tumide
3615 1112 3678 1153 ac
3728 1097 3910 1155 domi-

2307 1201 2487 1246 natmn
2512 1191 2787 1257 affectans,
2813 1191 3084 1253 immanis,
3115 1200 3396 1263 tyrannus,
3426 1191 3626 1261 quietis
3680 1201 3905 1262 pertur-

2307 1287 2483 1353 bator,
2502 1303 2564 1341 ac
2582 1286 2935 1341 ecclesiarum
2958 1301 3237 1355 opressor.
3259 1302 3365 1341 uno
3382 1286 3550 1341 verbo
3572 1286 3638 1341 iis
3652 1286 3910 1341 omnibus

2306 1390 2563 1437 oneratus
2600 1379 2815 1449 ﬂagitiis
2866 1394 2931 1434 ac
2969 1378 3291 1434 criminibus
3340 1395 3461 1449 qutc
3503 1378 3786 1449 Stephano
3838 1378 3911 1433 ab

2309 1476 2441 1546 ipsis
2490 1476 2715 1543 impacta
2762 1473 3151 1528 referebamus.
3204 1470 3282 1544 (1)
3320 1472 3467 1540 Mihi,
3499 1473 3586 1528 cui
3633 1472 3920 1531 recondita

2310 1578 2387 1625 tot
2407 1582 2599 1624 arcana
2628 1568 2886 1638 degetere
2913 1566 3099 1621 datum
3134 1581 3241 1622 non
3274 1576 3377 1632 est,
3407 1566 3641 1639 plusque
3688 1582 3915 1638 sapere,

2309 1678 2467 1735 quam
2497 1670 2708 1718 veteres
2734 1662 2958 1725 nolenti,
2988 1676 3052 1718 ac
3080 1661 3224 1732 quod
3264 1662 3338 1717 illi
3372 1662 3632 1728 retulere,
3668 1662 3918 1732 pandere

2314 1756 2585 1826 gestienti.
2620 1754 2775 1811 aliter
2799 1753 2867 1809 ab
2896 1754 3013 1810 istis
3056 1753 3377 1809 censoribus
3421 1753 3491 1810 de
3534 1753 3843 1825 Stephano,
3870 1754 3919 1810 si

2232 1846 2281 1907 B
2311 1863 2417 1903 non
2439 1848 2677 1919 cogitare
2703 1846 2960 1919 (illorum
2988 1846 3133 1902 enim
3155 1845 3318 1902 corda
3342 1845 3526 1901 rimari
3559 1859 3668 1900 non
3716 1845 3917 1917 valeo)

2306 1951 2452 1998 certe
2480 1944 2625 2012 loqui
2651 1955 2875 1997 necesse
2899 1951 3003 1996 est.
3030 1939 3196 1996 Novis
3220 1939 3382 2011 igitur
3424 1939 3562 2006 istis,
3596 1938 3694 1995 sed
3723 1955 3832 1995 non
3881 1954 3917 1995 ει

2306 2036 2570 2092 charitate
2592 2034 2947 2107 suppeditatis
2980 2034 3310 2091 indumentis
3335 2034 3614 2104 Stephano
3628 2034 3914 2102 detractis,

2306 2130 2406 2185 sub
2431 2129 2721 2196 veteranis,
2752 2129 2846 2184 sed
2889 2130 3021 2192 suis,
3065 2137 3250 2199 utpote
3298 2129 3345 2183 si
3378 2143 3485 2183 non
3530 2127 3765 2191 aliunde,
3823 2137 3910 2184 tot

2306 2231 2454 2279 retro
2474 2223 2795 2279 saeculorum
2821 2222 3225 2293 praescriptione
3251 2222 3548 2293 acquisitis,
3581 2237 3673 2291 per
3697 2237 3788 2277 me
3804 2236 3914 2293 ap-

2308 2324 2495 2385 pareat
2525 2314 2787 2381 vestibus,
2828 2330 2948 2384 qune
2980 2315 3153 2384 ipsum
3179 2314 3475 2370 exhibeant
3501 2314 3811 2386 religiosum
3847 2324 3911 2370 et.

2309 2407 2625 2479 prudentem
2681 2406 2761 2479 (9.)
2818 2408 2870 2463 in
2908 2422 3070 2462 causa
3122 2406 3473 2475 Baptismatis
3525 2406 3920 2463 haereticorum

2310 2500 2568 2556 Ecclesiae
2596 2499 2903 2555 traditionis
2933 2507 3259 2555 assertorem
3290 2509 3346 2555 et
3371 2498 3672 2566 vindicem,
3706 2500 3791 2573 ('5)
3824 2501 3915 2571 qui

2311 2607 2408 2663 pro
2454 2592 2713 2662 singulati
2763 2591 2889 2647 filiis
2938 2608 3001 2647 ea
3046 2591 3400 2662 consignandi
3446 2607 3568 2661 quae
3600 2607 3633 2647 a
3666 2590 3923 2649 Patribus

2308 2696 2592 2758 acceperat
2616 2686 2795 2741 studio
2824 2686 2905 2758 (1ο)
2936 2687 3253 2757 gravissime
3285 2687 3473 2742 tulerit
3492 2686 3705 2757 aliquid
3730 2696 3922 2742 contra

2310 2782 2582 2852 antiquam
2650 2781 2907 2837 Ecclesiae
2965 2781 3306 2837 traditionem
3363 2782 3661 2846 innovari;
3722 2780 3804 2853 (5)
3856 2795 3925 2836 ac

2312 2892 2449 2931 nova
2483 2878 2695 2932 inventa
2724 2876 3077 2943 sectantibus,
3107 2877 3186 2946 (6)
3216 2891 3321 2947 qua
3343 2875 3921 2947 pollebathristiana

2322 2970 2585 3025 modestia
2630 2981 2685 3025 et
2728 2971 2986 3039 gravitate
3042 2971 3295 3025 restiterit
3348 2968 3463 3041 (7),
3518 2970 3745 3039 ipsoque
3791 2970 3927 3039 jure

2313 3061 2613 3129 culpaverit
2640 3061 2744 3133 (8),
2768 3061 3004 3131 reliquos
3032 3074 3220 3116 omnes
3248 3069 3454 3115 tantum
3478 3060 3597 3115 ﬁdei
3626 3060 3926 3115 devotione

2315 3153 2367 3208 in
2391 3168 2456 3208 eo
2482 3154 2705 3208 vincens
2726 3162 2986 3223 quantum
3013 3152 3115 3208 loci
3140 3153 3463 3208 auctoritate
3486 3155 3773 3221 superabat
3800 3150 3921 3224 (9),

613 3270 821 3327 quasi),
852 3256 1092 3312 conlatis
1112 3257 1461 3313 suadebitur?
1488 3258 1659 3326 Quam
1679 3276 1834 3324 vana.
1856 3276 2019 3331 quam
2043 3261 2208 3316 stulta
2236 3240 2281 3303 C
2314 3249 2402 3317 qui
2430 3246 2497 3300 ab
2524 3246 2831 3301 errantibus
2860 3246 3117 3315 iujuriose
3148 3254 3407 3299 tractatus
3429 3244 3540 3317 (10)
3553 3259 3615 3299 ac
3648 3244 3931 3299 laceratus

614 3359 800 3405 nostra
842 3357 989 3405 esset
1035 3349 1250 3417 fiducia,
1294 3350 1340 3405 si
1387 3352 1731 3423 prmposteris
1777 3354 2210 3424 inquisitionihus

615 3443 832 3499 efficere
862 3442 1080 3499 tandem
1113 3459 1479 3514 speraremus,
1522 3455 1581 3501 ut
1633 3446 1939 3515 posthabito
1969 3457 2209 3503 veterum

612 3535 850 3607 judicio,
886 3536 1042 3591 nobis
1109 3536 1436 3593 assentiatur
1497 3549 1792 3609 nostraque
1854 3542 2213 3611 amplectatur

616 3642 802 3698 aequus
826 3642 1006 3684 rerum
1038 3630 1372 3686 aestimator?
1397 3629 1525 3688 Scio
1545 3631 1762 3702 quidem
1790 3647 1856 3689 ac
1898 3634 2210 3705 quotidiana

618 3720 778 3778 docet
825 3724 1158 3793 experientia
1214 3724 1483 3782 hesternis
1533 3727 1853 3798 quihusdam
1910 3729 2216 3785 hominibus

618 3831 747 3873 suos
774 3818 943 3888 magis
964 3819 1203 3875 arridere
1226 3820 1405 3881 fastus.
1425 3836 1630 3893 suaque
1652 3822 1890 3885 inventa,
1913 3838 2072 3894 quam
2093 3825 2215 3880 trita

620 3920 677 3968 et
725 3912 1040 3984 pervulgata
1089 3922 1333 3970 veterum
1396 3916 1725 3983 testimonia,
1778 3916 1997 3989 suisque
2041 3919 2218 3990 potius

619 4020 780 4077 quam
810 4007 1023 4062 illorum
1047 4007 1257 4077 placitis
1273 4007 1575 4079 indulgere.

691 4099 829 4169 Quid
853 4101 1023 4171 ergo?
1051 4099 1311 4170 Stephani
1358 4110 1503 4172 gesta
1536 4116 1635 4157 suo
1667 4102 1743 4158 illi
1770 4102 2060 4173 subjiciant
2087 4120 2218 4160 exa-

622 4194 757 4249 mini
792 4208 887 4263 per
916 4209 1004 4249 me
1032 4192 1180 4260 licet,
1207 4193 1535 4264 illorumque
1560 4197 1865 4265 miluitalem
1895 4198 1976 4253 vel
2010 4198 2222 4267 injusti-

620 4288 750 4344 tiam
780 4303 887 4343 non
911 4303 977 4343 ex
1006 4297 1247 4344 veterum
1266 4288 1493 4358 judicio,
1521 4289 1615 4345 sed
1639 4306 1705 4345 ex
1728 4290 1842 4345 suis
1873 4291 2221 4347 animadver-

624 4381 869 4437 sionibus
899 4380 1195 4445 stabiliant,
1222 4382 1293 4436 nil
1322 4392 1567 4437 veterum
1605 4384 1870 4449 omnium,
1900 4385 1991 4455 qui
2021 4386 2087 4440 de
2117 4385 2221 4456 Cy-

624 4476 798 4547 priani
850 4485 906 4531 et
958 4475 1217 4545 Stephani
1275 4476 1504 4531 dissldio
1558 4478 1824 4545 scripsere
1877 4479 2221 4547 testimoniis,

624 4577 793 4623 totum
820 4567 935 4623 suis
960 4567 1092 4623 dent
1119 4567 1608 4638 disquisitionibus,
1662 4584 1767 4625 non
1816 4572 2125 4637 intercedo;
2170 4584 2224 4630 at

622 4677 829 4734 quaeso,
858 4678 967 4717 non
1000 4662 1273 4718 illibentcr
1301 4661 1475 4717 ferant
1517 4679 1624 4729 me,
1670 4664 1755 4718 cui
1787 4674 1929 4721 tanta
1973 4666 2025 4721 in
2059 4682 2222 4722 exco-

623 4756 843 4828 gitando
870 4757 1066 4812 mentis
1103 4756 1434 4827 perspicacia
1458 4771 1717 4812 concessa
1749 4773 1855 4813 non
1908 4758 2027 4815 fuit.
2061 4760 2219 4815 sicuti

626 4866 728 4907 nec
756 4859 899 4906 tanta
941 4851 995 4906 in
1042 4850 1260 4921 judiciis
1304 4850 1541 4906 ferendis
1586 4851 1785 4921 ingenii
1824 4852 2121 4909 maturitas.
2152 4868 2219 4910 ex

622 4951 867 4998 veterum
904 4942 1230 4998 testimoniis
1276 4951 1460 4997 vetera
1489 4942 1831 5009 dignoscere,
1865 4951 2221 5014 veterumque

619 5034 839 5106 judiciis
890 5050 1007 5090 mea
1040 5048 1392 5104 componere.
1436 5033 1562 5089 Mihi
1594 5034 1895 5090 concedant
1944 5037 2221 5092 tenuitatis

626 5145 762 5185 mem
810 5130 1052 5192 conscio,
1105 5143 1205 5185 nec
1249 5137 1491 5185 veterum
1526 5128 1729 5199 judicia
1762 5128 2079 5196 reformare,
2127 5140 2220 5187 aut

625 5223 839 5278 saniora
868 5221 1115 5291 proferre
1140 5220 1361 5284 valenti,
1405 5236 1504 5293 pro
1553 5222 1831 5292 Religione
1876 5222 2097 5287 ducere,
2131 5224 2220 5280 ubi

626 5314 695 5371 de
722 5324 965 5373 veterum
993 5315 1160 5387 gestis
1184 5314 1385 5388 agitur,
1424 5313 1667 5386 probatis
1694 5330 1781 5372 me
1802 5324 1947 5373 stare
1975 5328 2219 5373 veterum

2318 3339 2439 3411 (11)
2462 3338 2643 3392 omnia
2668 3338 2809 3392 bono
2834 3338 3136 3407 pacis,qu:e
3158 3336 3283 3391 vicit
3310 3336 3362 3391 in
3389 3335 3553 3405 ipsius
3577 3334 3751 3390 corde
3780 3334 3927 3408 (12),

2316 3432 2495 3487 omnia
2527 3432 2667 3487 bono
2694 3431 2936 3495 unitatis,
2962 3444 3122 3501 quam
3150 3444 3370 3485 servare
3396 3428 3651 3483 studebat
3688 3429 3809 3499 (13)
3849 3430 3935 3481 vir

2318 3542 2539 3597 magnus
2569 3537 2621 3581 et
2643 3525 2811 3580 Pater
2836 3540 3024 3595 magna
3056 3523 3321 3580 charitate
3346 3521 3598 3593 praeditus
3630 3522 3750 3593 (14)
3778 3522 3935 3576 solli-

2316 3619 2420 3674 cita
2478 3620 2677 3688 pietate
2727 3618 3031 3674 toleraverit
3061 3616 3214 3689 (15),
3265 3625 3322 3672 et
3361 3614 3478 3671 haec
3508 3614 3779 3671 suﬂiciant
3830 3630 3935 3684 pro

2321 3712 2637 3768 vindicanda
2692 3713 2748 3768 S.
2783 3710 3041 3781 Stephani
3094 3710 3252 3767 Rom.
3296 3710 3576 3767 Pontiﬁcis
3624 3720 3813 3767 contra
3846 3726 3937 3767 re-

2320 3806 2652 3877 baptizautes
2682 3805 2875 3877 agendi
2907 3805 3135 3860 ratione.

2394 4032 2472 4100 (1)
2496 4032 2553 4085 1η
2584 4031 2921 4101 praefatione.

2501 4092 2754 4177 Vincent.
2787 4102 2956 4156 Lirin.
2987 4097 3324 4177 pommonit,
3353 4108 3475 4177 cap.
3513 4092 3577 4177 9,ἱ
3693 4172 3705 4177 Δ
3866 4167 3880 4177 .

2395 4103 2451 4167 (ε
2501 4103 2754 4158 Vincent.
2787 4103 2956 4156 Lirin.
2987 4103 3324 4161 Commonit,
3353 4108 3475 4165 cap.
3513 4103 3571 4147 υ.
3775 4164 3786 4175 ,

2395 4103 2476 4247 (5i
2511 4175 2837 4241 Augustinus
2858 4173 3067 4227 centies
3097 4172 3151 4227 in
3178 4170 3291 4224 suis
3317 4163 3726 4247 contragponat.
3752 4164 3942 4247 libris.

2324 4256 2376 4301 et
2402 4236 2529 4299 ‘cum
2564 4236 2679 4315 ipso
2708 4255 2920 4300 veteres
2947 4259 3137 4297 omnes
3157 4253 3392 4315 quorum
3422 4236 3735 4291 testimonia
3766 4236 3952 4294 refert

2325 4310 2678 4372 Tomassintts
2704 4316 2963 4370 dissertet.
2994 4331 3029 4369 ιι
3058 4315 3110 4368 in
3143 4310 3343 4368 Cbucil.

2402 4387 2481 4459 (4)
2511 4388 2827 4458 llieronym.
2860 4387 3053 4457 dialog.
3087 4386 3208 4439 adv.
3238 4380 3469 4452 Lucifer.
3511 4386 3569 4432 et
3612 4375 3952 4436 Vincentius

2326 4459 2495 4515 Lirin.
2529 4460 2628 4515 Ioc.
2652 4460 2745 4514 cit.

2373 4460 2495 4515 irin.
2529 4460 2628 4515 Ioc.
2652 4460 2745 4514 cit.

2400 4532 2482 4599 (5)
2515 4532 2713 4587 Euseb.
2749 4530 2947 4585 Hister.
2980 4529 3125 4583 Eccl.
3157 4527 3251 4599 lib.
3286 4538 3381 4587 vn,
3414 4535 3535 4599 cap.
3561 4519 3617 4574 5.

2404 4591 2483 4673 (6)
2516 4603 2802 4668 Augustin.
2837 4602 2927 4673 lih.
2965 4618 3024 4668 ιι,
3059 4601 3120 4653 de
3148 4597 3301 4673 Bapt.
3334 4609 3456 4664 cap.
3490 4591 3548 4647 8.

2400 4675 2481 4749 (7)
2506 4672 3018 4749 ξ’ἰιιοθῐιιίιιε-μτίιι,
3051 4674 3154 4726 Ioc.
3188 4672 3290 4749 cit;
3335 4741 3352 4749 Α
3495 4742 3508 4749 _
3547 4735 3560 4746 .
3702 4734 3739 4749 η
3821 4736 3835 4747 θ

2329 4734 2476 4869 rb(8)
2504 4746 2788 4834 Fat-undas
2818 4734 3095 4800 Hermian.
3122 4756 3218 4812 pro
3245 4736 3452 4821 Defens.
3490 4735 3673 4791 trium.
3698 4734 3939 4806 Capilli.

2355 4834 2367 4869 I
2440 4834 2493 4869 Χ.
2518 4832 2636 4869 can.
2663 4836 2697 4869 ι’)

2355 4816 2415 4871 ib
2440 4834 2493 4881 χ,
2518 4832 2636 4881 cap.
2663 4818 2697 4872 5
3382 4818 3385 4821 λ

2397 4833 2821 5025 (ἐΐδῗιῗίίρῗιιίηε
2849 4887 3017 4944 Lirin.
3038 4885 3141 4939 loc.
3172 4883 3265 4937 cit.

2424 4958 2513 5025 10)
2548 4958 2834 5014 Fau'undus
2860 4958 3134 5013 Hermian.
3170 4957 3265 5011 loc.

2424 4958 2513 5031 10)
2548 4958 2834 5014 Ρθνιιιιάιις
2860 4958 3134 5031 llermian.
3166 4957 3276 5031 loc.
3308 4953 3409 5031 cit:
3496 5021 3506 5031 .

2427 5021 2514 5104 11)
2542 5030 3079 5104 11ἰθτοιιγιηεάὶιιιορ.
3109 5027 3352 5104 adversus
3380 5021 3609 5104 Lucifer.

2426 5091 2512 5171 η)
2540 5091 2820 5171 Augustin.
2850 5102 2923 5157 lib
2953 5118 2984 5155 v
3014 5091 3076 5152 3e
3103 5098 3254 5171 Bent.
3290 5110 3409 5164 cap.
3439 5091 3530 5171 εξ,

2428 5162 2517 5233 1³5)
2552 5162 2810 5243 Augustin
2840 5173 2933 5225 lib.
2960 5188 3031 5229 VI.
3062 5171 3125 5243 de
3149 5167 3305 5243 βηρι.
3338 5162 3458 5235 cap.
3479 5162 3573 5243 22.

2433 5243 2520 5313 ιι)
2554 5235 2835 5313 Augustin.
2860 5244 2953 5297 lib.
2984 5259 3023 5308 ι,
3054 5242 3118 5313 de
3144 5240 3299 5313 13am.
3328 5253 3448 5303 cap.
3479 5235 3532 5313 ῖς

2432 5305 2519 5389 15)
2542 5305 2825 5387 Augustin.
2850 5314 2944 5371 lib.
2968 5305 3043 5383 vi,
3067 5312 3128 5367 de
3149 5305 3307 5381 Bapt.
3335 5321 3456 5377 Cap.
3484 5305 3577 5362 22.
