4208 6276
311 233 459 298 1515

1614 240 2422 315 ΗΙΒΤΟΒΙϐΟ-ΒΟΕΜΑΤΙΟΑ.

3475 258 3613 321 1514

316 393 3609 432 ’,μ-*ΜΝ

1123 624 2598 785 DISSERTATION
2604 639 2785 788 IS

1586 924 1880 1009 PARS
1940 922 2345 1009 PRIMA.

311 1171 708 1228 Aneuuearuu.
735 1194 807 1206 -
830 1161 980 1231 Quod
1030 1176 1095 1216 ea:
1121 1158 1184 1216 S.
1214 1156 1461 1229 Cypriani
1493 1154 1649 1225 facto,
1680 1151 1920 1206 adversus
1945 1154 2001 1214 Α
2025 1148 2329 1206 inerrantine
2375 1151 2611 1208 cultores
2642 1155 2842 1211 misero
2872 1156 2993 1213 huic
3019 1158 3426 1221 Neoterieorum
3457 1180 3617 1241 argu-

382 1276 670 1333 supremam
696 1267 743 1313 et
790 1252 1218 1328 irreformabilem
1246 1251 1299 1304 in
1327 1244 1631 1316 deﬁniendis
1654 1242 1774 1314 ﬁdei
1791 1257 1912 1295 con-

386 1355 638 1412 troversiis
658 1351 880 1408 Romani
898 1347 1156 1421 pontiﬁcis
1177 1343 1529 1399 auctoritatem
1551 1334 1849 1394 extunditur
1866 1342 1912 1389 et

382 1456 587 1520 urgetur
624 1452 1000 1517 argumentum,
1078 1453 1291 1493 uacuum
1312 1453 1345 1489 a
1382 1430 1768 1506 sapientissimis
1790 1427 1914 1483 Gal-

314 1604 341 1615 “
383 1543 468 1598 lite
495 1539 744 1611 theologis
771 1547 818 1594 et
843 1537 998 1591 inane
1016 1532 1309 1603 conﬁcitur,
1339 1546 1401 1585 ac
1432 1530 1632 1601 penitus
1654 1525 1909 1581 evertitur.

385 1738 749 1807 Quaecumque
778 1734 938 1790 fuerit
954 1747 1018 1789 ac
1039 1730 1318 1803 jactitetur
1345 1729 1404 1787 S.
1428 1724 1684 1797 Cypriani
1714 1723 1769 1778 in
1790 1737 1917 1777 cau~

313 1846 373 1889 sa
402 1830 750 1902 Baptismatis
776 1825 1155 1882 barreticorum
1178 1822 1230 1877 in
1249 1820 1582 1890 Stephanum
1611 1813 1913 1871 disserendi

314 1935 369 1983 et
393 1923 584 1996 agendi
609 1923 771 1989 ratio,
798 1922 873 1977 nil
897 1920 1022 1976 inde
1054 1928 1242 1976 contra
1276 1929 1583 1986 supremam
1619 1921 1675 1968 et
1716 1908 1913 1965 iul'alli-

315 2017 478 2073 bilem
511 2015 739 2071 Romani
767 2011 1035 2085 pontiﬁcis
1074 2010 1129 2064 iu
1172 2006 1493 2064 deﬁniendis
1537 2003 1660 2060 ﬁdei
1693 2009 1912 2058 centro-

314 2108 488 2163 versis
533 2106 907 2162 auctoritatem
936 2102 1115 2172 colligi
1167 2108 1364 2171 potest,
1407 2098 1453 2153 si
1494 2097 1746 2168 agitatam
1789 2105 1917 2148 tunc

315 2199 577 2272 temporis
606 2199 676 2255 de
702 2193 1101 2268 rebaptizandis
1132 2192 1404 2249 haereticis
1424 2189 1780 2261 quaestionem
1808 2202 1913 2241 non

317 2293 470 2362 ﬁdei,
496 2293 594 2351 sed
635 2307 801 2348 mera:
829 2288 1127 2360 disciplinae
1154 2303 1266 2343 rem
1294 2300 1415 2343 esse
1443 2284 1659 2341 censuit
1690 2281 1918 2338 Cartha-

319 2388 561 2462 giuensis
606 2387 852 2442 antistes.
889 2384 948 2440 ld
976 2391 1188 2439 constat
1225 2381 1367 2452 apud
1398 2393 1587 2435 omnes
1616 2389 1779 2448 atque
1805 2377 1916 2431 evi—

320 2480 699 2539 dentissimum
730 2488 815 2535 est
834 2520 848 2546 ,
894 2480 989 2550 qui
1017 2477 1162 2533 enim
1211 2474 1586 2547 praescriptum
1610 2488 1641 2528 a
1672 2473 1917 2527 ltomauo

2016 1251 2199 1297 meutn
2226 1244 2370 1298 omni
2394 1261 2458 1300 ex
2488 1256 2639 1316 parte
2666 1249 2872 1304 nutanti
2896 1265 2959 1305 ac
2975 1252 3265 1319 vacillanti,
3291 1259 3537 1327 pluribus
3562 1270 3619 1319 et

2015 1335 2231 1406 quidem
2250 1337 2439 1392 solidis
2465 1340 2902 1411 responsionibus
2919 1344 3253 1412 occurrisse;
3277 1358 3331 1404 at
3352 1367 3474 1409 meo
3497 1356 3617 1425 qui-

2016 1428 2139 1485 dem
2159 1429 2364 1500 judicio
2407 1447 2566 1487 nemo
2598 1435 2892 1504 potentius,
2944 1454 3105 1494 nemo
3146 1441 3393 1511 validius,
3453 1463 3615 1517 quam

2016 1523 2203 1580 Gallia:
2231 1525 2503 1593 doctores,
2535 1526 2662 1583 dum
2695 1528 2812 1585 haec
2841 1530 2949 1587 duo
3000 1535 3340 1603 apertissime
3384 1537 3615 1609 docent,

2017 1625 2076 1671 ut
2105 1616 2324 1671 totidem
2352 1619 2617 1688 capitibus
2638 1621 2973 1689 probandum
2991 1626 3352 1697 aggredimur,
3385 1630 3440 1685 1ο
3458 1648 3611 1689 ηθηιο

2019 1716 2085 1772 pe
2115 1701 2174 1757 S.
2205 1700 2532 1773 Cyprianum
2564 1708 2817 1776 agitatam
2848 1717 2973 1763 tunc
3006 1715 3261 1781 temporis
3288 1716 3356 1768 de
3382 1718 3617 1788 rebapti-

2017 1792 2204 1849 zandis
2221 1794 2488 1852 haereticis
2508 1799 2882 1867 quaestionem,
2908 1816 3014 1855 non
3036 1802 3103 1858 ad
3127 1804 3274 1871 ﬁdei,
3308 1807 3401 1862 sed
3421 1808 3490 1864 ad
3508 1825 3619 1866 meo

2017 1901 2093 1941 rm
2114 1887 2246 1990 disci
2253 1888 2413 1959 plina:
2433 1900 2593 1990 caput
2609 1907 2928 1961 revocasse;
2948 1895 3075 1953 2°S.
3102 1899 3426 1970 Cyprianum
3452 1905 3621 1974 probe

2018 1982 2261 2047 novisse,
2291 1997 2452 2052 quam
2481 1982 2790 2054 Stephanus
2819 1986 3095 2046 Romanus
3117 1993 3354 2062 pontifex
3382 1997 3622 2055 vindica-

2019 2074 2111 2130 bat
2133 2076 2602 2147 consuetudinem,
2633 2080 2955 2138 universalis
2980 2083 3237 2143 Ecclesiae
3289 2088 3456 2147 fuisse
3491 2107 3622 2149 con-

2018 2169 2380 2226 suetudinem.

2553 2310 2786 2369 CAPUT
2809 2314 3094 2374 PRIMUM.

2021 2463 2198 2522 JUXTA
2227 2482 2595 2526 UNIVEBSALEII
2622 2487 2828 2530 αλιυδ
2855 2490 3247 2535 τηεοιοςοιωιι
3275 2494 3342 2536 AC
3368 2493 3621 2538 SCRIPTO'

321 2574 580 2646 pontiﬁce
603 2572 821 2644 aliquod
850 2570 1151 2640 disciplinae
1187 2578 1349 2639 caput
1374 2566 1627 2638 amplecti
1675 2573 1911 2637 recusat,
1946 2555 1995 2616 B
2094 2576 2201 2616 nui
2240 2576 2539 2618 DOCTRINAI
2565 2580 2610 2619 s.
2639 2580 2930 2624 CYPRIANUS
2977 2585 3244 2627 minuit
3271 2588 3391 2628 arvo
3432 2589 3531 2630 suo
3554 2590 3623 2631 nu

321 2686 431 2727 non
474 2678 757 2741 prepterea
787 2667 1087 2722 Romanum
1135 2664 1443 2735 pontiﬁcem
1500 2662 1551 2716 in
1599 2659 1920 2716 deﬁniendis

322 2763 448 2819 ﬁdei
492 2760 882 2818 controversiis
929 2758 1104 2815 errori
1136 2757 1430 2812 obnoxium
1466 2767 1588 2809 esse
1621 2760 1805 2822 putat,
1840 2749 1919 2805 sic

322 2854 477 2925 plura
503 2850 801 2922 disciplina:
822 2851 996 2921 capita
1026 2851 1078 2904 in
1106 2847 1423 2903 Tridentin
1453 2843 1687 2900 concilio
1714 2841 1919 2897 saucita

322 2945 495 3004 Gallia
526 2944 747 2999 minime
776 2944 1002 3014 recepit,
1030 2957 1150 3013 qua:
1199 2949 1377 2993 tamen
1408 2934 1743 2991 infallibilem
1775 2933 1829 2987 in
1859 2934 1919 2986 ﬁ-

320 3038 410 3097 dei
452 3038 631 3095 causis
658 3037 1038 3093 auctoritatem
1061 3032 1391 3091 'l‘rideutiuae
1431 3028 1640 3102 synodo
1680 3025 1921 3082 adimere

321 3150 616 3207 numquam
641 3133 882 3205 profecto
905 3131 1181 3203 cogitavit.
1205 3128 1374 3184 Porro
1394 3121 1780 3196 sapientissimi
1800 3119 1924 3177 Gal-

320 3231 409 3288 lia:
424 3229 657 3301 theologi
676 3241 996 3284 cancrorum
1012 3222 1298 3296 poutiﬁeia:
1315 3217 1626 3276 inerrantire
1647 3215 1921 3273 vindicum

321 3325 570 3381 semitam
590 3323 817 3395 ingressi
842 3322 1019 3393 palam
1036 3324 1337 3391 agnoscunt
1358 3326 1411 3371 et
1428 3314 1663 3371 unanimi
1686 3326 1921 3368 concen-

319 3429 379 3476 tu
407 3419 627 3475 tradunt
646 3428 811 3474 totam
834 3416 981 3471 illam
1003 3414 1071 3470 de
1092 3410 1487 3482 rebaptizandis
1506 3407 1774 3464 haereticis
1790 3419 1926 3461 cou-

322 3515 639 3571 troversiam
670 3514 732 3569 S.
772 3511 1045 3583 Cypriauo
1074 3506 1243 3563 visam
1274 3509 1438 3562 fuisse
1475 3519 1589 3560 rem
1619 3518 1725 3558 non
1758 3498 1918 3566 ﬁdei,

320 3607 419 3664 sed
461 3621 626 3664 merze
668 3604 989 3677 disciplinae,
1017 3618 1120 3674 qua
1153 3615 1285 3657 sane
1307 3598 1552 3655 doctrina
1590 3596 1666 3652 nil
1694 3594 1923 3650 validius

320 3701 390 3757 ad
417 3698 839 3758 subverteudum
861 3697 1004 3770 quod
1024 3712 1093 3754 ex
1110 3692 1363 3767 Cypriani
1384 3690 1525 3746 facto
1548 3688 1809 3745 neoterici
1826 3686 1922 3742 ad-

319 3811 512 3854 versus
541 3794 874 3868 pontiﬁciam
908 3789 1257 3849 inerrantiam
1287 3788 1603 3856 intorquent
1629 3795 1922 3853 argumen-

320 3898 458 3947 tum.

395 4003 664 4060 Praeterea
690 4010 795 4058 tam
826 3999 1125 4058 decretoria
1146 3994 1500 4067 responsione
1522 3990 1759 4048 nondum
1788 4003 1919 4044 con-

322 4100 481 4165 tenti,
513 4108 572 4155 ut
590 4113 689 4156 suo
717 4096 931 4155 tuendae
951 4093 1192 4151 veritatis
1212 4100 1267 4149 et
1287 4088 1573 4163 pontiﬁcize
1589 4084 1921 4141 auctoritatis

320 4193 502 4249 studio
533 4193 703 4265 magis
729 4207 795 4247 ac
816 4188 987 4261 magis
1009 4187 1246 4243 lacerent
1271 4183 1424 4247 satis,
1446 4181 1670 4237 ulterius
1702 4192 1924 4249 progre-

322 4286 543 4343 diuntur
564 4284 943 4357 sapientissimi
966 4281 1155 4338 Galliae
1167 4281 1440 4342 doctores,
1459 4284 1619 4345 atque
1633 4271 1925 4329 ostendunt

320 4381 467 4438 istud
494 4378 746 4453 Cypriani
775 4375 1084 4448 exemplum
1115 4390 1221 4430 non
1254 4370 1424 4442 magis
1453 4369 1629 4441 urgeri
1665 4380 1824 4437 posse
1854 4363 1922 4419 ad

320 4473 666 4532 inﬁciaudam
690 4471 921 4526 Romani
958 4467 1230 4542 pontiﬁcis
1250 4506 1265 4530 ,
1298 4479 1457 4535 quam
1508 4460 1766 4517 Ecclesia:
1798 4456 1921 4513 uni-

321 4565 551 4624 versalis
578 4562 952 4644 inerrantiam.
989 4561 1141 4617 Enim
1174 4573 1308 4614 vero
1336 4572 1433 4627 pro
1458 4562 1611 4611 certo
1643 4560 1830 4608 tenent
1858 4564 1923 4606 ac

322 4662 522 4719 docent
549 4660 607 4720 S.
630 4656 957 4732 Cyprianum
984 4654 1153 4726 probe
1183 4652 1399 4708 novisse
1424 4665 1583 4721 quam
1613 4645 1923 4717 Stephanus

322 4754 603 4811 Romanus
620 4750 860 4824 pontifex
874 4747 1178 4805 vindicabat
1202 4744 1671 4811 consuetudinem,
1701 4743 1922 4797 univer-

322 4850 454 4906 salis
494 4846 751 4903 Ecclesia:
795 4843 964 4899 fuisse
1003 4838 1451 4897 consuetudinem
1496 4852 1564 4893 ex
1613 4851 1720 4904 quo
1750 4835 1923 4890 maui-

320 4940 618 4997 festissime
657 4936 901 5008 sequitur
948 4932 1090 5004 quod
1140 4932 1185 4985 si
1232 4928 1533 5002 Cyprianus
1586 4927 1922 4997 Stephanum

320 5033 473 5089 illam
504 5031 788 5087 hzereticos
839 5022 1044 5097 absque
1105 5039 1246 5081 novo
1299 5024 1575 5095 Baptismo
1628 5020 1921 5091 recipiendi

316 5125 771 5184 consuetudinem
798 5130 1132 5180 asserentcm
1164 5120 1217 5174 in
1248 5118 1353 5172 ﬁde
1397 5131 1604 5178 errare,
1641 5114 1725 5171 vel
1752 5114 1924 5170 errori

315 5222 619 5279 obnoxium
670 5218 952 5292 judicavit,
1013 5225 1072 5271 ut
1117 5213 1307 5270 volunt
1353 5209 1659 5273 Neoterici,
1717 5208 1770 5263 in
1820 5206 1926 5262 ﬁde

315 5316 529 5389 pariter
598 5328 822 5381 errare,
866 5311 950 5367 vel
1000 5307 1174 5366 errori
1227 5304 1517 5361 obnoxiam
1564 5300 1778 5357 censuit
1823 5300 1925 5356 Ec-

314 5411 543 5468 clesium
575 5407 905 5473 universam,
936 5418 1096 5475 quam
1153 5398 1361 5456 sciebat
1414 5412 1511 5467 pro
1565 5394 1753 5450 eadem
1806 5396 1926 5448 Stc-

317 5502 489 5576 phani
520 5496 912 5557 consuetudine
938 5494 1202 5554 militare:
1237 5490 1379 5546 unde
1409 5488 1559 5544 vides
1589 5488 1690 5542 hoc
1720 5485 1922 5542 Neote-

318 5598 561 5655 ricorum
593 5599 913 5667 argumento
934 5603 1086 5661 aeque
1111 5587 1416 5657 impetitum
1438 5581 1501 5636 iri
1532 5580 1760 5637 Romani
1788 5595 1926 5652 pon-

320 5689 483 5748 tiﬁcis
532 5696 588 5745 et
626 5684 887 5744 Ecclesia:
918 5678 1234 5738 universalis
1276 5673 1727 5731 inlallibilitatem.
1775 5672 1927 5729 Haud

319 5794 414 5842 me
442 5781 573 5838 latet
602 5785 921 5835 cacterarum
975 5771 1253 5829 nationum
1304 5766 1588 5840 theologos
1636 5763 1926 5838 pontiﬁciae

2097 2667 2508 2711 REBAPTIZANDIS
2529 2672 2825 2715 ωειιετιςιε
2842 2676 3212 2729 ρυεετιοκειι,
3229 2679 3333 2720 NON
3353 2682 3422 2721 AD
3438 2682 3621 2736 ειυεκ,

2096 2757 2193 2800 SED
2223 2762 2293 2801 AD
2327 2763 2508 2804 ΜΕΒΔΜ
2538 2765 2869 2808 υιεοιριιΝΑκ
2895 2769 3197 2812 PEBTINEBB
3238 2772 3548 2814 ιυυιοΑΒΑτ.

2100 2923 2569 2985 Eminentissimus
2593 2931 2883 2989 cardinalis
2905 2933 2973 2990 de
3002 2933 3161 3001 Bissi,
3184 2936 3473 3008 episcopus
3494 2936 3630 2995 Mel-

2023 3016 2227 3087 densis,
2272 3021 2325 3076 in
2367 3038 2467 3078 suo
2505 3023 2833 3081 documento
2878 3028 3131 3097 pastorali
3180 3044 3270 3085 an.
3310 3029 3477 3099 i728,
3510 3030 3626 3087 haec

2025 3106 2190 3166 habet
2208 3120 2344 3179 part.
2368 3129 2428 3181 ll,
2454 3133 2473 3167 ‹
2497 3116 2649 3186 juxta
2675 3126 2999 3175 sententiam
3027 3120 3262 3191 plurium
3286 3123 3625 3179 eruditorum

2027 3202 2404 3276 theologorum
2432 3209 2659 3277 quaestio
2677 3210 2744 3266 de
2770 3211 3043 3283 Baptismo
3057 3213 3432 3272 haereticorum
3453 3214 3628 3288 S.Cy-

2023 3295 2197 3365 priani
2218 3313 2461 3369 tempore
2472 3301 2818 3372 judicabatur
2833 3304 2900 3360 ad
2918 3304 3256 3377 disciplinam
3274 3309 3451 3379 potius
3462 3325 3624 3381 quam

2025 3389 2093 3444 ad
2118 3389 2278 3446 ﬁdem
2307 3394 2594 3463 pertinuere.
2626 3396 2946 3466 Enimvero,
2990 3398 3048 3455 S.
3099 3398 3400 3471 Cyprianus
3428 3401 3627 3472 saepius

2026 3486 2222 3542 asserit
2240 3489 2536 3557 quemlibet
2561 3492 2873 3564 episcopum
2894 3493 3107 3564 plenam
3128 3495 3326 3551 habere
3353 3495 3625 3553 diversum

2026 3574 2079 3630 in
2107 3576 2210 3633 hoc
2238 3581 2454 3650 negotio
2470 3582 2663 3653 agendi
2688 3582 3031 3653 facultatem;
3064 3587 3209 3643 itane
3238 3587 3385 3658 loqui
3418 3589 3626 3658 potuis-

2026 3677 2109 3723 set
2126 3668 2194 3724 de
2219 3672 2521 3740 quaestione
2541 3690 2700 3744 quam
2728 3677 3031 3733 censuisset
3055 3676 3123 3733 ad
3141 3678 3302 3735 ﬁdem
3329 3680 3628 3752 pertinere?

2026 3759 2489 3827 Quemadmodum
2519 3774 2698 3821 autem
2728 3778 2936 3824 eertum
2980 3778 3065 3825 est
3111 3771 3438 3841 peculiarem
3465 3774 3630 3831 disci-

2027 3853 2225 3923 plinam
2257 3871 2288 3911 a
2313 3858 2551 3927 qualibet
2569 3861 2797 3917 ecclesia
2820 3863 3078 3919 nationali
3099 3864 3171 3921 ita
3194 3868 3417 3925 retineri
3441 3884 3626 3942 posse,

1949 3950 1995 4012 ο
2028 3946 2165 4001 utad
2188 3962 2308 4003 eam
2328 3951 2642 4007 mutandam
2667 3953 2960 4013 aRomano
2984 3959 3243 4027 pontiﬁce
3263 3960 3489 4032 obligari
3519 3977 3628 4019 non

2026 4041 2215 4111 possit,
2266 4042 2325 4099 S.
2356 4044 2657 4116 Cyprianus
2702 4058 2756 4103 et
2800 4050 3041 4121 episcopi
3072 4052 3312 4109 Africani
3354 4065 3627 4126 poterant,

2024 4136 2173 4190 salva
2202 4136 2511 4194 obedientia
2532 4140 2656 4197 Sedi
2677 4143 2990 4213 apostolicae
3017 4144 3224 4215 debita,
3243 4147 3388 4205 illius
3409 4148 3632 4208 decreto

2024 4244 2133 4286 nou
2152 4230 2660 4304 obtemperareﬂl:
2686 4254 2706 4288 ι
2730 4236 2796 4291 Ει
2820 4235 2874 4291 in
2897 4236 3114 4295 docum.
3138 4249 3342 4311 pastor.
3363 4242 3624 4300 an.i7‘25.

2032 4323 2343 4393 «Quotidie,
2380 4326 2573 4398 inquit,
2617 4340 2984 4403 propugnatur
3012 4332 3064 4388 in
3112 4334 3313 4391 scholis
3343 4336 3628 4393 catholicis

2027 4415 2096 4471 de
2114 4432 2217 4471 una
2234 4416 2566 4489 Cyprianum
2589 4419 2730 4479 inter
2745 4432 2800 4481 et
2818 4422 3152 4495 Stephanum
3167 4427 3450 4500 disciplina
3468 4428 3633 4487 fuisse

2029 4507 2385 4580 disputatum.
2405 4510 2487 4585 (2)
2501 4531 2521 4567 ι

2099 4621 2504 4682 lllustrissimus
2548 4624 2815 4700 Languet,
2855 4628 2991 4686 alias
3025 4630 3437 4691 Suessionensis
3461 4634 3633 4690 antis-

2031 4725 2133 4786 tes,
2161 4735 2303 4775 nunc
2330 4721 2665 4778 Scuonensis
2690 4724 3134 4797 archiepiscopus
3159 4728 3212 4783 in
3239 4729 3394 4785 tertia
3423 4728 3491 4785 ad
3519 4731 3633 4800 cpi-

2029 4830 2182 4887 scop.
2202 4816 2602 4873 Bononienscm
2625 4818 2879 4888 epistola,
2897 4820 3019 4875 data
3039 4821 3125 4877 die
3146 4822 3217 4880 25
3237 4822 3365 4879 maii
3383 4839 3471 4880 an.
3492 4823 3635 4879 i722

2037 4927 2056 4961 ι
2084 4909 2145 4965 S.
2177 4909 2481 4980 Cyprianus
2506 4900 2660 4966 suam
2688 4910 2758 4965 de
2786 4910 3061 4981 Baptismo
3093 4914 3473 4971 haereticorum
3509 4930 3633 4971 cum

2029 4999 2273 5056 Romana
2301 5001 2442 5058 Sede
2472 5005 2936 5060 concertationem
2967 5013 3028 5060 ut
3054 5018 3310 5075 punctum
3328 5021 3494 5063 merae
3522 5006 3633 5064 dis-

2028 5089 2243 5161 ciplina:
2267 5092 2521 5159 habebat,
2546 5094 2692 5165 quod
2720 5093 2882 5151 ﬁdem
2903 5095 3209 5152 nullatenus
3227 5096 3542 5168 spectabat;
3566 5098 3636 5156 de

2030 5181 2134 5238 hoc
2168 5185 2499 5240 conveniunt
2539 5185 2739 5242 eruditi
2776 5195 2898 5257 post
2926 5186 3113 5243 divum
3163 5189 3576 5264 Hieronymum.
3610 5210 3630 5246 ο

2028 5273 2175 5332 Idem
2199 5278 2396 5347 repetit
2414 5277 2465 5331 in
2488 5277 2656 5334 altera
2680 5277 2909 5348 epistola
2934 5278 3000 5334 ad
3024 5281 3337 5352 episeOpuui
3361 5281 3635 5340 Autissio-

1950 5344 2003 5404 Ῑ)
2027 5369 2177 5438 dor.,
2208 5344 2411 5442 scripta
2440 5369 2529 5427 die
2556 5370 2629 5427 25
2657 5344 2966 5429 decembris
2996 5344 3160 5440 “'22,
3194 5344 3344 5429 num.
3376 5371 3467 5430 27.
3492 5374 3630 5432 Item

2102 5549 2121 5618 (
2132 5549 2180 5620 l)
2204 5547 2760 5620 [instructionpaston
2779 5558 2972 5605 coutre
2992 5547 3188 5620 l'appel
3217 5547 3472 5619 interjeté
3491 5548 3561 5607 de
3588 5549 3639 5608 la

2029 5618 2177 5693 bulle
2207 5618 2369 5693 _Unig.
2419 5634 2489 5674 au
2524 5618 2672 5674 futur
2697 5620 2906 5677 coneile
2934 5618 3179 5693 general,
3210 5632 3334 5693 pag.
3364 5618 3457 5693 6'5.

2103 5692 2187 5773 (2),
2206 5689 2366 5773 lustr.
2388 5699 2922 5773 pastorzfontenaut
2943 5689 2993 5749 la
3021 5689 3323 5751 rél‘utatioii
3353 5692 3486 5750 d’uu
3513 5691 3626 5748 écri

2031 5762 2247 5835 adepté,
2274 5772 2409 5836 etc.,
2433 5778 2556 5836 pag.
2581 5762 2671 5819 55.
