4116 6258
214 307 331 365 1517

212 444 446 499 varietate
472 441 686 501 diversa
717 453 837 498 esse
864 447 1106 511 poterat;
1139 438 1210 494 ita
1255 437 1624 506 Firmilianus,
1667 437 1778 510 qui,

209 547 333 598 etc;
361 535 428 594 ita
453 535 510 590 8.
542 532 862 604 Cyprianus.

271 630 460 692 Auctor
488 624 885 690 dissertationis
914 625 1122 694 gallica:
1153 634 1338 682 contra
1365 622 1783 694 appellationem

207 733 234 784 ει
258 716 631 787 copSLitutione
667 714 974 786 Unigeuitus
1005 717 1070 772 ad
1105 716 1344 772 futurum
1371 715 1677 780 concilium.
1705 714 1784 768 sic

209 810 452 879 loquitur:
480 826 497 857 ‹
525 807 619 863 SS.
647 806 958 876 Stephanus
981 817 1035 863 et
1055 808 1357 880 Cyprianus
1386 808 1525 861 hanc
1552 806 1618 864 de
1647 805 1786 878 Bap-

205 901 344 973 tismo
365 899 740 956 haereticorum
761 901 1114 971 qumstiqnem
1133 899 1199 954 ad
1221 915 1421 958 meram
1443 898 1781 969 disciplinam

205 991 532 1064 revocabant.
566 1009 585 1042 ι
620 990 866 1066 Etpaulo
885 1002 1006 1062 post
1032 1010 1044 1052 ;
1073 1010 1090 1066 ᾳ
1118 991 1370 1063 Cypriani
1393 991 1652 1062 adversus
1666 989 1786 1054 Ste-

207 1083 422 1154 phanum
451 1083 760 1148 resistentia
788 1083 949 1150 aliter
975 1085 1228 1154 excusari
1257 1101 1361 1138 non
1393 1091 1592 1156 potest,
1624 1095 1785 1160 quam

206 1175 312 1246 quia
333 1190 492 1230 causa
519 1175 587 1234 de
614 1174 890 1248 Baptisnto
921 1174 1298 1246 hiereticorum
1324 1177 1574 1247 utrinque
1611 1177 1784 1245 agita‘

205 1267 343 1334 batur
373 1279 426 1334 ut
452 1271 679 1342 qmustit)
703 1270 885 1339 praxis
915 1286 977 1336 ac
1007 1285 1155 1339 pura:
1189 1269 1507 1340 disciplina}.
1545 1287 1565 1326 ›

268 1382 593 1446 Petitdidier,
615 1383 779 1438 abbas
799 1384 981 1440 Sancti
1001 1385 1143 1440 Petri
1160 1383 1512 1449 Senonensis,
1539 1384 1596 1438 in
1608 1398 1707 1444 suo
1725 1383 1789 1439 de

205 1475 569 1544 lnfallibititate
589 1475 873 1544 pontiﬁcio,
893 1476 1085 1546 gallico
1109 1486 1356 1541 tractatu,
1378 1489 1498 1544 cap.
1521 1475 1555 1529 6
1582 1492 1594 1527 :
1627 1492 1646 1528 ι
1675 1473 1787 1529 lloc

203 1570 389 1643 itaque,
427 1587 447 1624 ι
484 1570 677 1639 inquit,
704 1587 722 1622 ι
755 1579 1072 1624 constanter
1091 1581 1144 1624 et
1168 1569 1473 1634 certiSsime
1494 1567 1787 1632 tenendum

205 1673 297 1728 est,
315 1663 664 1732 quaestionem
682 1662 747 1719 de
762 1662 1090 1732 Baptismate
1115 1662 1492 1716 hmreticorum
1517 1661 1788 1731 Cypriane

210 1755 364 1818 visam
390 1754 556 1816 fuisse
584 1766 845 1823 punctum
867 1770 1029 1812 mera:
1054 1754 1376 1822 disciplinw.
1402 1772 1421 1818 ρ

1475 292 2297 376 ιιιδτριιιερτροβιιιιτιολι.

1808 413 1863 475 Α
1888 413 2158 467 cramentis
2185 431 2199 466 :
2239 432 2256 465 ι
2284 411 2472 486 Totam
2505 411 2664 477 hanc,
2702 412 2902 484 inquit,
2935 414 3362 488 controversiam
3395 418 3488 487 (de

3351 291 3498 372 ists

1890 506 2035 575 bapt.
2069 503 2294 577 hzerct.)
2325 506 2597 576 pertinere
2617 506 2686 560 ad
2706 507 3070 572 disciplinam,
3101 509 3152 562 in
3177 525 3276 582 qua
3297 511 3493 580 cuique

1888 597 2115 652 liberum
2149 606 2230 652 est
2253 598 2454 667 sentire
2485 612 2547 662 ac
2572 596 2747 674 facere
2764 598 2904 674 quod
2929 598 3116 667 vellet,
3145 601 3492 656 existimabat

1886 686 2216 762 Cyprianus;
2266 708 2283 741 ι
2335 689 2492 760 idque
2539 673 2629 761 (1)ί
2657 690 2838 745 tnultis
2874 673 2878 678 ”
2909 690 3104 762 probat
3158 693 3492 766 argumentis

1888 799 2009 860 pag.
2043 785 2142 856 157
2173 793 2227 864 et
2253 798 2409 858 seqq.
2565 804 2582 817 ι
3225 777 3230 780 ’

1959 877 2191 942 Jacobus
2236 878 2532 950 llyaeintus
2575 879 2758 956 Serri,
2813 879 3002 950 doctor
3052 881 3384 940 Sorbonicus
3437 883 3495 942 in

1889 987 1984 1054 sua
2029 972 2091 1024 de
2141 972 2374 1048 lloutano
2412 961 2667 1041 Pontiﬁce
2696 963 2813 1052 [alii
2859 986 2905 1029 et
2947 976 3130 1044 fallere
3170 978 3337 1030 nescio
3379 977 3493 1033 dis-

1890 1065 2207 1134 sertatione,
2233 1065 2373 1119 edita
2403 1066 2674 1134 an.‘_l754,
2709 1083 2826 1136 cap.
2855 1070 2905 1132 8,
2938 1082 3054 1138 pag.
3084 1069 3153 1124 5:2
3176 1087 3187 1122 :
3210 1087 3228 1120 ι
3253 1069 3493 1139 Reponi-

1891 1175 2043 1224 mns,
2087 1178 2104 1211 ι
2140 1161 2334 1230 inquit,
2375 1180 2393 1210 ‹
2429 1159 2611 1226 divum
2642 1157 2972 1231 Cyprianum
3000 1174 3335 1233 caaterosque
3354 1165 3496 1232 epis-

1890 1265 2056 1320 copos
2070 1249 2358 1305 Africanos
2385 1253 2730 1328 existimasse
2745 1253 3100 1324 quaestionem
3134 1253 3202 1309 de
3233 1255 3493 1325 rebaptis.

1892 1344 2163 1399 haireticis
2185 1346 2249 1420 ad
2279 1343 2835 1416 meramjdisciplinam
2861 1357 3312 1418 spcctare,nequa
3332 1364 3494 1419 quam

1889 1434 1955 1488 ad
1987 1435 2178 1500 tidem;
2212 1434 2439 1506 ideoque
2477 1437 2551 1490 nil
2608 1437 2802 1518 miruu'l
2856 1436 2900 1492 si
2958 1437 3179 1493 decreto
3229 1438 3496 1510 Stephani

1893 1529 2048 1597 primi
2079 1527 2141 1580 ll.
2173 1528 2233 1580 P.
2264 1529 2576 1582 obstiterint
2612 1528 2885 1596 Africani,
2929 1530 3073 1599 quod
3109 1546 3304 1602 nempe
3338 1542 3496 1601 puta-

1895 1619 2008 1672 'rint
2035 1619 2305 1674 Ecclesias
2339 1630 2450 1673 toto
2494 1619 2625 1674 orbe
2659 1618 2879 1674 ditl‘usas
2922 1636 3026 1674 non
3068 1623 3288 1676 omnino
3327 1623 3498 1677 teneri

1891 1709 1957 1764 ad
2004 1709 2258 1765 Ecclesiae
2308 1710 2565 1765 Romanae
2618 1710 2958 1786 disciplinain
3014 1713 3066 1766 in
3103 1714 3355 1770 omnibus
3384 1731 3499 1769 am-

272 1801 1415 1916 ἐξέτι,ξ’ἱῑοῖἱξιζᾷῐιῐζ’ῑιζξῆξιέιιῑιξἰξὲιλξξιῇίῖ
1436 1862 1692 1918 ωηεν...
1725 1847 1784 1903 s.
1817 1811 1869 1890 Β
1899 1804 2499 1918 ξ’ξῖίῖιξῖξξάῇξξχξξξξξξδ
2524 1805 2643 1918 ἐπίδυε
2676 1801 2834 1860 "de"
3257 1809 3496 1878 θηινιεο·

207 1939 376 2003 Mauri,
397 1941 447 1994 in
465 1955 563 1994 suo
585 1941 647 1992 de
669 1941 914 2010 Epistolis
938 1939 1289 1998 Romanorum
1311 1942 1611 2010 pontiﬁcum
1629 1955 1794 2010 opere

206 2031 309 2087 hec
339 2033 495 2088 habet
527 2051 538 2092 :
576 2051 594 2098 ᾳ
621 2031 696 2106 Ne
729 2034 892 2108 igitur
936 2035 1170 2112 majores
1201 2050 1328 2088 suos
1355 2049 1419 2088 ac
1457 2045 1621 2088 totam
1655 2047 1794 2102 pene

205 2126 484 2190 Ecclesiatn
504 2127 762 2210 damnare
781 2127 1080 2204 Cyprianus
1101 2127 1395 2198 videretur,
1414 2131 1791 2200 episcoporum

206 2223 478 2296 unicuique
507 2225 758 2302 permisit
785 2225 989 2296 sentire
1014 2223 1103 2295 vel
1127 2238 1292 2294 agere
1324 2222 1464 2293 quod
1488 2222 1682 2278 melius
1701 2221 1793 2292 ju-

205 2314 417 2380 dicaret;
440 2315 670 2392 ideoque
687 2318 843 2389 istam
864 2315 1218 2388 quaestionem
1241 2314 1331 2385 (de
1350 2315 1414 2382 ba
1423 2315 1548 2385 ptis.
1575 2311 1794 2385 lueret.)

206 2409 266 2464 ad
297 2425 495 2485 meram
516 2409 863 2492 disciplinam
892 2413 1168 2480 pertinere
1197 2410 1562 2476 existimavit;
1583 2405 1686 2478 (l).

277 2528 348 2584 De
367 2527 665 2592 Reveroni,
693 2527 1008 2582 liceuciatus
1025 2525 1384 2593 Sorbonicus,
1406 2527 1456 2578 in
1475 2539 1570 2578 sua
1589 2523 1794 2578 disser-

205 2626 398 2680 tatione
429 2623 730 2693 dogmatica
756 2624 816 2676 de
838 2621 1066 2676 Diuidio
1095 2623 1226 2675 inter
1255 2619 1364 2684 SS.
1396 2618 1723 2689 Stephanum
1749 2626 1796 2670 et

204 2717 514 2788 Cyprianum
541 2717 657 2770 tunc
681 2714 845 2770 habet
869 2730 988 2784 cap.
1024 2717 1051 2770 1
1074 2730 1090 2768 :
1121 2732 1138 2764 ι
1164 2714 1462 2785 Cyprianus
1492 2710 1798 2780 rebaptiza-

204 2812 396 2866 tionem
423 2809 719 2878 adscripsit
741 2808 1043 2877 disciplina:
1067 2806 1244 2873 nudae,
1269 2808 1383 2860 haec
1405 2806 1673 2860 sententia
1696 2817 1797 2873 pro

202 2917 302 2972 qua
331 2911 536 2958 stamus
565 2907 824 2970 probatur
844 2906 1049 2954 multis.
1079 2917 1099 2951 ι

273 2993 575 3050 Turnellius
603 2994 798 3050 doctor
837 3002 891 3047 et
923 2992 1196 3061 professor
1223 2990 1580 3057 Sorbonieus,
1615 2989 1666 3046 in
1699 3002 1798 3044 suo

199 3090 263 3142 de
291 3087 642 3145 Sacrumentis
667 3096 917 3152 tractatu,
946 3088 1024 3140 sic
1046 3085 1319 3156 loquitur:
1353 3102 1370 3135 ι
1395 3083 1543 3146 Hanc
1569 3083 1636 3139 de
1658 3083 1798 3152 Bap-

202 3182 356 3235 tismo
383 3179 759 3234 haereticorum
782 3194 1000 3235 causam
1027 3177 1307 3248 Stephano
1325 3178 1549 3247 quidem
1565 3177 1631 3232 ad
1663 3177 1796 3245 dog—
1821 3205 1870 3269 ρ

199 3288 284 3327 ma
315 3271 436 3326 fidei
467 3272 736 3340 pertinere
765 3273 930 3326 visam
965 3272 1151 3337 fuisse,
1184 3283 1240 3325 ut
1264 3287 1388 3324 mox
1420 3270 1792 3337 ostendemus,
1825 3285 1830 3294 '
1857 3293 1860 3296 ·

199 3382 306 3420 non
326 3380 452 3420 vero
468 3365 758 3436 Cypriano,
779 3344 1092 3419 Firmiliano
1113 3375 1166 3418 et
1187 3365 1326 3419 aliis.
1360 3384 1379 3416 ι
1417 3364 1482 3418 Et
1501 3382 1622 3436 pag.
1650 3365 1793 3419 4'55:

203 3476 222 3512 ι
255 3458 529 3529 Stephano
577 3459 738 3530 igitur
777 3460 1076 3516 reluctatus
1104 3467 1187 3526 est
1226 3459 1551 3530 Cyprianus,
1585 3459 1794 3528 quare?

197 3552 353 3620 Quia,
379 3551 648 3620 Africanae
671 3553 934 3620 libertatis
955 3552 1077 3624 plus
1103 3566 1259 3620 aequo
1287 3566 1476 3618 amans
1501 3567 1563 3616 ac
1590 3550 1798 3617 studio-

194 3662 310 3712 sus,
338 3646 555 3714 aliunde
585 3663 712 3710 vcro
741 3655 963 3716 propter
997 3647 1315 3717 intentatam
1337 3659 1366 3708 ει
1398 3646 1679 3714 Stephano
1699 3661 1799 3704 ex—

195 3737 704 3794 comtnuuicationis
722 3753 935 3808 puenun
961 3739 1328 3809 sybinlensus,
1349 3739 1579 3808 negabat
1605 3738 1799 3803 nopia-

195 3848 321 3884 num
351 3833 658 3901 pontiﬁcem
685 3831 773 3902 jus
801 3831 1005 3900 habere
1035 3835 1086 3897 ip
1117 3831 1281 3898 rebus
1319 3831 1640 3899 discipline.
1676 3846 1801 3899 qua-

194 3925 302 3978 lem
330 3925 550 3994 putabat
571 3940 692 3978 esse
715 3926 1071 3995 qumstiepept
1091 3925 1160 3998 de
1176 3925 1456 3994 Baptismo
1480 3925 1550 3989 ab
1573 3926 1798 3986 haereti-

188 4019 270 4071 cis
300 4018 521 4083 collato,
551 4027 777 4072 canoras
810 4017 1080 4071 Eeclesias
1111 4017 1177 4070 ad
1209 4033 1360 4071 suam
1393 4017 1718 4072 sententiain
1746 4025 1800 4072 et

188 4113 404 4180 praxim
431 4109 678 4180 adigendt
697 4112 720 4163 ’ἐ
748 4112 958 4181 longius
985 4111 1228 4182 profecto
1252 4126 1408 4179 quam
1437 4127 1532 4181 par
1559 4111 1628 4164 sit
1668 4093 1799 4178 pro-

187 4219 421 4270 gressus
451 4204 508 4258 S.
533 4203 754 4275 Martyr,
773 4220 977 4276 pmnes
1007 4189 1468 4259 subordittatiimis
1495 4203 1803 4274 acjuridic-

188 4296 361 4348 tinnis
405 4296 789 4354 ecclesiasticre
819 4298 964 4368 leges
1008 4299 1322 4353 subvertere
1349 4283 1590 4362 videtur,
1628 4314 1804 4368 neque

183 4377 357 4440 aliter
386 4389 627 4443 excusari
663 4398 856 4459 potest,
886 4406 1044 4459 quam
1077 4393 1119 4444 si
1153 4391 1315 4446 verba
1347 4393 1514 4462 ipsius
1542 4395 1609 4446 ad
1640 4407 1801 4446 unam

182 4478 259 4532 de
294 4476 578 4549 disciplina
608 4483 963 4551 quaestionem
997 4484 1456 4552 restringantur...
1493 4503 1512 4536 ι

1901 1897 2113 1952 tendant
2142 1906 2478 1952 tenerentur.
2521 1916 2540 1949 ι

1973 1991 2065 2044 llis
2117 1987 2428 2058 adstipulari
2479 1991 2671 2045 merito
2710 1992 2964 2048 censendi
3018 2003 3143 2048 sunt
3190 1994 3280 2065 qui
3333 1994 3502 2052 nitide

1900 2090 2168 2138 testantur
2200 2079 2526 2152 Cyprianum
2559 2098 2674 2138 suae
2717 2081 2986 2154 opinionis
3023 2085 3287 2156 originem
3331 2102 3439 2141 non
3469 2102 3501 2144 a

1897 2173 2146 2242 Christo,
2180 2191 2284 2229 non
2326 2177 2395 2229 ab
2423 2177 2732 2248 Apostolis,
2787 2179 2882 2234 sed
2912 2181 2979 2234 ab
3021 2182 3316 2250 Agrippino
3360 2196 3503 2251 pra:-

1898 2265 2186 2322 decessore
2238 2283 2338 2322 suo
2380 2270 2696 2338 repetiisse,
2744 2285 2810 2324 ex
2864 2272 2964 2326 hoc
3003 2273 3147 2326 enim
3193 2275 3504 2328 necessario

1899 2363 2146 2430 sequitur
2175 2361 2504 2433 Cyprianum
2534 2378 2641 2417 non
2671 2363 2827 2429 lidei,
2861 2364 2954 2419 sed
2998 2381 3162 2420 mera:
3203 2366 3505 2436 disciplina:

1900 2471 2050 2508 suam
2075 2457 2385 2526 Opinionem
2417 2458 2668 2511 retulisse
2689 2499 2703 2524 ,
2738 2457 2842 2512 nisi
2867 2458 3032 2512 velint
3067 2457 3247 2530 (quod
3279 2459 3346 2514 de
3367 2459 3506 2514 scri-

1901 2548 2146 2617 ptoribus
2195 2564 2320 2602 mox
2391 2549 2620 2602 citandis
2678 2564 2839 2603 nemo
2887 2549 3292 2622 suspicabitur)
3360 2560 3507 2608 tanta

1902 2642 2228 2714 Cyprianum
2266 2644 2565 2712 ignorantia
2602 2643 2899 2710 laborasse,
2930 2655 2987 2698 ut
3016 2645 3080 2699 ad
3110 2644 3269 2700 fidem
3296 2646 3507 2716 aliqua-

1905 2744 2060 2788 tenus
2123 2735 2396 2808 pertinere
2456 2735 2781 2801 crediderit,
2834 2736 2978 2805 quod
3046 2736 3114 2791 ab
3177 2737 3510 2808 Aggrippino

1902 2835 2079 2880 ortutn
2106 2817 2306 2902 habere
2327 2828 2584 2882 censebat
2612 2827 2647 2881 ii
2674 2842 2801 2882 vero
2823 2838 2968 2882 sunt.
3381 2813 3384 2818 ’

1973 2939 2336 3022 Isatubertps,
2390 2941 2580 3020 doctor
2626 2953 2680 3016 et
2712 2941 2985 3014 professor
3033 2942 3390 3016 Sorbonicus,
3439 2943 3509 2999 ad

1902 3021 2256 3108 quaesnonem
2296 3035 2398 3102 6-1,
2435 3035 2525 3116 ubi
2563 3036 2630 3091 de
2660 3037 3012 3116 sacramentis
3048 3036 3130 3109 (2)
3164 3055 3176 3091 :
3205 3057 3224 3090 ‹
3256 3037 3508 3109 Agrippi-

1906 3146 2030 3199 nus,
2055 3151 2074 3183 ›
2098 3131 2286 3202 inquit,
2316 3150 2334 3183 ‹
2359 3131 2727 3202 praedecessor
2744 3132 2799 3186 S.
2827 3130 3082 3203 Cypriani
3115 3134 3164 3186 in
3193 3137 3509 3205 episc0patu

1905 3229 2114 3297 primus
2135 3225 2342 3280 censuit
2361 3225 2692 3295 Baptismutn
2716 3225 2970 3280 collatum
2994 3226 3061 3279 ab
3089 3224 3358 3280 litereticis
3387 3240 3509 3281 esse

1905 3311 2112 3375 nullum
2138 3322 2252 3388 :_sic
2279 3320 2333 3376 S.
2366 3323 2692 3390 Augustinus
2726 3319 2890 3376 refert
2920 3320 3014 3374 lib.
3046 3335 3106 3387 ιι,
3135 3331 3274 3374 cont.
3307 3317 3502 3375 Donat.

1904 3430 2022 3486 cap.
2058 3416 2109 3482 7,
2140 3431 2208 3486 ex
2251 3417 2478 3484 ipsemet
2506 3415 2566 3469 S.
2599 3415 2873 3486 Cypriane
2911 3429 2997 3484 ep.
3046 3413 3113 3465 ad
3165 3412 3413 3478 Quintum
3463 3428 3510 3479 ει

1905 3491 2055 3582 epist.
2089 3494 2180 3563 'ad
2227 3497 2574 3566 Jubaian...”
2628 3511 2927 3584 Cyprianus
2979 3512 3032 3564 in
3086 3509 3313 3579 epistola
3348 3509 3512 3564 citata

1905 3587 1973 3656 ad
1994 3587 2242 3657 lubuian.
2268 3604 2397 3657 dicit
2427 3619 2486 3658 se
2520 3585 2634 3657 rem
2664 3591 2768 3656 non
2799 3601 3013 3672 quidem
3047 3602 3118 3656 ita
3147 3602 3507 3671 repentinam,

1907 3696 2003 3750 sed
2045 3707 2220 3750 tamen
2252 3696 2318 3749 ab
2342 3696 2642 3765 Agrippino
2667 3711 2774 3748 uno
2813 3709 2885 3758 ex
2931 3699 3044 3750 suis
3094 3695 3512 3764 praedecessori-

1907 3771 2010 3840 bus
2039 3786 2336 3860 institutam
2385 3779 2659 3840 facere....
2710 3785 2906 3856 deinde
2948 3794 3055 3839 tam
3084 3789 3135 3839 in
3167 3786 3254 3840 illa
3282 3785 3512 3856 cpistola

1909 3863 2069 3950 quam
2101 3883 2151 3934 in
2175 3880 2404 3944 concilio
2435 3895 2656 3944 Lxxxvu
2699 3882 3078 3950 episcoporum
3120 3882 3198 3936 ait
3244 3884 3510 3938 rationem

1910 3955 1965 4026 et
1990 3973 2264 4024 veritatem
2294 3985 2415 4024 esse
2456 3955 2868 4042 praeponendam
2914 3971 3326 4040 consuetudini;
3381 3988 3512 4041 ergo

1910 4068 2163 4135 supponit
2216 4055 2559 4134 traditionem
2620 4045 2792 4119 fuisse
2848 4065 3176 4119 contrariam
3229 4080 3341 4120 suae
3384 4067 3504 4135 opi-

1907 4139 2135 4234 pihiot‘d.
2177 4175 2196 4208 ι
2331 4139 2343 4148 ’

1908 4235 1918 4256 ⁷
1983 4249 2238 4304 Claudius
2284 4247 2545 4313 Frassen,
2582 4245 2772 4302 doctor
2807 4246 3164 4314 Sorbonicus,
3201 4246 3254 4302 in
3287 4254 3514 4304 tractatu

1912 4343 1977 4397 de
2000 4339 2351 4396 Sacramentis
2373 4336 2453 4411 (5)
2485 4355 2496 4392 :
2539 4357 2557 4390 ‹
2597 4340 2947 4410 Agrippinus,
2974 4359 2992 4391 ›
3031 4340 3270 4410 inquit,_t
3311 4341 3514 4410 primus

1911 4437 2154 4491 euntium
2187 4433 2401 4488 censuit
2447 4448 2510 4486 ac
2541 4420 2750 4487 deﬁnivit
2799 4413 3002 4486 nullum
3030 4446 3152 4487 esse
3182 4431 3513 4504 Baptismum

1914 4526 2386 4581 ltwreticorutn....
2419 4526 2464 4579 si
2489 4527 2629 4578 enirn
2658 4513 2798 4579 alius
2827 4525 3098 4604 antiquior
3131 4517 3326 4594 dogma
3374 4511 3516 4579 istud

263 4597 538 4670 Antonius
567 4597 790 4662 Boucat,
822 4598 1144 4653 Parisieusis
1178 4598 1485 4676 theologus,
1523 4600 1574 4652 in
1602 4613 1700 4653 suo
1741 4599 1800 4651 de

1916 4621 2259 4687 tradidisset,
2304 4619 2444 4674 battd
2474 4619 2637 4688 dubie
2668 4597 2979 4673 laudaretur
3016 4636 3043 4670 a
3070 4617 3128 4673 S.
3155 4618 3448 4696 Cypriano.
3488 4636 3510 4670 ι

178 4687 554 4744 Sacramentis
584 4701 847 4745 tractatu:
886 4711 904 4742 ι
933 4691 1101 4760 lianc,
1127 4710 1144 4742 ι
1175 4677 1356 4772 inquit
1377 4683 1506 4764 pag.
1537 4692 1664 4769 571,
1699 4690 1808 4766 ide

176 4780 603 4849 rebaptizandis
637 4782 910 4838 haereticis
947 4787 1374 4854 controversiam
1419 4783 1577 4838 tertio
1606 4777 1809 4836 sicculo

173 4880 239 4925 et
289 4885 492 4940 quarto
522 4875 682 4928 etiam
715 4877 1028 4942 inchoante,
1059 4878 1126 4932 de
1156 4894 1300 4932 mera
1334 4879 1608 4933 exsdtisse
1637 4877 1806 4930 disci-

174 4961 347 5030 plina
403 4978 506 5017 non
539 4981 646 5030 uno
693 4968 952 5035 probatur
979 4979 1342 5046 argumento:
1378 4975 1427 5023 l.
1466 4970 1694 5044 Quidetn
1739 4984 1809 5024 eo

171 5055 343 5124 quod
380 5053 478 5109 SS.
509 5056 808 5128 Cyprianus
835 5070 889 5114 et
916 5061 1260 5115 Firtnilianus
1299 5063 1556 5116 unitatem
1599 5078 1718 5116 cunt
1745 5062 1806 5117 S.

173 5149 462 5218 pontiﬁce
491 5166 705 5222 smnper
731 5158 1092 5222 servaverint,
1117 5175 1136 5207 ι
1174 5166 1278 5210 etc.
1316 5157 1384 5210 Et
1411 5158 1489 5210 sic
1529 5154 1811 5231 concludit

168 5257 316 5313 pag.
353 5244 481 5298 575.
520 5263 537 5294 ι
564 5245 816 5315 Sequitur
841 5263 906 5300 ex
939 5247 1021 5318 his
1050 5263 1149 5302 nec
1175 5249 1498 5319 Cyprianum
1527 5256 1580 5301 et
1605 5245 1807 5324 Firmi-

1988 4714 2363 4768 'l‘illetnontius
2391 4709 2530 4766 Hist.
2560 4710 2705 4764 Eccl.
2728 4728 2740 4764 :
2766 4730 2783 4761 ι
2816 4709 2872 4766 8.
2909 4709 3230 4780 Cyprianus,
3259 4728 3277 4761 ι
3307 4711 3512 4781 inquit,

1923 4829 1941 4860 ¢
1971 4810 2102 4864 satis
2131 4820 2317 4877 aperte
2347 4809 2546 4861 fatetur
2571 4821 2630 4860 se
2658 4792 2933 4877 antiquam
2965 4794 3256 4875 non'sequi
3284 4819 3517 4860 consue-

1915 4905 2156 4974 tudinem
2185 4902 2238 4955 iit
2269 4900 2592 4970 recipiendis
2635 4899 2703 4952 ab
2756 4891 3024 4953 haereticis
3069 4897 3355 4968 baptizatis
3413 4895 3515 4968 (4).

1917 5000 1984 5054 Et
2026 4999 2160 5052 infra
2197 5013 2208 5049 :
2241 5014 2259 5046 ί
2294 4997 2350 5050 8.
2391 4996 2694 5066 Cyprianus
2739 5004 2793 5048 et
2838 4993 3167 5062 Augustinus
3221 4991 3519 5061 Agrippino

1921 5094 2161 5147 tribuunt
2188 5089 2625 5158 rebaptizationis
2664 5077 2950 5158 origineui.
2993 5103 3010 5135 ι

1993 5185 2304 5239 Fleuriacus
2332 5182 2384 5236 in
2413 5197 2508 5236 sua
2541 5171 2773 5235 Historia
2820 5177 3237 5234 Ecclesiastica:
3277 5193 3296 5226 ι
3335 5174 3391 5231 8.
3415 5173 3521 5247 Cy-

1919 5257 2196 5354 prianus,»
2226 5265 2419 5347 inquit,
2446 5293 2464 5352 ς
2494 5257 2728 5330 ostendit
2756 5257 2929 5327 insue
2949 5269 3017 5352 de
3040 5269 3252 5339 ﬂuitate
3272 5267 3522 5322 Ecclesia:

166 5336 406 5390 lianum
428 5353 700 5408 peccasse,
722 5354 844 5394 cum
868 5341 918 5394 in
947 5329 1049 5396 hcc
1073 5341 1443 5394 tantummodo
1461 5340 1810 5418 disciplinam

163 5446 365 5501 quam
408 5433 666 5503 putabant
693 5436 983 5503 getutinam
1012 5434 1484 5498 defenderent)...
1545 5415 1548 5420 ’

251 5526 375 5592 Qui
424 5527 582 5598 vulgo
619 5527 757 5596 apud
798 5527 981 5584 Gallos
1018 5529 1316 5598 appellatur
1351 5528 1488 5581 Petit
1521 5525 1810 5591 Tournelli,

159 5632 282 5674 seu
341 5618 509 5675 latine
553 5618 848 5676 Tttrnellius
887 5630 1201 5688 contractus,
1235 5619 1286 5674 in
1331 5628 1565 5696 tractatu
1596 5620 1658 5673 de
1709 5605 1814 5692 Sa:-

1920 5380 2154 5450 tra_ctatu
2207 5370 2276 5448 ab
2329 5368 2647 5443 Agrippinae,
2687 5365 2774 5440 qui
2799 5365 3006 5448 primus
3032 5364 3312 5434 antiquam
3345 5368 3522 5416 muta-

2026 5573 2076 5641 l)
2104 5572 2305 5638 Quaest.
2344 5584 2439 5634 vn,
2467 5577 2570 5622 art.
2602 5568 2656 5633 3,
2692 5581 2808 5636 pag.
2839 5564 2964 5630 1⁸50,
2995 5563 3124 5619 edit.
3157 5561 3328 5617 Paris.
3358 5559 3522 5615 1750.

1997 5571 2078 5713 (2)
2112 5644 2316 5711 Disput.
2346 5655 2417 5703 tv,
2448 5641 2679 5713 artic._l,
2715 5653 2840 5713 pag:
2854 5635 3134 5713 A121,ledit
3160 5631 3522 5713 P_aris.__1f_i59.

1997 5631 2078 5714 (2)
2112 5631 2316 5711 ﬁisput.
2346 5631 2600 5703 tv,'artic.
2629 5631 2835 5708 lfpig.
2865 5636 2990 5700 121,
3021 5635 3134 5690 edit
3160 5633 3332 5714 Paris.
3360 5631 3523 5689 1659.

1997 5715 2080 5784 (ὅ)
2113 5715 2228 5767 Art.
2256 5721 2336 5778 tu,
2359 5717 2556 5784 quaist.
2571 5711 2637 5784 ζ»,
2658 5723 2778 5779 pag.
2802 5707 2903 5784 ἓξ,
2924 5705 3056 5772 edit.
3081 5705 3256 5772 Paris.
3284 5703 3448 5760 1677.
3497 5757 3517 5777 ι

260 5799 364 5875 (1)
392 5801 549 5858 Τοηι.
583 5817 620 5871 ι,
651 5817 772 5874 pag.
800 5801 930 5862 255.
962 5801 1089 5859 edit.
1121 5800 1294 5874 Paris.
1326 5800 1484 5857 1721.

1997 5720 2057 5784 (5
2113 5720 2228 5767 Art.
2256 5721 2336 5778 ιιι,
2359 5720 2549 5781 quam.
2581 5720 2637 5776 ὅ,
2658 5723 2778 5779 pag.
2807 5720 2903 5773 διδ,

1999 5720 2082 5858 (ις
2113 5785 2270 5840 Tom.
2302 5799 2373 5852 tv,
2398 5789 2500 5836 art.
2531 5781 2622 5850 L3,
2647 5795 2770 5852 pag.
2791 5779 2917 5840 15.9.
