4208 6276
626 326 771 386 1319

2054 296 2504 362 DlSSERTATIO

3797 282 3940 339 139.0

624 453 779 502 verat
829 433 1276 498 consuetudinem
1302 473 1319 501 ,
1378 444 1531 489 suam
1582 427 1651 485 de
1701 425 1910 496 rebapt.
1958 418 2229 476 haereticis
2257 434 2305 494 Α
2333 413 2636 486 Cyprianus
2663 420 2717 467 et
2746 406 3096 467 Firmiliauus
3115 400 3470 472 quaestionem
3511 397 3662 502 hanc
3681 402 3941 502 tanquam

626 537 934 609 opinionem
958 529 1253 599 accepisse.
1287 545 1306 579 ι

700 627 915 688 Baizlet,
943 624 1008 677 de
1046 620 1177 675 Vitis
1198 626 1513 682 sanctorum,
1546 613 1611 668 ad
1635 611 1779 667 diem
1810 609 1897 671 16,
1927 603 2230 662 decembris

626 737 751 795 pag.
780 717 885 774 188
913 732 928 769 :
968 735 987 768 ι
1026 714 1087 771 S.
1117 712 1452 785 Cyprianus,
1487 725 1506 760 ι
1536 706 1733 777 inquit,
1771 721 1789 754 ι
1820 716 1934 757 suae
1959 695 2231 795 Opiniouis

628 785 950 870 adiuventor
972 823 1078 861 nou
1111 805 1231 868 fuit,
1259 800 1391 867 sed,
1432 809 1490 855 ut
1534 799 1649 868 ipse
1681 797 1878 850 fatetur
1926 792 1981 846 in
2023 802 2121 843 suo
2169 785 2231 839 de

629 903 884 960 Ecclesia:
915 899 1122 955 Unitate
1143 903 1397 958 tractatu,
1426 907 1545 948 eam
1576 887 1787 958 accepit
1811 886 1879 939 ab
1902 880 2227 954 Agrippino,

629 998 722 1071 qui
759 995 1037 1067 antiquam
1068 992 1123 1047 in
1155 990 1336 1046 Africa
1364 993 1665 1042 mutaverat
1693 976 2165 1037 consuetudinem.
2204 991 2221 1023 ι

706 1114 907 1168 Auctor
951 1106 1133 1179 Operis
1186 1104 1271 1160 cui
1319 1101 1541 1157 titulus:
1578 1098 1889 1166 Remarques
1940 1106 2028 1145 sur
2071 1088 2121 1141 la
2161 1086 2236 1140 bi-

633 1207 778 1262 bliol.
824 1202 914 1257 des
952 1200 1170 1254 Auleurs
1197 1193 1601 1262 ecclésiasliques
1650 1188 1714 1241 de
1763 1184 1841 1239 M.
1904 1181 2103 1251 Dupin,
2158 1178 2236 1234 sic

632 1298 893 1370 loquitur.
950 1312 969 1345 ι
1024 1287 1317 1347 Observari
1367 1292 1547 1357 potest
1593 1280 1737 1351 quod
1808 1277 2113 1370 Cyprianus
2182 1271 2233 1325 iu

632 1365 932 1463 quinsﬁoue
954 1380 1297 1455 Baptismatis
1324 1375 1567 1433 haeretic.
1598 1370 1864 1427 fatebatur
1891 1365 2236 1422 traditionem

633 1462 897 1543 Ecclesiae
926 1496 1033 1536 nou
1072 1486 1282 1533 tantum
1313 1473 1606 1537 Romanae,
1655 1467 1751 1524 sed
1783 1465 1943 1521 etiam
1971 1462 2239 1517 Africana:

634 1594 746 1634 sua:
774 1574 1017 1648 opinioni
1039 1586 1161 1628 esse
1187 1566 1550 1630 contrariam;
1581 1559 1907 1634 agnoscebat
1934 1556 2239 1628 Cyprianus

633 1667 985 1742 Agrippinum
1032 1664 1265 1736 primum
1313 1659 1478 1713 fuisse
1528 1655 1619 1726 qui
1669 1654 1722 1709 in
1770 1650 1951 1707 Africa
2002 1653 2242 1717 coeperat

634 1761 923 1819 haeretiCos
950 1755 1286 1825 rebaptizare
1317 1750 1419 1823 (1).

706 1851 1099 1911 L’Herminier.
1142 1847 1335 1902 doctor
1385 1839 1737 1903 Sorbonicus,

641 1945 1014 2006 Sacrumentis.
1046 1942 1343 2004 «Primus,»
1378 1936 1571 2007 inquit,
1596 1933 1766 1987 «hanc
1788 1927 2237 1985 consuetudinem

639 2042 836 2098 iterum
866 2034 1172 2108 baptizandi
1213 2032 1281 2085 ab
1314 2027 1584 2085 hmreticis
1607 2024 1904 2095 baptizatos
1942 2017 2239 2075 introduxit

636 2133 967 2206 Agrippiuus
1016 2126 1402 2197 Carthaginen.
1452 2121 1771 2192 episcopus,
1826 2125 1960 2171 teste
2013 2114 2072 2169 S.
2128 2110 2235 2179 Cy-

638 2228 851 2299 priano.
895 2241 914 2275 ›
950 2221 1017 2277 Et
1045 2235 1169 2291 pag.
1200 2218 1324 2273 155.
1364 2233 1382 2266 ι
1419 2213 1723 2287 Cyprianus
1768 2209 1932 2265 tacite
1973 2206 2239 2261 fatebatur

637 2320 740 2377 sibi
769 2315 1046 2373 adversari
1095 2313 1373 2382 antiquam
1417 2305 1673 2363 Ecclesiae
1700 2300 2062 2361 Occidentalis
2111 2312 2238 2353 cou-

638 2412 1004 2471 suctudinem.
1038 2427 1057 2461 ι

710 2504 964 2563 Eruditus
983 2501 1047 2558 P.
1078 2499 1293 2564 Marau,
1346 2490 1765 2557 Benedictinus,
1820 2489 1872 2543 in
1922 2484 2238 2557 praefatione

637 2614 797 2673 quam
825 2597 1126 2653 Balusiauae
1151 2588 1408 2663 Cypriani
1436 2600 1665 2657 Operum
1704 2580 1925 2638 editioni
1967 2577 2233 2649 praetixit,

637 2670 754 2751 lucc
780 2689 1091 2762 habet(z):r
1120 2685 1422 2759 Cyprianus
1443 2678 1714 2751 opinionis
1736 2692 1847 2731 suae
1870 2674 1937 2730 de
1968 2670 2240 2743 tingendis
2268 2740 2273 2745 ε

636 2789 691 2846 iu
743 2786 935 2843 haeresi
992 2781 1273 2853 baptizatis
1326 2776 1531 2832 fontem
1581 2781 1638 2829 et
1688 2780 1847 2842 caput
1887 2765 2236 2839 Agrippinum

637 2879 923 2951 agnoscit:
957 2894 975 2928 ι
1011 2875 1067 2931 ld
1100 2887 1200 2930 nec
1229 2871 1345 2943 ipse
1382 2866 1602 2923 diffiteri
1628 2864 1803 2936 potuit
1831 2862 1967 2917 Viue
2007 2859 2236 2951 Cypria-

640 2950 777 3031 nicce
802 2980 991 3027 auctor
1018 2986 1033 3024 :
1058 2985 1079 3019 ι
1107 2967 1166 3023 S.
1197 2963 1583 3034 Augustinus,i
1608 2958 1801 3029 inquit,
1826 2962 1912 3010 «et
1932 2954 1990 3010 S.
2010 2950 2238 3023 Cypria-

639 3083 739 3124 nus
785 3063 1008 3133 hujusce
1045 3055 1412 3128 rebaptizaudi
1446 3052 1627 3125 praxis
1652 3049 1914 3121 originem
1944 3044 2013 3100 ad
2046 3043 2241 3115 Agrip-

637 3160 826 3230 pinum
855 3153 1101 3211 referunt.
1130 3150 1234 3223 (5).
1271 3166 1290 3201 ι

709 3269 952 3327 Tandem
973 3266 1301 3339 Cyprianum
1325 3275 1433 3317 non
1466 3258 1614 3326 fidei,
1639 3256 1732 3313 sed
1758 3269 1923 3311 mera:
1952 3250 2239 3308 devovisse
2268 3239 2315 3302 C

640 3363 943 3435 disciplinas
964 3355 1390 3417 controversiam
1410 3352 1477 3408 de
1499 3350 1758 3420 rebaptis.
1785 3344 2054 3402 haereticis
2080 3344 2240 3399 docet

643 3468 803 3516 actate
836 3463 1019 3511 nostra
1048 3451 1232 3507 schola
1263 3446 1559 3505 Sorbonica
1591 3445 1793 3515 pariter
1850 3456 1912 3497 ac
1957 3438 2237 3495 Navarica.

643 3548 905 3607 Danesius
951 3545 1141 3600 doctor
1200 3556 1263 3597 ac
1319 3537 1594 3610 professor
1640 3534 1972 3590 Sorbonicus
2020 3532 2072 3585 in
2128 3530 2241 3584 suis

641 3639 970 3711 Theologicis
1017 3636 1082 3690 de
1138 3632 1375 3689 Ecclesia
1425 3625 1835 3701 prwleclionibus
1888 3622 2239 3692 inSorbona

646 3731 848 3790 habitis
876 3747 967 3787 an.
1009 3728 1175 3784 1717.
1214 3744 1232 3778 ι
1260 3725 1603 3796 Polycrates,
1658 3739 1677 3773 ι
1715 3720 1886 3789 inquit
1937 3718 2137 3787 diSput.
2171 3731 2237 3783 ll,

644 3835 839 3896 quiest.
865 3839 914 3891 ι,
955 3830 1058 3877 art.
1093 3821 1128 3876 ὅ
1148 3862 1164 3887 ,
1193 3818 1437 3874 conclus.
1461 3816 1493 3870 4
1513 3855 1528 3881 ,
1559 3816 1613 3869 in
1641 3811 1997 3883 responsione
2026 3811 2115 3865 ad.
2147 3825 2202 3864 ιιι
2225 3851 2239 3876 ,

648 3917 957 3977 instantiam
1002 3912 1193 3986 prima:
1223 3908 1585 3980 objectiouis:
1621 3924 1640 3958 r
1677 3905 1744 3960 Et
1792 3902 2094 3976 Cyprianus
2124 3900 2241 3957 exi-

647 4010 971 4075 stimabant,
1006 4008 1133 4063 licet
1156 4002 1431 4061 immerito
1453 4043 1466 4068 ,
1494 4001 1578 4071 agi
1604 4000 1746 4055 inter
1772 4013 1829 4054 se
1857 4008 1909 4053 et
1942 3997 2243 4051 Romanum

646 4104 968 4163 Pontificem
1005 4100 1073 4157 de
1099 4115 1167 4156 eo
1193 4111 1392 4170 genere
1419 4093 1717 4164 disciplinae
1748 4092 1888 4147 circa
1917 4106 2079 4161 quam
2127 4087 2249 4143 uni-

644 4198 841 4267 cuique
869 4193 1127 4250 Ecclesia:
1168 4202 1487 4245 concessum
1521 4195 1605 4242 est
1642 4184 1786 4257 quod
1837 4182 2093 4252 expedire
2142 4181 2245 4237 sibi

645 4289 818 4360 magis
842 4287 1016 4343 visum
1040 4283 1202 4339 fuerit
1229 4281 1477 4353 sequi....
1511 4277 1655 4335 unde
1684 4277 1989 4350 Cyprianus
2029 4275 2248 4331 disertis

648 4382 830 4438 verbis
849 4380 983 4436 dicit
1007 4378 1060 4433 in
1088 4376 1250 4447 epist.
1286 4375 1354 4428 ad
1386 4372 1639 4428 Jubaian.
1691 4371 1775 4442 agi
1823 4385 1884 4425 ea
1914 4369 1984 4425 de
2014 4385 2073 4425 re
2109 4370 2250 4424 inter

648 4474 827 4546 ipsum
850 4480 905 4527 et
936 4471 1238 4526 Romanum
1268 4465 1579 4537 pontificem
1599 4506 1613 4528 ,
1646 4463 1715 4519 de
1740 4478 1842 4535 qua
1884 4462 2249 4533 unusquisque

646 4568 938 4640 episc0pus
966 4564 1198 4620 liberum
1227 4560 1392 4617 habet
1416 4557 1699 4614 arbitrium
1733 4555 2045 4627 iudicandi,
2077 4556 2249 4610 ratio-

650 4680 775 4721 nem
827 4662 929 4718 soli
980 4660 1095 4716 Deo
1138 4657 1469 4714 redditurus.
1527 4653 1741 4709 Siccine
1795 4651 2007 4707 locutus
2061 4647 2330 4708 fuissetD

647 4756 709 4815 S.
766 4754 966 4825 Martyr
1004 4752 1072 4809 de
1112 4749 1414 4823 quaestione
1439 4762 1600 4817 quam
1629 4753 1841 4815 putaret
1867 4743 2135 4815 pertinere
2184 4743 2252 4799 ad

649 4846 854 4904 fidem?
882 4846 990 4900 Aut
1018 4843 1072 4899 in
1104 4858 1205 4914 qua
1252 4841 1322 4896 ab
1361 4837 1651 4895 universali
1683 4836 1926 4892 Ecclesia
1971 4835 2251 4890 decretum

647 4941 735 5000 edi
767 4955 926 5012 posse
953 4937 1323 5001 existimaret,
1356 4934 1441 4990 cui
1464 4931 1691 4990 obedire
1720 4944 1913 4986 omnes
1955 4938 2013 4985 et
2054 4928 2252 5000 singuli

649 5034 888 5108 episcopi
917 5030 1158 5088 adstricti
1188 5026 1407 5083 essent?
1446 5044 1465 5078 ι

726 5130 1011 5189 Sovestre,
1056 5122 1247 5179 doctor
1275 5130 1329 5175 et
1360 5117 1633 5189 professor
1660 5115 2013 5179 Navarricus,
2061 5114 2113 5169 in
2140 5113 2253 5169 suis

654 5217 977 5291 Tlieologicis
1021 5216 1084 5271 dc
1127 5211 1478 5269 Sacramentis
1508 5206 1952 5281 prwlectionibus,
1996 5204 2253 5261 Navarrce

650 5309 871 5373 habitis.
904 5323 995 5363 an.
1027 5304 1169 5363 1758
1199 5323 1213 5360 :
1250 5322 1269 5356 ι
1298 5301 1469 5358 Paulo
1510 5299 1839 5364 durioribus,
1872 5316 1892 5349 ι
1935 5295 2109 5367 inquit
2144 5304 2249 5351 art.

649 5402 783 5477 tv,§
817 5402 874 5457 2.
907 5420 927 5455 ι
958 5398 1157 5457 Verbis
1185 5396 1469 5467 conquesti
1517 5402 1645 5449 sunt
1671 5391 1975 5463 Cyprianus
2024 5398 2080 5445 et
2128 5389 2251 5445 Fir-

650 5498 904 5556 milianus
925 5494 994 5553 de
1033 5490 1294 5563 Stephani
1325 5487 1519 5562 agendi
1550 5487 1761 5543 ratione
1786 5503 1801 5544 :
1830 5484 1955 5557 quid
1983 5484 2099 5540 ita?
2128 5483 2253 5555 quia

724 5701 806 5773 (1)
836 5701 989 5757 Tom.
1024 5697 1083 5773 1.
1110 5710 1233 5773 pag.
1259 5688 1744 5773 215,.cdit1ri’aris.
1777 5685 1939 5745 1691.

729 5760 812 5840 ia)
851 5773 981 5840 Pag.
1017 5760 1266 5840 l5,'edit.
1296 5763 1471 5821 Paris.
1500 5760 1661 5822 mo.

732 5836 813 5915 (ὅ)
839 5836 963 5895 ιιὶιῐ.
992 5851 1047 5905 v,
1078 5850 1198 5907 cap.
1231 5836 1286 5892 1.

2333 526 2498 566 mera:
2520 508 2817 580 disciplima
2843 502 3194 577 spectabant;
3231 517 3251 551 r
3290 498 3472 568 ibique
3508 492 3697 551 multis
3746 491 3945 563 probat

2332 603 2661 676 Cyprianum
2720 600 3063 658 existimasse
3115 595 3255 648 hanc
3321 590 3390 647 de
3438 588 3719 660 Baptismo
3769 585 3945 641 haere-

2333 700 2561 755 ticorum
2629 694 2984 768 quaestionem
3045 708 3064 742 ι
3120 688 3393 761 pertinere
3466 683 3534 739 ad
3595 680 3943 752 disciplinam

2334 798 2568 847 tantum.

2407 884 2610 940 Brillon
2634 926 2648 949 ,
2681 882 2873 938 doctor
2909 889 2964 935 et
3002 876 3279 950 professor
3320 871 3685 937 Sorbonicus,
3738 868 3951 924 Beuret

2336 978 2525 1035 doctor
2568 986 2623 1032 et
2666 976 2941 1046 professor
2992 970 3306 1027 navarricus
3355 968 3409 1022 in
3456 966 3570 1021 suis
3614 963 3950 1034 Theotogicis

2337 1074 2401 1128 de
2431 1070 2780 1128 Sacramentis
2832 1063 3245 1137 prmlectionibus
3309 1066 3363 1116 in
3414 1059 3663 1116 Sorbona
3717 1057 3947 1121 habitis,

2336 1177 2427 1218 an.
2461 1161 2619 1227 1750,
2662 1159 2915 1216 Navarrae
2944 1169 3123 1219 autem
3151 1172 3244 1211 an.
3278 1154 3441 1219 1742,
3492 1153 3697 1209 docent
3741 1150 3802 1206 S.
3845 1149 3950 1221 Cy-

2342 1255 2590 1327 prianum
2637 1249 3074 1323 rebaptisatiouis
3124 1247 3501 1302 haereticorum
3557 1242 3824 1313 originem
3884 1240 3947 1295 ad

2340 1346 2695 1418 Agrippinum
2728 1353 2999 1413 tamquam
3026 1339 3093 1395 ad
3128 1338 3361 1409 primum
3397 1336 3515 1408 ejus
3547 1342 3833 1407 parentem
3861 1348 3946 1388 rc-

2340 1453 2586 1495 vocasse.

2414 1530 2554 1601 Quid
2594 1528 2861 1601 amplius?
2913 1534 3181 1584 testantur
3225 1523 3445 1596 ipsimet
3489 1521 3777 1579 Sorbonici
3828 1537 3946 1593 pro-

2341 1626 2577 1682 fessores
2614 1637 2957 1680 communem
2985 1628 3142 1675 aetate
3168 1627 3354 1674 nostra
3391 1616 3803 1686 Theologorum
3833 1630 3948 1672 esse

2344 1721 2662 1779 sententiam
2690 1718 2833 1790 quod
2862 1718 2919 1775 S.
2953 1716 3252 1789 Cyprianus
3273 1729 3379 1770 non
3410 1713 3478 1770 ad
3507 1712 3669 1768 fidem
3688 1754 3702 1779 ,
3736 1711 3838 1768 sed
3886 1711 3945 1767 ad

1794 1837 1844 1890 in
1902 1842 2132 1889 tractatu
2176 1831 2240 1885 de

2347 1829 2550 1870 meram
2578 1810 2919 1881 disciplinam
2963 1807 3242 1879 pertinuere
3285 1806 3557 1862 censuerit
3611 1819 3835 1860 causam
3885 1803 3946 1859 dc

2342 1907 2677 1978 Baptismate
2722 1903 3122 1959 haereticorum.

2412 2018 2491 2074 Ex
2525 2018 2609 2074 his
2637 2018 2887 2074 omnibus
2916 2015 3355 2073 manifestissime
3384 2015 3551 2085 liquet
3586 2014 3947 2070 universalem

2338 2126 2460 2167 esse
2486 2110 2671 2167 Gallia:
2697 2109 3067 2180 theologorum
3090 2108 3414 2164 sententiam
3432 2148 3449 2174 ,
3475 2106 3611 2178 quod
3715 2107 3954 2177 Cypria—

2347 2219 2447 2259 nus
2486 2202 2625 2258 hauc
2664 2202 2732 2261 de
2770 2200 3166 2271 rebaptizandis
3208 2200 3481 2256 lucreticis
3517 2200 3950 2255 controversiam

2340 2312 2447 2352 non
2476 2293 2598 2350 fidei
2626 2293 2720 2349 sed
2749 2307 2913 2349 mera:
2942 2291 3241 2362 disciplinae
3266 2290 3625 2347 adscribebat.
3645 2289 3805 2346 Haud
3832 2292 3952 2362 qui-

2339 2390 2463 2447 dem
2505 2403 2592 2444 me
2631 2388 2762 2442 latet
2787 2402 2854 2441 ex
2883 2385 3227 2441 Jansenianis
3257 2393 3312 2440 et
3338 2384 3693 2452 Quesnelistis
3732 2384 3946 2455 plures,

2340 2494 2399 2539 ut
2439 2485 2579 2540 viam
2619 2484 2719 2539 sibi
2760 2491 3008 2538 sternant
3044 2481 3112 2537 ad
3152 2479 3500 2535 inficiandam
3544 2480 3843 2545 Ecclesize,
3895 2489 3951 2535 ut

2340 2577 2503 2647 vulgo
2530 2576 2727 2631 dicitur
2755 2574 3015 2645 dispersa:
3038 2615 3052 2642 ,
3096 2572 3447 2629 inerrantiam
3471 2614 3485 2637 ,
3527 2571 3859 2629 contendere
3890 2587 3951 2627 ac

2341 2670 2629 2727 vociferari
2668 2669 2729 2725 S.
2771 2669 3099 2741 Cyprianum
3142 2668 3194 2722 in
3239 2666 3343 2722 hac
3395 2667 3699 2737 quaestione
3745 2668 3832 2738 agi
3883 2666 3950 2722 de

2339 2764 2591 2835 dogmate
2615 2764 2930 2829 censuisse;
2959 2778 3144 2819 verum
3174 2762 3265 2817 ubi
3291 2777 3320 2815 a
3351 2762 3625 2817 communi
3652 2762 3952 2817 catholico-

2340 2872 2460 2912 rum
2485 2857 2673 2914 Galliae
2700 2856 3071 2927 theologorum
3097 2855 3343 2911 doctrina
3370 2854 3652 2922 recedunt,
3682 2857 3953 2911 neminem

2340 2953 2454 3009 fore
2476 2962 2605 3025 puto
2628 2952 2795 3009 Gallis
2823 2951 2958 3007 adeo
2988 2952 3254 3008 infensum
3283 2966 3347 3006 ac
3376 2950 3613 3022 iniquum
3631 2993 3646 3017 ,
3676 2962 3731 3004 ut
3762 2967 3793 3004 a
3820 2950 3955 3006 Jan-

2340 3048 2577 3104 senianis
2605 3057 2662 3104 et
2690 3046 3050 3114 Quesnelistis
3080 3047 3256 3117 potius
3286 3060 3448 3116 quam
3478 3059 3508 3098 a
3536 3042 3827 3099 Catholicis
3857 3059 3961 3115 ge-

2341 3142 2536 3197 nuinos
2575 3141 2814 3211 ipsorum
2853 3153 3045 3196 sensus
3075 3137 3478 3209 depromendos
3505 3150 3621 3192 esse
3650 3135 3804 3192 velit.

2976 3294 3210 3353 CAPUT
3251 3295 3318 3351 ll.

2342 3432 2515 3489 JUXTA
2544 3445 2913 3488 UNIVERSALEI
2943 3446 3151 3488 (ιΑιιυε
3181 3444 3572 3487 THEOLOGORUI
3605 3444 3671 3486 AC
3704 3446 3961 3487 SCRIPTO-

2415 3540 2525 3581 RUDI
2563 3540 2867 3581 DOCTRINAI
2904 3541 2952 3579 S.
2994 3540 3283 3581 CYPRIANUS
3328 3540 3498 3580 PROBB
3528 3538 3783 3580 NOV'EBAT
3813 3541 3959 3590 ρυα

2416 3636 2461 3675 S.
2495 3634 2802 3675 STEPHANUS
2829 3634 3131 3676 ASSEREBAT
3160 3635 3602 3676 CONSUETUDINEI
3620 3662 3636 3685 ,
3666 3635 3771 3675 NON
3800 3636 3968 3677 Ρεεῑ-

2418 3727 2613 3767 ιΙΛΒΕΜ
2655 3727 2868 3768 ROMANO
2909 3726 3173 3768 PONTIFICI
3195 3754 3211 3777 ,
3244 3727 3342 3767 εει)
3373 3727 3746 3767 UNWEBSALEI
3777 3728 3968 3768 FUISSE

2416 3818 2553 3860 TUNC
2582 3819 2846 3859 TEIPORIS
2875 3819 3139 3860 ECCLBSIE
3163 3818 3635 3867 CONSUETUDINEI,
3664 3819 3731 3859 AC
3762 3820 3833 3860 ΑΒ
3864 3819 3969 3860 Ol-

2419 3913 2572 3953 NIBUS
2610 3912 2873 3954 EPISCOPIS
2912 3913 3230 3963 Αυτιρωτυε
3257 3912 3542 3954 δεκνλτωι
3574 3912 3777 3953 ι’ῦιεεε.

2425 4052 2897 4109 Eminentissimus
2924 4053 3074 4109 card.
3103 4053 3175 4109 du
3207 4053 3409 4110 Perron
3439 4054 3494 4109 in
3525 4069 3623 4109 sua
3654 4053 3975 4124 Replicatio-

2350 4165 2415 4202 ne
2441 4148 2510 4201 ad
2533 4147 2745 4219 Magna:
2765 4146 3046 4203 Britannia:
3070 4148 3204 4219 regis
3228 4149 3608 4218 responsione»:
3635 4146 3754 4203 haec
3774 4146 3972 4215 habet,

2349 4254 2474 4311 pag.
2505 4240 2640 4297 8'59:
2672 4258 2690 4291 α
2715 4239 2987 4311 Objiciuut
3014 4239 3327 4296 heterodoxi
3352 4240 3680 4311 Cyprianum
3715 4241 3766 4294 in
3798 4256 3977 4295 causa

2353 4332 2697 4403 Baptismatis
2746 4332 3120 4388 haereticorum
3166 4333 3565 4403 Opponentibus
3606 4333 3975 4389 consuetudi-

2355 4440 2477 4481 nem
2510 4440 2605 4481 seu
2634 4425 2977 4483 traditionem
3009 4442 3116 4481 non
3155 4425 3422 4498 aliquibus
3460 4427 3793 4497 peculiarem
3820 4468 3836 4491 ,
3870 4428 3975 4483 sed

2354 4518 2715 4574 universalem
2762 4518 3018 4574 Ecclesiae
3061 4518 3409 4589 respondisse
3453 4515 3731 4574 Christum
3776 4519 3977 4575 Domi-

2357 4627 2483 4665 num
2515 4626 2619 4666 non
2649 4610 2887 4667 dixisse:
2922 4610 3035 4683 Ego
3063 4627 3182 4667 sum
3211 4612 3579 4679 consuetudo;
3607 4613 3702 4668 sed
3731 4630 3831 4684 ego
3859 4631 3982 4667 sum

2355 4703 2572 4770 veritas;
2602 4702 2696 4758 sed
2735 4702 2935 4759 addere
2964 4704 3128 4758 etiam
3168 4702 3438 4759 debebant
3465 4702 3800 4775 Cyprianum
3845 4717 3981 4761 tunc

2358 4796 2617 4867 temporis
2660 4805 2849 4853 contra
2891 4812 3075 4853 veram
3120 4796 3381 4853 Ecclesiae
3424 4796 3727 4853 doctrinam
3778 4798 3979 4871 dispu-

2357 4896 2525 4945 tasse.
2562 4906 2582 4940 ι

2431 4980 2831 5037 Illustrissimus
2875 4980 3208 5052 Languetius
3251 4981 3587 5039 Senoneusis
3611 4983 3981 5054 archiprzesul

2358 5074 2411 5130 in
2454 5074 2779 5129 documento
2818 5073 3077 5144 pastorali
3118 5082 3393 5128 contenant
3432 5074 3505 5129 les
3544 5090 3851 5145 remarques
3892 5093 3986 5129 sur

2358 5167 2701 5221 l‘instruclion
2722 5166 2785 5219 de
2811 5164 2884 5219 Μ.
2908 5167 2953 5219 le
2974 5165 3117 5219 card.
3140 5166 3203 5220 de
3227 5164 3484 5231 Noailles,
3503 5166 3653 5221 edito
3681 5182 3776 5221 an.
3814 5168 3983 5223 1719.

2364 5278 2384 5311 ι
2404 5257 2707 5332 Cyprianus
2734 5258 2926 5329 inquit,
2948 5273 3073 5330 pag.
3099 5257 3169 5313 95
3186 5300 3198 5322 ,
3230 5257 3535 5313 etAfrieaui
3566 5260 3840 5330 prtesules
3866 5278 3982 5317 rne-

2357 5355 2533 5410 ritone
2562 5354 2787 5409 Summo
2816 5355 3052 5425 pontifici
3085 5362 3141 5409 et
3160 5354 3279 5410 orbi
3320 5356 3574 5412 universo
3603 5359 3935 5414 restiterunt
3959 5358 3981 5411 ?

2358 5449 2430 5506 Et
2452 5464 2572 5521 pag.
2604 5449 2705 5504 96:
2733 5447 2965 5504 Felicior
2993 5456 3049 5504 et
3077 5447 3316 5504 sanctior
3344 5449 3647 5521 Cyprianus
3679 5450 3905 5518 fuisset,
3936 5452 3977 5506 si

2357 5542 2681 5600 resistentia:
2710 5541 3040 5597 docilitatem
3062 5544 3421 5614 prmtulisset,
3448 5544 3492 5598 si
3519 5543 3680 5600 fateri
3711 5547 3982 5603 voluisset

2359 5637 2555 5696 Sedem
2585 5636 2936 5708 apostolicam
2964 5652 3085 5693 cum
3110 5637 3301 5709 majori
3332 5640 3715 5711 episcoporum
3748 5655 3979 5698 numero

2358 5733 2702 5803 conjunctam
2735 5731 3013 5788 victricem
3047 5746 3264 5803 semper
3288 5732 3552 5789 extitisse.
3588 5754 3604 5785 ι

2431 5827 2830 5885 lllustrissimus
2875 5826 2943 5885 de
2992 5825 3225 5895 Saleou,
3272 5825 3639 5885 Ruthenensis
3684 5830 3978 5902 episcopus
