4208 6276
310 257 439 315 ιδξι

1541 237 2357 310 ιιιετοιιιαοωοαιιΑτιαΑε

3446 246 3586 303 1522

306 379 358 434 in
398 378 719 432 documento
750 369 998 443 pastorali
1028 385 1117 427 sur
1146 369 1412 426 l‘Autorité
1438 369 1525 425 des
1551 371 1800 426 décisions
1829 371 1893 426 de
1917 376 1969 436 Α
1994 370 2206 436 dinem;
2240 379 2295 426 et
2334 381 2455 439 pag.
2489 366 2625 423 tu:
2657 366 2911 439 Plerique
2940 365 3180 439 episcopi
3210 368 3427 425 concilii
3458 370 3590 426 Car-

307 471 551 543 l‘Eglise,
578 468 723 524 edito
747 481 836 521 an.
868 466 1039 531 1758,
1068 475 1205 535 part.
1236 482 1283 533 ι,
1316 480 1436 536 pag.
1467 464 1609 522 255‘:
1643 484 1663 516 «
1691 465 1890 536 Culpa,

305 563 501 632 inquit,
536 562 593 620 S.
622 559 875 633 Cypriani
912 574 978 615 eo
1016 559 1193 614 minus
1232 558 1533 614 excusanda
1574 567 1722 624 erat,
1753 558 1896 630 quod

304 671 414 712 non
458 654 630 711 solum
678 650 936 723 Stephani
979 650 1198 708 decreto
1242 650 1339 707 sed
1380 652 1541 706 etiam
1583 651 1899 708 universalis

306 748 563 805 Ecclesia:
602 744 976 803 consuetudini
1019 745 1377 809 renitebatur;
1408 763 1428 797 ›
1454 754 1508 801 et
1553 744 1711 815 paulo
1742 756 1894 816 post:

312 864 321 893 ς
359 842 418 899 8.
446 839 749 914 Cyprianus
770 839 887 911 ipse
909 839 1165 896 Ecclesiae
1185 838 1624 895 consuetudinem
1647 855 1757 896 sure
1783 841 1898 911 opi-

308 935 453 991 nioni
478 932 802 990 contrariam
824 947 945 989 esse
970 930 1186 1000 fatetur,
1200 950 1219 984 ι
1240 931 1383 1003 quod
1404 931 1598 989 deinde
1618 947 1685 988 ex
1707 933 1767 990 S.
1792 934 1872 988 Au
1886 960 1901 973 -

306 1027 520 1100 gustino
558 1026 786 1097 aliisque
814 1026 1115 1081 confirmat.

379 1118 851 1176 Eminentissimus
889 1118 1038 1174 card.
1074 1117 1141 1175 de
1170 1117 1435 1187 Noailles,
1467 1120 1779 1191 parisiensis
1816 1137 1902 1176 ar-

308 1213 683 1283 chiepiscopus
711 1211 762 1265 in
790 1210 1007 1268 docum.
1039 1212 1291 1283 pastorali
1319 1210 1446 1268 dato
1476 1213 1561 1269 die
1585 1215 1651 1269 14
1670 1214 1904 1285 januarii

309 1306 484 1371 1719,
520 1306 690 1375 palam
721 1305 963 1377 agnoscit
994 1305 1053 1361 8.
1087 1304 1411 1377 Cyprianum
1443 1320 1551 1361 non
1582 1305 1742 1362 modo
1781 1306 1904 1363 Ste-

306 1399 493 1472 phani,
516 1400 739 1455 Romani
777 1399 1080 1467 Pontiﬁcis,
1113 1400 1209 1455 sed
1240 1407 1295 1456 et
1326 1400 1647 1469 pluralitatis
1692 1401 1906 1472 episco-

304 1508 499 1567 porum
528 1494 827 1551 auctoritati
857 1493 1121 1550 restitisse
1145 1508 1211 1551 ac
1232 1492 1426 1550 cedere
1449 1493 1711 1550 noluisse:
1743 1494 1909 1549 «Res—

308 1588 415 1644 titit
442 1587 678 1659 quidem,
710 1587 877 1657 inquit
908 1601 1029 1657 pag.
1054 1586 1151 1649 75,
1187 1584 1245 1640 S.
1274 1584 1572 1656 Cyprianus
1601 1585 1909 1640 auctoritati

306 1680 563 1752 Stephani
585 1678 1034 1736 Rom.Pontil‘tcis
1063 1688 1119 1734 et
1150 1678 1471 1749 pluralitatis
1502 1679 1907 1749 episcoporum,

1996 464 2330 536 thaginensis
2373 479 2433 519 ιιι
2480 461 2580 535 (in
2612 478 2774 518 causa
2808 462 3061 518 nimirum
3080 462 3338 531 Baptismi
3373 465 3591 520 Itrereti-

1996 560 2223 629 corum)
2266 557 2412 624 ideo,
2437 555 2587 627 juxta
2611 554 2967 622 Augustinum
2993 598 3008 625 ,
3038 564 3288 612 asserunt
3312 558 3592 613 veritatem

1997 650 2377 708 consuetudini
2422 666 2546 707 esse
2590 649 3042 720 praeponendam,
3092 665 3215 720 quia
3260 658 3389 704 tunc
3429 651 3593 705 etiam

1998 744 2260 816 temporis
2289 759 2477 800 eorum
2512 744 2693 812 praxis
2722 742 3099 800 consuetudini
3141 741 3464 813 pluralitatis
3496 742 3598 798 Ec-

1999 837 2286 892 clesiarum
2317 843 2435 891 erat
2463 836 2754 891 contraria.
2786 854 2807 887 ›

2073 930 2278 984 Auctor
2297 927 2478 998 operis
2504 926 2694 998 gallice
2716 927 2959 999 inscripti
2985 927 3298 999 Remarques
3318 945 3408 983 sur
3430 929 3482 983 la
3504 928 3597 983 Bi-

2004 1022 2290 1093 bliothéque
2316 1022 2405 1077 des
2421 1024 2641 1077 Auteurs
2660 1020 2957 1076 Ecclesiast.
2988 1026 3051 1075 de
3079 1021 3130 1075 Μ
3144 1063 3158 1077 .
3184 1021 3392 1091 Dupin,
3414 1024 3494 1078 sic
3521 1024 3601 1079 lo-

2004 1116 2185 1188 quitur
2216 1125 2347 1171 tom.
2381 1131 2435 1183 ι,
2469 1131 2587 1185 pag.
2619 1114 2758 1172 275:
2793 1134 2812 1167 ι
2840 1116 3125 1171 Observari
3158 1128 3339 1187 putest
3368 1118 3512 1189 quod
3547 1118 3600 1172 in

2006 1210 2308 1282 quaestione
2324 1207 2673 1279 Baptismatis
2700 1206 3077 1263 hazreticorum
3108 1208 3167 1264 S.
3194 1208 3497 1279 Cyprianus
3527 1210 3604 1264 fa-

2008 1303 2220 1359 tebatur
2262 1302 2607 1359 traditionem
2651 1319 2758 1358 non
2799 1302 2961 1358 modo
3009 1303 3265 1359 Ecclesia:
3310 1304 3601 1372 Romanae,

2008 1399 2106 1455 sed
2154 1398 2316 1455 etiam
2369 1398 2726 1455 ecclesiarum
2776 1398 3149 1455 Africanarum
3201 1416 3315 1456 suae
3363 1402 3605 1472 opinioni

2010 1510 2132 1552 esse
2157 1493 2504 1550 contrariam.
2535 1512 2554 1547 ι

2082 1587 2286 1643 Natalis
2325 1587 2654 1654 Alexander,
2689 1586 2831 1644 Hist.
2864 1588 3065 1645 Eccles.
3102 1590 3245 1646 tertii
3276 1591 3461 1647 szeculi
3491 1591 3607 1648 disc

2011 1690 2145 1736 sert.
2172 1697 2276 1747 xu,
2299 1691 2401 1736 art.
2427 1698 2473 1747 ι,
2508 1697 2629 1753 pag.
2662 1682 2800 1738 686:
2832 1701 2850 1733 ι
2870 1682 3193 1752 justissima,
3214 1685 3398 1755 inquit,
3425 1686 3613 1740 luisset

306 1775 562 1832 cessisset
590 1784 796 1838 tamen,
824 1772 974 1841 juxta
1013 1771 1368 1843 Augustinum
1414 1770 1643 1841 plenarii
1681 1771 1897 1827 concilii
1930 1777 1979 1838 B
2008 1773 2496 1829 excommunicatio
2522 1788 2551 1826 a
2584 1773 2859 1843 Stephano
2888 1789 3023 1844 papa
3066 1775 3118 1828 in
3159 1776 3485 1845 Cyprianum
3531 1777 3609 1846 ip.

302 1869 528 1942 judicio.
570 1888 589 1921 ι
647 1867 1088 1923 Eminentissimo
1136 1865 1352 1936 prazsuli
1406 1866 1564 1935 plane
1612 1866 1906 1921 concinnnt

310 1962 547 2034 episcopi
573 1961 931 2032 Apamiensis,
962 1959 1242 2021 Senensis,
1276 1958 1772 2028 MonSpessulanus,
1806 1959 1910 2014 Bo-

311 2056 604 2122 noniensis,
632 2052 1123 2109 Antissiodorensis
1149 2062 1203 2107 et
1227 2049 1563 2107 Maeonensis
1592 2052 1642 2106 in
1668 2052 1905 2123 ipsorum

310 2148 660 2219 reSponsione
678 2145 743 2203 ad
774 2147 1040 2217 pastorale
1064 2144 1445 2201 documentum
1468 2146 1633 2200 cmin.
1652 2144 1721 2201 de
1742 2144 1907 2210 Bissi,

311 2242 451 2300 edita
494 2257 583 2297 an.
621 2240 792 2307 1725,
826 2256 945 2311 pag.
981 2238 1072 2305 87,
1106 2248 1267 2310 atque
1297 2239 1350 2293 in
1390 2239 1510 2293 aliis
1550 2238 1914 2295 elucubratio-

319 2339 478 2394 nibus
507 2353 641 2409 quas
665 2336 972 2408 vulgarunt.

387 2431 743 2496 lsambertus,
790 2429 981 2486 doctor
1020 2438 1075 2484 et
1131 2428 1404 2500 professor
1454 2429 1799 2498 sorhonicns,
1848 2429 1915 2486 ad

317 2524 669 2596 qumslionem
707 2522 806 2588 64,
837 2522 925 2578 ubi
957 2523 1019 2576 de
1047 2522 1417 2591 Sacrameutis,
1444 2522 1701 2594 disputat.
1731 2540 1803 2590 tv,
1830 2540 1916 2578 ar-

317 2616 406 2683 tic.
432 2633 486 2684 ι,
510 2632 628 2687 pag.
652 2614 772 2672 121.
798 2615 885 2668 «8.
904 2614 1223 2687 Cyprianus,
1241 2615 1428 2686 inquit,
1455 2624 1559 2670 tam
1581 2617 1631 2670 in
1651 2616 1738 2671 illa
1762 2615 1916 2688 Epis-

318 2709 424 2766 tola
454 2710 553 2781 (ad
582 2708 941 2780 Jubaianum)
972 2724 1130 2779 quam
1174 2709 1225 2762 in
1265 2709 1492 2765 concilio
1530 2708 1597 2764 87
1639 2710 1917 2781 episcopo-

321 2818 473 2870 rum,
517 2801 592 2856 ait
629 2801 893 2857 rationem
937 2809 991 2855 et
1024 2800 1304 2855 veritatem
1345 2816 1466 2857 esse
1496 2801 1910 2872 praeponendam

320 2893 692 2952 consuetudini
714 2937 729 2960 ,
761 2909 892 2966 ergo
923 2893 1178 2963 supponit
1210 2894 1552 2950 traditionem
1585 2893 1751 2950 fuisse
1779 2910 1915 2951 con-

323 2989 538 3044 trariam
568 3003 680 3043 sua:
706 2986 976 3057 opinioni,
1001 2988 1089 3056 (et
1116 2986 1273 3056 paulo
1300 2985 1469 3058 infra)
1499 3002 1604 3042 non
1634 2986 1917 3061 negatCy-

321 3082 539 3153 prianus
567 3079 707 3135 hanc
730 3079 751 3151 (
771 3078 1048 3134 haereticos
1075 3092 1180 3133 non
1210 3078 1606 3153 rebaptizandi)
1632 3096 1753 3137 esse
1774 3098 1920 3137 com-

2010 1865 2167 1936 sique
2190 1868 2595 1922 consentientes
2618 1866 2672 1919 in
2697 1865 2949 1936 dogmate
2976 1866 3046 1921 de
3071 1866 3473 1936 rebaptizandis
3500 1867 3609 1922 hae-

2012 1959 2194 2015 reticis
2238 1960 2543 2030 episcOpos.
2595 1960 2728 2026 Quis
2774 1960 2918 2014 enim
2961 1960 3105 2029 juste
3149 1962 3621 2041 excommunicari

2015 2062 2173 2126 neget
2199 2068 2295 2109 eos
2325 2054 2415 2125 qui
2455 2068 2702 2109 errorem
2745 2061 2962 2107 tuentur
3000 2054 3068 2108 ab
3090 2053 3397 2124 Apostolica
3431 2055 3572 2112 Sede
3595 2097 3612 2123 ,

2013 2156 2068 2203 et
2110 2147 2231 2201 aliis
2275 2145 2522 2202 ecclesiis
2568 2145 2919 2211 damnatum,
2965 2155 3019 2201 et
3066 2146 3119 2201 in
3164 2162 3352 2203 errore
3395 2160 3617 2206 manent

2014 2241 2360 2312 pertinaces?
2403 2239 2536 2295 Cum
2582 2239 2765 2310 itaque
2810 2240 2899 2295 hic
2944 2249 3091 2294 esset
3133 2238 3389 2311 Cypriani
3439 2250 3614 2298 status

2018 2352 2123 2391 non
2178 2336 2369 2392 fuisset
2417 2334 2613 2405 injuste
2663 2334 2715 2387 in
2757 2348 2851 2388 eos
2897 2334 3001 2388 lata
3047 2335 3534 2391 excommunicatio
3578 2352 3611 2391 a

2018 2426 2314 2498 Stephano.
2353 2446 2371 2480 ι
2406 2424 2580 2483 Citata
2628 2425 2831 2481 Natalis
2884 2424 3175 2481 Alexandri
3231 2428 3390 2482 verba
3446 2427 3617 2483 refert

2018 2521 2315 2592 probatque
2357 2520 2420 2574 D.
2464 2518 2731 2574 Chiconot
2767 2517 2819 2573 in
2864 2517 3246 2574 dissertatione
3297 2521 3488 2591 gallica
3529 2538 3618 2576 sur

2020 2615 2073 2669 la
2111 2614 2305 2669 célébre
2342 2613 2544 2683 dispute
2583 2622 2721 2667 entre
2759 2612 2806 2666 le
2843 2629 2975 2682 papa
3006 2612 3067 2668 S.
3102 2612 3320 2668 Etienne
3344 2625 3391 2669 et
3422 2614 3483 2671 S.
3517 2615 3620 2686 Cy-

2022 2709 2195 2779 prien,
2227 2706 2449 2763 Parisiis
2476 2705 2620 2762 edita
2650 2722 2740 2762 an.
2776 2705 2939 2767 1725.
2961 2722 3079 2777 pag.
3106 2707 3240 2771 198,
3274 2710 3363 2777 qui
3386 2718 3442 2764 et
3470 2710 3621 2765 addit

2021 2802 2205 2858 doceri
2225 2801 2526 2857 comuniter
2545 2815 2573 2854 a
2592 2799 2875 2869 theologis,
2892 2802 2949 2855 S.
2972 2799 3299 2870 Cyprianum
3327 2816 3478 2856 suam
3503 2804 3620 2873 opi-

2022 2896 2237 2951 nionem
2267 2894 2523 2951 adversus
2551 2892 2807 2969 Stephani
2840 2892 3065 2948 Romani
3090 2892 3365 2949 Pontificis
3391 2904 3446 2950 et
3483 2896 3616 2951 alia-

2022 3003 2138 3044 rum
2169 2986 2514 3042 ecclesiarum
2541 2984 2802 3056 judicium
2836 2984 3181 3054 pertinaciter
3206 3001 3597 3059 pr0pugnasse.

2098 3080 2381 3148 Duhamel,
2400 3079 2588 3135 doctor
2608 3078 2945 3143 sorhonicns,
2967 3079 3019 3133 in
3041 3092 3136 3132 sua
3153 3077 3466 3151 Theologia:
3489 3080 3623 3135 «Er-

322 3191 538 3231 munem
582 3174 919 3230 traditionem
965 3173 1251 3241 Ecclesire,
1296 3184 1354 3229 ut
1395 3176 1721 3246 Augustinus
1771 3186 1919 3232 recte
1943 3177 1991 3241 C
2022 3174 2180 3236 ravit.
2221 3173 2414 3245 inquit,
2456 3172 2557 3227 hac
2593 3172 2646 3226 in
2677 3188 2737 3227 re
2764 3170 3093 3243 Cyprianus;
3125 3172 3216 3228 sed
3250 3188 3355 3227 non
3386 3173 3629 3229 deseruit

323 3276 474 3324 notat
500 3268 591 3323 lib.
622 3282 681 3322 ιιι
718 3267 781 3321 de
807 3266 1090 3337 Baptismo,
1118 3281 1237 3337 cap.
1268 3267 1357 3322 l2.
1396 3286 1415 3321 ι

396 3360 457 3416 Ρ.
485 3359 737 3428 Frassen,
764 3360 954 3415 doctor
974 3359 1290 3416 sorbonicus
1317 3361 1369 3416 in
1396 3369 1622 3418 tractatu
1649 3363 1712 3419 de
1732 3362 1921 3419 Sacra-

328 3456 532 3522 mentis,
564 3464 668 3511 art.
702 3471 791 3522 ιιι,
817 3464 1007 3526 quaest.
1041 3471 1128 3522 ιιι,
1155 3471 1275 3527 pag.
1305 3455 1397 3514 95.
1428 3477 1446 3508 ί
1468 3457 1597 3513 Tam
1627 3458 1925 3530 Cyprianus

328 3550 445 3619 ipse
481 3531 797 3619 quam’ejus
836 3547 1057 3619 collega:
1089 3548 1140 3603 in
1188 3550 1417 3604 concilio
1459 3561 1644 3620 aperte
1687 3568 1921 3623 agnove-

333 3652 460 3699 runt
506 3642 952 3699 consuetudinem
1000 3650 1055 3697 et
1107 3641 1449 3699 traditionem
1503 3645 1923 3701 ecclesiasticam

332 3739 435 3795 sibi
463 3737 770 3806 adversari,
802 3738 847 3793 si
872 3736 1088 3808 quidem
1117 3738 1314 3808 pluries
1338 3738 1609 3794 inculcant
1633 3752 1923 3796 consuetu-

332 3831 515 3888 dinem
542 3831 743 3888 debere
767 3830 960 3887 cedere
988 3831 1220 3887 veritati.
1255 3850 1275 3884 ι

404 3925 607 3981 Auctor
640 3924 958 3996 Defensiouis
985 3925 1233 3979 declarat.
1257 3924 1392 3980 Cleri
1418 3925 1605 3982 Gallic.
1628 3942 1743 3994 an.,
1766 3926 1927 3996 1682,

338 4017 442 4074 sub
464 4016 679 4073 nomine
697 4017 961 4073 Bossuetii
983 4059 998 4085 ,
1021 4015 1306 4072 Meldensis
1330 4018 1457 4073 olim
1484 4019 1753 4090 episcopi,
1781 4029 1931 4075 extra

338 4108 564 4166 Galliam
585 4108 835 4180 vulgatm,
859 4117 997 4180 part.
1015 4124 1070 4164 ιιι
1090 4150 1105 4175 ,
1124 4109 1215 4164 lih.
1242 4125 1315 4177 ιν,
1336 4112 1525 4181 cap.'7.
1549 4111 1761 4183 «Neque
1782 4127 1931 4181 vero,

340 4201 675 4274 inquit,aliud
695 4201 999 4275 Stephanus
1020 4202 1344 4273 praedicabat
1365 4205 1662 4276 etquidem
1692 4206 1933 4279 urgebat,

340 4295 443 4351 sed
482 4295 836 4352 universalem
862 4338 878 4361 ,
905 4296 1381 4366 consuetudinem,
1424 4299 1520 4356 sed
1563 4301 1631 4356 ab
1669 4300 1938 4373 Aposwlis

344 4388 780 4445 constantissimo
806 4398 993 4446 tenore
1021 4389 1089 4445 ad
1120 4405 1217 4445 nos
1248 4407 1415 4462 usque
1443 4393 1748 4463 deductam,
1779 4412 1938 4467 quam

348 4479 488 4535 liber
530 4494 826 4553 anonymus
873 4481 1013 4551 apud
1060 4482 1350 4555 Rigaltium
1394 4486 1651 4556 Stephani
1699 4499 1941 4560 tempore

2023 3268 2278 3323 unitatem
2308 3265 2583 3330 Ecclesiae,
2616 3279 2789 3336 neque
2817 3264 2953 3320 adeo
2984 3265 3034 3319 in
3067 3264 3298 3321 schisma
3329 3277 3419 3321 aut
3448 3266 3624 3322 haere-

2023 3362 2125 3416 sim
2153 3360 2408 3429 incurrit,
2432 3360 2559 3417 licet
2583 3376 2689 3416 non
2717 3359 3052 3430 acquieverit
3078 3360 3201 3416 huic
3223 3361 3481 3417 Ecclesiae
3510 3370 3623 3418 tra-

2026 3455 2236 3511 ditioni.
2272 3474 2291 3507 ι

2098 3548 2290 3606 Juenin
2322 3548 2375 3604 in
2407 3563 2504 3604 suo
2535 3548 2931 3604 commentario
2961 3548 3025 3603 de
3040 3549 3405 3614 Sacramentis,
3431 3560 3624 3622 quiest.

2028 3660 2082 3712 v,
2111 3655 2213 3699 art.
2243 3659 2334 3709 ιιι,
2355 3643 2383 3715 §
2408 3642 2473 3706 6,
2492 3657 2612 3713 pag.
2635 3642 2758 3698 lOO:
2784 3642 2850 3697 de
2876 3642 3115 3713 antiqua,
3147 3643 3347 3713 inquit,
3373 3642 3629 3703 Ecclesia:

2032 3738 2338 3799 traditione.
2360 3737 2645 3791 haereticos
2664 3751 2771 3790 non
2793 3736 3155 3806 rebaptizandi
3175 3736 3499 3809 (Cyprianus
3516 3742 3630 3811 ipse

2033 3828 2434 3901 conveniebat.)
2468 3848 2486 3882 ι
2515 3829 2766 3900 Etpaulo
2796 3839 2916 3899 post
2936 3845 3003 3884 ex
3028 3830 3085 3886 8.
3117 3833 3416 3902 Augustino
3440 3835 3633 3904 prohat

2037 3924 2095 3980 S.
2125 3922 2451 3994 Cyprianum
2494 3921 2855 3977 universalem
2901 3921 3039 3977 hanc
3087 3922 3347 3977 Ecclesiae
3395 3941 3630 3980 consue-

2037 4015 2272 4071 tudinem
2316 4014 2513 4085 ubiquc
2552 4014 2804 4069 intuitum
2848 4013 3015 4069 fuisse
3046 4015 3131 4069 his
3160 4015 3375 4071 verbis:
3406 4035 3424 4067 σ
3448 4016 3537 4073 Sic
3564 4017 3633 4074 de

2038 4109 2304 4182 Cypriano
2340 4109 2577 4181 loquitur
2607 4109 2971 4180 Augustinus:
3014 4110 3213 4182 ubique
3251 4112 3467 4169 intuens
3509 4114 3633 4168 uni-

2040 4204 2305 4260 versalem
2327 4202 2708 4274 robustamque
2729 4205 3173 4260 consuetudinem
3191 4244 3254 4271 ,..
3280 4207 3422 4263 idem
3450 4209 3507 4263 S.
3537 4208 3632 4263 Do-
3724 4216 3727 4217 ⁷

2040 4305 2156 4353 ctor
2199 4296 2393 4352 asserit
2436 4295 2766 4366 Cyprianum
2806 4298 2982 4369 egisse
3009 4297 3271 4355 adversus
3298 4300 3461 4356 totius
3489 4300 3635 4357 orbis

2044 4405 2247 4445 morem
2256 4428 2270 4442 .
2309 4408 2329 4442 ι

2116 4484 2194 4538 Dn
2236 4483 2455 4539 Saussoi
2495 4482 2547 4538 in
2588 4482 2774 4539 libello
2813 4483 2896 4538 cui
2935 4484 3123 4555 gallice
3163 4486 3348 4541 titulus
3378 4487 3428 4542 la
3464 4486 3633 4543 Vérite’

346 4573 609 4629 adversus
630 4573 953 4646 Cyprianum
975 4573 1333 4648 Cyprianiquc
1352 4580 1585 4635 asseclas
1604 4584 1941 4652 conscriptus
1965 4581 2019 4643 D
2042 4581 2234 4636 rendue
2258 4580 2493 4647 sensible,
2519 4590 2651 4637 tom.
2687 4597 2755 4647 ιι,
2788 4596 2909 4652 pag.
2934 4581 3034 4638 59:
3064 4602 3082 4634 ι
3109 4582 3167 4638 8.
3199 4581 3502 4653 Cyprianus
3530 4601 3635 4641 non

346 4667 583 4739 appellat
608 4669 997 4725 vetustissimam
1013 4671 1429 4735 consuetudinem
1450 4673 1711 4730 Ecclesiae.
1723 4715 1736 4729 .
1748 4717 1761 4731 .
1778 4676 1908 4747 quin
1926 4718 1939 4742 ,

2046 4679 2251 4748 putavit
2280 4693 2338 4733 se
2371 4676 2542 4733 teneri
2588 4677 2654 4732 ad
2700 4676 3132 4746 amplectendam
3179 4677 3436 4749 Stephani
3486 4696 3637 4751 papa:

349 4759 464 4829 ipsa
506 4760 763 4832 ﬂagrante
790 4761 1089 4830 discordia,
1124 4763 1427 4835 Cyprianus
1456 4766 1683 4838 ejusque
1719 4769 1943 4840 collegm
2045 4770 2402 4834 sententiam,
2433 4770 2679 4841 quamvis
2709 4769 2832 4823 huic
2864 4770 3101 4839 pontilici
3132 4771 3304 4840 major
3330 4772 3445 4826 sine
3474 4772 3637 4828 duhio

351 4849 588 4907 Africani
615 4853 1058 4909 consuetudinem
1089 4854 1191 4909 sibi
1220 4856 1497 4913 adversari
1525 4859 1668 4915 ultro
1697 4861 1943 4918 fateban-
2044 4866 2422 4935 episcoporum
2455 4879 2714 4919 numerus
2740 4863 3063 4918 adhaereret.
3092 4883 3109 4916 ι
3133 4867 3337 4919 Auctor
3363 4866 3526 4919 libelli
3555 4867 3639 4920 in-

351 4950 479 4999 tur:
509 4943 560 4999 id
590 4960 735 5014 saepe
761 4945 1091 5017 Augustinus
1120 4957 1289 5004 notat.
1322 4969 1341 5001 ι

426 5036 758 5106 Fleuriacus,
791 5038 988 5093 Hister.
1015 5039 1163 5097 Eccl.
1192 5052 1323 5097 tom.
1355 5061 1421 5112 ιι,
1450 5046 1544 5103 lib.
1567 5064 1674 5115 vn,
1702 5063 1823 5119 cap.
1846 5047 1940 5103 26.

363 5152 380 5182 ‹
397 5131 641 5189 Veterem
665 5134 921 5191 Ecclesia:
942 5137 1389 5194 consuetudinem
1411 5140 1683 5212 Cypriano
1703 5157 1949 5213 oppone-

2042 4958 2225 5029 scripti
2267 4978 2280 5015 :
2331 4957 2569 5026 Réponse
2606 4974 2672 5011 au
2720 4957 2935 5027 premier
2974 4958 3349 5013 auertissemeut
3392 4958 3456 5011 de
3499 4957 3638 5028 Mgr.

2042 5053 2258 5121 l’évéque
2276 5052 2340 5107 de
2354 5052 2611 5116 Soissom,
2633 5050 2762 5106 editi
2790 5066 2877 5104 an.
2901 5052 3062 5116 I729,
3081 5050 3195 5106 lucc
3209 5051 3390 5114 habet,
3417 5068 3468 5120 p.
3495 5051 3636 5106 2l2:

2053 5164 2073 5198 t
2092 5147 2150 5201 S.
2166 5144 2834 5217 Cyprianus,Firmilianus
2852 5144 3049 5212 aliique
3066 5144 3244 5214 plures
3262 5145 3495 5215 episcopi
3512 5145 3643 5214 ipsis

359 5224 492 5280 bant
519 5227 760 5298 episcopi
788 5244 893 5283 non
937 5229 1374 5299 rebaptizantes,
1422 5232 1566 5287 illam
1608 5233 1807 5289 fatetur
1831 5234 1951 5306 qui-
2046 5239 2243 5295 addicti
2278 5254 2505 5295 numero
2535 5239 2693 5309 longe
2734 5237 3023 5294 inferiores
3064 5249 3220 5294 erant
3261 5240 3507 5305 caeteris,
3552 5239 3644 5309 qui

360 5316 484 5373 dem
511 5317 569 5374 S.
596 5318 928 5390 Cyprianus;
957 5332 1011 5377 at
1033 5323 1230 5378 rationi
1257 5323 1648 5393 subjiciendam
1673 5341 1797 5382 esse
1823 5342 1955 5381 con—
2050 5333 2324 5403 Stephano
2353 5331 2707 5388 adlnrrebant
2744 5330 3044 5400 episcopis;
3075 5340 3312 5388 attamen
3346 5333 3644 5403 Cyprianus

364 5412 590 5468 tendit.»
618 5412 959 5470 Fleuriacum
986 5416 1216 5471 excribit
1246 5417 1309 5481 l).
1341 5415 1542 5473 Cellier
1570 5418 1955 5476 Benedictinus
2055 5428 2249 5484 merito
2270 5429 2421 5497 juxta
2439 5427 2495 5483 S.
2524 5426 2875 5498 Augustinum
2900 5425 2983 5481 his
3005 5428 3414 5485 auctoritatibus
3432 5470 3447 5495 ,
3475 5445 3644 5501 quan-

362 5505 569 5562 Πίσων.
595 5508 809 5564 Sacror.
831 5510 1109 5565 Auctarum
1130 5520 1261 5565 tom.
1285 5527 1373 5577 ιιι,
1400 5529 1521 5585 pag.
1548 5515 1671 5570 151.

442 5600 838 5668 Tillemontius,
865 5601 1066 5658 Histor.
1095 5603 1241 5659 Eccl.
1269 5612 1399 5658 tom.
1427 5622 1501 5673 tv,
1526 5607 1683 5661 artic.
1709 5623 1862 5675 xun,
1892 5609 1960 5665 de

2055 5520 2300 5575 tumlibet
2330 5534 2535 5590 magum
2566 5529 2780 5585 essent,
2809 5519 3005 5575 cedere
3038 5522 3229 5577 noluit.
3264 5542 3281 5574 ι

2132 5612 2193 5666 Ρ.
2222 5611 2482 5665 Constant
2514 5609 2892 5666 Benedictinus
2926 5612 2977 5666 in
3007 5627 3104 5667 suo
3133 5614 3196 5667 de
3228 5612 3473 5683 Epistolis
3496 5617 3651 5671 Rom.

368 5692 662 5765 Cypriano,
678 5712 799 5770 pag.
820 5696 953 5753 159:
976 5698 1069 5753 «8.
1086 5695 1408 5769 Cyprianus,
1426 5699 1611 5771 inquit,
1630 5700 1761 5756 satis
1777 5712 1964 5773 aperte
2063 5704 2373 5774 Pontiﬁcum
2403 5719 2598 5778 opere,
2631 5714 2762 5760 tom.
2796 5722 2846 5775 ι,
2883 5721 3001 5777 pag.
3034 5706 3162 5764 $53.
3195 5726 3214 5759 ι
3238 5706 3313 5761 Ne
3357 5709 3542 5779 igitur,
3578 5710 3661 5762 in-

374 5785 572 5869 fatetur
611 5806 670 5846 se
706 5791 980 5861 antiquam
1024 5807 1130 5849 non
1177 5792 1331 5864 sequi
1378 5790 1635 5852 Ecclesize
1676 5808 1967 5855 consuetu-

661 5884 931 5949 PATROL.
964 5882 1071 5947 Ill.

2068 5800 2199 5872 quit,
2228 5798 2457 5874 majores
2482 5817 2609 5861 suos
2636 5817 2697 5858 ac
2725 5812 2897 5862 totam
2924 5818 3059 5875 pene
3081 5802 3374 5859 Ecclesiani
3407 5804 3674 5860 damnare

3231 5889 3307 5955 te
