4208 6276
639 325 780 382 1585

2035 318 2478 384 DISSEBTATIO

3783 328 3922 390 1524

639 445 940 517 Cyprianus
966 443 1239 500 videretur
1261 443 1637 515 episcoporum
1669 445 1958 516 unicuique
1981 448 2228 518 permisit
2254 453 2306 512 Α
2333 437 2641 518 Apostolica
2693 443 2835 504 Sede
2883 453 2936 502 et
2990 441 3197 502 caeteris
3245 445 3506 503 Ecclesiis
3555 449 3921 519 proscriptum

643 540 846 595 sentire
884 538 969 592 vel
998 551 1160 608 agere
1185 535 1312 606 quid
1363 537 1557 592 melius
1603 537 1885 608 jndicaret.
1917 557 1936 590 ι
1969 539 2035 594 Et
2078 539 2232 609 paulo

643 633 781 688 infra
802 632 878 686 sic
908 632 1081 702 pergit
1109 649 1121 684 :
1151 647 1170 682 α
1204 629 1969 703 DttrumvidebaturCypriano
1991 643 2233 687 commu-

645 729 859 782 nionem
899 725 980 779 eis
1025 739 1222 794 negare
1263 722 1354 794 qui
1394 733 1674 780 servarent
1709 723 1851 796 quod
1891 726 1944 780 in
1985 726 2233 780 omnibus

644 833 814 891 prope
837 818 1094 872 Ecciesiis
1117 816 1331 872 videbat
1351 819 1587 887 servari,
1614 817 1864 888 quodque
1885 831 1914 872 a
1936 818 2232 889 majoribus

643 913 757 968 suis
785 921 908 967 ante
936 912 1292 982 Agrippinum
1330 913 1670 969 observatum
1712 927 1835 970 esse
1875 925 1982 970 non
2019 916 2233 986 ignora-

639 1007 763 1073 bat;
796 1023 921 1063 cum
948 1007 1221 1078 Stephano
1246 1009 1389 1064 enim
1417 1011 1801 1081 conspirabant
1826 1021 2014 1066 omnes
2045 1011 2232 1066 Eccle-

641 1103 758 1168 siae,
791 1113 987 1173 praeter
1012 1101 1290 1158 Africanas
1321 1113 1374 1159 et
1403 1118 1600 1174 paucas
1629 1104 1880 1171 Orientis,
1907 1103 2228 1175 provincias,

638 1195 819 1254 Africa
849 1212 1054 1253 morem
1094 1197 1344 1253 eumdem
1383 1198 1447 1254 ad
1492 1200 1840 1270 Agrippinum
1881 1214 2050 1271 usque
2091 1199 2233 1256 obti-

641 1292 825 1348 nuisse
852 1293 1154 1364 Cyprianus
1181 1302 1234 1348 et
1263 1294 1392 1348 socii
1427 1293 1754 1349 fatebantur.
1785 1315 1802 1347 ι

713 1384 1000 1440 Turnelius
1026 1385 1216 1440 doctor
1236 1401 1298 1439 ac
1321 1384 1594 1454 professor
1617 1385 1966 1451 Sorbonicus,
1996 1387 2048 1440 in
2075 1394 2232 1441 tract.

641 1477 704 1530 de
727 1476 1096 1545 Sacramentis,
1121 1487 1312 1548 quiest.
1337 1493 1440 1545 vn,
1465 1487 1566 1532 art.
1592 1493 1660 1541 ιι,
1688 1479 1866 1534 conci.
1891 1496 1938 1542 ι,
1960 1491 2081 1550 pag.
2105 1477 2230 1534 3'17.

645 1570 752 1625 «Ex
775 1572 1064 1640 constanti,
1090 1572 1279 1642 inquit,
1306 1587 1469 1638 porro
1492 1572 1748 1626 Ecclesiae
1765 1571 2052 1626 traditione
2080 1573 2236 1642 longe

642 1663 852 1719 ﬁrmius
882 1663 1169 1718 deducitur
1192 1675 1566 1734 argumentum
1597 1664 1734 1733 (pro
1763 1661 2052 1733 rejicienda
2081 1664 2237 1718 nimi-

651 1772 770 1810 rum
816 1755 1196 1812 haereticorum
1224 1755 1666 1826 rebaptizatione)
1703 1755 1846 1825 quod
1887 1763 2034 1810 certe
2079 1755 2239 1809 subo-

2338 525 2638 607 tu‘erentur,
2680 551 2732 597 et
2772 541 2824 596 in
2877 553 2982 611 quo
3014 539 3315 610 pertinaces
3367 543 3561 596 forent.
3604 541 3775 596 Porro
3804 542 3923 596 talis

2335 645 2452 689 erat
2486 649 2641 690 error
2683 633 2739 690 S.
2784 631 3038 706 Cypriani
3081 641 3135 687 et
3172 623 3231 690 S.
3277 631 3595 699 Firmiliani,
3629 649 3756 704 ergo
3781 633 3924 704 juste

2335 727 2784 784 excommunicati
2813 727 3104 796 ftiissent,i
3135 719 3304 782 etart.
3337 725 3389 794 5,
3427 723 3445 780 ἃ
3478 729 3545 782 ex
3570 728 3649 783 his
3667 745 3787 800 qute
3819 727 3926 784 huc

2335 837 2506 892 usque
2529 820 2810 877 retulimus
2851 817 3062 876 coitStat
3091 813 3349 891 majorem
3381 819 3752 891 episcoporum
3796 837 3929 891 par-

2337 925 2443 969 tem
2491 910 2784 971 adhaesisse
2826 913 2884 971 S.
2931 913 3226 986 Stephano,
3279 913 3424 970 unde
3476 916 3708 987 sequitur
3752 915 3930 986 ipsius

2335 1007 2655 1064 sententiam
2686 1005 2851 1064 fuisse
2881 1001 3138 1064 Ecclesitii
3187 1009 3600 1064 sententiam....
3650 1007 3930 1064 fatendum

2337 1113 2419 1159 est
2448 1104 2876 1160 infaliibiiitatem
2905 1105 3134 1160 activam
3183 1099 3423 1159 residere
3456 1103 3507 1158 in
3537 1103 3729 1174 majori
3776 1113 3933 1174 parte

2336 1199 2743 1268 episcoporum,
2776 1197 3002 1266 ideoque
3045 1198 3103 1250 8.
3138 1191 3470 1265 Stephanum
3500 1194 3934 1266 independenter

2338 1305 2366 1345 a
2395 1289 2741 1361 snbsequenti
2783 1285 3041 1344 Ecclesiae
3082 1288 3324 1360 judicio,
3384 1306 3502 1359 qua:
3557 1306 3670 1345 rem
3703 1307 3768 1346 ex
3827 1289 3934 1346 ﬁde

2338 1384 2588 1454 explicita
2617 1379 2941 1438 credendam
2974 1381 3269 1437 declaravit
3295 1423 3307 1446 ,
3339 1385 3573 1437 tenuisse
3601 1383 3887 1438 veritatem
3914 1426 3930 1448 ,

2339 1477 2601 1549 siquidem
2653 1491 2756 1532 non
2805 1491 2910 1531 una
2958 1485 3165 1532 tantum
3209 1475 3308 1531 fuit
3337 1477 3592 1547 Stephani
3635 1477 3928 1544 sententia,

2339 1565 2432 1626 sed
2462 1569 2622 1625 etiam
2668 1569 2888 1640 majoris
2921 1565 3087 1640 partis
3136 1567 3511 1639 episcOporum
3534 1611 3548 1634 ,
3577 1569 3722 1624 unde
3750 1568 3810 1624 S.
3838 1567 3936 1641 Cy-

2340 1663 2561 1735 prianus
2587 1663 2694 1718 vim
2741 1663 3038 1734 argumenti
3069 1665 3134 1717 e‘x
3165 1662 3423 1718 Ecclesia:
3453 1661 3850 1717 consuetudine
3881 1672 3935 1717 et

2340 1757 2529 1829 majori
2578 1757 2949 1829 episcoporum
2988 1772 3213 1812 numero
3253 1766 3477 1811 cnnatur
3506 1753 3731 1823 elidere,
3763 1759 3935 1827 Oppo-

640 1852 863 1907 doratus
893 1852 1191 1922 Cyprianus
1211 1893 1224 1915 ,
1259 1865 1323 1904 ac
1351 1863 1526 1904 causa:
1555 1863 1667 1904 sua:
1695 1849 1862 1904 veluti
1900 1848 2151 1903 difﬁdens
2190 1847 2237 1902 si
2264 1849 2313 1910 B
2342 1851 2518 1909 nenda
2547 1848 2853 1921 veritatem,
2883 1863 3042 1924 quam
3073 1849 3205 1905 falso
3236 1850 3656 1920 praetendebat.»

635 1944 704 1999 ad
755 1943 1096 1999 traditionem
1144 1951 1503 2013 provocarat,
1551 1956 1657 1995 non
1703 1939 2092 1995 consuetudine
2130 1953 2229 1995 seu

641 2036 930 2092 traditione
979 2034 1325 2106 pugnandum
1377 2034 1463 2088 hic
1508 2047 1630 2089 esse
1680 2033 2076 2099 contendebat,
2131 2031 2228 2087 sed

637 2129 871 2185 ratione.
904 2149 924 2182 ι

706 2225 769 2278 D.
796 2223 1011 2278 Marand
1031 2261 1045 2287 ,
1067 2222 1175 2292 jam
1200 2237 1363 2292 supra
1384 2220 1630 2274 laudatus
1654 2220 1707 2274 in
1731 2219 2046 2290 prtefatione
2067 2232 2227 2287 quam

637 2318 939 2374 Baiuzianas
982 2331 1205 2386 operum
1251 2314 1308 2371 S.
1353 2314 1610 2386 Cypriani
1659 2313 1885 2368 editioni
1932 2311 2225 2382 praemisit:

640 2431 658 2464 t
681 2410 980 2483 Cyprianus
998 2429 1018 2463 ι
1048 2410 1220 2480 inquit
1248 2424 1371 2480 pag.
1402 2409 1468 2462 l7
1503 2428 1520 2459 t
1545 2409 1828 2461 humanam
1859 2403 2094 2476 appellat
2122 2413 2228 2458 tra-

638 2505 933 2567 ditionem,
964 2503 1107 2573 quod
1146 2501 1350 2556 nullius
1388 2501 1602 2556 concilii
1647 2500 1934 2554 antoritate
1963 2499 2228 2553 constitu-

635 2605 748 2650 tum
779 2597 830 2649 in
855 2594 1104 2650 maximis
1131 2593 1435 2664 quibusque
1455 2593 1703 2648 ecclesiis
1727 2604 1940 2647 summo
1960 2601 2228 2647 consensu

643 2690 1050 2747 observabatur.
1075 2707 1094 2741 ι

706 2783 930 2847 Briiion,
983 2781 1171 2836 doctor
1218 2789 1273 2835 et
1320 2778 1592 2850 professor
1643 2778 1962 2834 sorbonicus
2018 2778 2070 2833 in
2116 2777 2234 2832 suis

636 2876 953 2947 theologicis
980 2876 1044 2928 de
1064 2874 1409 2930 Sacramentis
1443 2873 1878 2942 przelectionibus
1906 2874 1958 2927 in
1985 2871 2230 2928 Sorbona

634 2971 852 3037 habitis,
875 2984 963 3025 an.
986 2969 1142 3024 1750.
1174 2987 1192 3019 ι
1212 2968 1344 3022 Tum
1371 2966 1672 3040 Cyprianus
1701 2987 1748 3034 i,
1771 2969 1943 3038 inquit
1965 2953 2154 3037 (μετάξει.
2174 2969 2228 3034 5,

645 3084 663 3117 t
696 3075 806 3120 tum
860 3062 1096 3120 Africani
1154 3062 1414 3130 praesules
1464 3071 1798 3131 agnoverunt
1859 3061 1913 3115 iit
1965 3057 2232 3115 Africanis

637 3156 881 3213 conciliis
917 3153 1363 3210 consuetudinem
1390 3161 1446 3208 et
1487 3153 1827 3208 traditionem
1879 3152 2228 3222 apostolicam

639 3250 741 3306 sibi
763 3248 1054 3310 adversari,
1086 3245 1377 3300 identidem
1426 3246 1480 3299 in
1529 3246 1612 3300 his
1662 3246 1908 3300 conciliis

639 3341 1081 3401 consuetudinem
1110 3339 1311 3394 debere
1339 3338 1534 3393 cedere
1575 3339 1842 3394 veritati.»

709 3435 913 3505 Vogan,
935 3434 1125 3488 doctor
1151 3442 1205 3487 et
1226 3431 1500 3502 professor
1518 3431 1852 3496 sorbonicus,
1868 3431 1922 3485 in
1943 3432 2056 3487 suis
2079 3427 2232 3487 theo-

643 3529 830 3598 logicis
861 3527 923 3582 de
950 3526 1293 3582 Sacramenlis
1323 3525 1755 3594 praeiectionibus
1783 3527 1834 3580 in
1863 3525 2105 3581 Sbrbona
2140 3527 2231 3579 ha-

640 3623 787 3688 bitis,
819 3638 907 3676 an.
937 3620 1097 3675 1757.
1137 3637 1155 3670 t
1185 3619 1242 3673 S.
1272 3618 1624 3687 Augustinus,
1647 3618 1948 3689 inquitcap.
1969 3619 2024 3684 8,
2048 3627 2150 3673 art.
2176 3620 2227 3684 1,

641 3719 733 3789 qui
761 3716 924 3772 variis
957 3715 1012 3768 in
1040 3714 1169 3769 locis
1196 3713 1334 3767 hanc
1372 3713 1815 3768 consuetudinem
1845 3713 2079 3783 appellat
2106 3715 2231 3768 uni.

639 3813 930 3873 versaiem.
981 3810 1278 3876 robustam,
1351 3807 1760 3863 saluberrimam
1810 3823 1969 3877 quam
2015 3807 2232 3880 quidem

640 3905 698 3961 8.
719 3902 1018 3976 Cyprianus
1047 3901 1237 3956 eodem
1283 3909 1418 3955 teste
1445 3899 1643 3970 ubique
1669 3901 1998 3968 intuebatur,
2039 3911 2096 3956 et
2125 3903 2236 3972 egit

643 4011 820 4055 tamen
843 3999 1104 4054 adversus
1129 3999 1292 4052 tutius
1320 3997 1468 4050 orbis
1509 4003 1730 4050 morem.
1748 4013 1768 4047 ο

715 4090 1010 4166 Delahaye,
1041 4092 1230 4148 doctor
1251 4102 1304 4146 et
1333 4089 1607 4161 professor
1628 4091 1966 4155 sorbonicus,
2020 4090 2072 4144 in
2125 4089 2235 4144 suis

643 4185 963 4258 theologicis
987 4185 1048 4239 de
1094 4183 1359 4255 Baptismo
1401 4183 1836 4252 pra-lectionibus
1889 4185 1940 4235 in
1988 4184 2234 4238 Sorbona

644 4282 862 4346 habitis,
887 4295 977 4334 an.
1002 4279 1157 4334 1758.
1182 4277 1382 4344 «Iusta,
1404 4278 1707 4348 inquitcap.
1733 4279 1785 4343 5,
1809 4287 1910 4332 art.
1931 4277 1988 4343 2,
2017 4279 2234 4332 omnino

645 4372 838 4429 fuisset
889 4371 1374 4427 excommunicatio
1422 4375 1480 4424 8.
1523 4370 1806 4439 Stephani,
1836 4372 1881 4424 si
1912 4367 2018 4425 lata
2052 4370 2238 4425 fuisset

648 4465 700 4519 iti
731 4463 1146 4532 rcbaptizantes,
1203 4476 1266 4515 ea
1320 4460 1462 4514 enim
1508 4461 1989 4515 excommunicatio
2047 4461 2236 4516 fuisset

641 4557 970 4627 justissima,
1003 4569 1122 4625 qua:
1175 4555 1226 4608 in
1273 4567 1368 4608 eos
1415 4553 1701 4609 cecidisset
1743 4554 1834 4623 qui
1887 4565 2130 4610 errorem
2168 4557 2236 4612 ab

1405 4737 1632 4753 -———-‘

2408 1968 2560 2039 Quod
2607 1978 2784 2025 autem
2826 1969 3123 2040 Cyprianus
3171 1969 3320 2037 juxta
3378 1982 3719 2022 communem
3767 1967 3934 2022 etiam

2339 2059 2710 2133 theologorum
2755 2061 2914 2116 modo
2966 2060 3300 2116 laudatorum
3347 2059 3638 2115 doctrinam
3695 2060 3934 2126 noverit,

2339 2157 2596 2228 Stephani
2640 2155 3084 2213 consuetudinem
3115 2155 3183 2210 ab
3209 2154 3459 2209 omnibus
3486 2153 3743 2225 episc0pis
3775 2153 3929 2208 anti-

2332 2253 2512 2323 quitus
2542 2261 2804 2307 servatam
2833 2251 2996 2306 fuisse
3020 2253 3097 2304 sic
3124 2249 3571 2304 demonstramus.
3592 2247 3690 2316 Qui
3709 2245 3905 2316 Agrip-

2333 2347 2514 2415 pinum
2545 2347 2813 2401 existimat
2852 2345 3080 2414 primum
3126 2343 3558 2414 rebaptizationis
3600 2355 3906 2415 parentem,

2338 2441 2645 2497 necessario
2714 2440 2952 2510 agnoscit
3026 2438 3293 2493 neminem
3367 2443 3746 2513 episcoporum
3805 2458 3930 2502 ante

2340 2529 2692 2603 Agrippinum
2748 2529 3032 2587 haereticos
3075 2533 3468 2602 rebaptizasse,
3501 2545 3557 2591 et
3600 2552 3934 2610 consequen—

2340 2635 2420 2679 ter
2452 2623 2708 2695 Stephani
2740 2623 2965 2681 Romani
3010 2625 3284 2687 Pontiﬁcis
3337 2631 3785 2687 consuetudinem
3815 2644 3935 2690 ante

2340 2716 2688 2788 Agrippinum
2711 2719 2777 2773 ab
2804 2720 3054 2775 omnibus
3082 2721 3348 2792 episcopis
3376 2722 3720 2780 observatam
3744 2726 3933 2796 fuisse,

2338 2812 2487 2881 atqui
2515 2811 2664 2879 juxta
2696 2827 3033 2867 communem
3081 2811 3268 2868 Gallice
3297 2815 3623 2885 scriptorum
3669 2836 3732 2875 ac
3777 2821 3935 2876 theo-

2341 2901 2581 2974 logorum
2607 2905 2936 2975 Opinionem,
2965 2907 3020 2961 8.
3037 2905 3338 2978 Cyprianus
3364 2907 3715 2980 Agrippinum
3738 2927 3940 2968 cense-

2340 2995 2429 3050 bat
2455 2997 2682 3067 primum
2717 2998 3153 3070 rebaptizationis
3182 3011 3462 3070 parentem
3488 3043 3501 3068 ,
3534 3003 3582 3057 id
3608 3004 3751 3058 enim
3775 3005 3940 3060 affir-

2341 3098 2488 3142 mant
2537 3087 2882 3158 isambertus,
2928 3091 3154 3147 Frasscn
3182 3135 3196 3159 ,
3248 3092 3499 3150 defensor
3537 3093 3738 3150 Declar.
3785 3095 3939 3152 Cleri

2341 3181 2635 3246 Gallicani,
2689 3183 2848 3255 vulgo
2891 3183 3221 3252 Bossuetius,
3276 3188 3559 3244 lleidensis
3600 3192 3940 3264 episcopus,

1963 3245 2231 3300 inculcant
2259 3249 2303 3311 C
2335 3273 2734 3343 Tiliemontins,
2761 3279 3095 3348 Fient-iocus,
3131 3282 3357 3352 Baillet,
3399 3294 3586 3339 auctor
3626 3245 3814 3356 operi;

2341 3372 2557 3426 titulus:
2591 3370 2899 3443 Remarques
2929 3391 3018 3428 sur
3053 3374 3104 3429 la
3139 3373 3387 3430 Bibliotlt.
3421 3378 3507 3431 de:
3532 3380 3759 3434 Auteurs
3791 3381 3932 3435 Eccl.

2339 3465 2399 3516 de
2426 3457 2478 3517 Μ
2487 3502 2500 3517 .
2533 3461 2733 3536 Dupin,
2760 3465 3122 3534 l‘Het'minier,
3173 3468 3394 3524 Habert.
3429 3471 3487 3524 P.
3516 3470 3742 3528 Μείναθεί
3774 3473 3946 3530 bene-

2337 3555 2588 3621 dictinus,
2616 3553 2674 3614 P.
2706 3558 3018 3629 Cervasius,
3046 3562 3106 3615 D.
3134 3562 3338 3618 Brillon
3368 3575 3427 3620 et
3451 3565 3516 3620 D.
3549 3565 3774 3638 Beuret,
3812 3585 3945 3639 pro-

2338 3652 2568 3707 fessores
2624 3652 2915 3721 sorbonici,
2971 3670 3196 3726 quorum
3257 3658 3498 3713 omnium
3551 3660 3719 3716 verba
3773 3678 3945 3734 supra

2338 3744 2642 3801 retulimus.

2410 3860 2524 3915 [loc
2545 3863 2761 3931 insuper
2787 3862 2983 3918 docent
3009 3863 3227 3930 Juenin,
3251 3867 3454 3926 Natalis
3476 3871 3808 3938 Alexander,
3834 3891 3950 3932 nec

2339 3971 2444 4010 non
2478 3955 2544 4010 de
2586 3955 2853 4012 Reveroni
2881 3959 2934 4013 in
2980 3975 3076 4016 sua
3109 3962 3493 4021 dissertatione
3523 3967 3834 4039 dogmatica
3870 3971 3947 4028 de

2338 4049 2562 4106 dissidio
2589 4051 2730 4106 inter
2749 4053 2806 4108 8.
2841 4054 3105 4124 Stephatt.
3136 4070 3187 4112 et
3209 4059 3263 4114 8.
3291 4059 3645 4132 Cyprianum,
3668 4073 3719 4117 et
3744 4067 3948 4122 caeteri

2338 4144 2450 4198 iero
2471 4159 2660 4200 omnes
2685 4147 2775 4216 qui
2805 4146 2872 4205 de
2903 4149 3345 4218 rebaptizationis
3365 4155 3578 4222 origine
3607 4165 3949 4217 tractarunt.

2337 4233 2467 4291 Jure
2489 4251 2615 4307 ergo
2641 4239 3014 4294 concludimus
3050 4239 3377 4312 Cyprianum
3403 4246 3553 4314 juxta
3586 4263 3954 4309 communem

2337 4328 2608 4384 Gallorum
2639 4330 2941 4387 doctrinam
2971 4334 3136 4389 etiam
3164 4343 3385 4392 novisse
3411 4338 3671 4410 Stephani
3699 4359 3959 4402 consue-

2339 4421 2578 4478 tudinem
2605 4423 2672 4478 ab
2711 4423 2960 4480 omnibus
2994 4427 3266 4497 episcopis
3311 4431 3610 4502 antiquitus
3658 4447 3960 4496 servatam

2341 4511 2530 4568 fuisse.

2593 4746 3210 4778 ""-_-—-————a

1450 4884 2924 5052 DISSERTATION
2931 4908 3102 5056 IS

1833 5147 2731 5273 PARSSECUNDA

644 5343 1033 5403 Anconsxruu.
1068 5369 1136 5380 -ι
1164 5337 1363 5440 δοιὶάα.
1387 5347 1432 5392 et
1464 5337 1654 5440 invicta
1677 5349 1792 5440 sunt
1821 5356 1934 5440 quia
1961 5341 2028 5393 ad
2055 5337 2226 5412 proﬂi-
2247 5345 2302 5406 D
2331 5347 2466 5401 istud
2491 5348 2892 5412 Neotericorum
2915 5372 3285 5430 argumentum
3307 5377 3530 5425 vacuum
3556 5383 3609 5429 et
3632 5372 3798 5435 inane
3824 5397 3968 5440 con.

714 5438 939 5510 gendum
1009 5449 1069 5487 ac
1131 5431 1449 5486 evertendam
1498 5445 1560 5483 ea:
1616 5429 1676 5484 S.
1727 5429 1982 5501 Cypriano
2025 5436 2232 5504 petitum

2339 5440 2519 5545 liciant
2563 5459 2625 5498 ac
2666 5451 2874 5516 penitus
2925 5463 3190 5522 evertant,
3223 5466 3610 5534 propugnando
3652 5473 3961 5545 nimirum,

715 5531 950 5583 adversus
972 5527 1285 5598 pontiﬁcium
1313 5523 1645 5578 inerrantium
1670 5521 2054 5579 Neotericorum
2080 5547 2233 5599 argu-
2337 5533 2489 5588 sicuti
2518 5540 2698 5593 cuiteri
2729 5543 3015 5610 pontiﬁciie
3063 5521 3372 5608 inerrantiie
3394 5521 3813 5626 “vindicem-MS"-

995 5636 1016 5641 μ
1053 5617 1438 5641 ____.----..-_...'.-.:_
1466 5616 1650 5641 0-11:-
1679 5616 1922 5641 .r.--r..._:-
1973 5620 2099 5641 -.μη
2406 5629 2414 5636 -
2983 5640 2988 5641 ,
3766 5606 3780 5618 ‘
3939 5602 3968 5613 “

712 5632 955 5687 mentum,
987 5636 1016 5672 a
1047 5617 1438 5687 sapientissimis
1465 5616 1650 5670 Gallia:
1677 5616 1923 5688 theologis
1964 5620 2231 5675 adducun-

713 5723 812 5769 μιν.

2336 5629 2580 5722 prianum
2612 5643 2853 5691 exortam
2878 5641 2948 5695 de
2977 5640 3355 5702 haereticorum
3384 5649 3661 5722 Baptism
3699 5629 3966 5719 conten-

2334 5720 2533 5821 tionem
2565 5742 2679 5829 non
2695 5727 2819 5786 ﬁdei
2843 5733 2939 5829 sed
2963 5749 3127 5793 met-:3
3147 5739 3443 5812 disciplinte
3462 5720 3747 5820 retulisse,
3771 5765 3966 5829 atque

715 5806 951 5860 Vidimus
995 5821 1098 5873 qut)
1145 5811 1298 5872 pacto
1336 5803 1716 5871 sapientissimi
1767 5804 1953 5861 Galliae
1997 5807 2229 5882 theologi
2332 5813 2506 5883 ipsum
2564 5820 2732 5890 probe
2786 5825 3002 5886 novisse
3074 5847 3234 5902 quam
3287 5803 3962 5908 'Swpbanusiiomzi3;
