4208 6276
288 234 432 293 ίῦξῧ

1473 237 2286 302 HISTORICO-DOGMATICA.

3395 264 3404 273 '
3435 260 3575 316 £326

286 351 540 407 Pontifex
564 352 842 409 asserebat
868 354 1316 411 consuetudinem
1346 357 1666 415 universalis
1699 363 1882 420 Eccle-
1908 362 1959 425 A
1989 363 2167 433 pinum
2200 363 2649 435 praedecessorem
2699 378 2853 419 suum
2903 367 3112 435 εωρὶεεε
3140 369 3355 440 corrigi,
3387 371 3578 442 Agrip-

285 444 384 499 siae
419 454 546 500 tunc
568 446 826 516 temporis
849 445 1012 503 fuisse
1031 450 1496 518 consuetudinem,
1526 467 1590 508 ac
1607 455 1674 510 ab
1703 457 1850 511 omni
1867 491 1880 498 -

283 536 390 594 bus
437 538 712 608 episcopis
757 539 1048 611 antiquitus
1075 553 1344 600 servatam
1374 544 1562 602 fuisse.
1607 547 1794 604 Restat
1823 560 1883 607 ut

289 629 412 687 haec
436 631 546 688 duo
568 631 841 688 Gallorum
879 633 1141 691 doctrinae
1172 638 1345 707 capita
1377 639 1565 696 solidis
1586 649 1641 696 et
1667 644 1880 699 invictis

283 723 382 779 niti
415 723 705 779 momentis
721 726 1088 785 ostendamus.
1113 728 1171 785 1d
1197 729 1421 786 totidem
1449 733 1716 803 capitibus
1735 750 1880 792 asse-

282 829 537 886 quemur.

787 935 1015 993 CAPUT
1054 937 1341 995 PRIMUM.

284 1065 638 1107 EXPONUNTUR
665 1066 920 1109 MOMENTA
941 1070 1126 1118 QUIBUS
1155 1073 1439 1113 EVINCITUR
1467 1075 1673 1115 CAUSA)!
1696 1078 1762 1116 DE
1786 1078 1878 1118 ΒΑ·

355 1161 615 1201 ΡΊΊΒΗΔΤΕ
656 1162 1051 1204 ΙΞΒΕΤῙΟΟΒΗΗ
1087 1166 1344 1208 CYPRIANO
1367 1169 1521 1209 VISAM
1553 1170 1732 1211 FUISSE
1769 1173 1875 1213 REM

355 1254 457 1295 non
481 1255 645 1308 FIDE],
672 1255 769 1296 seu
792 1258 948 1297 nam
975 1245 1302 1300 ntscirum.

355 1377 396 1430 l.
435 1377 581 1433 Illam
608 1378 918 1449 opinionem
947 1395 1043 1436 seu
1073 1382 1282 1452 praxim
1322 1383 1389 1439 ad
1419 1383 1579 1440 ﬁdem
1605 1387 1878 1456 pertinere

277 1472 1188 1546 nullatenusjudicavitCyprianus,
1222 1478 1377 1548 cujus
1402 1481 1664 1551 originem
1694 1499 1804 1538 non
1838 1499 1868 1536 a

278 1565 496 1624 Christo
523 1567 604 1623 vel
635 1568 703 1622 ab
732 1570 1006 1638 Apostolis
1027 1613 1042 1638 ,
1092 1571 1186 1628 sed
1213 1573 1281 1628 ab
1307 1573 1625 1645 Agrippino,
1661 1577 1874 1647 praede-

277 1675 500 1718 cessere
525 1677 642 1728 suo,
668 1663 894 1733 repetit;
938 1666 1086 1735 atqui
1119 1664 1420 1738 Cyprianus
1459 1684 1570 1724 suae
1601 1670 1876 1739 opinionis

1986 458 2143 526 pinus
2182 473 2312 530 ergo
2355 460 2503 528 juxta
2539 459 2864 530 Cyprianum
2913 461 3320 531 rebaptizationi
3349 465 3577 524 dederat

1985 550 2283 605 exordium.

2056 643 2348 699 Audiamus
2374 645 2571 700 iterum
2596 645 2950 716 Augustinum
2985 665 3003 699 ι
3025 647 3197 716 Quam
3227 659 3460 719 tamen,»
3489 654 3575 708 in-

1982 737 2117 808 quit,
2144 737 2238 793 lib.
2269 754 2306 793 ιι
2342 738 2406 792 de
2429 738 2586 811 Bapt.
2615 755 2736 810 cap.
2779 741 2834 806 8,
2873 761 2892 793 ι
2947 745 3390 802 consuetudinem
3445 747 3575 818 (non

1982 829 2374 902 rebaptizandi)
2403 830 2504 886 nisi
2537 832 2683 902 prior
2709 843 2835 888 ante
2873 833 3221 905 Agrippinus,
3254 845 3307 892 et
3331 840 3576 894 nonnulli

1981 939 2079 995 per
2106 924 2341 979 Africam
2369 926 2673 996 coepiscopi
2715 927 2831 997 ejus
2871 929 3031 984 etiam
3085 946 3179 999 per
3213 933 3426 988 concilii
3456 915 3577 988 scu-

1982 1018 2179 1071 tentias
2206 1017 2460 1072 deserere
2488 1019 2860 1087 tentavissent,
2894 1035 3000 1075 non
3027 1021 3251 1078 auderet
3277 1025 3576 1095 Cyprianus

1983 1109 2177 1164 saltem
2205 1111 2516 1164 ratiocinari
2542 1111 2804 1179 adversus
2835 1128 3011 1168 eam.»
3045 1113 3114 1170 Et
3139 1117 3233 1172 lib.
3261 1133 3332 1181 1v,
3359 1134 3476 1189 cap.
3499 1119 3533 1174 6
3560 1138 3572 1172 :

1989 1219 2009 1252 ι
2039 1202 2198 1256 Istam
2231 1203 2673 1259 consuetudinem
2703 1214 2811 1260 tam
2851 1207 3130 1262 robustam
3170 1221 3224 1264 et
3253 1221 3406 1267 antea
3435 1212 3575 1268 idem

1982 1292 2281 1364 Cyprianus
2311 1294 2536 1362 invenit,
2561 1306 2620 1350 ut
2646 1310 2770 1352 cum
2820 1298 2936 1368 ejus
2976 1301 3246 1356 mutanda:
3285 1305 3578 1359 auctorita-

1981 1393 2114 1454 tem,
2147 1403 2305 1458 quam
2354 1399 2671 1458 sequeretur
2717 1391 2799 1444 vir
2851 1399 2996 1446 tanta
3047 1394 3272 1449 scientia
3321 1396 3578 1466 praeditus

1980 1492 2251 1551 quaereret
2271 1524 2284 1548 ,
2317 1497 2427 1537 non
2457 1485 2560 1538 nisi
2593 1485 2644 1538 in
2673 1482 2854 1539 Africa
2882 1485 2995 1540 sola
3023 1485 3224 1542 factum
3242 1492 3426 1560 paucis
3453 1501 3578 1548 ante

1980 1589 2042 1630 se
2069 1576 2222 1630 anuis
2271 1575 2551 1645 Agrippini
2607 1576 2896 1632 concilium
2943 1581 3226 1648 reperiret.
3264 1600 3282 1633 ι
3321 1582 3483 1638 Vides
3508 1600 3577 1639 ex

1981 1668 2279 1738 Augustino
2297 1667 2622 1740 Cyprianum
2646 1670 2760 1724 sola
2782 1669 3085 1740 Agrippini,
3110 1683 3163 1726 et
3194 1676 3574 1732 nonnullorum

278 1755 540 1826 originem
563 1757 634 1810 ab
663 1757 958 1828 Agrippino
1005 1760 1237 1830 repetit,
1267 1776 1372 1815 non
1400 1777 1532 1817 vero
1555 1777 1584 1816 a
1611 1762 1831 1819 Christo
1856 1805 1871 1832 ,
1903 1770 1953 1830 Β
1979 1762 2352 1832 episcoporum
2369 1777 2491 1818 cum
2515 1764 2632 1833 ipso
2659 1763 3007 1820 sentientium
3029 1769 3350 1825 auctoritate
3371 1781 3574 1827 motum

278 1849 367 1904 vel
406 1849 474 1904 ah
515 1850 824 1918 Apostolis:
863 1869 880 1902 ι
907 1852 1060 1921 Apud
1095 1868 1229 1919 nos,
1275 1854 1466 1925 inquit,
1507 1855 1567 1910 S.
1596 1856 1794 1912 Doctor
1821 1857 1874 1912 in

279 1943 438 2012 epist.
467 1942 535 1996 ad
558 1941 809 1998 Jubaian.
840 1960 1030 2008 uxnr,
1064 1960 1171 2001 non
1201 1962 1339 2002 nova
1369 1956 1462 2003 aut
1483 1951 1765 2018 repentina
1791 1965 1877 2006 res

278 2047 384 2101 est,
410 2046 466 2090 ut
492 2037 846 2107 baptizandos
884 2054 1200 2096 censeamus
1235 2057 1330 2098 eos
1363 2044 1456 2113 qui
1498 2044 1564 2098 ab
1609 2044 1879 2099 ha-reticis

278 2131 346 2186 ad
376 2131 672 2187 Ecclesiam
697 2134 954 2199 veniunt;
977 2135 1193 2204 quando
1221 2136 1374 2190 multi
1396 2137 1507 2205 jam
1533 2137 1658 2191 anui
1689 2137 1798 2192 sint
1824 2146 1880 2192 et

277 2224 433 2296 longa
466 2237 616 2293 aetas,
663 2241 730 2284 ex
768 2242 878 2296 quo
925 2226 1025 2282 sub
1067 2227 1358 2298 Agrippino
1395 2229 1550 2282 bonae
1601 2230 1880 2284 memoriae

280 2319 400 2374 viro
429 2319 812 2374 convenientes
843 2319 895 2372 iu
921 2335 1084 2374 unum
1124 2321 1365 2390 episcOpi
1394 2321 1606 2390 plurimi
1643 2320 1746 2375 hoc
1773 2333 1881 2376 sta-

284 2409 506 2478 tuerint,
535 2420 692 2480 atque
713 2412 914 2466 exinde
955 2411 1012 2466 in
1042 2410 1363 2466 hodiernum
1411 2420 1489 2466 tot
1514 2412 1679 2466 millia
1708 2397 1880 2468 heare;

285 2503 516 2559 ticorum
545 2504 598 2558 in
626 2504 918 2574 provinciis
950 2505 1150 2559 nostris
1175 2505 1242 2558 ad
1285 2505 1584 2560 Ecclesiam
1633 2508 1884 2561 conversi

284 2613 394 2653 non
417 2597 688 2670 aspernati
704 2599 813 2653 sint
836 2613 1009 2668 neque
1025 2598 1282 2663 cunctati;
1314 2598 1480 2653 immo
1500 2606 1554 2653 et
1583 2599 1882 2654 rationabi-

283 2691 410 2748 liter
449 2701 507 2747 et
552 2691 785 2747 libenter
831 2690 1068 2760 amplexi
1118 2691 1247 2756 sint,
1281 2700 1340 2745 ut
1383 2691 1579 2747 lavacri
1611 2692 1789 2747 vitalis
1821 2707 1884 2748 ac

258 2784 534 2852 .salutaris
579 2782 843 2853 Baptismi
871 2783 1099 2854 gratiam
1152 2793 1635 2852 consequerentur.
1667 2803 1687 2836 ι
1724 2783 1887 2840 Vides

285 2878 378 2935 hic
397 2879 723 2950 Cyprianum
752 2893 863 2933 suae
899 2877 1170 2948 opinionis
1205 2877 1581 2948 antiquitatem
1611 2885 1888 2933 ostentan-

289 2977 420 3036 tem,
451 2971 545 3041 qui
592 2980 773 3026 tatnen
821 2969 980 3025 altius
1034 2984 1153 3025 eam
1202 2985 1312 3024 non
1354 2969 1569 3039 repetit,
1612 2985 1771 3040 quam
1819 2970 1888 3025 ab

286 3066 564 3138 Agrippini
611 3065 975 3137 temporibus;
1023 3063 1262 3124 siluisset
1304 3079 1374 3122 ne
1417 3064 1717 3135 Agrippino
1742 3065 1885 3119 anti-

1979 1856 2144 1910 fuisse
2174 1854 2241 1909 ad
2271 1855 2527 1912 Ecclesiae
2571 1858 3015 1914 consuetudinem
3045 1861 3374 1930 mutandam,
3405 1866 3576 1920 solam

1978 1948 2260 2019 Agrippini
2297 1951 2512 2006 concilii
2541 1951 2592 2006 in
2626 1952 2752 2007 totis
2787 1956 3073 2009 retroactis
3121 1959 3455 2027 temporibus
3482 1977 3578 2016 au-

1980 2043 2284 2098 ctoritatem
2323 2044 2425 2099 sibi
2456 2044 2722 2100 faventem
2754 2047 3042 2116 reperiisse
3063 2090 3078 2117 ,
3104 2058 3159 2104 et
3184 2063 3580 2124 consequenter

1981 2149 2043 2190 ea
2064 2135 2425 2206 antiquiorem
2457 2152 2564 2191 non
2596 2137 2868 2193 invenisse
2897 2142 2999 2194 nec
3028 2143 3332 2212 agnovisse.

2052 2227 2258 2282 Rursus
2285 2229 2639 2299 Augustinus,
2665 2230 2756 2284 lib.
2793 2245 2828 2285 ιι
2855 2232 2917 2285 de
2953 2231 3133 2300 Bapt.,
3175 2250 3291 2306 cap.
3319 2239 3390 2292 8:
3425 2257 3444 2290 ι
3475 2239 3580 2295 Sed

1983 2335 2129 2384 cum,
2171 2339 2190 2371 ι
2219 2321 2410 2391 inquit,
2450 2340 2469 2373 ι
2509 2321 2784 2392 fatigatum
2814 2323 3190 2401 (Cyprianum)
3224 2333 3580 2401 praecedentis

1983 2412 2217 2479 concilii,
2247 2413 2390 2484 quod
2416 2429 2512 2484 per
2541 2416 2892 2487 Agrippinum
2919 2418 3114 2474 factum
3142 2431 3246 2492 est,
3279 2428 3582 2497 excepisset

1983 2507 2299 2572 auctoritas,
2330 2507 2518 2560 maluit
2548 2509 3009 2576 praedecessorum
3051 2529 3274 2570 suorum
3311 2528 3579 2591 tamquam

1986 2597 2261 2652 inventum
2290 2597 2606 2666 defendere,
2632 2617 2790 2669 quam
2821 2601 3141 2673 inquirendo
3170 2610 3398 2679 amplius
3428 2613 3578 2668 Iaho-

1985 2705 2148 2754 rare;
2190 2705 2311 2745 uam
2347 2692 2397 2746 in
2438 2691 2544 2746 fine
2581 2693 2824 2762 epistola:
2853 2698 2920 2748 ad
2963 2697 3204 2764 Quintum
3248 2704 3316 2756 ita
3347 2706 3584 2761 ostendit

1987 2780 2041 2836 in
2081 2796 2187 2850 quo
2239 2791 2510 2853 tamquam
2561 2784 2761 2840 lectulo
2811 2789 3149 2845 auctoritatis
3202 2796 3356 2863 quasi
3410 2796 3584 2852 fessus

1988 2874 2331 2943 acquieverit,
2363 2875 2505 2945 quod
2531 2877 2749 2946 quidem
2787 2879 2959 2948 inquit
2989 2889 3042 2936 et
3071 2882 3400 2956 Agrippinus
3429 2890 3583 2946 bona:

1989 2971 2266 3022 memoria:
2279 2969 2592 3036 vir_statuit,
2610 2979 2752 3024 etc.»
2777 2970 3097 3043 Cyprianus,
3124 2987 3181 3030 ut
3199 2992 3265 3033 ex
3286 2977 3586 3052 Augustino

1992 3061 2257 3130 percipis,
2306 3062 2475 3116 voluit
2529 3064 2837 3132 opinionem
2891 3081 3041 3121 suam
3100 3067 3421 3142 defendere,
3477 3092 3583 3132 non

289 3160 531 3231 qu-iorem
553 3160 598 3215 si
625 3159 860 3230 aliquem
889 3158 994 3214 sibi
1033 3158 1302 3215 faventem
1329 3158 1670 3229 agnovisset?
1700 3158 1887 3215 Plures
1913 3177 1957 3241 ρ
1993 3162 2262 3224 tamquam
2289 3153 2484 3224 aliquid
2509 3171 2536 3208 a
2560 3155 2797 3219 Christo,
2822 3158 2906 3213 vel
2923 3159 2990 3214 ab
3012 3159 3284 3232 Apostolis
3309 3167 3583 3237 traditum,

289 3266 570 3312 enumerat
601 3255 884 3312 haereticos
922 3255 1035 3324 jam
1057 3253 1150 3309 diu
1188 3255 1241 3308 in
1281 3255 1572 3324 provinciis
1616 3251 1888 3308 Africanis

288 3351 684 3421 rebaptizatos;
729 3360 784 3404 at
836 3363 946 3404 non
986 3357 1131 3414 ante,
1167 3348 1262 3403 sed
1307 3358 1428 3418 post
1484 3347 1884 3418 Agrippinum:

298 3461 318 3495 ι
338 3454 497 3514 atque
523 3441 738 3508 exinde,
771 3440 962 3511 inquit,
995 3440 1047 3494 in
1073 3439 1392 3496 hodiernum
1423 3448 1503 3494 tot
1524 3439 1691 3494 millia
1716 3440 1889 3495 htere-

291 3536 541 3604 ticorum,
566 3546 703 3590 etc.»
742 3534 1036 3605 Agrippino
1057 3549 1189 3603 ergo
1213 3536 1563 3590 vetustiorem
1589 3550 1697 3590 non
1723 3549 1890 3606 agno-

292 3629 476 3685 scebat
503 3630 562 3686 S.
596 3629 795 3684 Doctor
832 3627 1273 3698 rebaptizationis
1301 3640 1599 3683 auctorem.
1871 3635 1874 3640 '

365 3720 569 3778 Audire
593 3720 746 3790 juvat
796 3719 1176 3791 Augustinum,
1223 3720 1315 3790 qui
1342 3719 1539 3774 lterum
1581 3729 1743 3790 atque
1792 3722 1892 3776 ite-

291 3830 416 3871 rum
441 3814 679 3870 affirmat
723 3813 1053 3885 Cyprianum
1084 3812 1521 3883 rebaptizationis
1569 3813 1782 3868 initium
1823 3813 1893 3868 ab

292 3908 590 3979 Agrippino
627 3907 886 3964 duxisse:
925 3927 944 3960 ι
968 3908 1096 3963 Ideo
1132 3917 1335 3971 autem,
1373 3919 1395 3956 ι
1443 3906 1642 3977 inquit,
1697 3907 1790 3962 lib.
1837 3922 1896 3961 ιιι

293 4002 360 4058 de
397 4003 533 4073 Bap.
592 4012 728 4058 cont.
758 4002 948 4056 Donat.
987 4016 1112 4072 cap.
1147 4002 1237 4068 l2,
1275 4020 1294 4053 ι
1324 4017 1432 4056 non
1459 4016 1521 4056 se
1550 4017 1666 4057 rem
1699 4016 1894 4056 novam

296 4107 391 4156 aut
410 4099 746 4168 repentinam
776 4096 965 4152 beatus
1002 4094 1305 4167 Cyprianus
1344 4094 1618 4158 ostendit,
1647 4094 1772 4164 quia
1793 4094 1897 4150 sub

295 4190 594 4263 Agrippino
622 4189 856 4258 ﬁerijam
869 4196 1131 4258 coeperat.
1151 4187 1294 4241 Anni
1308 4194 1462 4241 sunt»
1485 4185 1676 4254 inquit,
1689 4201 1707 4235 ι
1719 4184 1895 4250 multi,

296 4295 355 4343 et
382 4285 539 4356 longa
565 4295 714 4351 aetas,
744 4300 813 4339 ex
837 4298 946 4354 quo
967 4282 1070 4339 sub
1099 4281 1397 4354 Agrippino
1434 4281 1590 4338 bonae
1620 4278 1896 4334 memoria:

296 4381 421 4436 viro
471 4379 854 4436 convenientes
895 4376 1134 4447 episcopi
1181 4373 1398 4446 plurimi
1447 4373 1550 4428 hoc
1595 4382 1900 4428 statuerunt

299 4475 530 4547 proinde
549 4475 617 4531 ab
642 4475 759 4545 ipso
779 4472 1078 4544 Agrippino
1105 4485 1193 4526 res
1211 4484 1352 4524 nova
1371 4467 1506 4524 facta
1529 4476 1630 4524 est.
1659 4487 1679 4520 ›
1711 4467 1777 4522 Ει
1802 4467 1897 4521 lib.

299 4587 362 4640 ιι,
391 4586 510 4640 cap.
535 4570 586 4624 7.
619 4587 636 4621 ι
667 4569 815 4623 Hanc
841 4583 971 4638 ergo
993 4565 1296 4636 (Ecclesiae)
1325 4563 1735 4619 saluberrimam
1763 4577 1896 4618 con-

304 4663 643 4723 suetudinem
686 4677 781 4732 per
836 4660 1191 4732 Agrippinum
1245 4657 1700 4728 praedecessorem
1745 4671 1899 4711 suum

304 4757 436 4813 dicit
478 4767 695 4812 sanctus
732 4753 1033 4826 Cyprianus
1063 4753 1292 4823 coepisse
1339 4752 1560 4822 corrigi,
1619 4751 1714 4806 sed
1764 4752 1903 4806 sicut

305 4849 619 4920 diligentius
649 4847 900 4918 inquisita
950 4846 1147 4900 veritas
1180 4844 1385 4909 docuit,
1441 4843 1622 4898 verius
1662 4843 1902 4898 creditur

303 4959 405 5015 per
449 4944 800 5015 Agrippinum
857 4940 1124 5010 corrumpi
1169 4939 1417 5008 cmpisse,
1461 4953 1568 4993 non
1620 4937 1838 5007 corrigi.
1875 4955 1894 4989 ι

307 5036 471 5094 Teste
499 5037 659 5108 igitur
681 5024 980 5106 Augustino
1000 5033 1055 5089 S.
1081 5031 1381 5104 Cyprianus
1408 5031 1531 5086 inde
1561 5029 1821 5100 probabat
1841 5043 1901 5083 se

307 5130 365 5186 in
413 5129 809 5200 rebaptizandis
861 5126 1129 5183 haereticis
1171 5141 1284 5180 rem
1328 5140 1518 5180 novam
1559 5139 1664 5179 non
1698 5122 1896 5188 facere,

307 5225 434 5297 quia
456 5226 565 5296 jam
592 5226 692 5282 sub
715 5223 1011 5296 Agrippino
1044 5222 1094 5277 id
1115 5221 1234 5277 fieri
1266 5239 1285 5272 ι
1309 5229 1547 5290 coeperat
1574 5237 1628 5286 p;
1665 5219 1900 5287 rebapti-

310 5321 580 5376 zatioaem
607 5335 738 5391 ergo
763 5319 866 5374 sub
917 5317 1216 5387 Agrippino
1239 5316 1471 5386 ctepisse
1512 5313 1726 5383 putabat
1763 5312 1903 5366 anti-

309 5422 427 5469 stes
445 5410 908 5481 Cartbaginensis.
955 5411 1224 5464 Praeterea
1258 5407 1409 5462 vides
1457 5405 1810 5474 Augustinum
1837 5417 1905 5457 ex

311 5503 566 5576 Cypriani
605 5504 781 5562 verbis
810 5503 1067 5573 colligere
1111 5521 1132 5552 ι
1153 5516 1268 5556 rem
1297 5513 1486 5554 novam
1518 5498 1586 5552 ab
1615 5496 1906 5566 Agrippino

311 5595 510 5654 factam
535 5597 718 5654 fuisse.
753 5616 777 5650 θ
813 5595 1052 5652 Tandem
1091 5592 1244 5662 juxta
1281 5589 1749 5660 expressissimam
1791 5592 1904 5642 An-

312 5690 516 5760 gustini
541 5689 892 5753 sententiam,
912 5686 970 5743 S.
990 5683 1290 5756 Cyprianus
1319 5683 1447 5738 dicit
1473 5681 1904 5747 saluberrimam,

317 5781 764 5840 consuetuditiem
788 5780 1071 5838 haereticos
1088 5794 1196 5838 non
1219 5776 1589 5850 rebaptizandi
1613 5792 1708 5849 per
1719 5774 1907 5846 Agrip-

1989 3245 2084 3299 sed
2121 3263 2140 3296 ι
2165 3255 2435 3316 tamquam
2481 3263 2510 3300 a
2557 3249 3046 3317 praedecessorihus
3075 3256 3188 3310 suis
3219 3276 3237 3309 ι
3281 3257 3370 3331 (ab
3397 3263 3589 3334 Agrip.

1991 3339 2118 3408 pino
2157 3339 2361 3394 scilicet
2382 3348 2444 3394 et-
2464 3340 2730 3412 episcopis
2757 3343 2923 3413 ipsius
2945 3349 3174 3404 concilio
3198 3349 3590 3410 subscribenti-

1992 3428 2115 3501 bus)
2139 3431 2438 3496 inventum;
2472 3433 2525 3486 in
2554 3432 2712 3503 hujus
2741 3435 3042 3508 Agrippini,
3071 3455 3178 3495 non
3205 3458 3338 3499 vero
3365 3444 3588 3517 Christi,

1992 3522 2081 3578 vel
2102 3524 2481 3594 Apostolorqu
2499 3527 2819 3582 auctoritate
2843 3529 3009 3584 veluti
3032 3549 3051 3583 ι
3073 3532 3246 3589 fessus
3266 3539 3551 3608 acquievit.
3567 3562 3587 3594 ›

2065 3617 2134 3672 Et
2160 3624 2288 3672 vero
2331 3632 2566 3687 quonam
2602 3629 2756 3688 pacto
2796 3619 3099 3692 Cyprianus
3153 3628 3592 3699 rebaptizationis

1996 3711 2257 3782 originem
2283 3709 2446 3764 altius
2476 3710 2544 3765 ab
2570 3709 2865 3781 Agrippino
2888 3725 3137 3784 repetere
3165 3722 3456 3792 potuisset;
3490 3724 3594 3797 Cy-

1997 3808 2238 3876 prianus,
2267 3805 2509 3873 inquam,
2535 3805 2648 3873 qui,
2669 3815 2728 3859 ut
2747 3806 2886 3862 infra
2912 3809 3428 3886 demonstrabimus,
3459 3819 3598 3876 bene

1998 3906 2223 3952 noverat
2243 3898 2516 3966 antiquam
2565 3897 2832 3954 universae
2863 3899 3123 3958 Ecclesiae
3152 3911 3595 3970 consuetudinem

1999 3991 2099 4046 sibi
2122 3989 2436 4045 adversari?

2071 4085 2134 4138 ll.
2178 4083 2296 4138 Non
2338 4093 2706 4154 propugnatur
2736 4096 2795 4140 ut
2818 4087 2942 4144 fidei
2971 4089 3188 4162 dogma,
3220 4097 3360 4168 quod
3392 4107 3596 4158 tantum

2001 4175 2302 4231 vindicatur
2328 4185 2385 4229 ut
2417 4192 2436 4227 ι
2463 4175 2587 4230 fidei
2611 4190 2908 4248 congruum
2943 4189 2995 4237 et
3022 4186 3194 4254 magis
3224 4190 3503 4258 pertinens
3529 4195 3598 4249 ad

2002 4270 2390 4327 sacerdotalem
2450 4272 2828 4327 auctoritatem
2885 4285 2940 4330 et
2995 4277 3253 4336 Ecclesia:
3317 4285 3597 4343 catholicae

2004 4366 2260 4420 unitatem
2290 4381 2304 4415 :
2334 4382 2354 4415 ι
2413 4363 2555 4434 quod
2605 4365 2750 4419 enim
2807 4370 3069 4426 asseritur
3108 4372 3231 4428 ﬁdei
3272 4391 3592 4448 congruum,

2003 4459 2319 4528 supponitur
2359 4458 2428 4512 de
2455 4456 2562 4513 ﬁde
2603 4473 2712 4512 non
2739 4474 2900 4526 esse;
2930 4465 3074 4534 quod
3102 4466 3298 4523 dicitur
3337 4470 3402 4524 ad
3435 4471 3596 4528 fidem

2004 4551 2172 4621 magis
2225 4550 2500 4616 accedere,
2544 4550 2714 4620 magis
2750 4552 3057 4622 pertinere,
3095 4557 3218 4614 ﬁdei
3247 4561 3446 4617 veritas
3489 4581 3595 4620 non

2001 4647 2270 4710 Creditur;
2300 4646 2380 4700 sic
2401 4661 2452 4702 e.
2477 4661 2530 4714 g.
2557 4647 2648 4715 qui
2675 4649 2996 4702 sententiam
3031 4652 3097 4706 de
3127 4652 3284 4709 Verbi
3315 4654 3596 4715 divinitate

2002 4739 2122 4794 fidei
2147 4748 2557 4810 congruentem,
2591 4738 2657 4792 ad
2682 4738 2840 4793 fidem
2871 4744 3042 4812 magis
3070 4749 3418 4804 accedentem
3443 4768 3592 4809 assc-

1997 4845 2161 4900 reret,
2191 4835 2432 4890 omnium
2468 4833 2671 4902 judicio
2699 4833 2767 4887 de
2795 4834 2958 4890 Verbi
2989 4837 3271 4896 divinitate
3293 4844 3471 4900 minus
3501 4862 3591 4900 ca-

2000 4930 2200 4985 tholice
2225 4930 2468 4995 sentiret,
2496 4944 2593 4982 cur
2625 4929 2876 4983 tandem?
2901 4933 3034 4998 Quia
3066 4935 3228 4992 Verbi
3256 4937 3593 4996 divinitatem

2002 5023 2070 5078 ad
2092 5024 2214 5078 fidei
2238 5032 2433 5077 nostra:
2458 5022 2702 5091 dogmata
2731 5040 2988 5082 revocare
3007 5029 3228 5084 minime
3245 5044 3594 5102 censeretur;

2003 5119 2366 5174 ecclesiastica
2420 5132 2550 5171 vero
2604 5134 2766 5172 merae
2813 5119 3111 5192 disciplinae
3152 5137 3347 5180 Staluta
3405 5131 3599 5184 merito

2002 5221 2261 5268 vocantur
2309 5212 2430 5266 fidei
2475 5213 2860 5282 congruentia,
2933 5219 3324 5277 sacerdotalem
3383 5223 3599 5280 firmant

2005 5305 2373 5359 auctoritatem
2400 5344 2415 5369 ,
2461 5313 2630 5374 atque
2696 5306 2952 5361 Ecclesia:
2999 5312 3280 5368 catholicae
3339 5318 3600 5374 roborant

2008 5399 2285 5452 unitatem.
2332 5397 2501 5451 Porro
2550 5397 2607 5452 S.
2659 5397 2960 5468 Cyprianus
3007 5419 3158 5459 suam
3215 5406 3282 5462 de
3327 5407 3602 5466 haereticis

2008 5489 2402 5560 rebaptizandis
2445 5487 2754 5559 opinionem
2798 5490 2981 5546 «ﬁdei»
3015 5497 3230 5565 quidem
3262 5515 3599 5571 «congruen-

2010 5595 2115 5641 tem
2139 5605 2159 5636 ι
2194 5584 2510 5654 appellavit,
2553 5599 2659 5637 non
2705 5598 2838 5639 vero
2879 5585 3005 5642 ﬁdei
3043 5591 3353 5648 veritatem.
3389 5613 3409 5645 ‹
3438 5595 3606 5664 Magis

2007 5678 2363 5749 pertinentem
2407 5676 2639 5732 asseruit
2683 5680 2757 5732 ad
2801 5680 3190 5739 sacerdotalem
3226 5687 3614 5744 auctoritatem

2010 5771 2337 5831 etEcclesia:
2357 5771 2655 5831 Catholica:
2686 5774 2950 5830 unitatem
2980 5792 3038 5842 ›;
3063 5791 3173 5834 non
3197 5794 3341 5837 vero
3375 5793 3633 5838 necessa-
