4116 6258
585 320 724 381 1327

1974 278 2418 367 nisscnrario

3755 288 3787 345 l
3798 286 3915 345 328

586 436 744 501 riam;
785 451 804 483 ι
828 442 1077 503 quorum,
1105 442 1125 479 ι
1158 425 1331 497 inquit
1370 424 1423 480 in
1446 424 1624 495 Epist.
1649 423 1717 476 ad
1745 422 1988 489 Quintum
2013 424 2077 477 Ἠ
2113 422 2187 494 (id
2215 425 2265 485 Α
2292 419 2491 477 Paulus
2516 417 2583 473 de
2611 414 3020 471 circumcisione
3044 410 3384 485 postmodum
3409 408 3747 479 disputaret,
3775 404 3913 459 vin-

590 538 674 584 est
691 523 968 597 Agrippini
989 520 1306 584 etaliorum,
1322 518 1412 589 qui
1430 533 1553 573 cum
1571 517 1688 587 ipso
1706 514 2185 585 rebaptizationem

590 614 911 687 statuerant)
957 633 975 666 ι
1018 613 1343 670 sententiam
1388 620 1443 666 et
1468 610 1774 680 religiosam
1816 620 1867 663 et
1896 607 2188 677 legitimam

592 712 970 773 etsalutarem,
994 707 1122 763 ﬁdei
1140 715 1193 761 et
1217 705 1472 761 Ecclesiae
1493 702 1783 757 Catholicre
1801 710 2186 771 congruentem

591 822 694 862 nos
719 806 879 861 etiam
904 803 1079 861 secuti
1110 816 1350 857 sumus.»
1385 800 1450 853 Et
1471 800 1523 852 in
1553 798 1725 869 Epist.
1756 795 1825 851 ad
1856 793 2186 864 Stephanum

586 900 659 953 72
690 917 702 952 :
732 898 838 952 «De
864 912 984 962 eo,»
1007 896 1199 966 inquit,
1224 894 1340 948 «vel
1368 893 1601 948 maxime
1627 890 1721 946 tibi
1749 887 2114 952 scribendum,
2135 893 2191 941 et

592 1009 715 1048 cum
766 1001 855 1046 tua
900 988 1165 1060 gravitate
1212 1002 1276 1041 ac
1319 985 1578 1055 sapientia
1632 980 2015 1038 conferendum
2065 978 2185 1041 fuit,

590 1086 737 1158 quod
764 1083 933 1156 magis
963 1083 1247 1153 pertineat,
1281 1089 1335 1135 et
1361 1078 1428 1132 ad
1469 1076 1857 1133 sacerdotalem
1893 1073 2188 1128 auctorita-

593 1187 725 1245 tem,
760 1187 814 1233 et
841 1176 907 1231 ad
937 1173 1191 1229 Ecclesia:
1231 1171 1508 1227 catholicae
1554 1168 1809 1222 unitatem
1837 1208 1853 1233 ,
1878 1166 2100 1236 pariter,
2128 1178 2192 1219 ac

594 1269 910 1341 dignitatem
959 1266 1026 1321 de
1072 1265 1266 1320 divinae
1308 1261 1678 1333 dispositionis
1725 1259 2063 1316 ordinatione
2102 1271 2192 1311 vc-

593 1363 857 1429 nientem,
882 1374 977 1415 eos
999 1360 1087 1429 qui
1115 1359 1224 1413 sint
1250 1356 1381 1411 foris
1410 1366 1563 1411 extra
1606 1354 1907 1411 Ecclesiam
1935 1352 2105 1417 tincti,
2137 1359 2194 1406 et

597 1457 738 1528 apud
780 1455 1087 1518 haereticos,
1122 1462 1176 1506 et
1220 1450 1595 1505 schismaticos
1622 1448 1857 1519 profana:
1887 1462 2038 1518 aquae
2070 1444 2193 1500 labe

594 1550 872 1616 maculati,
920 1545 1135 1619 quando
1162 1546 1226 1601 ad
1268 1560 1366 1599 nos
1414 1552 1574 1615 atque
1615 1543 1681 1598 ad
1724 1542 2044 1607 Ecclesiam,
2073 1553 2193 1609 qua:

598 1659 703 1699 una
729 1650 834 1706 est,
867 1641 1115 1696 venerint
1138 1637 1398 1709 baptizari
1421 1645 1695 1707 oportere.
1731 1654 1749 1687 ι
1783 1634 1953 1689 Aliter
1980 1634 2194 1702 loquen-

598 1745 707 1790 tcm
740 1731 954 1787 audires
980 1730 1036 1786 S.
1077 1730 1361 1783 Ductorem
1392 1728 1444 1781 in
1481 1728 1544 1781 iis
1567 1769 1580 1791 ,
1609 1742 1729 1796 qua:
1770 1735 2040 1795 tamquam
2070 1722 2197 1778 ﬁdei

2290 513 2486 569 dicavit
2517 510 2616 565 Sibi
2645 509 2844 580 aliquid
2885 509 3181 563 insolenter
3210 514 3304 561 aut
3327 512 3657 575 arroganter
3684 514 3917 555 assum-

2292 606 2416 676 psit,
2450 613 2506 659 ut
2531 604 2737 658 diceret
2762 619 2820 658 sc
2844 603 3132 672 primatum
3173 609 3358 654 tenere
3386 607 3441 653 et
3466 592 3866 662 obtemperari
3886 607 3915 646 a

2292 701 2517 756 novellis
2538 708 2592 755 et
2615 698 2842 766 posteris
2864 697 2966 751 sibi
2993 697 3171 766 potius
3204 702 3479 765 oportere,
3504 705 3607 745 nec
3652 686 3919 757 deSpexit

2292 796 2512 851 Paulum
2539 793 2679 865 quod
2720 792 2979 849 Ecclesiae
3009 791 3159 862 prius
3184 796 3496 859 persecutor
3546 784 3769 845 fuisset,
3810 781 3913 836 sed

2291 888 2574 943 consilium
2604 886 2843 941 veritatis
2867 884 3105 949 admisit,
3137 890 3191 937 et
3220 880 3413 937 rationi
3441 876 3711 948 legitimae
3736 890 3909 945 quam

2292 979 2492 1034 Paulus
2523 976 2825 1033 vindicabat
2848 977 3001 1030 facile
3022 974 3332 1037 consensit,
3362 972 3757 1027 documentum
3788 969 3904 1023 sci-

2293 1073 2419 1128 licet
2448 1072 2602 1127 nobis
2625 1080 2677 1127 et
2704 1068 3005 1126 concordia:
3033 1077 3086 1123 et
3116 1066 3387 1137 patientiae
3410 1063 3684 1125 tribuens,
3709 1072 3757 1115 ut
3788 1076 3903 1115 non

2292 1165 2635 1235 pertinaciter
2678 1174 2860 1217 nostra
2908 1176 3173 1226 amemus,
3218 1157 3314 1214 sed
3356 1173 3473 1228 qua:
3526 1154 3826 1225 aliquando
3874 1170 3906 1206 ει

2292 1258 2551 1313 fratribus
2582 1266 2638 1313 et
2665 1254 2890 1326 collegis
2919 1255 3119 1310 nostris
3146 1252 3352 1307 utiliter
3379 1261 3433 1305 et
3458 1249 3764 1304 salubriter
3792 1263 3910 1317 sug-

2293 1362 2554 1423 geruntur
2596 1352 2642 1406 si
2693 1351 2799 1405 sint
2827 1364 2953 1405 vera
2997 1358 3052 1403 et
3078 1346 3338 1418 legitima,
3364 1345 3475 1415 ipsa
3502 1344 3695 1414 potius
3726 1352 3914 1396 nostra

2296 1446 2591 1510 ducamus;
2622 1443 2709 1499 cui
2737 1444 2814 1499 rei
2846 1442 3044 1498 Paulus
3074 1455 3289 1511 quoque
3322 1438 3671 1509 prospiciens
3706 1438 3763 1491 in
3784 1436 3910 1505 Epi-

2296 1539 2435 1594 stola
2460 1554 2558 1594 sua
2586 1542 2765 1608 posuit
2787 1536 2993 1602 dicens,
3013 1533 3297 1604 PrOpbeta:
3327 1542 3512 1588 autem
3536 1531 3655 1587 duo
3682 1544 3783 1586 aut
3814 1542 3915 1585 tres

2296 1634 2585 1703 loquantur
2610 1640 2664 1685 et
2690 1630 2872 1685 caeteri
2904 1628 3230 1692 examinent,
3260 1628 3306 1681 si
3334 1639 3519 1681 autem
3560 1625 3665 1679 alii
3701 1626 3915 1679 revela-

2299 1734 2409 1779 tum
2451 1724 2610 1780 fuerit
2651 1722 2883 1789 sedenti,
2934 1722 3024 1776 ille
3056 1722 3202 1791 prior
3249 1728 3462 1775 taceat;
3514 1733 3623 1788 qua
3658 1718 3716 1771 in
3762 1728 3913 1788 parte

597 1828 845 1899 dogmata
870 1822 1195 1879 vindicabat.
1220 1821 1334 1875 Non
1366 1819 1485 1875 fidei
1506 1827 1913 1889 congruentem,
1938 1816 2033 1872 sed
2061 1814 2196 1870 «ﬁde
2223 1827 2271 1889 Β
2300 1817 2480 1872 docuit
2504 1824 2559 1871 et
2585 1815 2819 1871 ostendit
2845 1814 3010 1869 multa
3032 1812 3244 1885 singulis
3265 1813 3320 1866 in
3349 1812 3535 1865 melius
3563 1810 3833 1871 revelari.
3862 1820 3913 1864 et

598 1919 955 1976 credendam»
990 1915 1203 1971 dicebat
1227 1914 1571 1969 sentientium
1608 1912 1677 1967 de
1706 1913 1907 1966 unitate
1939 1909 2194 1965 Ecclesiae

597 2010 859 2068 servanda
888 2026 901 2063 :
931 2028 949 2059 ‹
977 2006 1385 2062 hancEcclesia:
1407 2009 1664 2060 unitatem
1687 2024 1732 2071 ι,
1751 2003 1925 2074 inquit
1952 2003 2004 2055 in
2026 2011 2189 2056 tract.

600 2106 665 2160 de
704 2103 849 2158 Eccl.
904 2102 1094 2155 unitate
1123 2141 1137 2164 ,
1191 2118 1210 2151 ‹
1238 2099 1329 2170 qui
1362 2114 1468 2154 non
1520 2106 1685 2162 tenet,
1720 2106 1904 2152 tenere
1945 2109 2005 2149 se
2037 2094 2195 2148 [idem

598 2196 907 2252 credit
941 2195 1078 2248 hanc
1105 2193 1369 2247 unitatem
1417 2191 1508 2261 qui
1550 2205 1656 2244 non
1685 2198 1853 2255 tenet,
1886 2204 1993 2243 non
2048 2194 2199 2243 tenet

600 2288 778 2344 Patris
822 2296 876 2342 et
914 2285 1037 2341 Filii
1066 2285 1247 2339 ﬁdem.
1280 2303 1298 2336 )
1350 2283 1465 2338 Non
1507 2282 1629 2338 ﬁdei
1657 2292 2039 2353 congruentem
2059 2322 2073 2348 ,
2103 2280 2196 2335 sed

603 2383 712 2438 ﬁde
739 2380 1025 2438 tenendam
1056 2379 1269 2435 dicebat
1292 2378 1611 2433 sententiam
1655 2390 1756 2444 qua
1784 2376 2014 2430 infantes
2037 2381 2198 2429 etiam

602 2472 867 2543 baptizari
893 2487 1050 2542 posse
1067 2471 1363 2526 docebatur
1389 2488 1402 2525 :
1429 2488 1447 2521 ‹
1474 2484 1615 2535 esse,
1639 2488 1657 2520 ›
1692 2469 1931 2539 inquitin
1950 2469 2107 2537 epist.
2132 2466 2201 2520 ad

603 2565 797 2619 Fidum
826 2565 917 2631 64,
952 2582 972 2615 ι
1009 2563 1149 2632 apud
1175 2577 1387 2627 omnes,
1410 2563 1522 2617 sive
1552 2561 1805 2627 infantes,
1833 2563 1944 2617 sive
1970 2561 2201 2629 majores

604 2668 736 2714 natu
790 2672 972 2724 unam,
1003 2656 1170 2711 divini
1213 2656 1451 2712 muneris
1498 2654 1799 2729 (Baptismi)
1843 2657 2201 2727 aequalitatem

608 2753 845 2808 declarat
890 2750 1045 2806 nobis
1093 2750 1288 2806 divinae
1332 2750 1626 2821 Scriptura».
1655 2750 1841 2806 ﬁdes.»
1880 2750 2075 2805 Verum
2110 2766 2201 2803 ur-

607 2857 768 2919 getne
821 2846 998 2917 aliqua
1050 2861 1213 2900 merae
1270 2845 1568 2915 disciplinac
1622 2845 1836 2916 capita?
1903 2845 2030 2900 Haec
2079 2844 2203 2898 ﬁdei

609 2940 962 3012 congruentia
1000 2939 1274 3009 appellare
1317 2939 1489 3005 solet;
1536 2953 1635 2993 nec
1684 2938 1805 2993 fidei
1849 2947 2204 3008 congruentes

610 3033 846 3104 appellat
894 3032 1100 3085 litteras
1149 3030 1540 3094 confessorum,
1598 3030 1652 3084 in
1690 3029 1885 3100 quibus
1934 3032 2201 3100 lapsorum

610 3123 988 3195 pmnitentium
1030 3122 1249 3177 nomina
1292 3122 1587 3177 secundum
1624 3122 2045 3178 ecclesiasticam
2070 3138 2203 3179 con-

2300 1912 2496 1967 debere
2528 1926 2961 1982 unumquemque
2992 1924 3097 1963 non
3128 1923 3227 1979 pro
3263 1922 3330 1962 eo
3356 1904 3504 1976 quod
3537 1904 3718 1959 semel
3758 1904 3919 1958 imbio

2300 2004 2472 2070 berat,
2520 2013 2577 2058 et
2617 2003 2833 2058 tenebat
2860 2001 3204 2071 pertinaciter
3233 1995 3533 2069 congredi,
3582 1994 3685 2051 sed
3710 1996 3758 2049 si
3788 1997 3917 2065 quid

2301 2098 2481 2152 melius
2509 2107 2556 2150 et
2586 2096 2757 2149 utilius
2785 2093 3073 2159 exstiterit,
3096 2092 3326 2147 libenter
3341 2088 3603 2159 atnpleCIi
3632 2103 3739 2142 non
3762 2090 3913 2142 enim

2301 2193 2585 2257 vincimur,
2618 2189 2834 2262 quando
2877 2189 3176 2244 offeruntur
3216 2186 3371 2241 nobis
3422 2184 3638 2238 meliora
3659 2199 3681 2237 :
3707 2202 3727 2234 ι
3760 2190 3819 2237 et
3843 2182 3900 2235 in

2304 2285 2478 2356 Epist.
2529 2284 2596 2337 ad
2621 2282 2893 2350 Jubaian.,
2927 2283 3014 2338 75.
3052 2300 3071 2333 ι
3107 2281 3275 2335 Porro
3300 2288 3506 2345 autem,
3558 2278 3742 2345 inquit,
3772 2291 3898 2330 cum

2305 2378 2544 2433 haaretici
2573 2385 2902 2448 cognOscunt
2932 2374 3199 2446 Baptisma
3234 2372 3438 2428 nullum
3470 2372 3608 2426 foris
3639 2386 3783 2435 esse,
3811 2383 3911 2424 nec

2306 2474 2585 2529 remissam
2629 2484 2971 2542 peccatorum
3020 2479 3170 2525 extra
3216 2468 3517 2523 Ecclesiam
3560 2466 3689 2520 dari
3730 2479 3907 2536 posse.

2305 2567 2513 2622 avidius
2540 2566 2605 2621 ad
2635 2581 2732 2622 nos
2758 2577 2811 2621 et
2830 2566 3129 2636 promptius
3175 2570 3467 2633 properant
3499 2570 3556 2615 et
3584 2574 3821 2615 munera
3854 2573 3911 2611 ac

2305 2660 2445 2715 dona
2470 2660 2723 2715 Ecclesia:
2742 2658 2927 2713 matris
2953 2657 3260 2727 implorant.
3283 2674 3303 2707 ο
3332 2655 3511 2723 Quare
3529 2669 3668 2724 ergo
3691 2653 3915 2725 Cypria-

2308 2772 2408 2811 nus
2439 2756 2490 2809 in
2534 2768 2693 2809 causa
2725 2752 3071 2823 Baptismatis
3100 2749 3476 2805 limreticorum
3511 2747 3909 2803 consuetudine

2307 2847 2760 2921 praescribendum
2787 2861 2892 2901 non
2918 2859 3038 2901 esse
3064 2841 3377 2899 contendit?
3402 2840 3562 2909 Quia,
3579 2840 3762 2910 inquit
3791 2854 3907 2893 tneo

2308 2959 2397 2999 mo
2445 2943 2791 3014 pertinaciter
2830 2938 3085 3011 congredi
3131 2937 3290 2994 debet
3332 2951 3431 3006 pro
3468 2950 3537 2990 eo
3561 2932 3709 3004 quod
3742 2932 3918 2988 semel

2308 3036 2613 3101 imbiberat,
2648 3032 2864 3105 quando
2883 3029 3085 3101 aliquid
3111 3029 3301 3084 melius
3330 3038 3386 3082 et
3415 3027 3587 3082 utilius
3609 3023 3871 3079 oﬂ'ertur.
3890 3042 3914 3074 ι

2310 3132 2471 3186 Suam
2510 3146 2638 3185 vero
2667 3128 2734 3184 de
2757 3123 3149 3198 rebaptizandis
3202 3120 3477 3178 haereticis
3500 3119 3810 3190 opinionem
3855 3127 3924 3173 et

612 3215 955 3271 suetudinem
986 3214 1407 3286 designabantur
1441 3235 1455 3271 :
1508 3235 1526 3268 ‹
1562 3216 1629 3271 Et
1681 3217 1823 3283 ideo,
1859 3237 1877 3268 ι
1935 3219 2105 3289 inquit
2153 3220 2205 3273 in
2235 3231 2279 3294 ρ
2315 3225 2545 3297 praxim,
2593 3235 2864 3294 tamquam
2903 3221 3029 3292 quid
3070 3219 3261 3274 melius
3308 3226 3363 3273 et
3413 3216 3595 3271 utilius
3624 3229 3753 3270 esse
3778 3214 3927 3269 reci-

611 3310 771 3380 epist.
804 3309 872 3363 ad
914 3318 1162 3379 martyres
1202 3318 1250 3362 et
1280 3314 1590 3380 confessam:
1631 3312 1721 3378 15,
1771 3331 1788 3362 ι
1860 3322 1984 3382 peto
2030 3324 2087 3367 ut
2116 3330 2210 3369 eos

613 3401 844 3474 (lapsos)
867 3416 1002 3472 quos
1029 3401 1130 3471 ipsi
1150 3400 1366 3465 videtis,
1396 3418 1532 3472 quos
1563 3404 1755 3465 nostis,
1784 3419 2009 3473 quorum
2041 3407 2212 3474 poeni-

613 3496 838 3550 tentiam
881 3492 1234 3549 satisfactioni
1275 3495 1576 3563 proximam
1606 3496 1942 3565 conspicitis,
1971 3497 2212 3569 designe-

614 3591 687 3645 tis
712 3590 1027 3643 nominatim
1059 3588 1263 3655 libello,
1292 3598 1346 3643 et
1374 3588 1453 3643 sic
1481 3588 1549 3643 ad
1577 3603 1675 3644 nos
1700 3590 1824 3645 ﬁdei
1850 3603 2212 3663 congruentes

614 3685 827 3741 litteras
856 3682 1118 3754 dirigatis.
1152 3702 1171 3734 ι
1207 3681 1297 3738 Sic
1324 3682 1445 3736 ﬁdei
1467 3692 1853 3753 congruentem
1877 3696 2031 3741 vocat
2055 3702 2210 3742 suam

619 3794 747 3850 erga
773 3779 952 3849 lapsos
979 3776 1169 3846 agendi
1198 3776 1463 3832 rationem
1482 3817 1497 3841 ,
1528 3778 1736 3833 scilicet
1762 3779 1904 3849 quod
1931 3781 2098 3851 lapsis
2122 3797 2215 3851 pa—

622 3888 743 3929 cem
765 3870 976 3927 dederit
1006 3870 1320 3925 imminente
1352 3872 1723 3936 persecutione
1748 3890 1760 3925 :
1801 3892 1820 3923 (
1842 3873 1969 3941 Nos,
1995 3893 2013 3926 ι
2046 3876 2218 3944 inquit

623 3967 681 4021 in
713 3965 871 4034 epist.
905 3963 973 4018 ad
1002 3962 1292 4019 Cornelium
1321 3968 1383 4022 S.
1418 3962 1724 4034 Pontiﬁcem
1750 3965 1839 4031 57,
1880 3985 1899 4018 ‹
1922 3966 2065 4037 quod
2094 3968 2215 4023 fidei

622 4067 680 4114 et
704 4057 950 4114 charitati
995 4067 1049 4112 et
1093 4058 1439 4114 sollicitudini
1478 4059 1806 4130 congruebat
1832 4075 1953 4131 quae
1980 4071 2133 4116 erant
2162 4062 2217 4118 in

624 4150 952 4207 conscientia
982 4160 1163 4204 nostra
1191 4151 1564 4222 protulimus.»
1612 4153 1689 4207 Ex
1720 4154 1914 4224 quibus
1939 4156 2217 4225 apertissi-

626 4258 717 4298 me
746 4251 955 4296 constat
980 4257 1089 4297 non
1116 4243 1278 4298 modo
1307 4245 1359 4298 in
1396 4259 1559 4300 sensu
1583 4245 1740 4300 obvio
1766 4256 1821 4300 et
1846 4249 2095 4315 naturali,
2123 4250 2217 4305 sed

625 4334 787 4390 ctiam
816 4334 867 4388 in
901 4333 1085 4403 phrasi
1120 4336 1424 4405 cyprianica
1455 4337 1523 4391 ad
1549 4338 1722 4407 capita
1765 4337 2082 4410 disciplinae,
2112 4357 2218 4398 non

626 4434 808 4481 autem
834 4425 901 4480 ad
933 4424 1056 4480 ﬁdei
1083 4424 1334 4495 dogmata
1362 4431 1629 4495 revocari,
1654 4447 1773 4500 qucc
1804 4441 2008 4488 tantum
2034 4435 2222 4491 dicun-

624 4527 716 4573 tur
736 4517 859 4573 ﬁdei
885 4518 1255 4588 congruentia,
1278 4529 1331 4573 ct
1359 4520 1426 4573 ad
1456 4536 1574 4575 eam
1608 4523 1775 4592 magis
1800 4526 2141 4593 pertinentia.

2313 3319 2560 3391 piendum
2604 3318 2796 3389 probat
2843 3332 2909 3372 ex
2948 3330 3014 3371 eo
3058 3313 3201 3385 quod
3252 3310 3490 3366 haeretici
3544 3309 3919 3380 intelligentes

2314 3414 2584 3484 Baptisma
2613 3411 2743 3466 foris
2775 3410 2851 3483 (id
2880 3418 2962 3465 est
2988 3420 3138 3463 extra
3163 3406 3491 3475 Ecclesiam)
3523 3404 3743 3459 nullum
3778 3418 3914 3467 esse,

2317 3506 2614 3579 promptius
2635 3520 2698 3560 ac
2726 3503 2936 3559 avidius
2962 3502 3030 3558 ad
3061 3500 3322 3557 Ecclesia:
3351 3499 3611 3554 unitatem
3640 3498 3915 3553 redibunt.

2314 3602 2397 3655 An
2419 3615 2546 3669 ergo
2575 3597 2735 3653 ﬁdem
2760 3597 3097 3667 aliquatenus
3127 3604 3374 3662 spectare
3398 3591 3673 3646 censebat
3699 3592 3926 3645 antistes

2315 3690 2752 3763 Carthaginiensis
2789 3688 2933 3759 quod
2976 3687 3102 3742 aliis
3124 3684 3436 3750 oﬁ'crrebat,
3467 3692 3527 3737 ut
3555 3683 3694 3753 quid
3734 3683 3930 3737 melius

2317 3795 2373 3841 et
2414 3784 2639 3840 utilius?
2680 3782 2832 3850 Quod
2862 3782 2932 3837 ab
2960 3780 3083 3835 aliis
3113 3780 3328 3850 antiqua
3368 3776 3781 3832 consuetudine
3815 3784 3931 3845 post

2317 3879 2489 3952 posita
2530 3875 2927 3946 suscipiendum
2980 3888 3103 3930 esse
3148 3869 3532 3933 contendebat,
3566 3879 3628 3922 ut
3684 3868 3933 3923 b-xretici

2319 3974 2620 4045 promptius
2649 3987 2713 4027 ac
2737 3970 2944 4026 avidius
2974 3968 3042 4024 ad
3074 3968 3331 4023 unitatem
3359 3964 3624 4020 Ecclesiae
3648 3963 3937 4018 redirent?

2319 4067 2468 4123 Itane
2510 4066 2683 4137 urgeri
2716 4066 2891 4119 solent
2920 4080 2948 4117 a
2991 4063 3190 4119 sanctis
3232 4060 3481 4115 Patribus
3533 4058 3668 4114 ﬁdei
3717 4057 3937 4128 capita?

2323 4160 2746 4231 Suscipiendane
2775 4158 3029 4214 dicuntur
3057 4166 3115 4212 ut
3140 4155 3268 4226 quid
3298 4154 3485 4209 melius
3514 4162 3573 4207 et
3601 4152 3839 4207 utilius?
3874 4151 3935 4206 In

2321 4255 2483 4309 rebus
2511 4253 2633 4309 ﬁdei
2661 4252 2877 4307 nullane
2906 4252 3047 4306 illius
3077 4252 3222 4321 quod
3253 4249 3305 4303 in
3352 4246 3591 4302 Ecclesia
3621 4246 3937 4316 antiquitus

2323 4346 2635 4401 servabatur
2661 4344 2904 4401 habenda
2934 4344 3111 4399 ratio?
3132 4342 3300 4410 Quam
3325 4340 3441 4395 haec
3470 4339 3653 4394 aliena
3687 4340 3740 4393 in
3772 4340 3941 4395 rebus

2322 4439 2465 4503 ﬁdei,
2499 4450 2604 4493 tam
2636 4439 2687 4493 in
2716 4439 2878 4495 rebus
2906 4437 3203 4507 disciplinae
3231 4433 3612 4491 ecclesiasticae
3643 4447 3778 4489 esse
3805 4448 3945 4488 con-

2321 4542 2495 4599 sueta,
2538 4534 2799 4605 apposita,
2852 4548 2914 4589 ac
2965 4532 3336 4604 congruentia,
3394 4538 3455 4585 ut
3499 4538 3720 4584 tantum
3776 4531 3946 4585 decet

700 4610 790 4665 Ill.
845 4609 997 4677 Quod
1048 4610 1188 4665 Deus
1238 4610 1397 4666 alicui
1448 4613 1683 4669 ﬁdelium
1731 4619 1954 4683 revelat,
1994 4622 2618 4695 inspiratDauctorem,
2650 4629 2799 4683 nullo
2827 4627 3010 4684 labore
3038 4627 3397 4699 concipimus.

628 4713 903 4773 tamquam
935 4704 1063 4775 quid
1087 4704 1309 4772 melius,
1334 4706 1463 4775 quid
1504 4708 1685 4763 utilius
1706 4752 1721 4776 ,
1748 4721 2016 4784 tamquam
2039 4714 2224 4771 efﬁca-

625 4796 743 4851 cius
772 4796 839 4850 ad
868 4796 1153 4852 haereticos
1179 4798 1494 4855 excitandos
1517 4809 1577 4856 ut
1595 4802 1660 4857 ad
1682 4802 1939 4861 Ecclesia:
1960 4807 2219 4864 unitatem

622 4892 874 4959 redeant,
899 4890 1001 4947 hoc
1015 4907 1219 4947 meram
1242 4902 1397 4947 sonat
1414 4895 1765 4951 teconomiam
1784 4914 1847 4953 ac
1864 4899 2220 4970 disciplinam,

625 4986 934 5041 nullatenus
974 5000 1107 5041 vero
1154 4985 1278 5040 ﬁdei
1331 4985 1543 5057 dogma.
1592 4989 1761 5045 Porro
1814 4993 1871 5049 S.
1925 4992 2225 5065 Cyprianus

624 5096 777 5135 suam
801 5080 869 5136 de
892 5079 1161 5136 haereticis
1188 5079 1583 5149 rebaptizandis
1606 5085 1912 5155 opinionem
1936 5101 1991 5143 et
2014 5091 2220 5160 praxim

623 5173 859 5240 antiquae
892 5171 1151 5228 Ecclesia:
1202 5178 1581 5232 consuetudini
1628 5181 2045 5250 praeponendam
2094 5200 2225 5241 con-

626 5267 802 5324 tendit
833 5280 1100 5340 tamquam
1129 5270 1329 5343 aliquid
1357 5288 1386 5327 a
1412 5274 1525 5331 Deo
1555 5274 1873 5345 quibusdam
1903 5278 2220 5350 inspiratnm

623 5374 684 5417 ut
713 5364 905 5419 melius
932 5373 987 5418 et
1016 5365 1197 5421 utilius
1231 5408 1246 5429 ,
1278 5377 1337 5422 ut
1372 5370 1543 5441 magis
1567 5370 1809 5427 alliciens
1834 5371 2117 5431 haereticos
2154 5376 2221 5431 ad

623 5456 887 5513 Ecclesiae
916 5458 1174 5514 unitatem
1202 5462 1661 5532 amplectendam;
1685 5480 1753 5521 en
1778 5467 1941 5522 verba
1962 5468 2218 5540 Cypriani

618 5552 677 5606 in
709 5551 879 5620 Epist.
905 5551 975 5605 ad
1013 5553 1261 5620 Quintum
1289 5572 1437 5611 mm.
1474 5576 1492 5607 ‹
1518 5558 1634 5613 Νοη
1668 5568 1750 5614 cst
1780 5562 1958 5616 autem
1989 5563 2057 5618 de
2087 5578 2217 5619 con—

618 5644 907 5700 suetudine
946 5648 1403 5715 prtescribendum
1454 5651 1547 5706 scd
1594 5656 1803 5709 ratione
1852 5655 2212 5723 vincendum;

618 5750 746 5789 nam
776 5751 877 5790 nec
907 5737 1097 5793 Petrus
1122 5755 1283 5809 quem
1311 5742 1540 5809 primum
1562 5744 1822 5801 Dominus
1854 5748 2019 5819 elegit
2045 5759 2100 5806 et
2119 5767 2212 5806 su-

615 5831 715 5887 per
764 5838 926 5889 quem
973 5826 1277 5889 aediﬁcavit.
1314 5829 1613 5889 Ecclesiam
1656 5849 1844 5905 suam,
1877 5854 2000 5895 cum
2055 5859 2211 5902 secus

2395 4722 2482 4777 IV.
2538 4723 2619 4777 Ad
2665 4722 2961 4793 disciplima
2999 4722 3206 4791 capita,
3257 4735 3365 4775 non
3405 4718 3472 4774 ad
3503 4718 3634 4774 ﬁdei
3679 4718 3944 4792 dogmata

2322 4824 2663 4881 revocantur,
2692 4830 2812 4884 qua:
2850 4814 3014 4871 certis
3054 4815 3346 4885 provinciis
3377 4824 3501 4867 sunt
3529 4812 3791 4883 propria,
3820 4830 3946 4885 quae

2325 4909 2393 4963 ab
2422 4910 2524 4963 illis
2553 4910 2747 4965 merito
2769 4909 2987 4964 retineri
3018 4924 3175 4979 posse
3195 4907 3489 4965 creduntur
3510 4908 3734 4978 quando
3767 4909 3949 4964 semel

2326 5003 2466 5073 apud
2509 5004 2655 5072 ipsas
2703 5013 2959 5074 usurpata
2991 5004 3175 5069 fuere;
3225 5002 3360 5059 ﬁdes
3407 5002 3550 5057 enim
3578 5017 3691 5057 non
3722 5005 3827 5057 uni
3856 5004 3951 5059 vel

2327 5094 2481 5150 alteri
2530 5097 2746 5167 propria
2791 5104 2876 5151 est
2929 5094 3240 5166 provinciae,
3272 5094 3367 5149 sed
3395 5094 3583 5149 eadem
3627 5094 3844 5164 ubique
3896 5106 3955 5150 et

2333 5190 2581 5246 omnibus
2611 5191 2902 5262 provinciis
2922 5189 3206 5245 catholicis
3232 5190 3535 5243 communis
3562 5201 3690 5243 esse
3716 5186 3901 5245 debet
3934 5208 3947 5241 ε

2334 5304 2351 5336 ‹
2378 5286 2562 5357 regula
2606 5284 2729 5341 ﬁdei
2764 5305 2784 5339 ›
2820 5286 2993 5355 inquit
3017 5284 3223 5339 Tertul.
3258 5283 3354 5337 lib.
3382 5282 3446 5336 de
3482 5281 3684 5353 Virgin.
3718 5285 3945 5339 velud.

2333 5399 2351 5433 ‹
2375 5381 2596 5436 omnino
2625 5395 2729 5434 una
2760 5388 2874 5445 est,
2901 5378 3015 5434 sola
3045 5376 3338 5433 immobilis
3368 5386 3424 5433 et
3447 5374 3905 5435 irreformabilis.
3924 5397 3943 5429 ι

2322 5473 2554 5530 Aliunde
2604 5473 2747 5545 quod
2794 5473 2846 5527 in
2900 5469 3190 5542 provinciis
3229 5469 3549 5541 quibusdam
3593 5481 3945 5540 usurpatur.

2321 5576 2478 5620 sonat
2525 5566 2734 5635 praxim
2779 5580 2843 5620 ac
2885 5562 3220 5631 disciplinam
3241 5605 3256 5631 ,
3291 5578 3397 5617 non
3430 5575 3560 5616 vero
3587 5558 3783 5624 ﬁdem,
3816 5578 3950 5631 qua:

2326 5679 2344 5711 ε
2374 5661 2619 5729 usurpari
2644 5680 2662 5712 ι
2696 5676 2802 5715 non
2829 5659 3045 5728 dicitur,
3065 5662 3279 5717 tandem
3306 5658 3360 5711 in
3380 5655 3541 5712 rebus
3567 5652 3697 5710 ﬁdei
3726 5652 3943 5709 falsum

2319 5765 2402 5810 est
2466 5754 2570 5811 hoc
2610 5755 2964 5827 principium,
3008 5756 3152 5829 quod
3199 5751 3402 5825 aliquid
3446 5750 3640 5807 merito
3696 5750 3943 5805 retineri

2316 5846 2489 5921 pOSSit
2510 5862 2577 5903 eo
2605 5849 2753 5919 ipso,
2784 5850 2929 5921 quod
2958 5850 3125 5908 semel
3156 5856 3471 5920 usurpatum
3503 5843 3602 5900 fuit
3626 5884 3643 5912 ,
3679 5841 3941 5915 alioquin
