4208 6276
334 248 476 305 1329
578 328 582 333 ἡ
1502 250 1919 309 HlSTORlCO-lj

2023 254 2306 313 πΜΑΤιΟΑ.
3485 259 3625 316 1350

331 364 623 421 dicendum
678 365 817 421 foret
862 380 893 420 a
945 365 1260 438 quibusdam
1290 367 1572 423 Germanis
1635 369 1924 439 provinciis
1949 375 2002 435 Λ
2028 387 2185 443 quam
2237 371 2538 444 Stephanus
2584 373 2885 429 vindicabat
2933 374 3377 431 consuetudinem
3408 374 3625 446 alonge

334 458 534 514 merito
572 457 797 514 retineri
823 457 1127 515 Lutheraua
1155 460 1372 532 placita,
1416 463 1540 533 quia
1586 462 1757 518 semel
1783 464 1924 534 apud

330 564 425 606 eas
450 563 700 621 usurpata
754 552 983 619 fuerunt,
1022 554 1164 624 quod
1193 563 1367 610 tamen
1398 556 1717 626 principium
1749 556 1802 612 in
1833 572 1917 612 re-

331 641 436 699 bus
464 660 628 699 merte
675 642 972 716 disciplina:
996 646 1116 717 jure
1161 649 1353 703 merito
1383 650 1579 719 saepius
1610 652 1786 720 urgeri
1831 666 1925 721 po-

330 747 452 795 test.
517 739 688 795 Porro
738 740 795 797 S.
837 741 1138 813 Cyprianus
1189 759 1341 798 suam
1410 743 1479 799 de
1526 744 1923 814 rebaptizandis

328 831 599 886 lia'reticis
628 833 832 903 praxim
863 834 1002 889 inter
1031 849 1092 889 ea
1122 845 1409 903 recenset,
1442 852 1561 905 qua:
1592 838 1757 892 certis
1803 838 1924 906 qui—

326 916 553 981 busdam
583 927 877 996 provinciis
905 938 1031 982 sunt
1059 930 1306 998 proiiria,
1335 945 1523 1000 quaeve
1557 932 1747 985 merito
1800 932 1924 986 reti-

326 1021 443 1076 neri
476 1032 703 1091 possuut
732 1036 797 1076 eo
827 1022 942 1092 ipso
990 1022 1132 1093 quod
1176 1022 1318 1092 apud
1374 1038 1466 1079 eas
1519 1024 1686 1079 semel
1723 1023 1924 1079 fuerint

327 1125 608 1185 usurpata,
637 1116 716 1171 sic
746 1116 890 1171 enim
924 1117 1158 1187 loquitur
1196 1118 1248 1171 in
1280 1116 1453 1188 Epist.
1507 1117 1575 1170 ad
1603 1118 1923 1187 Stephanum

328 1208 395 1266 S.
429 1207 729 1280 Ponti/fcerit
756 1209 867 1265 72:
905 1229 924 1262 ι
952 1210 1075 1266 Haec
1118 1210 1291 1284 (gesta
1345 1228 1540 1283 nempe
1592 1212 1642 1266 in
1690 1213 1925 1268 concilio

329 1302 587 1359 Africano
621 1320 715 1374 pro
760 1305 1161 1377 rebaptizandis
1217 1306 1505 1379 haereticis)
1556 1306 1622 1361 ad
1651 1307 1926 1361 conscien-

328 1399 456 1454 tiam
486 1410 651 1463 tuam,
677 1399 841 1456 frater
869 1400 1205 1468 charissime,
1236 1411 1291 1457 et
1321 1417 1418 1473 pro
1441 1402 1649 1456 honore
1678 1416 1921 1456 commu-

327 1494 382 1549 ni
430 1502 485 1549 et
526 1510 622 1565 pro
668 1494 895 1565 simplici
926 1495 1211 1551 dilectione
1240 1497 1581 1566 pertulimus.
1639 1494 1923 1551 credentes

326 1588 489 1643 etiam
520 1589 611 1643 tibi
643 1604 742 1660 pro
764 1590 1039 1660 religionis
1068 1599 1171 1644 tute
1196 1598 1251 1645 et
1276 1590 1399 1645 fidei
1428 1592 1655 1645 veritate
1684 1592 1920 1660 placere,

262 1694 267 1695 ί
324 1696 445 1752 qua:
473 1680 720 1752 religiosa
751 1682 950 1751 pariter
996 1691 1051 1737 et
1077 1698 1202 1737 vera
1230 1692 1373 1736 sunt.
1420 1681 1687 1738 Caeterum
1718 1682 1924 1737 scimus

2028 467 2218 537 majori
2252 469 2629 538 episcoporum
2658 477 2810 538 parte
2843 477 2968 523 tunc
2997 469 3256 539 temporis
3287 483 3408 525 esse
3435 484 3624 540 recep-

2030 569 2157 626 tam,
2185 560 2476 631 antiquitus
2507 576 2635 616 vero
2658 562 2725 615 ab
2751 562 2999 616 omnibus
3044 562 3314 632 episcopis
3351 572 3621 618 servatam

2027 654 2211 709 fuisse.
2243 654 2440 709 Verum
2472 654 2590 726 quis
2606 654 3016 711 'Catholicorum
3047 656 3160 711 haec
3191 656 3449 726 impingat
3477 666 3625 712 tanto

2026 746 2242 802 Doctori
2272 747 2293 800 ?
2318 746 2556 802 Fatearis
2582 763 2710 819 ergo
2737 763 2956 804 necesse
2983 757 3065 803 est
3087 748 3224 802 hanc
3247 747 3513 820 Cypriano
3540 750 3623 803 vi-

2025 851 2138 891 sam
2169 837 2331 892 fuisse
2356 852 2519 893 merae
2548 837 2845 909 disciplina:
2865 840 3307 895 controversiam.

2097 928 2207 984 VII.
2235 930 2292 986 Si
2318 931 2619 1001 Cyprianus
2643 948 2674 985 a
2703 933 2812 987 Deo
2842 933 3138 987 revelatum
3168 934 3473 989 censuisset
3499 936 3623 989 nul-

2026 1022 2134 1077 lum
2159 1037 2279 1078 esse
2300 1023 2575 1094 Baptisma
2589 1025 2657 1080 ab
2685 1024 2956 1081 haereticis
2971 1026 3253 1093 collatum,
3279 1027 3624 1097 desperasset

2027 1115 2270 1186 profecto
2294 1116 2363 1172 de
2391 1118 2607 1173 illorum
2637 1118 2921 1173 infantium
2951 1121 3156 1187 salute,
3190 1120 3280 1191 qui
3334 1120 3387 1174 in
3418 1130 3621 1191 praete-

2026 1213 2187 1268 ritum
2215 1227 2338 1267 cum
2370 1213 2485 1267 solo
2508 1212 2783 1284 Baptismo
2797 1214 2862 1269 ab
2885 1213 3152 1269 haereticis
3174 1215 3300 1269 dato
3327 1214 3432 1267 vita
3455 1213 3623 1270 functi

2027 1314 2203 1373 erant,
2238 1321 2344 1361 non
2368 1306 2512 1360 enim
2537 1306 2817 1376 ignorabat
2844 1306 3003 1361 validi
3033 1306 3295 1377 Baptismi
3327 1312 3623 1362 necessita-

2028 1411 2134 1455 tem
2187 1400 2254 1455 ad
2285 1400 2516 1456 salutem
2557 1402 3035 1472 consequendam;
3085 1403 3229 1473 atqui
3278 1410 3454 1456 tamen
3505 1402 3622 1472 ipse

2025 1493 2226 1550 fatetur
2254 1496 2649 1565 desperandum
2675 1512 2779 1550 non
2803 1510 2921 1551 esse
2948 1496 3015 1549 de
3038 1511 3224 1551 eorum
3262 1497 3503 1551 omnium
3529 1509 3619 1550 sa-

2027 1588 2135 1644 lute
2152 1629 2167 1653 ,
2194 1589 2284 1659 qui
2309 1589 2599 1657 praeteritis
2626 1589 2959 1659 temporibus
2980 1604 3100 1643 cum
3128 1591 3245 1643 solo
3262 1589 3538 1659 Baptismo
3552 1589 3619 1643 ab

2027 1685 2298 1741 haereticis
2328 1685 2455 1740 dato
2484 1686 2767 1751 obierant,
2802 1685 3095 1740 dummodo
3126 1687 3180 1739 in
3213 1684 3474 1740 Ecclesiae
3501 1686 3621 1740 sinu

323 1774 582 1845 quosdam
611 1774 755 1846 quod
777 1776 945 1831 semel
993 1775 1302 1830 imbiberint
1334 1774 1478 1829 nolle
1499 1775 1792 1845 deponere,
1818 1792 1917 1831 nec
1947 1777 1994 1837 B
2022 1780 2369 1845 dormierint;
2388 1782 2660 1835 auscultes
2678 1779 3116 1849 ipsiJubaianum
3130 1780 3423 1849 alloquenti
3445 1778 3615 1846 «Quid

325 1866 660 1938 preposituni
691 1882 845 1921 suum
876 1866 1031 1922 facile
1062 1878 1297 1931 mutare,
1332 1866 1425 1922 sed
1456 1867 1605 1920 salvo
1640 1868 1779 1921 inter
1804 1868 1916 1922 col-

327 1961 472 2031 legas
501 1961 647 2031 pacis
672 1970 726 2017 et
749 1961 1053 2016 concordiae
1080 1960 1292 2016 vinculo
1314 1960 1547 2031 quaedam
1570 1960 1779 2030 propria
1804 1976 1917 2030 qua:

325 2052 463 2123 apud
483 2068 535 2106 se
563 2053 716 2107 semel
744 2055 846 2108 sint
867 2063 1116 2123 usurpata
1145 2054 1380 2118 retinere,
1410 2068 1513 2123 qua
1537 2055 1590 2106 in
1616 2068 1675 2106 re
1699 2067 1798 2108 nec
1822 2068 1919 2110 nos

330 2144 433 2199 vim
460 2147 709 2216 cuiquam
742 2145 968 2201 facimus
999 2154 1091 2202 aut
1126 2148 1298 2217 legem
1320 2147 1528 2201 damus.
1560 2164 1579 2197 ι
1615 2145 1786 2201 Nemo
1813 2162 1919 2202 non

326 2238 473 2293 videt
494 2239 818 2311 Cyprianum
869 2240 955 2295 hic
1006 2239 1281 2311 Stephano
1307 2240 1610 2310 significare
1652 2255 1711 2295 se
1764 2238 1919 2296 facile

329 2332 817 2404 obtemperaturum
851 2350 955 2390 non
999 2350 1119 2390 esse
1170 2334 1308 2389 illius
1352 2335 1555 2404 judicio
1594 2334 1921 2405 improbanti

334 2426 644 2482 Africanum
675 2427 741 2483 de
772 2422 1169 2495 rebaptizandis
1201 2428 1467 2483 hazreticis
1492 2436 1782 2492 statutum,
1814 2443 1921 2484 non

334 2536 396 2575 ea
430 2522 655 2588 ratione,
678 2522 821 2594 quod
852 2523 1008 2577 Rom.
1035 2522 1525 2592 Pontificisjudicia
1546 2523 1596 2576 in
1614 2523 1771 2577 rebus
1798 2522 1923 2579 fidei

330 2612 633 2669 infallibilia
682 2632 787 2671 non
834 2617 1195 2680 existimaret,
1229 2615 1323 2670 sed
1354 2631 1419 2671 eo
1448 2616 1604 2670 nixus
1635 2616 1919 2687 principio,

328 2707 491 2776 quod,
518 2707 679 2762 etiam
700 2708 999 2780 refragante
1021 2708 1175 2762 Rom.
1206 2707 1484 2774 Pontilice,
1514 2710 1706 2762 merito
1728 2710 1781 2763 in
1805 2709 1925 2779 qdi-

331 2800 555 2855 busdam
586 2802 875 2872 provinciis
904 2802 1126 2858 retineri
1180 2810 1420 2870 possunt,
1470 2816 1590 2872 qum
1622 2802 1753 2871 ipsis
1796 2812 1922 2856 sunt

333 2895 576 2965 propria,
628 2905 681 2949 et
717 2910 837 2965 qua:
889 2894 957 2948 ab
986 2894 1117 2963 ipsis
1148 2894 1313 2949 semel
1365 2903 1617 2963 usurpata
1678 2891 1917 2960 fuerunt,

335 2989 511 3059 qualis
541 2997 658 3044 erat
685 2988 865 3059 praxis
896 2989 962 3045 de
989 2987 1386 3059 rebaptizandis
1416 2987 1703 3043 htereticis.

406 3084 467 3140 V.
503 3084 801 3156 Cyprianus
826 3094 1013 3155 aperte
1053 3083 1292 3139 declarat
1339 3082 1407 3137 de
1449 3098 1554 3138 una
1583 3082 1917 3153 Stephanum

2018 1888 2149 1946 ergo
2176 1876 2285 1939 liet,
2314 1893 2333 1926 ι
2370 1874 2559 1944 inquit,
2590 1892 2609 1925 ‹
2647 1873 2714 1928 de
2744 1873 2811 1927 iis
2835 1874 2927 1943 qui
2952 1873 3003 1926 in
3050 1873 3380 1942 praeteritum
3408 1873 3475 1927 de
3504 1872 3620 1926 ha:-

2020 1970 2126 2025 resi
2149 1968 2214 2023 ad
2243 1968 2537 2023 Ecclesiam
2561 1967 2840 2022 venientes
2862 1967 2983 2021 sine
2998 1966 3273 2036 Baptismo
3296 1965 3495 2020 mortui
3522 1964 3587 2019 ad
3602 1996 3618 2006 ο

2022 2065 2174 2120 missi
2203 2064 2363 2119 sunt?
2406 2064 2608 2119 Potens
2656 2073 2738 2117 est
2791 2062 3052 2116 Dominus
3103 2060 3477 2116 misericordia
3520 2075 3615 2115 sua

2024 2160 2409 2229 indulgentiam
2442 2159 2575 2213 dare
2606 2166 2661 2213 et
2693 2172 2788 2213 eos
2814 2157 2905 2227 qui
2933 2156 3000 2211 ad
3025 2156 3327 2211 Ecclesiam
3354 2154 3619 2225 simplici-

2026 2262 2109 2309 ter
2132 2253 2355 2307 admissi
2385 2253 2437 2307 in
2466 2252 2707 2307 Ecclesia
2747 2250 3087 2306 dormierunt
3111 2250 3180 2304 ab
3215 2250 3478 2305 Ecclesia:
3506 2266 3618 2305 sua:

2025 2346 2339 2402 muneribus
2361 2361 2465 2401 non
2492 2359 2803 2415 separare.»
2826 2344 2963 2400 Audi
2986 2354 3041 2400 et
3061 2345 3421 2415 Augustinum
3445 2342 3497 2399 id
3519 2359 3620 2399 sae—

2026 2443 2146 2513 pius
2175 2441 2242 2495 de
2264 2441 2533 2512 Cypriano
2562 2449 2882 2501 testantem;
2915 2459 2934 2491 ‹
2972 2439 3105 2494 Cum
3133 2439 3454 2512 Cyprianus,
3482 2460 3500 2492 ι
3536 2440 3620 2494 in-

2026 2534 2174 2604 quit,
2208 2534 2301 2587 lib.
2337 2549 2372 2587 ιι
2402 2534 2465 2586 de
2491 2532 2644 2604 Bapt.
2679 2547 2802 2598 cap.
2836 2534 2932 2594 1'5.
2964 2552 2983 2584 ι
3018 2532 3375 2588 arbitraretur
3399 2547 3497 2589 eos
3526 2533 3619 2603 qui

2026 2634 2176 2681 extra
2209 2625 2471 2680 Ecclesiae
2498 2624 2934 2679 communionem
2972 2625 3376 2694 haptizarentur
3401 2624 3617 2695 Baptis-

2026 2733 2172 2772 mum
2202 2734 2305 2771 non
2336 2717 2533 2772 habere
2556 2760 2571 2783 ,
2629 2716 2857 2773 credidit
2885 2732 2979 2771 eos
3009 2727 3185 2771 tamen
3226 2718 3277 2771 in
3321 2716 3617 2771 Ecclesiam

2025 2810 2339 2881 simpliciter
2368 2809 2635 2865 admissos
2662 2821 2881 2879 propter
2899 2809 3068 2879 ipsius
3097 2809 3318 2863 unitatis
3337 2808 3614 2862 vinculum

2025 2917 2185 2974 posse
2227 2902 2293 2956 ad
2333 2902 2541 2957 veniam
2571 2902 2873 2971 pertinere;
2907 2922 2925 2953 ›
2971 2908 3025 2955 et
3054 2916 3171 2970 cap.
3206 2900 3304 2955 14:
3342 2918 3360 2951 ‹
3394 2900 3451 2954 Si
3482 2915 3614 2969 ergo

2025 2993 2341 3066 Cyprianus,
2389 3008 2525 3061 quos
2579 3009 2698 3048 esse
2752 2994 2867 3047 sine
2917 2993 3194 3063 Baptismo
3250 2992 3616 3046 arbitrabatur

2027 3098 2202 3143 tamen
2233 3097 2451 3157 propter
2476 3085 2698 3141 unitatis
2724 3085 2998 3139 vinculum
3017 3084 3084 3139 ad
3106 3084 3315 3141 veniam
3344 3084 3614 3153 pertinere

332 3179 473 3234 inter
497 3189 551 3235 et
574 3180 746 3250 ipsum
778 3180 861 3250 agi
901 3178 1219 3249 disciplina;
1253 3193 1374 3234 cum
1406 3179 1549 3232 enim
1589 3177 1645 3233 S.
1688 3178 1919 3248 Stepha-
1945 3176 1990 3237 C
2024 3180 2411 3251 praesumebat;
2454 3200 2472 3231 ›
2510 3188 2563 3234 et
2596 3193 2714 3249 cap.
2742 3180 2810 3234 15
2846 3196 2857 3232 :
2891 3197 2909 3229 ‹
2943 3177 3000 3233 Si
3020 3179 3163 3232 enim
3196 3191 3300 3231 non
3333 3176 3612 3232 habebant

332 3288 432 3327 nus
464 3288 559 3343 pro
580 3289 674 3327 sua
707 3274 960 3344 opinione
989 3273 1259 3327 attulisset
1290 3271 1598 3342 exemplum
1646 3272 1916 3341 ipsorum-

330 3375 440 3420 met
462 3364 855 3427 litercticorum,
871 3364 959 3435 qui
981 3364 1046 3418 ad
1064 3380 1122 3420 se
1136 3366 1413 3420 venientes
1426 3379 1529 3419 non
1554 3364 1915 3434 baptizabant,

330 3456 619 3527 respondet
642 3458 697 3513 S.
727 3456 1026 3529 Cyprianus
1050 3476 1069 3507 ε
1089 3456 1155 3511 ad
1178 3456 1306 3510 illud
1326 3458 1586 3510 malorum
1609 3455 1915 3511 devolutam

330 3567 437 3606 non
492 3566 609 3606 esse
662 3550 755 3606 Dei
814 3549 1112 3604 Ecclesiam
1150 3559 1206 3602 ut
1240 3548 1307 3602 ab
1338 3548 1605 3604 hmreticis
1647 3558 1918 3604 mutuetur

329 3644 663 3713 disciplinam
709 3641 776 3696 ad
806 3641 1125 3696 celebranda
1169 3640 1537 3695 Sacramenta.
1570 3660 1587 3690 ι
1646 3640 1755 3693 lloc
1790 3655 1918 3712 ergo

329 3737 589 3808 Stephani
633 3740 867 3802 crimen,
905 3736 1060 3805 juxta
1090 3732 1446 3805 Cyprianum,
1473 3732 1613 3802 quod
1640 3734 1706 3787 ab
1737 3733 1913 3789 hatre-

332 3832 448 3886 ticis
470 3838 763 3883 mutaretur
775 3828 1111 3897 disciplinam
1126 3826 1192 3880 ad
1211 3825 1533 3881 celebranda
1546 3824 1915 3891 Sacramenta,

332 3922 665 3992 disciplinam
713 3935 841 3991 ergo
883 3930 1036 3973 vocat
1082 3916 1383 3988 Cyprianus
1420 3915 1561 3984 quod
1608 3915 1916 3986 Stephanus

331 4015 721 4086 prepugnabat.
737 4013 809 4067 De
825 4013 1001 4083 aliqua
1027 4026 1157 4082 ergo
1178 4009 1478 4078 disciplina.
1498 4008 1680 4079 judice
1698 4010 1919 4081 Cypria-

330 4126 430 4172 no,
462 4108 792 4179 Stephanum
820 4109 959 4161 inter
980 4116 1035 4161 et
1056 4107 1230 4175 ipsum
1251 4104 1737 4174 disputabatur;en
1752 4104 1916 4159 verba

328 4202 579 4274 Cypriani
633 4203 684 4256 in
729 4201 887 4271 epist.
923 4199 990 4253 ad
1035 4198 1335 4269 Pompeium
1386 4212 1579 4251 anv:
1610 4216 1627 4246 ‹
1655 4198 1916 4253 Prreclara

331 4310 464 4351 sane
493 4305 545 4348 et
575 4294 810 4364 legitima
852 4291 1068 4347 traditio
1096 4290 1375 4360 Stephano
1406 4289 1573 4345 fratre
1594 4302 1778 4347 nostro
1816 4292 1915 4346 do-

330 4403 488 4446 cente
518 4388 865 4459 proponitur,
912 4402 1030 4455 qua:
1059 4387 1431 4440 auctoritatem
1486 4385 1639 4440 nobis
1672 4385 1916 4440 idoneam

330 4485 568 4557 praebeat
593 4506 607 4549 ;
639 4498 759 4536 nam
784 4482 837 4535 in
864 4480 1053 4536 eodem
1084 4480 1202 4534 loco
1230 4478 1469 4548 epistola:
1500 4493 1611 4533 sua:
1640 4478 1843 4534 addidit
1863 4488 1918 4533 et

2024 3273 2354 3341 Baptismum
2387 3271 2479 3342 qui
2509 3272 2577 3326 ab
2604 3270 2877 3325 haereticis
2902 3268 3211 3333 veniebant,
3241 3268 3381 3322 sicut
3418 3269 3619 3322 asserit

2022 3364 2321 3438 Cyprianus
2337 3407 2352 3432 ,
2370 3380 2471 3419 non
2493 3374 2637 3419 recte
2657 3363 3081 3418 admittebantur
3098 3404 3111 3428 ,
3128 3371 3182 3417 et
3199 3371 3377 3417 tamen
3405 3361 3611 3416 eisdem

2023 3461 2138 3530 ipse
2168 3460 2551 3528 indulgentiam
2601 3458 2670 3514 de
2717 3458 2925 3513 Domini
2974 3457 3342 3512 misericordia
3385 3465 3612 3527 propter

2023 3554 2277 3608 unitatem
2306 3552 2562 3607 Ecclesia!
2621 3566 2729 3606 non
2773 3550 3101 3620 desperavit.
3128 3570 3145 3601 ι
3177 3551 3376 3605 Eadem
3425 3549 3615 3604 scribit

2022 3645 2114 3700 lib.
2144 3662 2177 3698 v
2198 3660 2315 3713 cap.
2339 3646 2413 3707 ‘2;
2445 3645 2535 3699 lib.
2594 3658 2630 3697 ιι
2680 3652 2815 3697 cont.
2860 3642 3123 3708 Creacon.,
3155 3657 3274 3712 cap.
3309 3657 3514 3708 XXXIII,
3556 3652 3611 3696 et

2020 3738 2140 3792 aliis
2166 3738 2217 3790 in
2247 3737 2397 3791 locis.
2429 3736 2548 3790 Non
2577 3746 2659 3791 est
2680 3736 2841 3806 igitur
2865 3734 3278 3803 desperandum,
3301 3734 3481 3803 judice
3503 3732 3611 3805 Cy-

2021 3830 2229 3900 priano,
2261 3828 2327 3883 de
2358 3827 2569 3882 illorum
2598 3828 2800 3893 salute,
2832 3828 2923 3897 qui
2952 3841 3072 3880 cum
3096 3825 3213 3880 solo
3235 3825 3512 3896 Baptismo
3544 3825 3612 3879 ab

2023 3919 2291 3974 luereticis
2347 3918 2543 3973 collato
2592 3917 2884 3983 obierunt;
2935 3916 3227 3970 dummodo
3270 3916 3321 3970 in
3353 3915 3611 3970 Ecclesia:

2023 4014 2142 4068 sinu
2169 4011 2523 4076 dormierint,
2565 4009 2857 4065 dummodo
2886 4018 3038 4063 extra
3061 4008 3319 4062 unitatem
3348 4006 3611 4061 Ecclesiae

2022 4123 2129 4162 non
2156 4106 2409 4160 obierint.
2452 4104 2680 4174 Propter
2708 4104 2851 4158 enim
2883 4101 3041 4173 hujus
3068 4102 3286 4156 unitatis
3315 4099 3612 4167 vinculum,

2023 4210 2159 4255 teste
2185 4197 2484 4270 Augustino
2503 4240 2516 4260 ,
2548 4196 2846 4268 Cyprianus
2876 4210 2969 4250 eos
2995 4194 3062 4250 ad
3091 4194 3301 4249 veniam
3335 4191 3609 4263 pertinere

2023 4293 2409 4366 praesumebat;
2465 4308 2569 4346 non
2615 4300 2697 4346 est
2730 4305 2860 4361 ergo
2903 4289 3298 4360 desperandum
3338 4288 3406 4344 de
3441 4288 3613 4342 salute

2021 4386 2301 4442 infantium
2322 4401 2443 4441 cum
2467 4385 2583 4441 solo
2605 4383 2878 4455 Baptismo
2904 4385 2973 4439 ab
2989 4382 3254 4439 haereticis
3283 4381 3481 4436 collato
3506 4380 3615 4436 vita

2020 4480 2358 4546 functorum;
2394 4480 2427 4533 ii
2453 4481 2595 4535 enim
2620 4478 2764 4533 nulla
2792 4478 3061 4533 hmreseos
3084 4478 3204 4532 labe
3233 4476 3467 4531 nondum
3496 4489 3615 4528 ma-

328 4580 523 4648 adjecit
540 4622 554 4645 ,
600 4595 719 4634 cum
755 4578 852 4649 ipsi
883 4575 1120 4631 hmretici
1165 4575 1378 4644 proprie
1411 4574 1731 4629 alterutrum
1762 4576 1828 4628 ad
1856 4589 1915 4631 se
1941 4576 1994 4635 D
2020 4577 2184 4631 culati
2202 4576 2253 4630 in
2274 4574 2532 4631 Ecclesiae
2553 4574 2673 4629 sinu
2695 4572 3051 4639 dormierunt,
3074 4581 3223 4627 extra
3245 4571 3503 4625 unitatem
3526 4583 3614 4625 ec-

328 4676 608 4729 vcuientcs
638 4688 743 4727 non
771 4670 1065 4742 baptizeut,
1119 4668 1213 4723 sed
1243 4672 1643 4724 communicent
1684 4678 1912 4736 tantum,

331 4770 397 4825 ad
423 4770 522 4825 hoc
561 4770 705 4823 enim
752 4768 1015 4821 malorum
1045 4763 1296 4819 devoluta
1318 4772 1400 4818 est
1432 4765 1670 4820 Ecclesia
1726 4764 1820 4819 Dei
1864 4773 1919 4819 et

333 4880 531 4935 Sponsa
562 4862 763 4917 Christi
792 4872 847 4915 ut
875 4860 1251 4915 hmreticorum
1277 4859 1519 4928 exempla
1553 4867 1789 4914 sectetur
1814 4901 1829 4925 ,
1860 4869 1918 4914 ut

332 4960 398 5015 ad
417 4958 732 5015 celebranda
751 4957 1094 5013 Sacramenta
1117 4952 1355 5009 cmlestia
1387 4955 1711 5023 disciplinam
1740 4955 1825 5009 lux
1850 4954 1917 5009 de

332 5053 570 5107 teneliris
600 5059 873 5105 mutuetur
902 5058 956 5103 et
980 5047 1033 5103 id
1066 5047 1265 5104 faciant
1283 5047 1575 5103 Christiani
1601 5047 1744 5119 quod
1773 5047 1915 5103 anti-

330 5146 519 5202 christi
542 5146 790 5201 faciunt.»

406 5241 494 5296 Vl.
529 5241 584 5297 Si
617 5241 983 5297 existiinasset
1008 5238 1305 5312 Cyprianus
1328 5239 1583 5310 Stephani
1623 5246 1915 5294 consuetu-

332 5334 511 5388 dinem
540 5334 655 5387 sine
682 5333 964 5404 dispendio
991 5335 1238 5389 catholici
1266 5333 1529 5404 dogmatis
1566 5332 1769 5387 servari
1810 5346 1916 5386 non

336 5441 529 5495 posse,
577 5426 863 5483 dicendum
910 5426 1047 5482 foret
1071 5427 1127 5482 S.
1189 5426 1519 5497 Cyprianum
1576 5425 1918 5479 existimasse

334 5523 523 5591 dogma
555 5521 876 5577 catholicum
908 5530 1034 5574 tunc
1076 5522 1332 5589 temporis
1364 5535 1393 5573 a
1425 5519 1482 5575 S.
1511 5517 1786 5587 Stephano
1812 5518 1918 5574 Ro-

336 5630 493 5670 mano
521 5617 768 5686 pontilice
788 5624 843 5670 et
868 5630 897 5669 a
928 5614 1086 5685 longe
1110 5612 1295 5683 majori
1323 5614 1699 5681 episcoporum
1734 5621 1917 5680 parte,

335 5709 626 5779 antiquitus
651 5724 779 5763 vero
800 5708 866 5762 ab
886 5707 1134 5763 omnibus
1165 5706 1430 5776 episcopis
1450 5704 1728 5760 catholicis
1754 5706 1924 5774 impe-

340 5799 491 5854 titum
539 5798 703 5855 fuisse
727 5842 741 5865 ,
800 5810 1021 5856 noverat
1076 5800 1257 5865 enim,
1300 5807 1357 5854 ut
1388 5797 1523 5854 infra
1551 5797 1924 5869 probabimus,

2019 4671 2199 4727 clesiaa
2237 4686 2344 4725 non
2366 4668 2631 4723 obierunt.
2660 4668 2730 4722 At
2754 4665 3011 4737 numquid
3045 4666 3182 4721 hanc
3213 4664 3305 4720 Dei
3333 4663 3617 4735 indulgen-

2017 4767 2145 4820 tiam
2186 4762 2474 4818 infantibus
2511 4763 2627 4817 sine
2657 4761 2764 4815 ullo
2790 4760 3063 4828 Baptismo
3101 4757 3479 4815 decedentibus
3523 4757 3620 4811 tri-

2018 4858 2215 4915 buebat
2260 4858 2315 4912 S.
2379 4856 2608 4910 Doctor?
2664 4870 2767 4907 non
2820 4855 2889 4907 ita
2942 4868 3091 4907 sane.
3133 4852 3311 4919 Quare
3340 4866 3467 4921 ergo
3496 4866 3618 4905 eam

2018 4951 2309 5007 infantibus
2354 4948 2470 5001 sine
2509 4946 2782 5016 Baptismo
2808 4962 2839 5000 a
2868 4944 3161 4999 Catholicis
3198 4944 3324 4998 dato
3351 4941 3619 4997 defunctis

2019 5043 2358 5115 impertitur!
2384 5040 2493 5095 Nisi
2524 5042 2644 5111 quia
2675 5040 2925 5093 traditam
2952 5054 2980 5091 a
3015 5036 3622 5107 Dcojudicabatneces-

2019 5140 2229 5194 sitatem
2268 5134 2522 5204 Baptisnii
2559 5132 2786 5201 alicujus
2817 5134 2882 5184 ad
2909 5132 3132 5187 salutem
3160 5126 3620 5199 consequendam.

2020 5246 2125 5285 non
2150 5231 2275 5283 item
2301 5225 2552 5297 Baptismi
2576 5241 2605 5277 a
2634 5222 2905 5279 Catholica
2925 5223 3123 5289 collati,
3147 5231 3201 5276 et
3229 5232 3621 5289 consequenter

2018 5324 2063 5377 si
2110 5321 2439 5391 Baptismum
2469 5316 2840 5371 hmreticorum
2872 5315 3220 5385 rejiciendum
3248 5328 3367 5367 esse
3395 5320 3620 5365 conten-

2022 5416 2219 5482 debat,
2250 5416 2351 5469 hoc
2370 5455 2384 5479 ,
2416 5429 2521 5470 non
2549 5414 2670 5485 quia
2698 5428 2725 5466 a
2758 5412 2868 5467 Deo
2894 5412 3188 5466 revelatum
3216 5406 3491 5473 crederet,
3523 5404 3623 5460 sed

2025 5514 2095 5569 ob
2137 5511 2269 5566 alias
2314 5510 2547 5565 rationes
2602 5507 2736 5563 infra
2794 5506 3076 5568 dicendas;
3130 5518 3235 5557 non
3289 5502 3450 5572 igitur
3497 5498 3625 5553 ﬁdei

2028 5622 2178 5661 suam
2207 5603 2503 5677 Cyprianus
2528 5603 2595 5658 de
2617 5599 3007 5672 rebaptizandis
3030 5598 3289 5654 haereticis
3313 5594 3624 5665 opinionem

2030 5698 2347 5755 devovebat.

2106 5792 2239 5849 V'lll.
2272 5794 2541 5853 Constans
2575 5800 2667 5848 est
2696 5804 2759 5847 ac
2785 5786 3060 5860 perspicua
3090 5781 3355 5861 Cypriani
3397 5776 3650 5834 dOClT'lM

4196 3190 4203 3241 ξ

4194 3260 4202 3329 ἓ
