4208 6276
564 286 696 341 1551

1931 286 2381 344 DlSSER‘TATIO

3719 291 3744 344 i
3755 286 3863 342 252

559 392 783 458 cuilibet
838 403 1091 472 episcopo
1147 402 1375 458 liberum
1426 415 1547 458 esse
1601 404 1656 458 in
1698 403 1797 458 hac
1850 404 2470 474 qumstioneAconeilii
2499 405 2772 476 prodierat
2814 404 3113 476 judicium,
3165 419 3265 462 nec
3315 420 3418 460 una
3474 405 3618 475 apud
3670 422 3862 461 omnes

565 494 838 550 diversum
870 495 1108 561 sentire,
1153 504 1207 549 et
1235 495 1415 550 varias
1439 499 1492 550 in
1520 503 1699 565 partes
1720 510 1842 551 sese
1872 497 2153 553 inclinare.

572 605 591 638 ι
626 586 921 656 Rescripsi,
981 587 1055 640 fili
1090 586 1428 654 cbarissime,
1461 607 1480 640 ι
1534 588 1706 658 inquit
1757 590 1810 642 in
1863 589 2037 659 Epist.
2091 591 2159 645 ad

569 678 820 750 Magnum
841 678 931 745 69,
969 696 988 734 ι
1023 679 1090 734 ad
1120 680 1330 736 litteras
1356 691 1474 736 tuas
1501 690 1760 752 quantum
1785 699 1948 754 parva
1977 693 2160 739 nostra

570 769 914 824 mediocritas
945 771 1143 835 valuit,
1197 783 1252 827 et
1281 773 1490 828 ostendi
1523 774 1649 843 quid
1683 790 1780 830 nos
1808 785 2065 845 quantum
2106 777 2160 830 in

569 861 726 916 nobis
748 870 831 916 est
859 864 1153 918 sentiamus
1197 862 1288 937 (de
1333 866 1710 922 hteretieorum
1769 867 1974 922 scilicet
2023 868 2162 938 Bap-

573 951 777 1025 tismo);
805 955 1007 1010 nemini
1038 957 1454 1025 pros-scribentes
1480 960 1766 1028 quominus
1794 968 1994 1014 statuat
2018 960 2161 1030 quod

572 1056 724 1116 putat
779 1051 1144 1121 unusquisque
1191 1054 1512 1120 przepositus
1561 1063 1710 1108 actus
1756 1055 1840 1108 sui
1898 1057 2161 1111 rationem

572 1139 802 1194 Domino
824 1141 1131 1197 redditurus
1161 1161 1173 1196 :
1214 1162 1232 1194 ι
1272 1154 1325 1198 et
1350 1145 1400 1197 in
1434 1144 1607 1214 Epist.
1638 1146 1707 1199 ad.
1735 1145 2057 1214 Stephanum
2094 1148 2160 1202 R.

576 1229 883 1297 Ponti/ieeur
921 1233 1029 1287 7'2:
1068 1253 1086 1285 ι
1128 1235 1240 1302 Qua
1269 1237 1320 1291 in
1367 1253 1426 1291 re
1468 1237 1544 1310 (in
1576 1240 1790 1308 negotio
1819 1238 2166 1309 Baptismatis

575 1322 1001 1397 haereticorum)
1056 1343 1158 1382 nee
1208 1343 1304 1382 nos
1350 1329 1451 1384 vim
1481 1329 1728 1399 cuiquam
1769 1330 2019 1398 facimus,
2076 1341 2167 1387 aut

573 1416 746 1486 legem
774 1418 966 1474 damus
986 1462 1000 1486 ,
1031 1436 1152 1476 cum
1183 1420 1376 1477 habeat
1417 1424 1472 1477 in
1513 1423 1772 1480 Ecclesia:
1819 1426 2165 1480 administra-

576 1509 723 1564 tione
746 1511 1036 1567 voluntatis
1079 1529 1190 1568 suze
1211 1514 1494 1570 arbitrium
1522 1517 1752 1572 liberum
1804 1519 2170 1588 unusquisque

574 1603 898 1672 praepositus
941 1608 1206 1660 rationem
1243 1616 1398 1663 actus
1446 1610 1528 1664 sui
1559 1610 1787 1665 Domino
1812 1611 2118 1666 redditurus
2153 1631 2167 1667 :

582 1714 600 1746 ι
637 1705 692 1752 et
732 1697 783 1750 in
832 1697 1006 1768 Epist.
1063 1701 1131 1753 ad
1159 1699 1404 1756 Jubaian.
1439 1704 1526 1756 '75.
1565 1722 1584 1756 ι
1611 1703 1738 1758 Hmc
1789 1705 1882 1758 tibi
1935 1705 2169 1761 breviter

2261 501 2545 570 episcopos
2575 500 2738 554 etiam
2765 509 2883 554 erat
2919 500 3184 554 sententia
3211 540 3226 565 ,
3267 499 3427 554 talem
3452 500 3595 553 enim
3629 508 3866 569 potesta-

2260 600 2368 646 tem
2397 591 2656 646 Ecclesiae
2704 590 3006 662 denegabat
3053 589 3410 656 Novatianus,
3462 606 3623 662 quem
3680 592 3865 660 plures

2262 700 2327 738 ex
2351 685 2526 740 Africa
2548 725 2563 746 ,
2590 683 2835 738 Numidia
2868 692 2923 737 et
2966 682 3136 738 Gallia
3185 683 3551 752 sequebantur
3599 681 3864 752 episcopi,

2267 785 2404 832 teste
2448 777 2718 848 Cypriano
2747 777 2799 830 in
2831 758 3092 845 Epistolis
3129 775 3197 828 ad
3250 774 3593 829 Antoninum
3644 776 3734 840 55,
3793 777 3868 827 ad

2265 869 2556 924 Cornelium
2607 869 2667 924 S.
2725 871 3012 938 pontiﬁcem
3055 868 3148 934 59,
3218 877 3272 922 et
3311 869 3381 922 ad
3429 869 3745 938 Stephanum
3793 870 3863 924 S.

2268 965 2557 1033 pontiﬁcem
2580 964 2668 1019 68.
2714 963 2855 1034 Lege
2879 974 3076 1030 tamen,
3115 964 3329 1035 perlege
3357 965 3558 1034 scripta
3584 964 3866 1035 Cypriani,

2269 1058 2453 1112 nullibi
2485 1072 2797 1113 concessam
2827 1059 2896 1112 ab
2923 1058 3041 1127 ipso
3072 1049 3382 1111 No’vatianis
3409 1059 3651 1112 invenies
3699 1059 3867 1112 talem

2270 1149 2539 1204 sentiendi
2567 1149 2910 1211 libertatem;
2940 1165 3062 1203 cum
3091 1150 3234 1204 enim
3271 1139 3406 1203 hanc
3443 1148 3868 1203 Novatianorum

2267 1243 2578 1311 opinionem
2601 1242 2784 1297 Verbo
2816 1242 2932 1307 Dei,
2966 1257 3084 1304 seu,
3120 1250 3178 1295 ut
3198 1242 3310 1311 ipse
3339 1242 3598 1312 loquitur,
3633 1242 3686 1295 in
3715 1243 3870 1296 citat.

2269 1334 2443 1406 Epist.
2492 1335 2561 1389 ad
2627 1335 2903 1389 Antoninn.
2943 1355 2962 1387 ι
2999 1334 3148 1389 Fidei
3197 1336 3597 1404 Scripturarum
3660 1335 3874 1389 divina-

2270 1446 2387 1484 rum
2422 1447 2440 1481 ι
2475 1429 2755 1484 adversam
2787 1429 3158 1493 existimaret,
3191 1428 3519 1483 Novatianos
3546 1438 3605 1482 ut
3655 1429 3874 1483 haereti-

2271 1537 2366 1576 cos
2391 1521 2620 1576 traducit
2648 1521 2702 1575 in
2740 1521 2901 1590 epist.
2935 1521 3002 1578 ad
3050 1520 3329 1574 Antoniam
3387 1521 3610 1575 Illorum
3662 1522 3876 1590 opinio.

2272 1633 2395 1671 nem
2431 1635 2450 1669 ‹
2497 1617 2744 1671 haeresim
2798 1616 3068 1685 appellat,
3118 1615 3388 1670 haeretica
3436 1615 3874 1683 pmsumptionis

2272 1710 2614 1764 durissimam
2649 1709 2964 1778 pravitatem
3006 1728 3024 1760 ι
3056 1708 3394 1778 gravioribus
3415 1707 3674 1762 Ecclesiae
3698 1708 3876 1776 panis

575 1804 673 1858 pro
730 1801 911 1845 nostra
961 1792 1332 1849 mediocritate
1381 1796 1780 1864 rescripsimus,
1838 1796 2007 1851 frater
2032 1799 2162 1852 eha-
2193 1803 2240 1863 Β
2269 1800 2592 1871 puniendam
2617 1801 2670 1854 in
2699 1801 2792 1854 cit.
2819 1800 2977 1869 epist.
3023 1800 3090 1852 ad
3119 1799 3398 1853 Antoniam
3451 1808 3506 1853 et
3553 1799 3623 1851 ad
3679 1800 3872 1867 Steph.

575 1883 819 1950 rissime,
874 1887 1076 1941 nemini
1107 1889 1518 1956 prtescribentes
1566 1900 1656 1944 aut
1710 1890 2166 1959 praejudieantes,

577 1976 865 2044 quominus
914 1981 1285 2052 unusquisque
1329 1985 1703 2053 episcoporum
1735 1985 1878 2055 quod
1909 1996 2059 2055 putat
2088 1987 2169 2041 fa-

577 2071 710 2135 ciat,
756 2071 959 2128 habens
1009 2075 1220 2130 arbitrii
1253 2079 1333 2131 sui
1366 2078 1590 2134 liberam
1651 2089 2012 2149 potestatem,
2071 2095 2170 2135 nos

574 2177 834 2237 quantum
860 2169 912 2224 in
933 2171 1092 2227 nobis
1125 2182 1210 2226 est
1242 2182 1464 2244 propter
1492 2174 1778 2230 haereticos
1797 2190 1919 2230 eum
1949 2175 2172 2245 collegis

575 2269 629 2314 et
648 2263 988 2334 coepiscopis
1020 2265 1219 2319 nostris
1249 2280 1352 2320 non
1378 2267 1759 2322 contendimus
1778 2309 1794 2333 ,
1825 2283 1947 2323 cum
1977 2269 2169 2338 quibus

580 2353 814 2408 divinam
841 2357 1188 2410 concordiam
1218 2368 1271 2412 et
1302 2359 1628 2416 dominicam
1677 2375 1862 2430 pacem
1904 2369 2166 2418 tenemus.

586 2463 604 2495 ‹
645 2444 711 2499 Et
759 2446 810 2499 in
841 2446 1064 2501 exordio
1093 2449 1296 2502 concilii
1324 2449 1568 2522 Carthag.
1603 2469 1696 2518 ιιι,
1729 2454 1806 2507 sic
1851 2453 2105 2523 loquitur.
2147 2476 2166 2508 ι

584 2538 842 2608 Superest
870 2548 928 2594 ut
953 2540 1018 2595 de
1047 2541 1144 2596 hac
1180 2559 1236 2598 re
1267 2545 1459 2614 singuli
1488 2547 1613 2616 quid
1658 2549 1953 2604 sentiamus
1996 2551 2174 2620 profe-

581 2629 820 2686 feramus
845 2635 1114 2688 neminem
1139 2635 1447 2704 iudicantes
1468 2648 1560 2693 aut
1587 2655 1613 2691 a
1635 2639 1756 2708 jure
1777 2643 2171 2698 communionis

581 2725 811 2796 aliquem
861 2727 905 2780 si
963 2727 1236 2784 diversum
1307 2731 1539 2786 senserit
1596 2741 1941 2798 amoventes;
1998 2749 2173 2804 neque

584 2821 726 2876 enim
753 2823 1035 2893 quisquam
1079 2832 1322 2879 nostrum
1363 2827 1675 2897 episcopum
1709 2843 1767 2882 se
1795 2828 2170 2899 episcoporum

581 2918 892 2983 constituit,
924 2925 1016 2971 aut
1043 2920 1322 2990 tyrannico
1346 2929 1552 2976 terrore
1580 2922 1647 2975 ad
1695 2922 2029 2991 obsequendi
2080 2938 2173 2976 ne-

585 3009 889 3063 cessitatem
918 3010 1155 3079 collegas
1173 3026 1299 3064 suos
1319 3012 1507 3082 adigit,
1527 3013 1960 3085 quandoquidem
1979 3014 2176 3069 habeat

584 3101 760 3157 omnis
786 3105 1071 3173 episcopus
1101 3121 1200 3174 pro
1229 3105 1445 3160 licentia
1495 3107 1757 3162 libertatis
1801 3117 1854 3162 et
1897 3108 2173 3177 potestatis

585 3212 696 3250 sua:
724 3195 1004 3252 arbitrium
1035 3199 1331 3267 proprium.
1368 3221 1385 3250 ι

656 3288 783 3344 Haec
827 3305 989 3359 porro
1033 3290 1297 3346 sentiendi
1341 3291 1602 3355 libertas,
1655 3307 1815 3362 quam
1877 3291 2176 3364 Cyprianus

584 3379 805 3436 tuilibet
854 3383 1109 3450 episcopo
1139 3383 1188 3435 in
1235 3398 1396 3437 causa
1427 3384 1768 3451 Daptismatis
1797 3384 2174 3438 hrereticorum

583 3473 1137 3539 concedebat,invicte
1153 3474 1489 3531 demonstrat
1507 3475 1682 3543 ipsum
1708 3476 2013 3530 nullatenus
2032 3476 2174 3540 ﬁdei;

585 3568 679 3622 sed
728 3569 853 3633 uni,
890 3583 1008 3637 qute
1051 3568 1195 3622 varia
1226 3583 1346 3622 esse
1384 3577 1581 3637 potest,
1638 3569 1778 3622 hanc
1826 3569 2176 3636 qua-stionem

586 3663 838 3718 retulisse
867 3662 1188 3730 disciplime.
1245 3661 1375 3729 Quis
1429 3662 1572 3716 enim
1622 3662 1807 3717 credat
1853 3661 2176 3733 Cyprianum

587 3755 928 3814 existimasse
950 3755 1094 3825 quod
1121 3756 1340 3809 cuilibet
1368 3755 1624 3824 episcopo
1655 3756 1880 3810 liberum
1931 3764 2077 3810 esset
2124 3755 2179 3810 in

583 3845 748 3900 rebus
791 3846 916 3901 ﬁdei
970 3846 1172 3901 sentire
1222 3847 1347 3915 quid
1399 3847 1599 3902 vellet?
1650 3845 1964 3901 Censuisset
2023 3847 2181 3915 igitur

588 3938 812 3994 antistes
873 3937 1317 4008 Carthaginensis
1374 3938 1592 3994 cuilibet
1651 3938 1904 4007 episcopo
1951 3937 2178 3992 liberum

589 4029 754 4086 fuisse
777 4030 940 4086 Verbi
972 4031 1331 4094 divinitatem,
1381 4031 1513 4086 duas
1559 4030 1609 4088 in
1660 4029 1880 4084 Christo
1925 4039 2178 4096 naturas,
2239 4023 2244 4026 ’

589 4135 718 4194 etc.,
751 4141 870 4196 qua:
911 4135 987 4183 tot
1013 4124 1135 4182 ﬁdei
1179 4135 1376 4180 nostra:
1400 4125 1573 4194 capita
1601 4124 1857 4179 credebat
1899 4124 2182 4179 admittere

593 4220 674 4273 vel
727 4219 1032 4289 denegare?
1087 4217 1285 4273 inscite
1341 4233 1562 4287 prorsus
1614 4218 1889 4272 diceretur
1937 4218 2094 4271 talem
2151 4232 2180 4270 a

591 4313 862 4385 Cypriano
912 4312 1180 4382 episcOpis
1219 4326 1532 4366 concessam
1584 4309 1747 4365 fuisse
1797 4309 2098 4365 libertatem
2129 4311 2182 4364 in

588 4406 701 4470 his,
759 4421 880 4476 qua:
912 4405 1154 4474 plenario
1199 4405 1436 4459 nondum
1464 4403 1685 4458 deﬁnita
1723 4412 1878 4459 erant
1916 4404 2179 4468 concilio;

589 4500 710 4569 quis
732 4499 875 4553 enim
907 4499 990 4554 vel
1022 4513 1087 4552 ex
1115 4498 1395 4552 tirunculis
1427 4498 1631 4552 neseiat
1666 4497 1740 4552 nil
1761 4496 2013 4568 Cypriani
2043 4507 2180 4552 tem-

2275 1895 2378 1956 68;
2411 1894 2547 1949 adeo
2577 1895 2784 1948 alienus
2805 1904 2919 1949 erat
2945 1909 2974 1948 a
2996 1893 3272 1948 credendo
3304 1893 3435 1962 ipsis
3462 1892 3628 1948 fuisse
3645 1892 3875 1948 liberum

2275 1985 2329 2039 in
2361 1986 2463 2040 hoc
2495 1985 2619 2042 ﬁdei
2651 1986 2869 2056 negotio
2898 1986 3100 2040 sentire
3127 1985 3256 2055 quid
3287 1985 3509 2040 vellent.

2345 2076 2636 2132 Censuitne
2690 2077 2920 2133 liberum
2949 2077 3172 2132 cuilibet
3199 2078 3457 2147 episcopo
3489 2078 3558 2129 uti
3611 2077 3738 2130 vino
3783 2077 3870 2133 vel

2275 2185 2414 2238 aqua
2438 2171 2490 2223 in
2530 2171 2697 2225 calice
2726 2170 3006 2224 Dominico
3034 2169 3349 2224 offerendo?
3381 2169 3514 2222 Audi
3541 2167 3867 2239 Cyprianum

2277 2262 2329 2318 in
2351 2262 2511 2332 epist.
2542 2263 2609 2316 ad
2629 2261 2872 2318 Cecilium
2893 2262 2962 2316 65
2995 2281 3007 2314 :
3039 2280 3056 2313 ι
3076 2261 3302 2327 Viderit,
3338 2261 3506 2315 frater
3525 2261 3870 2326 charissime,

2277 2357 2322 2409 si
2373 2356 2492 2424 quis
2539 2353 2606 2409 de
2635 2353 3071 2408 antecessoribus
3099 2353 3303 2406 nostris
3333 2353 3416 2406 vel
3444 2353 3762 2422 ignoranter
3793 2353 3876 2407 vel

2279 2447 2600 2516 simpliciter
2650 2462 2755 2500 non
2786 2446 2887 2501 hoc
2926 2446 3235 2500 observavit
3284 2455 3339 2500 et
3369 2447 3541 2499 tenuit
3588 2445 3733 2514 quod
3783 2459 3879 2499 nos

2281 2541 2543 2596 Dominus
2585 2540 2760 2594 facere
2801 2539 3050 2607 exemplo
3073 2549 3128 2594 et
3172 2538 3484 2606 magisterio
3513 2553 3614 2592 suo
3663 2537 3874 2603 docuit,

2277 2642 2458 2704 potest
2484 2633 2816 2702 simplicitati
2864 2633 2980 2702 ejus
3008 2632 3075 2687 de.
3122 2631 3452 2701 indulgentia
3502 2633 3717 2686 veniam
3751 2648 3875 2687 eon-

2277 2726 2428 2792 cedi,
2475 2726 2629 2780 nobis
2665 2741 2796 2781 vero
2835 2742 2941 2780 non
3002 2727 3196 2795 poterit
3246 2726 3451 2796 ignosci
3499 2729 3592 2796 qui
3653 2743 3794 2781 nunc
3847 2745 3874 2781 a

2279 2821 2506 2875 Domino
2555 2820 2812 2874 admoniti
2861 2828 2914 2875 et
2972 2821 3218 2875 instructi
3271 2835 3491 2884 sumus,
3545 2831 3605 2875 ut
3654 2823 3878 2876 calicem

2281 2917 2613 2972 Dominicum
2651 2917 2776 2970 vino
2817 2918 3041 2970 mixtum
3074 2915 3370 2970 secundum
3424 2917 3566 2986 quod
3620 2916 3879 2971 Dominus

2277 3012 2471 3066 obtulit
2526 3010 2848 3073 oﬁ‘eramus,
2903 3021 2955 3064 et
3003 3011 3071 3070 de
3105 3010 3207 3064 hoc
3256 3026 3472 3080 quoque
3517 3009 3580 3062 ad
3631 3009 3873 3078 collegas

2279 3116 2490 3162 nostros
2521 3106 2726 3160 litteras
2753 3105 3075 3175 dirigamus,
3117 3116 3171 3158 ut
3204 3105 3404 3176 ubique
3432 3106 3521 3160 le:
3551 3104 3877 3173 Evangelica

2201 3197 2245 3260 C
2278 3208 2333 3253 et
2362 3197 2577 3252 traditio
2603 3198 2873 3252 [)ominica
2898 3207 3145 3252 servetur
3170 3207 3225 3252 et
3252 3198 3319 3252 ab
3348 3212 3416 3250 eo
3453 3197 3597 3268 quod
3624 3196 3881 3252 Christus

2282 3301 2337 3346 et
2363 3290 2618 3345 docnitet
2650 3289 2774 3343 fecit
2805 3305 2908 3343 non
2936 3289 3240 3344 recedatur.
3282 3309 3304 3340 ι
3343 3288 3557 3344 Frustra
3605 3287 3877 3359 Cypriano

2282 3382 2628 3452 opponebam
2673 3383 2912 3451 episcopi
2941 3383 3144 3450 aquarii
3177 3398 3234 3436 se
3260 3393 3493 3437 veterem
3519 3381 3877 3437 ecclesiarum

2281 3493 2498 3531 suarum
2549 3476 2992 3530 consuetudinem
3031 3475 3217 3544 sequi,
3271 3485 3432 3544 atque
3459 3489 3682 3529 suorum
3730 3486 3882 3530 ante-

2282 3585 2554 3624 cessorum
2601 3569 2841 3638 vestigiis
2895 3570 3191 3630 inhaerere,
3243 3568 3335 3638 qui
3365 3569 3483 3624 sine
3505 3569 3630 3623 vino
3657 3573 3876 3624 calicem

2287 3663 2619 3716 Dominicum
2650 3661 2829 3716 offerri
2864 3661 3432 3730 possejudicaverant.
3482 3662 3576 3716 llis
3631 3663 3880 3718 omnibus

2284 3755 2477 3810 auditis
2497 3796 2509 3816 ,
2539 3764 2594 3809 et
2640 3754 2863 3810 viriliter
2894 3753 3138 3808 refutatis
3166 3753 3468 3824 Cyprianus
3517 3762 3705 3822 aperte
3758 3769 3884 3825 pro-

2286 3847 2494 3903 nuntiat
2520 3848 2699 3899 vinum
2739 3847 2790 3898 in
2821 3844 2989 3898 calice
3019 3845 3298 3898 Dominico
3325 3844 3636 3899 oﬁ‘errendo
3663 3845 3733 3897 ab
3761 3863 3882 3898 om-

2285 3940 2442 3995 nibus
2469 3958 2487 3990 ‹
2525 3939 2720 4007 ubique
2756 3956 2774 3989 ι
2807 3936 3174 3991 adhibendum
3203 3951 3357 3999 esse;
3410 3947 3718 4006 atquonam
3752 3949 3876 3991 tan-

2285 4033 2410 4090 dem
2443 4034 2643 4087 nmtivo
2664 4031 2958 4086 ducebatur
3009 4030 3066 4084 S.
3111 4031 3307 4086 Doctor
3357 4030 3424 4084 ad
3476 4046 3591 4084 rem
3645 4032 3878 4101 aquariis
3923 4093 3927 4098 Α

2286 4127 2553 4196 episcOpis
2597 4124 2963 4195 denegandam
2988 4166 3003 4188 ,
3036 4140 3157 4194 quae
3181 4139 3211 4177 a
3261 4123 3410 4178 nullo
3450 4123 3626 4178 adhuc
3677 4127 3882 4179 sancit:

2287 4230 2402 4276 erat
2431 4219 2684 4274 Ecclesiae
2713 4218 2967 4273 decreto?
3007 4218 3091 4272 Ab
3120 4219 3236 4287 ipso
3264 4217 3413 4272 disce
3443 4235 3456 4270 :
3493 4236 3511 4266 ι
3546 4216 3820 4284 Christus,
3859 4239 3878 4271 ι

2288 4313 2459 4382 inquit
2484 4313 2536 4371 in
2558 4311 2730 4380 Epist.
2755 4311 2937 4375 citata,
2967 4329 2986 4362 ι
3008 4310 3188 4364 docuit
3209 4319 3266 4364 ut
3290 4309 3513 4364 calicem
3543 4309 3883 4365 Dominicnm

2287 4405 2412 4459 vino
2443 4404 2666 4459 mixtum
2715 4403 3024 4458 oil'eramns.
3079 4403 3247 4456 Porro
3287 4410 3531 4457 servetur
3559 4402 3760 4473 ubique
3796 4404 3880 4458 lex

2290 4497 2628 4567 Evangelica,
2665 4496 2938 4551 Dominica
2965 4496 3213 4559 traditio;
3260 4496 3328 4549 ab
3371 4510 3434 4549 eo
3456 4495 3597 4564 quod
3631 4494 3881 4550 Christus

590 4595 814 4664 poribus
842 4609 871 4648 a
902 4592 1156 4661 plenariis
1203 4592 1378 4647 adhuc
1400 4591 1678 4648 deﬁnitum
1708 4591 1874 4648 fuisse
1903 4592 2183 4648 conciliis?
2213 4598 2263 4657 D
2290 4593 2469 4648 docuit
2517 4607 2620 4647 non
2671 4591 2973 4646 recedatur.
3007 4609 3025 4642 ι
3057 4589 3174 4644 Non
3205 4604 3334 4658 ergo
3378 4589 3730 4644 existimabat
3781 4589 3885 4660 Cy-

597 4687 835 4755 Regeres
884 4684 1113 4739 fortasse
1139 4701 1300 4740 unam
1335 4697 1460 4740 tunc
1493 4686 1750 4754 temporis
1800 4685 1869 4739 de
1906 4685 2186 4740 divinitate

597 4781 761 4837 Verbi
811 4781 862 4834 in
905 4779 1152 4835 Ecclesia
1207 4781 1368 4834 fuisse
1414 4779 1768 4839 sententiam.
1815 4794 1921 4831 non
1963 4778 2088 4832 item
2117 4777 2186 4832 de

596 4874 872 4944 Baptismo
900 4873 1308 4929 litereticorum?
1336 4873 1586 4928 Pluribus
1635 4886 1764 4942 ergo
1795 4871 1958 4927 Verbi
1988 4871 2183 4926 divini-

597 4977 762 5023 tatem
793 4967 1172 5036 impetentibus
1217 4966 1578 5020 existimasset
1620 4963 1920 5036 Cyprianus
1966 4963 2186 5018 cuilibet

597 5063 850 5131 episcopo
879 5061 1043 5115 fuisse
1071 5060 1294 5114 liberum
1341 5058 1407 5112 de
1436 5059 1716 5140 divinitate
1766 5057 1930 5114 Verbi
1982 5057 2185 5112 sentire

595 5154 722 5225 quid
754 5152 954 5207 vellet?
998 5153 1141 5208 Satis
1169 5166 1295 5222 ergo
1315 5162 1432 5206 erat
1451 5150 1720 5223 Cypriano
1747 5150 1940 5219 dogma
1967 5150 2185 5219 aliquod

594 5263 624 5302 a
658 5247 897 5317 pluribus
936 5247 1202 5315 episcopis
1228 5246 1559 5314 impugnari,
1595 5255 1652 5300 ut
1708 5245 1935 5300 liberum
1965 5245 2187 5300 cuilibet

597 5339 851 5410 episcopo
886 5341 994 5410 jam
1049 5339 1187 5395 foret
1229 5339 1356 5394 illud
1379 5339 1632 5404 credere,
1661 5338 1746 5392 vel
1792 5353 1896 5392 non
1926 5337 2187 5393 credere?

596 5432 742 5488 Talia
795 5433 862 5488 de
924 5430 1192 5504 Cypriano
1243 5431 1636 5488 somniantibus
1697 5431 2184 5487 commiserandum

599 5523 776 5593 potius
801 5538 959 5593 quam
992 5523 1447 5594 respondendum.

671 5616 964 5673 Censuitne
1011 5618 1239 5674 liberum
1293 5618 1508 5673 cuilibet
1559 5621 1812 5690 episcopo
1867 5626 2187 5689 potestatem

600 5712 907 5767 remittendi
948 5722 1166 5782 peccata
1225 5712 1403 5767 omnia
1457 5713 1713 5770 Ecclesiae
1758 5713 2057 5771 concedere
2104 5715 2189 5772 vel

603 5802 903 5868 denegare?
956 5803 1032 5856 De
1062 5803 1160 5856 hac
1197 5818 1258 5859 re
1287 5811 1468 5858 tamen
1510 5804 1716 5861 nullum
1765 5805 1939 5860 adhuc
1961 5806 2190 5874 plenarii

2290 4687 2507 4756 prianus
2538 4686 2588 4739 in
2621 4684 2704 4739 his
2725 4724 2740 4748 ,
2784 4699 2904 4752 quae
2949 4697 2977 4736 a
3007 4681 3222 4738 Christo
3264 4681 3455 4738 tradita
3488 4680 3570 4735 vel
3611 4691 3879 4750 praecepta

2288 4779 2586 4843 asserebat,
2638 4779 2864 4834 liberum
2887 4776 3110 4833 cuilibet
3134 4777 3386 4847 episcopo
3414 4790 3536 4831 esse
3565 4776 3772 4831 sentire
3797 4775 3880 4829 vel

2288 4888 2444 4943 agere
2473 4871 2599 4943 quid
2640 4871 2819 4927 vellet.

2363 4967 2488 5022 Haec
2511 4966 2669 5035 igitur
2696 4980 2821 5019 vera
2851 4951 3103 5033 Cypriani
3144 4961 3388 5022 doctrina
3411 5001 3425 5025 ,
3459 4960 3512 5016 in
3540 4957 3704 5014 rebus
3732 4961 3883 5014 scili-

2290 5068 2376 5115 cet
2427 5058 2551 5114 ﬁdei
2604 5057 3008 5118 tmanimitatem
3065 5058 3120 5114 in
3171 5055 3413 5114 Ecclesia
3460 5054 3771 5112 necessario
3815 5054 3881 5107 ab

2291 5155 2536 5208 omnibus
2579 5168 2698 5208 esse
2746 5151 3096 5214 servandam;
3150 5150 3266 5204 lucc
3313 5148 3453 5204 addo
3508 5147 3648 5216 apud
3703 5148 3880 5215 ipsum

2290 5261 2542 5305 constans
2572 5263 2632 5302 ac
2661 5255 2918 5318 perpetua
2953 5267 2965 5301 :
3002 5263 3020 5296 ι
3059 5242 3304 5299 Christus
3347 5241 3539 5310 inquit,
3583 5240 3636 5296 in
3688 5239 3788 5295 lib.
3819 5243 3880 5293 de

2267 5342 2500 5398 ‘Unitaie
2545 5340 2805 5404 Ecclesia,
2861 5340 2914 5394 in
2946 5338 3189 5394 Ecclesia
3219 5334 3515 5391 concordes
3541 5343 3701 5404 atque
3744 5348 3879 5387 una-

2289 5437 2464 5490 nitnes
2493 5448 2614 5488 esse
2657 5432 2981 5500 prmcepit...
3019 5431 3184 5484 Docet
3215 5429 3474 5484 Dominus
3529 5436 3583 5482 et
3627 5427 3882 5482 admonet

2289 5543 2320 5582 a
2368 5527 2563 5581 talibus
2615 5525 2884 5597 (reprobis
2928 5524 3070 5577 circa
3104 5522 3287 5590 ﬁdem)
3332 5518 3740 5576 recedendum:
3779 5539 3798 5571 ι
3828 5530 3883 5574 et

2293 5622 2344 5675 in
2372 5619 2530 5691 epist.
2561 5620 2626 5672 ad
2662 5617 2964 5672 Caldonium
2993 5615 3065 5670 9.5
3093 5630 3106 5670 :
3147 5634 3166 5666 ι
3205 5613 3278 5670 Ut
3326 5613 3466 5683 apud
3515 5627 3703 5667 omnes
3735 5627 3874 5666 unus

2293 5721 2443 5768 actus
2482 5722 2535 5768 et
2563 5726 2666 5767 una
2696 5709 2982 5766 consensio
3009 5706 3300 5765 secundum
3351 5705 3561 5762 Domini
3614 5716 3882 5777 przecepta

2296 5811 2583 5861 teneatur:
2626 5824 2642 5858 ι
2678 5811 2731 5859 et
2757 5803 2810 5858 in
2847 5802 3008 5873 epist.
3067 5801 3168 5858 ead
3210 5801 3527 5870 presbyteros
3575 5796 3879 5870 Carthagini.
