4208 6276
330 214 470 273 1555

1496 217 2277 281 Ηιετοιὶιοο-ῡθαωτιω
2290 264 2302 277 .

3470 200 3614 272 ίὸδι

326 335 433 389 32:
469 351 489 387 ‹
527 332 599 389 Ut
617 334 670 389 in
700 333 1069 393 Ecclesiarum
1092 344 1235 401 statu
1258 336 1634 409 componendo
1661 344 1912 393 servetur
1938 341 1990 402 Α
2017 335 2212 405 cipitur
2234 335 2406 395 autin
2426 334 2809 406 Apostolorum
2834 333 3093 406 Epistolis
3119 340 3211 390 aut
3234 331 3455 395 Actibus
3483 346 3616 401 con-

325 427 394 481 ab
453 427 701 483 omnibus
747 442 852 483 una
897 437 952 483 et
1004 429 1105 487 ﬁda
1146 431 1481 489 consensio:
1517 450 1537 484 ι
1574 439 1627 485 et
1656 431 1707 483 in
1751 429 1911 497 epist.

326 520 395 574 ad
442 518 636 589 plebem
686 520 970 575 universam
1012 522 1083 578 45
1138 538 1149 575 :
1204 542 1223 577 ς
1273 522 1375 588 Qui
1434 522 1741 579 mandatum
1820 522 1912 581 Dei

325 614 580 684 rejiciuut
604 624 659 668 et
688 614 1027 671 traditionem
1054 632 1204 673 suam
1227 626 1462 674 statuere
1483 629 1761 681 conantur,
1797 617 1909 673 for-

327 710 454 762 titer
498 723 527 760 a
554 706 706 762 vobis
739 717 794 763 et
822 709 1043 765 ﬁrmiter
1081 722 1446 779 reSpuantur:
1488 729 1507 763 ι
1554 722 1609 766 et
1656 711 1707 765 in
1753 711 1911 779 epist.

327 802 395 855 ad
419 800 704 856 Maximum
731 812 778 856 et
811 804 1157 858 Nicostratum
1208 804 1548 860 confessores
1576 804 1644 859 46
1670 823 1684 858 :
1723 823 1741 856 ι
1778 804 1914 859 Nam

327 909 448 949 cum
480 895 807 949 unanimitas
848 907 901 950 et
928 898 1213 955 concordia
1259 909 1441 952 nostra
1474 899 1644 953 scindi
1696 900 1914 953 omnino

327 1002 435 1040 non
464 985 659 1041 debeat
694 1005 707 1040 ε
742 1005 760 1038 ι
796 998 851 1042 et
901 989 952 1042 in
1001 988 1261 1060 epist.'ad
1298 987 1587 1043 Cornelium
1639 990 1701 1045 S.
1747 993 1915 1060 ponti-

328 1078 472 1145 ﬁcem
505 1078 619 1133 59:
676 1099 694 1130 ι
754 1079 905 1133 Nulla
958 1083 1188 1135 societas
1234 1081 1355 1135 ﬁdei
1408 1092 1461 1135 et
1509 1082 1747 1151 perﬁdiae
1794 1098 1914 1139 esse

329 1181 508 1243 potest
539 1190 551 1225 :
592 1192 611 1225 ι
642 1183 696 1227 et
725 1173 776 1226 in
823 1174 979 1242 epist.
1004 1174 1072 1227 ad
1097 1174 1340 1245 Magnum
1387 1174 1455 1230 69
1488 1193 1503 1230 :
1533 1193 1551 1228 t
1586 1175 1642 1229 In
1672 1175 1914 1231 Ecclesia

330 1269 427 1331 Dei
460 1284 565 1322 non
592 1268 693 1322 nisi
724 1268 1020 1323 concordes
1062 1277 1223 1339 atque
1252 1270 1532 1324 unanimes
1578 1269 1912 1325 habitant....

328 1362 621 1431 Apostolus
652 1359 846 1415 Paulus
873 1360 1031 1416 docet
1079 1373 1132 1417 et
1169 1363 1413 1433 prtecipit
1470 1361 1783 1417 haereticum
1838 1363 1918 1417 vi-

331 1454 550 1510 tandum
580 1469 700 1509 esse
748 1463 805 1508 ut
848 1468 1158 1523 perversum
1218 1466 1272 1510 et
1299 1464 1655 1525 peccatorem.
1704 1476 1723 1509 ι
1760 1456 1914 1512 Paria

328 1549 493 1601 missa
542 1547 711 1611 facio;
757 1556 812 1600 at
836 1562 901 1601 ex
934 1547 1118 1602 relatis
1156 1549 1235 1602 sic
1264 1549 1570 1603 ratiocinari
1616 1549 1771 1614 licet,
1825 1551 1916 1619 qui

330 1642 604 1713 judicabat
629 1640 1033 1695 unanitnitatem
1063 1641 1113 1695 in
1146 1640 1247 1695 ﬁde
1278 1641 1348 1695 ita
1393 1656 1513 1697 esse
1558 1644 1912 1697 necessariam

2016 427 2288 492 tinentur,
2352 436 2411 489 ut
2453 444 2480 480 a
2528 441 2864 497 quacumque
2925 425 3121 489 haeresi
3173 426 3450 481 venientes
3505 440 3614 480 non

2021 519 2377 588 baptizeutur,
2397 518 2490 575 sed
2517 530 2719 574 tantum
2750 533 2938 575 manus
2968 518 3073 585 illis
3096 516 3471 589 imponaturiu
3494 531 3613 589 pte-

2018 611 2321 677 nitentiam,
2342 611 2661 667 observetur
2682 610 2862 667 divina
2886 610 3002 665 haec
3032 619 3087 665 et
3115 618 3301 673 sancta
3330 609 3604 673 traditio.»

2017 703 2309 767 Observari
2350 719 2479 774 ergo
2506 704 2802 767 debebatur
2826 705 2975 773 juxta
3025 702 3082 758 S.
3111 702 3440 772 Cyprianum
3471 705 3612 772 quod

2019 813 2046 849 a
2068 796 2282 859 Christo
2312 798 2399 852 vel
2446 797 2512 851 ab
2543 796 2819 866 Apostolis
2871 797 2923 849 in
2959 796 3058 851 hac
3096 794 3163 855 de
3193 794 3468 864 Baptismo
3500 796 3610 853 ha:-

2016 890 2301 953 reticorum
2357 889 2731 955 controversia
2785 889 3202 957 determiuaium
3271 898 3429 957 erat;
3484 904 3607 957 cuni

2018 999 2145 1054 ergo
2176 986 2475 1041 libertatem
2507 984 2727 1040 cuilibet
2764 986 3018 1055 episcopo
3058 986 3393 1051 concesserit
3443 984 3611 1040 haere-

2020 1078 2153 1137 ticos
2206 1078 2594 1148 rebaptizandi,
2645 1077 2728 1132 vel
2780 1093 2884 1133 non
2930 1076 3317 1149 rebaptizandi,
3364 1077 3610 1148 profecto

2019 1168 2343 1233 existimavit
2372 1171 2444 1225 nil
2491 1169 2633 1224 circa
2667 1169 3147 1239 rebaptizatiouem
3180 1185 3211 1225 a
3256 1168 3493 1237 Christo,
3525 1170 3610 1225 vel

2018 1265 2085 1329 ab
2110 1264 2385 1334 Apostolis
2435 1264 2854 1327 determination
2908 1264 3110 1329 fuisse;
3162 1261 3230 1317 ad
3270 1262 3430 1318 ﬁdem
3482 1279 3610 1336 ergo

2019 1359 2286 1427 pertinere
2326 1373 2430 1414 nou
2459 1359 2718 1429 judicavit
2748 1361 2885 1415 hanc
2913 1359 2981 1415 de
3010 1360 3286 1430 Baptismo
3328 1361 3612 1419 haeretico-

2019 1469 2138 1513 rum
2167 1456 2611 1515 controversiam.

2091 1546 2181 1603 IX.
2217 1548 2274 1601 ὃ.
2303 1546 2605 1618 Cyprianus
2654 1548 2861 1613 nullum
2892 1548 2945 1603 in
2976 1550 3137 1605 terris
3166 1550 3493 1620 agnoscebat
3514 1551 3608 1607 tri-

2018 1641 2203 1706 bunal,
2236 1643 2320 1697 cui
2347 1642 2399 1695 in
2431 1658 2590 1697 causa
2620 1644 2967 1713 Baptismatis
3008 1644 3384 1709 haereticorum
3414 1646 3609 1705 cedere

327 1744 385 1790 ut
428 1752 457 1787 a
506 1732 752 1804 reprobis
799 1735 940 1788 circa
982 1732 1142 1788 ﬁdem
1182 1733 1541 1788 recedendum
1593 1747 1771 1803 esset,
1822 1736 1912 1805 qui
1942 1743 1990 1805 Β
2018 1735 2258 1801 deberet,
2292 1737 2382 1791 uni
2412 1745 2467 1791 et
2509 1738 2609 1791 soli
2640 1737 2857 1793 Christo
2889 1749 3208 1807 potestatem
3239 1743 3307 1797 de
3361 1750 3484 1798 actu
3511 1758 3609 1801 suo

326 1843 489 1883 unam
520 1826 587 1881 ab
612 1826 863 1881 omnibus
893 1827 1301 1881 consensionem
1338 1827 1656 1882 servandam
1699 1842 1819 1882 esse
1844 1842 1911 1883 ex

326 1918 525 1974 Christi
550 1919 804 1974 mandato
829 1919 1116 1983 credebat,
1165 1920 1255 1989 qui
1283 1919 1483 1974 nullam
1530 1920 1651 1975 ﬁdei
1693 1930 1747 1976 et
1786 1937 1911 1991 per-

328 2012 468 2068 ﬁdia).
494 2015 805 2069 societatem
837 2029 959 2069 esse
1002 2028 1159 2083 posse
1204 2015 1487 2081 censebat,
1534 2015 1625 2069 ille
1674 2015 1911 2084 profecto

324 2123 429 2163 non
476 2108 817 2164 existimabat
856 2111 1076 2166 cuilibet
1104 2113 1356 2181 episcopo
1410 2111 1638 2167 liberum
1686 2128 1809 2168 esse
1854 2114 1909 2168 in

322 2201 485 2255 rebus
542 2200 661 2256 ﬁdei
712 2203 857 2257 varie
909 2204 1139 2266 sentire;
1201 2204 1328 2275 quid
1382 2206 1522 2259 enim
1574 2206 1909 2261 unanimitati

324 2294 495 2363 magis
524 2296 854 2350 contrarium
903 2311 1061 2363 quam
1093 2296 1209 2350 haec
1247 2296 1510 2351 sentiendi
1540 2297 1782 2352 libertas.
1813 2302 1909 2353 At-

325 2387 412 2456 qui
461 2384 756 2457 Cyprianus
787 2387 1060 2457 judicabat
1118 2389 1523 2444 unanimitatem
1579 2390 1631 2443 in
1682 2389 1789 2445 ﬁde
1836 2390 1907 2444 ita

325 2494 447 2535 esse
476 2483 829 2537 necessariam
872 2492 929 2536 ut
978 2498 1007 2536 a
1060 2484 1305 2552 reprobis
1353 2483 1492 2537 circa
1546 2484 1701 2538 ﬁdem
1750 2497 1905 2537 rece-

323 2573 556 2629 dendum
598 2585 771 2640 esset,
820 2586 927 2629 etc.
983 2584 1039 2629 ut
1094 2584 1240 2646 patet
1285 2592 1353 2631 ex
1408 2578 1638 2632 testibus
1691 2577 1903 2641 citatis;

322 2682 471 2738 ergo.
746 2680 749 2685 '
1810 2738 1813 2739 ν

392 2763 471 2817 Ex
501 2762 584 2817 bis
614 2763 861 2821 omnibus
892 2764 998 2821 duo
1047 2775 1331 2821 constant:
1364 2766 1420 2820 1°
1458 2766 1514 2821 In
1549 2768 1612 2822 iis
1652 2783 1771 2837 quae
1801 2766 1907 2837 Cy-

322 2857 540 2928 priauus
584 2860 651 2913 ad
684 2861 840 2916 ﬁdem
874 2861 1141 2917 referebat
1195 2862 1395 2919 nemini
1446 2862 1596 2917 varie
1637 2861 1904 2916 sentiendi

326 2954 629 3009 libertatem
663 2957 834 3026 ipsum
883 2958 1199 3013 concedere.
1232 2956 1291 3010 2°
1318 2956 1643 3029 Cyprianum
1687 2956 1907 3010 cuilibet

326 3048 581 3119 episc0po
612 3049 913 3105 libertatem
942 3052 1276 3106 concessisse
1295 3060 1482 3105 contra
1514 3067 1662 3106 suam
1680 3052 1747 3106 de
1769 3052 1907 3121 Bap-

2010 1827 2285 1896 judicandi
2316 1829 2612 1885 tribuebat:
2640 1848 2658 1881 ι
2686 1830 3095 1901 Exspectetuus,
3129 1852 3148 1886 ι
3180 1833 3352 1903 inquit
3378 1834 3431 1889 in
3452 1850 3611 1889 exor-

2015 1923 2105 1978 dio
2146 1924 2333 1981 concil.
2358 1923 2603 1996 Carthag.
2629 1941 2708 1991 ut,
2767 1943 2787 1976 t
2822 1927 3061 1981 universi
3101 1926 3365 1995 judicium
3399 1927 3610 1985 Domini

2015 2018 2184 2073 nostri
2212 2017 2338 2075 .lesu
2366 2018 2588 2086 Christi,
2618 2020 2713 2088 qui
2744 2035 2881 2077 untts
2908 2028 2962 2075 et
2994 2019 3142 2076 solus
3170 2020 3334 2077 habet
3362 2029 3607 2090 potesta-

2015 2119 2119 2167 tem
2143 2110 2209 2167 de
2235 2118 2359 2169 actu
2384 2120 2571 2171 nostro
2594 2110 2891 2180 judicandi.
2932 2130 2950 2164 i
2983 2110 3122 2168 Fere
3150 2111 3346 2169 similia
3400 2112 3605 2171 scribe-

2014 2204 2173 2261 batS.
2200 2205 2398 2261 Doctor
2424 2206 2490 2263 ad
2517 2206 2760 2278 Magnum
2786 2216 2840 2263 et
2875 2208 2942 2261 ad
2987 2208 3321 2277 Stpehanum
3368 2207 3431 2262 R.
3463 2208 3607 2262 Pon-

2013 2298 2228 2359 tiﬁcem.
2252 2302 2317 2355 At
2343 2316 2598 2356 verumne
2624 2310 2766 2356 esset
2794 2301 2847 2356 in
2875 2300 3038 2359 rebus
3062 2301 3187 2356 ﬁdei
3225 2300 3327 2366 hoc
3353 2298 3607 2371 Cypriani

2012 2393 2461 2462 pronuntiatum?
2488 2393 2755 2465 Numquid
2800 2394 2853 2451 in
2884 2395 3046 2461 rebus
3084 2393 3208 2451 ﬁdei
3240 2393 3466 2463 quilibet
3492 2394 3607 2462 epi-

2011 2503 2206 2557 scopus
2231 2505 2243 2552 ;
2268 2488 2436 2555 immo
2463 2488 2610 2543 natio
2629 2490 2832 2558 integra
2863 2487 3095 2551 concilio
3120 2487 3359 2557 generali
3388 2501 3600 2555 morem

2008 2594 2196 2649 gerere
2236 2595 2339 2634 non
2386 2580 2545 2639 debet
2560 2582 2582 2620 ‘l
2609 2579 2878 2649 Numquid
2907 2594 3044 2633 unus
3069 2589 3123 2633 et
3153 2578 3301 2643 solus
3346 2577 3602 2643 Christus

2011 2680 2327 2740 potestatem
2367 2672 2525 2727 habet
2565 2672 2837 2739 judicaudi
2866 2672 2936 2726 de
2971 2670 3196 2740 alicujus
3224 2671 3466 2740 episcopi
3514 2670 3602 2733 vel

2007 2763 2217 2824 concilii
2247 2763 2577 2832 particularis
2606 2773 2748 2828 actu,
2779 2763 2867 2833 qui
2910 2761 3068 2819 ﬁdem
3095 2761 3432 2832 aliquatenus
3478 2774 3604 2830 Spe-

2009 2856 2215 2917 ctaret?
2251 2844 2436 2919 Restat
2467 2858 2627 2927 igitur
2664 2866 2723 2911 ut
2763 2856 2820 2912 S.
2851 2853 3151 2927 Cyprianus
3200 2853 3341 2908 hanc
3366 2853 3436 2907 de
3464 2853 3604 2923 Bap-

2010 2951 2570 3011 tismohtcrcticorum
2620 2952 2976 3020 quaestionem
3033 2949 3097 3005 iis
3144 2964 3308 3011 mera:
3354 2948 3604 3004 retulerit

2007 3044 2302 3115 disciplina:
2355 3044 2639 3115 capitibus,
2693 3060 2812 3115 quae
2860 3044 3024 3103 certis
3078 3043 3131 3097 in
3186 3043 3477 3113 provinciis
3526 3044 3601 3098 ita

323 3144 482 3197 tismo
512 3142 887 3198 hiereticorum
918 3146 1220 3214 opinionem
1247 3148 1511 3200 sentiendi
1535 3165 1547 3199 :
1569 3151 1708 3203 unde
1736 3151 1904 3204 mani-
1932 3144 1977 3207 C
2010 3140 2285 3195 mordicus
2315 3139 2535 3197 ιέῑίηθΐὶ
2566 3146 2808 3207 possunt.
2828 3147 2885 3199 ιιι
2912 3136 2977 3191 ad
3003 3152 3067 3191 ea
3096 3133 3351 3190 ululanda
3384 3148 3483 3188 nec
3502 3148 3599 3187 V3-

322 3234 611 3291 festissime
650 3246 795 3306 patet
838 3237 896 3293 S.
954 3237 1279 3309 Cyprianum
1331 3254 1435 3294 non
1480 3256 1592 3295 rem
1642 3242 1764 3296 ﬁdei
1808 3245 1903 3299 sed

320 3342 483 3382 mera:
513 3328 808 3399 disciplinae
850 3332 1122 3387 censuisse
1151 3342 1319 3386 totam
1363 3332 1499 3387 hanc
1539 3333 1608 3389 de
1629 3333 1903 3406 Baptismo

321 3421 697 3478 haereticorum
727 3426 1101 3494 quaestionem.

390 3517 461 3577 At
488 3518 703 3573 tandem
757 3510 823 3571 ad
871 3520 1199 3575 occludenda
1248 3522 1425 3575 omnia
1466 3523 1903 3581 adversariorum

320 3608 514 3679 eﬂ‘ugia
545 3610 612 3664 sit
660 3612 710 3664 in
764 3613 1069 3677 exemplum
1126 3613 1242 3667 haec
1273 3613 1499 3683 ipsamet
1528 3616 1594 3671 de
1626 3618 1903 3686 Baptismo

319 3701 701 3757 htcreticorum
742 3707 1127 3760 controversia.
1177 3706 1467 3764 Censuitne
1507 3710 1731 3765 liberum
1785 3713 1903 3766 cui-

318 3793 450 3848 libet
480 3795 735 3865 episcopo
763 3797 830 3849 ab
860 3796 1126 3853 hazrcticis
1151 3799 1450 3869 baptizatos
1481 3806 1671 3858 iterato
1694 3806 1903 3875 tingere

317 3878 405 3933 vel
458 3896 562 3933 non
619 3883 823 3953 tingere
866 3884 1182 3955 Baptismo,
1237 3886 1288 3941 in
1342 3888 1623 3959 hypothesi
1677 3892 1901 3961 quodin

318 3972 613 4042 Scripturis
666 3976 748 4030 vel
798 3977 848 4030 in
884 3979 1167 4035 traditione
1194 3980 1501 4051 Apostolica
1533 3986 1903 4041 contineretur

316 4082 416 4123 eos
444 4084 553 4123 non
605 4083 726 4125 esse
771 4072 1179 4141 rebaptizaudos
1202 4074 1226 4126 ?
1251 4074 1382 4129 Cum
1427 4080 1568 4131 enim
1599 4077 1904 4147 Stephanus

317 4166 567 4221 Pontifex
611 4170 873 4224 maximus
929 4171 1194 4226 Africanis
1225 4173 1550 4238 mandasset,
1578 4185 1633 4227 ut
1664 4175 1907 4230 traditio-

314 4275 444 4314 nem
496 4262 563 4316 dc
603 4280 708 4316 non
762 4265 1157 4334 rebaptizandis
1206 4266 1473 4322 haereticis
1523 4268 1897 4333 observarent,

318 4355 611 4423 respondet
633 4357 934 4428 Cyprianus
974 4360 1178 4428 justum
1209 4374 1270 4414 ac
1313 4361 1603 4429 legitimum
1651 4360 1754 4416 hoc
1781 4360 1903 4417 Ste-

317 4450 482 4519 phani
533 4466 651 4505 esse
689 4453 997 4507 mandatum
1029 4498 1043 4522 ,
1088 4465 1141 4508 et
1183 4470 1367 4508 revera
1396 4456 1463 4510 ab
1493 4455 1761 4512 Africanis
1789 4473 1905 4512 ser-

2010 3233 2201 3289 leatS.
2247 3231 2523 3289 Pontiﬁcis
2569 3240 2662 3284 aut
2704 3230 2917 3286 concilii
2963 3228 3228 3298 generalis
3282 3226 3595 3283 auctoritas.

2009 3328 2106 3383 Hic
2129 3327 2270 3392 vide,
2304 3342 2510 3396 quieso,
2544 3325 2770 3383 candide
2795 3327 2985 3390 lector,
3015 3333 3274 3394 quantum
3328 3321 3598 3377 haereticis

2008 3422 2432 3492 patrocinentur,
2466 3420 2555 3489 qui
2607 3434 2674 3474 ex
2704 3416 2997 3479 Catholicis
3044 3417 3110 3472 ad
3142 3414 3597 3487 pessumdandam

2008 3517 2235 3571 Romani
2280 3515 2556 3571 Pontiﬁcis
2600 3516 2973 3573 auctoritatem
3028 3514 3304 3570 clamitare
3344 3528 3448 3568 non
3478 3524 3597 3567 ces-

2009 3621 2148 3677 sant,
2176 3608 2499 3682 Cyprianum
2524 3613 2575 3665 in
2599 3610 2699 3664 hac
2724 3611 3089 3667 controversia
3115 3608 3238 3663 ﬁdei
3263 3607 3456 3677 dogma
3482 3607 3596 3662 vin-

2008 3703 2187 3758 dicare
2213 3703 2463 3759 voluisse.
2500 3704 2555 3757 Si
2580 3702 2682 3758 hoc
2719 3701 2891 3759 semel
2923 3702 3051 3771 ipsis
3083 3700 3429 3767 concedatur,
3461 3714 3595 3754 con-

2008 3793 2305 3853 cedendum
2351 3796 2454 3850 erit
2479 3804 2535 3848 et
2561 3793 2827 3848 haereticis
2877 3807 2974 3846 nec
3001 3791 3287 3846 concilium
3319 3793 3592 3863 generale,

2003 3887 2183 3956 judice
2215 3884 2503 3955 Cypriauo,
2546 3899 2853 3954 supremum
2883 3883 2935 3937 in
2973 3883 3288 3939 dirimendis
3314 3883 3438 3937 ﬁdei
3467 3899 3596 3938 con-

2010 3978 2287 4035 troversiis
2315 3993 2435 4035 esse
2473 3979 2703 4032 tribunal
2732 3994 2747 4042 ;
2776 3978 2896 4031 huic
2925 3977 3067 4032 enim
3101 3991 3251 4045 aeque
3287 3991 3351 4030 ac
3375 3976 3433 4032 S.
3459 3976 3599 4028 Pou.

2011 4074 2137 4129 tiflci
2167 4073 2397 4143 denegat
2420 4072 2479 4128 S.
2516 4072 2709 4127 Doctor
2729 4080 3047 4142 potestatem
3078 4069 3145 4124 de
3169 4077 3289 4123 actu
3332 4083 3430 4122 suo
3453 4067 3598 4135 judi-

2007 4165 2185 4231 candi,
2212 4174 2319 4218 tam
2350 4164 2537 4229 nitide,
2560 4174 2667 4218 tam
2694 4174 2878 4233 aperte
2909 4163 3089 4229 uni,et
3106 4161 3207 4215 soli
3233 4160 3448 4215 Christo
3476 4174 3594 4227 eam

2010 4260 2269 4324 tribuens,
2292 4277 2309 4309 ι
2332 4260 2421 4328 qui
2449 4272 2603 4324 unus,
2620 4277 2638 4310 ι
2665 4257 2856 4327 inquit,
2886 4275 2905 4308 ι
2929 4267 2981 4311 et
3004 4256 3150 4311 solus
3177 4254 3338 4310 habet
3366 4262 3595 4322 potesta-

2011 4362 2115 4408 tem
2140 4352 2206 4408 de
2234 4360 2355 4407 actu
2381 4361 2567 4407 nostro
2594 4350 2891 4422 judicandi.
2929 4368 2947 4403 ι
2980 4348 3227 4404 Profecto
3253 4347 3595 4419 prosequitur

2013 4448 2279 4505 Eminent.
2303 4445 2371 4503 de
2397 4446 2535 4501 Bissi
2565 4447 2615 4499 in
2649 4445 2812 4500 citato
2834 4443 2947 4512 jam
2968 4443 3291 4503 documento
3307 4438 3594 4509 Pastorali,

318 4544 551 4598 vandam
586 4560 703 4599 esse
755 4546 893 4600 hanc
940 4547 1196 4617 Stephani
1249 4547 1608 4612 traditionem,
1646 4551 1696 4604 in
1728 4550 1902 4622 hypo-

2012 4555 2076 4594 an
2098 4538 2259 4606 1728,
2280 4554 2397 4609 pag.
2431 4538 2535 4595 62:
2567 4538 2778 4595 (ESl-Ce
2807 4536 2858 4591 la
2885 4536 3124 4591 déclarer
3149 4536 3309 4606 qu’on
3337 4535 3447 4589 s‘en
3476 4548 3596 4603 rap-

319 4638 459 4693 thesi
488 4639 626 4707 quod
646 4639 762 4694 haec
790 4641 1004 4694 traditio
1030 4642 1099 4695 sit
1121 4642 1439 4709 Evangelica
1462 4643 1543 4695 vel
1566 4642 1901 4712 Apostolica:

318 4750 388 4789 en
414 4733 573 4787 verba
622 4733 877 4805 Cypriani
904 4736 1189 4789 scribentis
1214 4736 1279 4790 ad
1312 4736 1624 4806 Pompeium
1664 4757 1675 4790 :
1714 4757 1733 4789 ι
1762 4737 1906 4793 Nihil

322 4828 628 4893 innovetur,
679 4828 869 4897 inquit,
925 4828 1259 4897 Stephanus,
1316 4830 1415 4883 nisi
1470 4831 1611 4900 quod
1655 4833 1904 4887 traditum

319 4932 426 4976 est.
458 4921 610 4977 Unde
641 4933 723 4976 est
752 4924 849 4976 ista
883 4923 1139 4975 traditio?
1165 4922 1428 4977 Utrumne
1457 4923 1524 4978 de
1553 4924 1829 4979 Dominica
1852 4936 1908 4980 et

322 5014 643 5082 Evangelica
676 5015 993 5068 auctoritate
1025 5014 1401 5068 descendens?
1424 5018 1502 5069 An
1526 5018 1589 5070 de
1616 5017 1906 5088 Apostolo-

322 5125 445 5162 rum
475 5110 743 5165 mandatis
790 5120 949 5179 atqne
982 5109 1236 5179 Epistolis
1266 5110 1526 5164 veniens?
1553 5113 1623 5165 Ea
1651 5115 1791 5167 enim
1827 5113 1907 5166 fa-

321 5201 515 5256 cienda
557 5217 677 5256 esse
705 5217 822 5271 quae
860 5202 1054 5271 scripta
1105 5210 1229 5255 sunt
1276 5202 1415 5256 Deus
1443 5212 1668 5257 testatur
1694 5213 1747 5259 et
1780 5221 1909 5274 pro-

322 5294 479 5365 ponit
520 5296 585 5349 ad
609 5296 789 5350 Jcsum
831 5294 975 5349 Nave
1000 5295 1203 5359 dicens,
1251 5310 1356 5348 non
1403 5296 1620 5350 recedet
1651 5297 1784 5351 liber
1808 5298 1910 5353 Le-

324 5391 409 5460 gis
457 5391 612 5461 hujus
665 5406 731 5445 ex
771 5405 863 5445 ore
894 5400 1003 5456 tuo,
1038 5389 1132 5444 sed
1164 5389 1513 5445 meditaberis
1550 5391 1601 5444 in
1632 5407 1697 5444 eo
1733 5392 1817 5445 die
1848 5408 1909 5447 ac

327 5493 488 5539 nocte
517 5493 576 5539 ut
607 5484 862 5538 observes
912 5482 1090 5537 facere
1142 5483 1318 5535 omnia
1366 5499 1483 5551 qua:
1514 5485 1708 5553 scripta
1739 5494 1860 5538 sunt
1892 5502 1907 5551 ;

328 5580 382 5632 in
429 5594 493 5633 eo
523 5578 648 5632 item
701 5577 956 5631 Dominus
985 5575 1271 5644 Apostolus
1297 5589 1422 5628 suos
1451 5577 1668 5629 mittens
1695 5576 1913 5632 mandat

328 5670 586 5739 baptizari
619 5669 820 5725 Gentes
857 5679 912 5724 et
939 5668 1118 5723 doceri
1148 5676 1205 5720 ut
1231 5667 1519 5722 observent
1547 5670 1724 5722 omnia
1767 5686 1914 5739 qum-

336 5780 566 5833 eumque
599 5764 687 5819 ille
717 5765 1010 5833 prmcepit;
1043 5763 1084 5816 si
1114 5776 1241 5831 ergo
1267 5773 1357 5815 aut
1383 5761 1439 5817 in
1468 5763 1754 5833 Evangelio
1776 5780 1915 5834 prac-

2006 4644 2159 4703 porte
2179 4632 2209 4687 a
2231 4632 2279 4686 la
2306 4632 2545 4687 décisiou
2570 4631 2692 4687 d’un
2718 4630 2921 4686 concile
2953 4629 3191 4699 ple’nier?
3212 4647 3231 4681 ›

2084 4727 2148 4785 Χ.
2179 4726 2234 4784 S.
2263 4726 2560 4798 Cyprianus
2588 4742 2710 4783 cum
2742 4728 2805 4781 iis
2833 4727 2924 4796 qui
2966 4741 2995 4780 a
3026 4742 3120 4781 sua
3159 4726 3412 4796 opinione
3454 4738 3601 4781 rece-

2007 4823 2208 4883 debant
2235 4838 2439 4892 pacem,
2463 4822 2803 4879 concordiam
2821 4836 2883 4876 ac
2899 4821 3327 4877 communionem
3344 4829 3598 4875 constan-

2009 4921 2215 4976 tissime
2231 4920 2505 4976 servavit:
2536 4939 2554 4973 ‹
2583 4919 2713 4986 Nos,
2743 4938 2765 4973 ti
2786 4920 2979 4988 inquit,
3011 4933 3162 4973 suam
3184 4917 3249 4971 ad
3279 4917 3599 4974 Jubaianum

2011 5014 2292 5083 epistolam
2320 5012 2678 5075 concludens,
2718 5030 2736 5062 ί
2770 5022 3025 5081 quantum
3059 5011 3113 5066 in
3163 5010 3319 5065 nobis
3349 5019 3431 5064 est
3475 5025 3600 5079 pro-

2013 5117 2131 5177 pter
2154 5107 2443 5161 haereticos
2496 5120 2618 5159 cum
2672 5104 2894 5173 collegis
2922 5114 2974 5159 et
3021 5104 3356 5173 coepiscopis
3398 5101 3601 5157 nostris

2014 5217 2121 5255 non
2149 5199 2545 5264 contendimus,
2573 5214 2695 5254 cum
2748 5198 2943 5263 quibus
2969 5196 3200 5251 divinam
3252 5195 3599 5251 concordiam

2014 5302 2069 5350 et
2096 5292 2417 5347 dominicam
2444 5306 2627 5362 pacem
2658 5300 2973 5345 tenemus...
2999 5297 3244 5346 servatur
3269 5304 3299 5343 a
3325 5289 3482 5344 nobis
3505 5304 3601 5358 pa-

2016 5388 2212 5442 tienter
2237 5394 2292 5440 et
2342 5385 2567 5440 ﬁrmiter
2611 5382 2844 5439 charitas
2892 5382 3086 5448 animi,
3136 5382 3351 5453 collegii
3405 5380 3599 5449 honor,

2014 5480 2285 5535 vinculum
2320 5477 2463 5544 ﬁdei,
2487 5487 2541 5531 et
2567 5475 2854 5533 concordia
2881 5475 3191 5543 sacerdotii;
3226 5496 3244 5528 »
3274 5483 3328 5531 et
3358 5475 3409 5529 in
3437 5476 3600 5544 epist.

2016 5573 2083 5626 ad
2117 5571 2436 5640 Stephanum
2460 5570 2617 5623 Rom.
2638 5568 2948 5622 Pontiﬁcem
2972 5568 3061 5622 72.
3088 5569 3380 5624 «Caeterum
3405 5568 3605 5633 scimus

2018 5662 2277 5736 quosdam
2312 5664 2453 5732 quod
2482 5662 2653 5717 semel
2682 5661 2989 5716 imliiberint
3018 5661 3161 5716 nolle
3183 5661 3477 5730 deponere,
3508 5676 3610 5715 nec

2022 5757 2357 5830 propositum
2395 5772 2554 5814 suum
2586 5755 2743 5811 facile
2768 5763 2975 5813 mutare
3000 5771 3016 5822 ;
3044 5754 3141 5809 sed
3166 5753 3316 5809 salvo
3341 5757 3482 5810 inter
3508 5752 3619 5805 cot-
