4208 6276
607 270 743 324 155Ξὶ

2053 264 2501 325 DISSERTATIO

3745 262 3891 318 1556

528 450 531 453 λ
606 388 751 458 legas
791 386 936 458 pacis
987 395 1040 441 et
1068 386 1371 442 concordiae
1414 387 1647 453 vinculo,
1680 386 1925 457 quaedam
1951 385 2189 456 propria,
2219 390 2273 447 Α
2297 381 2484 439 Patres
2527 381 2958 439 Mediolanenses
2985 397 3115 455 erga
3146 382 3445 440 Photinum
3470 382 3495 438 ’ἶ
3519 382 3671 438 Itane
3694 380 3889 439 Patres

606 494 726 549 qua:
753 478 892 549 apud
933 493 991 534 sc
1021 480 1186 534 semel
1215 479 1322 533 sint
1353 489 1600 550 usurpata
1634 480 1884 535 retinere.
1912 476 2028 544 Qua
2060 477 2113 532 in
2133 492 2192 532 re

608 588 708 628 nec
732 587 829 627 nos
867 572 972 626 vim
995 573 1241 643 cuiquam
1266 572 1488 628 facimus
1517 584 1608 629 aut
1634 574 1806 644 legem
1837 572 2046 636 damus;
2082 591 2102 624 ›
2138 579 2193 626 et

608 665 665 719 in
696 663 919 720 exordio
942 664 1144 718 concilii
1174 664 1415 736 Cari/mg.
1443 682 1498 720 tu
1530 682 1544 719 :
1581 684 1600 717 ‹
1631 666 1889 736 Superest
1926 674 1979 718 ut
2000 663 2069 718 de
2095 662 2193 717 hac

606 760 726 828 ipsa
754 774 813 813 re
846 759 1196 830 singuliquid
1228 762 1526 815 sentiamus
1555 759 1891 830 proferamus
1922 757 2191 813 neminem

603 852 905 925 judicantes
924 862 1016 907 aut
1044 869 1073 905 a
1099 853 1220 923 jure
1247 854 1639 907 communionis
1659 854 1911 922 aliquem,
1940 850 1984 904 si
2008 848 2192 906 diver-

609 961 725 1000 sum
753 946 1005 1010 censerit,
1033 955 1361 1001 amoventes.
1391 966 1409 998 r
1448 947 1522 1001 De
1547 945 1816 1017 Cypriano
1857 944 1908 999 id
1939 959 2195 1015 expresse

607 1049 838 1095 testatur
894 1041 948 1098 S.
1007 1041 1364 1114 Hieronymus
1424 1040 1478 1095 in
1533 1040 1745 1110 dialogo
1795 1039 2035 1093 adversus
2090 1037 2195 1091 Lu-

613 1135 783 1203 cifer,
809 1148 857 1189 c.
884 1134 917 1189 9
945 1151 959 1199 ;
992 1134 1043 1189 id
1070 1135 1275 1189 centies
1309 1135 1543 1188 afﬁrmat
1565 1134 1623 1190 S.
1646 1134 1976 1203 Augustinus
2005 1133 2057 1187 in
2084 1133 2194 1188 suis

609 1228 677 1283 de
700 1228 972 1298 Baptismo
997 1228 1253 1282 adversus
1282 1229 1587 1282 Donatistas
1635 1227 1807 1281 libris.
1836 1225 1903 1280 Et
1929 1225 2070 1296 quod
2100 1241 2195 1280 ve-

609 1320 702 1376 lim
748 1320 1006 1375 observes
1042 1335 1225 1391 pacem
1270 1321 1407 1375 hanc
1462 1335 1584 1374 cum
1629 1319 1785 1374 aliter
1815 1318 2192 1385 sentientibus,

613 1426 738 1469 tunc
765 1415 926 1468 etiam
970 1430 1028 1468 se
1059 1415 1295 1470 tenuisse
1348 1415 1631 1485 proﬁtetur
1659 1416 1883 1469 antistes
1912 1414 2195 1485 Carthagi-

609 1505 816 1570 nensis,
844 1505 1058 1575 quando
1089 1505 1412 1561 contrariam
1448 1504 1603 1562 Rom.
1640 1504 1917 1560 Pontiﬁcis
1938 1503 2196 1574 judicium

612 1597 849 1653 nondum
883 1608 1137 1667 expertus
1176 1596 1381 1661 fuerat,
1414 1607 1471 1652 ut
1500 1606 1646 1667 patet
1675 1614 1746 1654 ex
1777 1598 1954 1653 verbis
1996 1597 2193 1663 citatis,

612 1700 723 1745 tum
754 1690 914 1761 epist.
967 1690 1035 1743 ad
1071 1690 1340 1758 Iniuriam,
1371 1701 1481 1745 tum
1528 1692 1687 1761 epist.
1745 1691 1813 1745 ad
1857 1691 2194 1763 Stephanum.

2294 475 2645 533 Alexandrini
2674 492 2798 547 erga
2822 476 3105 547 Origencm
3126 478 3354 549 ejusque
3379 486 3675 533 sectatores
3694 478 3717 532 ?
3735 476 3891 534 ltane

2295 570 2483 626 Patres
2518 570 3100 642 Constantinopolitani
3135 587 3263 643 erga
3296 570 3653 642 Eutychetem
3694 570 3893 627 tltane

2296 662 2483 717 Patres
2509 661 2976 734 Ctesaraugustani
3011 680 3135 737 erga
3188 664 3575 719 Priscilianos?
3624 662 3894 734 Expwta-

2297 765 2492 810 runtue
2517 770 2823 826 supremam
2849 755 3104 813 Ecclesiae
3129 756 3497 815 deﬁnitionem
3524 756 3591 811 ad
3611 772 3703 812 eos
3729 756 3894 812 dam-

2296 847 2505 902 nandos
2534 861 2598 901 ac
2636 848 3024 903 communione
3056 848 3347 919 privandos
3366 849 3390 902 ?
3412 848 3571 905 Absit
3592 863 3715 920 ergo
3740 859 3801 903 ut
3821 849 3897 904 il-

2298 938 2390 994 lud
2440 937 2711 1013 Cypriano
2740 941 3060 1007 tribuamus,
3091 942 3234 1013 quod
3278 956 3398 998 cum
3457 942 3661 997 nullum
3687 944 3740 997 in
3771 943 3899 1012 ejus

2297 1035 2509 1104 scriptis
2531 1033 2724 1088 habeat
2742 1033 3144 1090 fundamentum
3168 1050 3197 1088 a
3228 1046 3472 1091 veterum
3489 1034 3709 1091 Patrum
3727 1051 3896 1093 sensu

2298 1138 2353 1184 et
2374 1126 2565 1199 agendi
2593 1126 2801 1181 ratione
2826 1135 2932 1181 tam
2954 1127 3024 1181 sit
3053 1127 3312 1183 alienum.

2371 1220 2637 1275 Praeterea
2659 1218 2841 1275 dicant
2862 1218 3016 1275 nobis
3032 1218 3353 1287 adversarii,
3379 1236 3445 1276 an
3471 1220 3779 1293 Cyprianus
3794 1236 3899 1293 pro

2300 1312 2417 1368 zelo
2445 1327 2509 1367 ac
2539 1311 2719 1367 studio
2748 1312 2960 1368 tuendae
3000 1312 3123 1369 ﬁdei
3170 1314 3489 1386 integritatis
3520 1314 3778 1371 debuerit
3805 1331 3899 1387 pa-

2300 1420 2417 1461 cem
2461 1413 2517 1460 et
2554 1405 2986 1460 communionem
3014 1420 3137 1460 cum
3185 1406 3251 1461 iis
3300 1416 3506 1474 tenere,
3529 1423 3561 1462 a
3598 1408 3822 1479 quibus,
3853 1410 3900 1464 si

2300 1499 2624 1555 adversariis
2653 1498 2946 1565 credimus,
2970 1501 3299 1570 praecipuum
3321 1498 3444 1557 ﬁdei
3477 1510 3686 1556 nostrae
3706 1502 3902 1573 dogma

2300 1601 2482 1664 spreta
2510 1593 2863 1648 conciliorum
2885 1592 3264 1648 Africanorum
3295 1597 3618 1651 anetoritate
3650 1611 3902 1667 pessum-

2300 1686 2417 1741 dari
2463 1686 2731 1757 putabat?
2762 1685 2990 1742 Demum
3038 1686 3086 1742 si
3114 1687 3179 1742 ad
3208 1697 3445 1743 mentem
3471 1688 3736 1761 Cypriani
3778 1702 3903 1749 ante

611 1782 811 1839 Verum
843 1784 987 1839 itane
1027 1798 1085 1838 se
1122 1787 1381 1854 gessisset
1404 1784 1458 1840 S.
1499 1784 1694 1840 Doctor
1724 1800 1844 1840 cum
1873 1784 2200 1839 adversariis
2228 1789 2276 1850 Β
2305 1778 2548 1833 ultimam
2583 1777 2841 1834 Ecclesia:
2866 1777 3235 1834 deﬁnitionem
3281 1795 3310 1834 a
3338 1780 3583 1836 conciliis
3610 1784 3904 1852 particula-

611 1893 645 1933 a
694 1878 887 1948 quibus
939 1876 1100 1933 ﬁdem
1146 1879 1443 1949 impugnari
1488 1880 1827 1946 censuisset;
1879 1877 2197 1952 Cyprianus,

610 1970 958 2039 inquam,qui
986 1986 1044 2024 ta
1071 1971 1317 2040 reprobis
1344 1973 1486 2027 circa
1506 1972 1664 2027 ﬁdem
1693 1971 2051 2027 recedendum
2080 1986 2201 2028 esse

611 2072 668 2117 et
692 2061 908 2132 quidem
952 2078 1018 2117 ex
1050 2071 1322 2133 praecepto
1374 2064 1557 2119 divino
1596 2085 1614 2117 ι
1655 2064 1890 2119 afﬁrmat
1934 2065 1986 2118 in
2016 2064 2109 2118 lib.
2134 2063 2198 2118 de

619 2155 824 2211 Unitate
854 2156 1094 2212 Ecclesia:
1118 2158 1141 2210 ?
1168 2158 1266 2225 Qui
1301 2177 1320 2211 r
1359 2159 1585 2214 ﬁrmiter
1618 2158 1949 2230 respuendos
1967 2172 2063 2214 eos
2082 2172 2203 2214 esse

612 2250 773 2305 docet
801 2251 892 2321 qui
935 2251 1253 2307 traditiones
1310 2268 1433 2306 snas
1465 2252 1562 2308 Dei
1605 2252 1875 2307 mandatis
1902 2252 2203 2308 contrarias

615 2354 855 2399 statuere
903 2357 1169 2400 conantur
1203 2364 1224 2398 ι
1272 2346 1325 2400 in
1372 2347 1534 2416 epist.
1586 2346 1655 2400 ad
1685 2346 1879 2416 plebem
1916 2348 2204 2402 universam

614 2438 731 2493 43?
758 2438 855 2506 Qui
886 2457 904 2490 ‹
940 2439 1139 2495 nullam
1193 2439 1316 2496 ﬁdei
1358 2450 1411 2496 et
1439 2440 1677 2510 perﬁdiae
1722 2442 2036 2497 societatem
2081 2456 2204 2497 esse

617 2546 779 2602 posse
812 2553 830 2585 ι
859 2533 1020 2587 tradit
1047 2534 1099 2587 in
1126 2535 1286 2604 epist.
1312 2534 1379 2587 ad
1406 2533 1693 2589 Cornelium
1719 2535 1787 2590 59
1809 2534 1833 2588 ?
1852 2533 1953 2603 Qui
1988 2533 2202 2590 tandem

624 2643 644 2676 ί
679 2625 747 2679 ab
777 2626 842 2681 iis
885 2625 1204 2682 discendum
1255 2644 1377 2684 esse
1415 2647 1433 2680 ι
1483 2629 1793 2698 pronuntiat
1832 2647 1851 2681 ‹
1890 2629 1979 2698 qui
2004 2627 2204 2683 Christi

619 2715 880 2773 doctrinae
911 2735 1017 2773 non
1046 2720 1394 2790 acquiescunt
1424 2738 1443 2770 ι
1478 2720 1531 2774 in
1563 2721 1726 2791 epist.
1757 2720 1825 2773 ad
1854 2719 2159 2789 Pompeium
2181 2720 2207 2774 ?

622 2831 643 2865 ‹
678 2813 732 2868 Si
762 2814 900 2884 quis,
942 2834 961 2866 ι
1016 2815 1187 2884 inquit
1230 2813 1582 2869 Tomassinus
1614 2814 1829 2869 dissert.
1863 2813 1931 2879 2,
1958 2816 2022 2868 de
2045 2812 2202 2883 Bapt.

619 2906 834 2973 hazret.,
877 2924 930 2978 ν.
968 2908 1061 2969 48.
1096 2928 1114 2961 ‹
1137 2907 1205 2963 de
1237 2908 1339 2963 ﬁde
1368 2925 1397 2962 a
1426 2908 1650 2979 collegis
1676 2906 1994 2963 dissenserit
2016 2916 2206 2962 contu-

618 3016 740 3055 max
768 3017 798 3055 a
832 3017 963 3071 pace
1001 3002 1296 3071 ejiciendus
1349 3012 1431 3057 est
1484 3009 1540 3055 et
1582 3002 1980 3057 communione.
2021 3019 2040 3053 ι
2072 2999 2207 3057 Cum

620 3108 748 3163 ergo
774 3092 832 3148 S.
862 3093 1182 3165 Cyprianus,
1216 3094 1365 3149 salvo
1393 3094 1536 3148 inter
1561 3092 1798 3164 collegas
1824 3093 1973 3163 pacis
1992 3102 2047 3148 et
2073 3108 2207 3147 con-

2304 1870 2453 1925 ribus
2482 1870 2775 1926 damnandi
2803 1888 2909 1927 non
2938 1882 3093 1928 erant
3124 1889 3225 1930 nec
3246 1876 3627 1931 communione
3655 1878 3904 1948 privandi

2306 1964 2397 2034 qui
2428 1962 2589 2019 ﬁdem
2622 1964 3027 2035 impugnabant,
3054 1967 3316 2037 profecto,
3331 1967 3442 2038 jam
3474 1968 3622 2023 nullo
3649 1971 3815 2025 modo
3839 1970 3907 2026 ab

2306 2057 2551 2114 Ecclesia
2582 2058 2827 2114 damnari
2854 2060 3156 2130 potuissent
3183 2077 3248 2116 ac
3269 2064 3645 2119 communione
3671 2065 3899 2136 privari.

2305 2152 2421 2209 Non
2450 2153 2667 2224 quidem
2690 2154 2759 2208 ab
2785 2154 3025 2211 Ecclesia
3055 2156 3107 2210 in
3136 2156 3371 2212 concilio
3402 2158 3632 2227 generali
3657 2174 3897 2230 congre-

2303 2257 2448 2318 gata,
2484 2247 2606 2302 talis
2627 2248 2769 2303 enim
2799 2250 3148 2321 congregatio
3178 2260 3307 2306 tunc
3336 2255 3587 2323 temporis
3616 2254 3899 2310 moraliter

2305 2340 2650 2411 impossibilis
2675 2351 2811 2409 erat,
2844 2356 2947 2396 non
2974 2344 3136 2397 etiam
3158 2346 3227 2399 ab
3249 2343 3507 2410 Ecclesia,
3547 2358 3605 2402 ut
3630 2348 3794 2420 vulgo
3819 2350 3903 2405 di-

2306 2432 2465 2501 citur,
2497 2432 2775 2503 dispersa,
2826 2432 3087 2504 judicium
3137 2435 3282 2490 enim
3336 2436 3593 2492 Ecclesiae
3645 2440 3906 2511 dispersa;

2306 2524 2506 2594 pendet
2528 2540 2557 2577 a
2582 2524 2796 2595 judiciis
2824 2526 3180 2581 ecclesiarum
3211 2528 3639 2596 particularium,
3668 2547 3898 2601 quarum

2310 2620 2453 2673 nulla
2480 2620 2532 2674 in
2564 2618 2848 2692 hypothesi
2887 2620 3037 2690 juxta
3066 2620 3396 2693 Cyprianum
3426 2638 3519 2677 eos
3560 2633 3689 2680 ante
3718 2625 3906 2683 Eccle-

2308 2713 2401 2767 siae
2422 2711 2786 2768 deﬁnitionem
2804 2712 3060 2768 damnare
3089 2713 3343 2780 debebat,
3363 2717 3640 2785 quomodo
3671 2734 3803 2790 ergo
3832 2720 3899 2775 ab

2308 2805 2546 2862 Ecclesia
2607 2822 2670 2862 ac
2719 2807 2958 2878 dispersa
3011 2808 3246 2863 damnati
3297 2809 3590 2879 aliquando
3647 2812 3903 2881 fuissent,

2310 2915 2447 2971 quos
2486 2900 2631 2955 nttlla
2678 2900 2985 2957 damnasset
3013 2902 3295 2972 peculiaris
3353 2903 3639 2959 Ecclesia?
3663 2904 3765 2960 Hic
3793 2908 3907 2962 ha:-

2310 3002 2462 3049 reant
2486 2992 2777 3048 adversarii
2806 3009 3029 3049 necesse
3049 3004 3154 3059 est,
3182 3005 3277 3049 aut
3297 2993 3402 3050 alia
3431 2998 3747 3065 excogitant.
3782 2998 3898 3053 lm-

2309 3099 2514 3142 motum
2552 3088 2711 3159 igitur
2737 3098 2955 3144 maneat
2993 3088 3330 3160 Cyprianum
3378 3090 3447 3146 ab
3472 3090 3567 3145 illis
3597 3090 3755 3145 fidem
3786 3092 3897 3146 im-

617 3185 816 3241 cordize
844 3186 1059 3240 vinculo
1100 3185 1167 3240 de
1195 3184 1293 3240 hac
1319 3184 1580 3256 Baptismi
1631 3186 1997 3241 controversia
2023 3184 2207 3254 dispu-
2231 3184 2277 3248 C
2309 3182 2419 3254 peti
2463 3195 2570 3236 non
2607 3180 2966 3247 existimasse,
3000 3197 3136 3253 quos
3183 3198 3213 3236 a
3235 3183 3480 3238 conciliis
3519 3183 3903 3255 Carthaginem

622 3281 721 3334 tari
746 3294 908 3351 posse
933 3279 1245 3345 crediderit,
1280 3290 1333 3335 et
1364 3295 1487 3334 cum
1535 3278 1807 3335 diversum
1852 3278 2205 3333 sentientibus

621 3373 1057 3427 communionem
1089 3371 1316 3427 ﬁrmiter
1358 3373 1696 3436 servaverit,
1748 3372 2091 3426 manifestum
2121 3381 2206 3426 est

616 3467 795 3536 ipsum
844 3466 1181 3519 existimasse
1230 3464 1451 3519 illaesum
1488 3473 1542 3519 et
1596 3464 1848 3519 inlaetam
1879 3465 1930 3518 in
1964 3474 2075 3519 toto
2105 3464 2205 3519 hoc

619 3558 845 3613 dissidio
874 3558 1031 3613 ﬁdem
1060 3572 1361 3622 remanere,
1392 3572 1455 3613 ac
1482 3556 1791 3612 nullatenus
1816 3572 1843 3610 a
1873 3558 1985 3611 suis
2007 3557 2202 3613 adver-

619 3654 778 3708 sariis
803 3653 987 3722 impeti
1016 3653 1099 3707 vel
1129 3652 1430 3707 obscurari.
1456 3652 1570 3707 Non
1594 3667 1723 3723 ergo
1753 3651 1894 3717 ﬁdei,
1925 3651 2019 3706 sed
2044 3667 2204 3708 merae

618 3749 920 3819 disciplinae
944 3748 1082 3803 hanc
1111 3763 1232 3803 esse
1262 3747 1684 3802 controversiam
1708 3746 1992 3815 judicavit.

692 3846 780 3912 At,
815 3845 1042 3914 inquies,
1078 3858 1183 3897 non
1213 3842 1335 3897 ideo
1360 3857 1543 3912 pacem
1573 3856 1694 3896 cum
1723 3842 1877 3897 aliter
1922 3842 2203 3898 sentienti-

615 3937 718 3994 bus
745 3936 978 3992 servavit
1018 3937 1075 3991 S.
1109 3935 1428 4008 Cyprianus,
1476 3935 1599 4005 quia
1639 3935 1706 3990 de
1752 3935 1855 3989 ﬁde
1882 3951 1987 3991 non
2028 3937 2111 4006 agi
2150 3935 2206 3990 in

619 4030 721 4085 hac
770 4029 1137 4085 controversia
1172 4038 1403 4098 putaret,
1451 4027 1546 4083 sed
1578 4029 1703 4099 quia
1734 4028 1990 4083 censebat
2021 4042 2205 4097 pacem

620 4139 742 4179 cum
789 4123 854 4178 iis
884 4137 988 4177 non
1020 4137 1140 4177 esse
1171 4120 1549 4191 rutnpendam,
1582 4137 1610 4173 a
1660 4120 1851 4191 quibus
1882 4120 2040 4175 etiam
2074 4119 2207 4177 ﬁdes

618 4218 1032 4288 impeterentur,
1081 4215 1333 4286 quamdiu
1366 4229 1455 4270 res
1486 4214 1672 4270 ultimo
1710 4213 1965 4269 Ecclesia:
2002 4213 2207 4283 judicio

620 4308 858 4364 nondum
886 4318 969 4362 est
989 4307 1227 4368 deﬁnita,
1258 4307 1433 4377 qualis
1465 4319 1589 4361 tunc
1622 4306 1883 4375 temporis
1919 4315 2032 4360 erat
2056 4322 2205 4374 qure-

619 4405 726 4460 stio
754 4403 820 4457 de
848 4402 1245 4472 rebaptizandis
1273 4402 1561 4457 lnereticis.
1602 4401 1856 4457 Pudenda
1879 4411 2204 4468 commenta,

618 4497 810 4567 quibus
838 4495 938 4549 soli
963 4504 1252 4563 pascantur
1274 4495 1363 4561 qui
1394 4496 1607 4549 inventa
1627 4509 1852 4564 quaeque
1868 4493 2204 4563 degluliunt;

2309 3276 2458 3333 sibus
2499 3277 2740 3334 damnari
2769 3280 2957 3345 noluit,
2991 3288 3046 3334 et
3070 3294 3195 3334 cum
3221 3278 3417 3351 quibus
3442 3294 3631 3350 pacem
3659 3295 3727 3335 ac
3752 3295 3900 3337 com-

2308 3370 2616 3427 munionem
2650 3380 2965 3426 constanter
2993 3373 3249 3427 servavit.

2380 3463 2507 3518 Haec
2530 3464 2846 3533 quibusdam
2877 3465 2998 3520 aliis
3041 3465 3345 3536 compendii
3375 3479 3535 3521 causa
3565 3469 3899 3536 praetermis-

2308 3559 2404 3624 sis,
2436 3559 2739 3616 luculenter
2764 3560 3018 3616 evincunt
3046 3571 3319 3618 momenta
3347 3556 3565 3617 causam
3593 3561 3663 3617 de
3690 3561 3900 3634 Baptis-

2308 3662 2451 3709 mate
2495 3652 2872 3709 haereticorum
2914 3651 3187 3725 Cypriane
3235 3654 3407 3709 visam
3450 3653 3618 3711 fuisse
3646 3671 3763 3710 rem
3792 3671 3895 3710 non
3934 3724 3937 3725 ν

2308 3746 2456 3807 ﬁdei.
2490 3745 2584 3801 sed
2606 3761 2770 3802 mera:
2789 3745 3119 3816 disciplinae;
3146 3747 3261 3801 sive
3287 3747 3429 3801 enim
3463 3761 3550 3801 res
3570 3748 3687 3818 ipsa
3710 3748 3778 3802 ad
3798 3746 3903 3819 Cy-

2309 3838 2482 3910 priani
2514 3848 2747 3894 mentem
2778 3838 3138 3905 examinetur,
3163 3841 3279 3893 sive
3303 3839 3422 3908 ejus
3453 3840 3504 3893 in
3535 3838 3635 3893 hac
3676 3854 3899 3895 contra.

2309 3933 2484 3987 versia
2515 3932 2706 4003 agendi
2734 3934 2873 3987 ratio
2902 3932 3235 4000 attendatur,
3260 3946 3550 4003 utrumque
3578 3934 3898 3989 assertionis

2309 4035 2509 4081 nostra:
2538 4026 2818 4081 veritatem
2849 4025 3103 4081 ostendit.

2381 4120 2424 4172 A
2445 4116 2713 4190 Cypriano
2740 4117 2886 4174 disce
2933 4119 3221 4189 originem,
3254 4120 3405 4175 disce
3460 4129 3724 4187 naturam,
3748 4119 3898 4176 disce

2309 4213 2644 4267 consectaria
2685 4226 2795 4266 suae
2822 4212 3090 4282 opinionis
3123 4222 3179 4266 et
3203 4214 3385 4283 praxis
3413 4223 3468 4267 et
3496 4212 3563 4267 ad
3592 4212 3750 4268 ﬁdem
3778 4228 3899 4268 eam

2308 4318 2499 4360 revoca
2522 4305 2565 4359 si
2599 4314 2774 4373 potes,
2804 4304 2947 4359 illitts
2973 4306 3116 4359 enim
3142 4304 3405 4376 originem
3435 4321 3542 4359 non
3576 4307 3625 4359 in
3647 4306 3895 4371 Christo,

2313 4416 2422 4456 non
2453 4401 2506 4454 in
2536 4399 2833 4469 Apostolis,
2868 4398 2963 4454 sed
2992 4400 3043 4453 in
3093 4399 3389 4470 Agrippino
3415 4399 3713 4454 constituit.
3742 4399 3895 4453 illam

2311 4504 2615 4566 propugnat
2644 4510 2751 4549 non
2778 4505 2834 4548 ut
2857 4494 2959 4549 ﬁde
2999 4495 3346 4562 credendam,
3380 4510 3487 4550 non
3530 4506 3587 4549 ut
3617 4495 3899 4565 pertinen-

618 4589 663 4643 si
690 4589 994 4660 Cyprianus
1022 4586 1369 4642 existimabat
1399 4586 1582 4643 hostes
1612 4586 1732 4642 ﬁdei
1762 4602 1793 4641 a
1820 4588 2064 4643 conciliis
2083 4603 2206 4658 par-
2229 4586 2283 4647 D
2310 4595 2416 4642 tem
2438 4588 2506 4642 ad
2533 4587 2716 4654 ﬁdem,
2745 4586 2840 4643 sed
2870 4596 3073 4642 tantum
3106 4600 3162 4642 ut
3190 4588 3314 4643 ﬁdei
3340 4598 3726 4659 congruentem
3758 4599 3815 4645 et
3835 4588 3901 4644 ad

619 4681 936 4737 ticularibus
985 4681 1320 4736 damnandos
1366 4696 1473 4736 non
1516 4696 1656 4747 esse,
1685 4696 1783 4737 nec
1827 4684 2207 4741 communione

618 4774 911 4845 privandos
941 4783 1068 4829 ante
1097 4773 1338 4828 ultimam
1358 4773 1619 4830 Ecclesiae
1645 4774 2037 4843 definitionem,
2066 4778 2206 4833 male

618 4883 748 4938 ergo
779 4879 886 4922 tam
920 4869 1138 4938 saepius,
1164 4878 1272 4923 tam
1304 4869 1572 4939 generice,
1600 4869 1815 4924 dicebat
1846 4888 1865 4923 ε
1903 4886 1931 4923 a
1964 4871 2206 4941 reprobis

620 4963 762 5017 circa
810 4961 967 5017 ﬁdem
1015 4962 1377 5017 recedendum
1431 4977 1570 5022 esse.
1620 4962 1846 5018 ﬁrmiter
1876 4964 2206 5035 respuendas

620 5071 716 5113 eos
740 5072 860 5113 esse
890 5056 978 5126 qui
1004 5055 1316 5111 traditiones
1337 5070 1462 5109 suas
1492 5054 1585 5109 Dei
1612 5055 1877 5110 mandatis
1907 5057 2205 5111 contrarias

617 5163 858 5208 statuere
880 5152 1300 5215 conarentur,ab
1319 5151 1383 5205 iis
1399 5149 1782 5206 discedendum
1801 5165 1921 5206 esse
1942 5150 2031 5219 qui
2048 5149 2208 5205 Chri-

613 5248 686 5302 sti
719 5246 984 5301 doCtrinre
1028 5260 1133 5299 non
1166 5244 1592 5315 acquiescerent;
1623 5264 1641 5294 ι
1666 5244 1848 5298 dicere
1876 5242 2150 5298 debuisset
2173 5258 2203 5298 a

615 5338 815 5393 talibus
856 5354 963 5392 non
988 5338 1092 5393 nisi
1137 5347 1259 5407 post
1284 5336 1536 5392 Ecclesia:
1574 5335 1941 5391 deﬁnitionem
1969 5350 2091 5390 esse
2112 5350 2202 5391 re-

616 5434 919 5489 cedendum
964 5450 978 5499 ;
1009 5443 1062 5487 et
1108 5447 1238 5488 vero
1270 5431 1455 5487 haecne
1485 5438 1724 5485 veterum
1754 5430 1971 5484 Patrum
2002 5429 2195 5499 agendi

615 5528 756 5582 ratio
776 5542 903 5597 erga
934 5542 1049 5587 eos.
1072 5543 1102 5581 a
1125 5528 1318 5597 quibus
1341 5526 1497 5581 ﬁdem
1528 5527 1826 5596 impugnari
1848 5525 2200 5595 judicabant?

617 5619 768 5675 ltane
818 5635 875 5675 se
896 5630 1178 5691 gesserunt
1206 5619 1530 5677 Antiocheni
1569 5619 1759 5675 Patres
1816 5633 1941 5688 erga
1971 5617 2196 5673 Paulum

615 5711 1029 5768 Saumsatenum
1058 5714 1279 5784 ejusque
1298 5711 1531 5767 asseclas
1557 5715 1569 5767 !
1591 5712 1735 5767 itane
1758 5710 1942 5765 Patres
1962 5711 2198 5765 Alexan-

617 5802 758 5856 drini
786 5820 912 5872 erga
964 5807 1151 5861 Arium
1196 5817 1251 5863 et
1278 5806 1560 5875 episcopos
1586 5806 1689 5875 ipsi
1745 5802 2199 5861 faventesiltanc

2310 4696 2428 4738 eam
2461 4681 2629 4751 magis
2669 4681 3040 4748 accedentem,
3074 4693 3133 4736 ut
3158 4682 3285 4753 quid
3313 4683 3525 4749 melius,
3558 4694 3618 4738 ut
3645 4683 3774 4755 quid
3806 4685 3899 4739 uti~

2313 4772 2438 4839 lius,
2472 4783 2532 4828 ut
2573 4772 2776 4843 aliquid
2826 4775 3102 4845 proprium
3144 4776 3309 4831 certis
3364 4776 3674 4845 provinciis,
3699 4778 3901 4848 et‘jure

2308 4865 2671 4932 retinendum,
2690 4867 2906 4935 quando
2924 4868 3090 4922 semel
3107 4868 3174 4922 ab
3192 4869 3323 4938 ipsis
3336 4878 3419 4924 est
3434 4881 3774 4940 usurpatum,
3794 4886 3901 4926 uno

2310 4959 2477 5015 verbo
2511 4960 2577 5013 de
2608 4958 2889 5029 disciplina
2919 4975 2977 5015 se
3005 4961 3335 5017 contendere
3377 4972 3565 5031 aperte
3591 4965 3900 5034 proﬁtetur.

2380 5050 2439 5105 Si
2469 5049 2537 5104 de
2565 5049 2669 5105 fide
2701 5050 2967 5106 tenuisset
3011 5052 3213 5106 nullum
3241 5067 3363 5108 esse
3389 5052 3660 5125 Baptisma
3691 5054 3763 5110 ab
3793 5056 3903 5110 bte-

2308 5145 2492 5202 reticis
2520 5144 2801 5212 collatum,
2831 5145 3032 5201 nullam
3067 5158 3466 5218 consequenter
3510 5149 3698 5204 salutis
3724 5150 3902 5205 infan-

2307 5238 2439 5293 tium
2466 5248 2587 5293 cum
2618 5238 2735 5293 solo
2764 5238 3139 5294 hereticorum
3192 5240 3465 5311 Baptismo
3522 5241 3898 5299 defunctorum

2306 5346 2458 5402 spem
2489 5330 2785 5395 habuisset,
2819 5342 2997 5386 tamen
3024 5332 3260 5389 affirmat
3296 5333 3364 5389 de
3393 5349 3579 5389 eorum
3607 5336 3789 5393 salute
3806 5336 3900 5393 de-

2304 5424 2625 5496 Sperandum
2676 5439 2780 5478 non
2823 5439 2984 5489 esse;
3039 5426 3086 5480 si
3135 5425 3293 5482 ﬁdem
3324 5428 3392 5482 ab
3418 5428 3745 5484 adversariis
3777 5446 3899 5500 pes-

2302 5519 2537 5576 sumdari
2576 5520 2627 5572 in
2653 5516 2752 5571 hac
2771 5519 3053 5589 questione
3074 5520 3396 5588 censuisset,
3433 5521 3721 5577 dicendum
3756 5522 3897 5577 foret

2302 5613 2445 5685 quod
2491 5625 2648 5668 nemo
2692 5610 2839 5666 dicet
2890 5613 3188 5669 catholicus
3216 5615 3274 5670 S.
3304 5614 3614 5671 Pontiﬁcem
3666 5617 3894 5681 scilicet,

2302 5716 2358 5761 et
2405 5720 2525 5759 cum
2578 5704 2693 5772 ipso
2746 5703 3031 5758 maximam
3098 5706 3472 5778 episcoporum
3526 5716 3735 5776 partem
3794 5707 3895 5777 Cy-

2303 5799 2475 5870 priani
2530 5797 2731 5869 judicio
2762 5807 2887 5855 tunc
2915 5799 3171 5872 temporis
3209 5801 3259 5858 in
3306 5800 3411 5859 ﬁde
3467 5816 3700 5869 errasse,
3734 5803 3896 5859 mimo
