4208 6276
292 328 316 383 1
330 328 431 384 537

1467 317 2277 382 HISTORICO-DOGMATICA.

3433 326 3459 381 1
3470 326 3571 381 558

293 445 582 499 universas
632 442 796 498 totius
848 442 997 499 orbis
1026 442 1301 499 Ecclesias
1352 453 1477 499 ante
1505 442 1875 513 Agrippinum.
1909 441 1961 500 Α
1986 439 2217 497 bationis
2266 459 2435 514 genus
2488 444 2540 499 in
2580 445 2742 500 rebus
2770 458 2934 500 merae
2978 443 3279 514 disciplina;
3328 456 3482 515 atque
3507 458 3571 499 ac

366 536 423 591 Si
452 534 705 607 Cypriani
736 543 948 604 spectes
977 534 1169 606 agendi
1198 535 1483 599 rationem,
1516 534 1737 590 cuilibet
1765 535 1879 605 epi-

292 645 464 700 scopo
492 630 795 685 libertatem
823 630 1071 685 concedit
1091 632 1142 684 in
1162 629 1263 685 hac
1288 630 1583 701 quaestione
1611 630 1879 685 sentiendi

290 727 418 798 quid
440 726 699 792 vult,cnm
716 725 872 780 aliter
889 727 1245 781 sentientibus
1266 741 1450 796 pacem
1470 726 1811 781 concordiam
1827 736 1880 781 et

290 820 729 876 communionem
752 820 1184 875 constantissime
1204 830 1402 886 servat,
1420 820 1511 874 ιιιιί
1531 828 1584 875 et
1606 820 1705 874 soli
1724 818 1880 874 Citri-

290 923 377 970 sto
403 912 587 969 tribuit
609 922 926 983 potestatem
949 912 1016 967 de
1043 923 1162 967 actu
1186 928 1284 967 suo
1308 913 1578 983 iudicandi
1602 930 1616 978 ;
1643 929 1802 984 porro
1825 914 1877 969 in

290 1003 588 1075 disciplina:
610 1005 824 1074 negotio
844 1020 965 1059 cum
998 1004 1177 1075 aliquo
1205 1005 1385 1059 colore
1414 1005 1527 1059 hzec
1542 1005 1879 1061 disseruntur

294 1097 348 1151 in
402 1097 575 1167 capite
626 1096 771 1151 lidei-
800 1097 1081 1152 catholica:
1111 1098 1437 1153 alienissima
1460 1106 1643 1153 essent
1672 1098 1873 1153 omnia.

292 1190 445 1247 Nunc
470 1192 537 1247 ad
568 1191 915 1248 dissolvenda
943 1208 1062 1262 qua:
1089 1191 1428 1263 obiectantur
1455 1190 1834 1263 procedamus.

631 1332 1045 1390 SOLVUNTUR
1085 1330 1560 1391 OBJECTIONES.

365 1472 635 1543 Objiciunt
671 1489 708 1527 ι.
757 1471 1059 1544 Cyprianus
1103 1487 1254 1527 suam
1291 1471 1359 1527 de
1385 1470 1652 1527 hmreticis
1683 1471 1878 1541 rebap-

296 1566 526 1621 tizandis
551 1564 858 1635 opinionem
883 1564 1065 1620 multis
1092 1563 1283 1635 probat
1311 1563 1601 1635 Scripturae
1626 1563 1875 1627 textibus,

293 1669 357 1715 ut
383 1659 571 1715 videre
599 1668 680 1715 est
728 1660 779 1713 in
829 1659 989 1729 epist.
1034 1660 1102 1713 ad
1131 1658 1381 1730 Magnum
1434 1657 1524 1721 69,
1571 1660 1639 1712 ad
1683 1657 1879 1729 episcon

294 1768 388 1823 pos
416 1750 677 1805 Numidia:
718 1750 805 1817 70,
857 1751 925 1804 ad
957 1751 1273 1823 Stephanum
1326 1752 1390 1806 Β.
1427 1752 1486 1806 Ρ.
1532 1752 1621 1813 72,
1672 1752 1742 1804 ad
1780 1749 1878 1803 Ju-

1984 534 2107 590 ﬁdei
2138 552 2167 590 a
2195 534 2462 607 Cypriano
2491 537 2870 608 usurpabatur.
2900 536 3037 592 Male
3068 536 3227 607 igitur
3252 551 3317 591 ex
3342 551 3406 592 eo
3433 551 3567 593 con-

1983 631 2212 685 cluditur
2251 632 2310 687 S.
2338 633 2659 704 Cyprianum
2688 648 2838 687 suam
2867 632 2935 688 de
2963 630 3360 703 rebaptizandls
3390 630 3565 689 haere-

1985 724 2101 778 ticis
2130 725 2433 793 opinionem
2465 725 2583 779 ﬁdei
2611 724 2983 795 adscripsisse.

2059 817 2175 871 Dixi
2222 818 2340 871 dato
2369 818 2694 872 antecedente
2740 840 2753 871 :
2787 832 3075 887 numquam
3106 817 3249 871 enim
3278 814 3335 871 S.
3371 815 3569 872 Doctor

1983 924 2136 964 suam
2164 910 2475 979 opinionem
2523 926 2589 965 ex
2643 909 2934 982 Scripturis
2976 909 3181 965 directe
3219 908 3469 979 probavit
3517 918 3575 965 ut

1983 1007 2101 1073 ejus
2136 1005 2187 1058 in
2219 1003 2320 1059 hac
2346 1006 2643 1075 quaestione
2665 1006 2857 1074 scripta
2881 1013 3081 1059 attente
3107 1003 3451 1075 perlustranti
3476 1018 3570 1074 pa-

1984 1096 2134 1152 tebit.
2163 1097 2360 1152 Probat
2388 1098 2601 1168 quidem
2650 1113 2713 1153 ex
2742 1097 3032 1167 Scripturis
3063 1097 3347 1151 haereticos
3374 1096 3575 1152 Chrisﬁ

1982 1204 2103 1245 esse
2153 1191 2489 1247 adversarios
2542 1194 2594 1247 in
2622 1193 2781 1263 epist.
2823 1193 2890 1245 ad
2930 1190 3177 1245 Jubaian.
3205 1199 3261 1246 et
3307 1191 3374 1245 ad
3408 1189 3571 1245 Pom-

1982 1286 2501 1357 peium;Ecclesiatn
2524 1305 2681 1343 unam
2707 1303 2829 1343 esse
2856 1289 2909 1342 in
2939 1303 3024 1359 ep.
3051 1287 3118 1342 ad
3143 1285 3389 1359 Magnum
3417 1298 3474 1343 et
3502 1286 3571 1342 ad

1982 1378 2307 1450 Pompeium.
2352 1381 2527 1436 Unum
2574 1381 2843 1453 Baptisma
2896 1390 2949 1435 et
3003 1395 3161 1434 unam
3191 1394 3312 1435 esse
3341 1379 3497 1436 ﬁdem
3522 1380 3575 1434 in

1980 1474 2138 1544 epist.
2162 1474 2230 1528 ad
2278 1474 2555 1545 Episwpos
2610 1475 2874 1529 Numidia
2912 1483 2966 1530 et
3007 1473 3075 1528 ad
3102 1472 3427 1544 Pompeium;
3458 1472 3577 1529 illos

1981 1571 2125 1626 solos
2150 1569 2409 1639 Spiritum
2432 1579 2673 1625 sanctum
2698 1570 2828 1624 dare
2850 1582 3005 1639 posse
3033 1568 3122 1638 qui
3154 1569 3326 1637 ipsum
3352 1566 3573 1633 habent,

1981 1664 2034 1719 in
2064 1666 2221 1733 epist.
2254 1663 2323 1717 ad
2350 1662 2770 1735 Magnum;solis
2790 1663 3041 1718 Ecclesite
3078 1661 3385 1733 praepositis
3414 1661 3577 1716 licere

1982 1756 2256 1825 baptizare
2286 1757 2337 1810 in
2357 1757 2600 1825 epist.ad
2620 1756 2894 1823 Jubaian.;
2921 1755 3362 1827 blasphemantes
3392 1754 3445 1807 in
3470 1752 3575 1807 Pa-

295 1845 464 1898 baian.
504 1846 594 1911 75,
645 1855 699 1900 et
763 1845 830 1899 ad
874 1842 1178 1916 Pompeium
1234 1845 1321 1899 Ἠ.
1368 1844 1509 1914 Ergo
1553 1859 1669 1899 eam
1712 1858 1743 1897 a
1770 1843 1881 1898 Deo
1909 1837 1959 1899 Β
1988 1857 2122 1904 trem
2150 1864 2257 1911 non
2286 1864 2448 1920 posse
2468 1851 2723 1917 consequi
2750 1850 3121 1903 remissionem
3152 1859 3492 1917 peccatorum
3522 1848 3577 1902 in

296 1938 545 1993 traditam
578 1938 788 1993 censuit
826 1948 881 1993 et
907 1948 1303 2007 consequenter
1330 1936 1433 1992 ﬁde
1462 1935 1807 1993 credendam.

370 2032 711 2102 Respondeo.
760 2032 895 2087 Dato
940 2031 1315 2098 antecedente,
1350 2046 1487 2101 nego
1542 2043 1879 2099 consequen-

301 2126 425 2179 tiam
454 2140 467 2187 ;
495 2140 601 2181 non
633 2126 776 2179 enim
820 2126 873 2180 in
903 2125 1067 2180 rebus
1095 2124 1216 2180 ﬁdei
1248 2134 1474 2189 tantum,
1506 2140 1688 2178 verum
1721 2122 1880 2176 etiam

302 2220 355 2274 in
406 2221 567 2275 rebus
605 2236 769 2275 merae
801 2220 1100 2290 disciplinae
1145 2221 1341 2290 szepius
1392 2217 1687 2274 afferuntur
1716 2231 1884 2272 sacra:

300 2315 593 2386 Scripturte
633 2316 773 2378 loca.
807 2314 874 2371 ad
903 2315 1290 2370 ostendendam
1321 2314 1528 2369 scilicet
1573 2326 1881 2381 congruen-

298 2413 425 2467 tiam
454 2412 680 2481 alicujus
704 2410 1002 2481 disciplinte
1046 2425 1165 2465 cum
1197 2409 1262 2463 iis
1309 2424 1428 2480 quae
1450 2422 1480 2461 a
1515 2406 1621 2462 Deo
1649 2413 1771 2459 sunt
1800 2419 1886 2459 re-

304 2508 504 2573 velata,
526 2516 583 2562 ut
608 2522 671 2563 ex
711 2507 811 2562 hac
834 2506 1181 2579 congruentia
1220 2506 1364 2561 illius
1403 2504 1626 2576 aequitas
1648 2501 1887 2557 vindice-

300 2611 410 2657 tur.
444 2600 534 2657 Sic
562 2600 617 2655 8.
653 2598 876 2655 Basilius
916 2600 1076 2670 epist.
1108 2598 1231 2663 199,
1260 2599 1410 2669 juxta
1461 2612 1655 2651 novam
1687 2594 1885 2651 editio-

300 2712 421 2752 nem
454 2699 523 2750 ad
568 2695 999 2765 Amphilochium,
1048 2708 1168 2763 cap.
1200 2692 1291 2758 3‘2,
1339 2706 1402 2745 ex
1440 2690 1735 2760 Scripturis
1764 2702 1886 2758 pro-

301 2791 392 2847 bat
438 2790 749 2860 episcopum
780 2831 793 2855 ,
828 2788 1205 2859 presbyterum
1226 2829 1239 2852 ,
1269 2785 1555 2841 diaconum
1612 2782 1888 2855 depositos

301 2894 521 2955 propter
569 2882 785 2955 aliquod
834 2882 1037 2938 crimen
1080 2895 1185 2935 non
1238 2878 1437 2934 debere
1490 2886 1706 2948 propter
1746 2875 1887 2930 idem

302 2980 504 3034 crimen
555 2976 937 3033 communione
990 2973 1352 3030 ecclesiastica
1402 2971 1619 3041 privari.
1674 2969 1764 3025 Sic
1820 2968 1886 3022 D.

303 3075 663 3147 Hieronymus
709 3072 868 3143 epist.
921 3071 988 3124 ad
1039 3068 1269 3139 TheOplt.
1332 3067 1591 3122 adversus
1646 3078 1887 3119 errorem

303 3170 525 3227 Joannis
571 3168 930 3239 Hierosolym.
984 3166 1174 3234 probat
1201 3163 1521 3218 auctoritate
1553 3170 1663 3213 tum
1694 3156 1890 3212 veteris

304 3272 358 3319 et
386 3262 517 3317 Novi
546 3232 876 3317 Testamenti
923 3232 1215 3329 legitimam
1266 3255 1432 3311 fuisse
1455 3249 1752 3307 Pauliniani
1781 3248 1892 3305 fac-
1918 3232 1965 3297 C

304 3367 410 3411 tam
441 3371 470 3410 a
516 3354 575 3411 S.
607 3352 905 3424 Epiphanio
943 3350 1360 3414 ordinationem,
1396 3346 1746 3401 Paulinianus
1778 3352 1890 3397 tum

305 3448 636 3520 temporibus
693 3448 907 3518 triginta
940 3453 1146 3500 tantum
1200 3457 1371 3498 annos
1419 3449 1565 3497 esset
1591 3450 1769 3494 natus.
1797 3437 1890 3493 Sic

304 3547 361 3600 S.
409 3545 741 3613 Augustinus
783 3540 875 3595 lib.
926 3542 989 3593 de
1019 3538 1150 3592 Fide
1175 3547 1221 3590 ct
1252 3534 1519 3607 Operibus,
1555 3549 1606 3588 c.
1635 3531 1727 3598 26,
1760 3545 1890 3602 pro-

303 3638 395 3693 bat
442 3636 763 3691 auctoritate
811 3634 869 3688 S.
899 3632 1193 3702 Scriptum
1242 3628 1487 3699 quardam
1515 3642 1636 3683 esse
1665 3626 1891 3680 crimina

302 3729 855 3789 excommunicatione
905 3724 1211 3797 plectenda,
1244 3721 1489 3794 quaedam
1542 3736 1651 3775 non
1681 3720 1893 3790 publica

301 3824 616 3896 ptenitentia
636 3822 729 3877 sed
749 3820 1066 3888 quibusdam
1099 3816 1499 3886 correptionum
1526 3814 1891 3868 medicamen-

300 3920 374 3973 tis
421 3915 655 3971 sananda
683 3932 697 3979 ;
730 3917 809 3971 sic
838 3915 896 3969 S.
938 3912 1049 3967 Leo
1088 3911 1309 3981 Magnus
1356 3908 1516 3979 epist.
1550 3907 1620 3962 92
1673 3906 1741 3959 ad
1781 3906 1892 3959 Ru-

300 4016 481 4069 sticum
520 4010 748 4065 Narbon.
805 3994 1096 4080 episcopum
1139 4021 1186 4059 c.
1220 4006 1277 4067 2,
1308 4003 1499 4074 probat
1527 4019 1593 4057 ex
1615 4002 1892 4071 Scriptura

303 4106 653 4178 presbyteros
675 4113 724 4158 et
748 4102 1005 4157 diaconos
1032 4115 1137 4155 non
1167 4114 1287 4154 esse
1307 4098 1635 4169 paenitentia:
1669 4095 1894 4166 publicae

304 4199 684 4271 subjiciendos,
719 4215 838 4269 qua:
869 4208 1015 4253 certe
1042 4200 1222 4251 omnia
1270 4197 1572 4251 nullatenus
1612 4194 1770 4248 ﬁdem
1799 4192 1893 4247 sed

303 4315 469 4355 unam
502 4306 745 4369 Spectant
766 4296 1025 4352 Ecclesiae
1047 4296 1405 4365 disciplinam.
1428 4294 1561 4348 Esto
1586 4294 1744 4363 igitur
1768 4308 1894 4364 pro-

303 4393 517 4448 baverit
556 4392 613 4446 S.
650 4392 846 4445 Doctor
878 4406 1027 4444 suam
1053 4389 1361 4459 opinionem
1393 4388 1572 4441 multis
1598 4380 1894 4456 Scriptura:

305 4484 543 4540 textibus
570 4500 673 4537 non
708 4483 827 4537 ideo
856 4481 1067 4536 censuit
1093 4480 1159 4534 ad
1192 4479 1347 4534 ﬁdem
1372 4494 1493 4533 eam
1524 4479 1813 4548 pertinere.

387 4576 451 4628 Et
471 4591 595 4630 vero
616 4590 795 4629 nonne
821 4573 1121 4645 Cyprianus
1146 4572 1259 4642 ipse
1283 4571 1427 4641 plura
1453 4570 1745 4639 Scriptura:
1774 4570 1892 4624 loca

1986 1944 2143 2013 epist.
2175 1943 2243 1995 ad
2262 1940 2536 2007 Jubaian.;
2563 1942 2730 1995 solam
2766 1942 3059 1996 Ecclesiam
3108 1942 3216 1996 Deo
3244 1940 3381 1996 ﬁlios
3409 1956 3575 2012 gene-

1987 2052 2129 2101 rare,
2156 2038 2207 2090 in
2238 2038 2396 2107 epist.
2425 2036 2492 2089 ad
2523 2034 2924 2106 Pompeium;ct
2953 2035 3165 2090 tandem
3195 2026 3450 2105 Baptismi
3480 2050 3577 2090 ne-

1987 2130 2294 2185 cessitatem
2324 2130 2377 2184 in
2400 2128 2558 2199 epist.
2586 2129 2655 2182 ad
2678 2129 2995 2199 Stephanum
3023 2128 3114 2183 72.
3141 2128 3218 2183 Ex
3244 2129 3307 2183 iis
3329 2126 3579 2182 omnibus

1987 2237 2106 2292 qum
2136 2236 2199 2275 ex
2224 2219 2515 2290 Scripturis
2539 2220 2915 2288 conﬁrmabat,
2948 2220 3147 2291 aliquid
3174 2219 3497 2276 concludere
3522 2219 3579 2275 in

1988 2314 2228 2371 favorem
2280 2330 2392 2370 suae
2420 2316 2689 2385 opinionis
2717 2314 2882 2369 variis
2909 2314 3206 2368 ratiociniis
3234 2313 3531 2369 conabatur
3557 2331 3573 2378 ;

1990 2421 2045 2466 at
2092 2427 2380 2482 numquam
2428 2428 2493 2467 ex
2522 2411 2816 2481 Scripturis
2857 2411 3063 2465 directe
3114 2410 3351 2477 probavit
3386 2408 3579 2464 invali-

1991 2505 2118 2561 dum
2162 2522 2283 2562 esse
2311 2507 2581 2577 Baptisma
2609 2507 2675 2562 ab
2720 2507 2990 2563 hazreticis
3026 2505 3301 2573 collatum,
3326 2506 3394 2561 ab
3425 2505 3581 2561 bere-

1992 2603 2111 2657 ticis
2139 2602 2435 2671 baptisatos
2487 2602 2551 2656 ad
2584 2603 2876 2659 Ecclesiatn
2920 2602 3196 2657 venientes
3227 2602 3417 2657 iterato
3445 2601 3582 2673 Bap-

1993 2695 2153 2748 tismo
2181 2709 2302 2749 esse
2332 2694 2637 2765 tingendos.

2063 2787 2238 2858 Objic.
2272 2805 2329 2843 ιι.
2352 2789 2653 2860 Cyprianus
2678 2787 2870 2842 asserit
2899 2803 2965 2842 ex
2988 2786 3086 2841 bac
3108 2787 3175 2841 de
3201 2785 3580 2842 hmreticorum

1994 2883 2265 2952 Baptisma
2294 2884 2591 2954 quzestione
2618 2882 2854 2953 pendere
2876 2883 3137 2953 originem
3166 2881 3288 2935 ﬁdei
3315 2893 3367 2936 et
3394 2882 3583 2939 salutis

1993 2991 2212 3035 aeternio
2239 2996 2252 3032 :
2276 2978 2490 3051 «Neque
2517 2980 2681 3046 enim,
2708 2999 2725 3032 ι
2763 2980 2934 3047 inquit
2960 2980 3013 3033 in
3041 2978 3196 3047 epist.
3217 2978 3285 3030 ad
3308 2976 3579 3043 Jubaian.,

1999 3093 2019 3126 ι
2050 3090 2213 3145 parva
2266 3089 2353 3128 res
2403 3083 2458 3129 et
2506 3073 2716 3128 modica
2762 3070 3079 3127 conceditur
3127 3070 3393 3141 quandoa
3426 3070 3584 3125 nobis

1994 3169 2266 3235 Baptisma
2293 3183 2479 3224 eorum
2514 3167 2565 3222 in
2599 3176 2877 3236 acceptum
2928 3168 3166 3222 refertur
3198 3180 3318 3221 cum
3348 3165 3471 3221 inde
3499 3166 3584 3219 in-

1996 3264 2160 3335 cipiat
2188 3264 2363 3318 omnis
2391 3262 2511 3317 ﬁdei
2543 3262 2695 3332 origo
2724 3270 2777 3315 et
2806 3260 2873 3315 ad
2913 3277 3063 3331 spem
3095 3262 3217 3315 vitae
3249 3267 3463 3314 aeternae
3491 3273 3584 3314 sa-

1997 3358 2189 3415 lutaris
2218 3359 2498 3429 ingressio.
2535 3377 2552 3409 ι
2591 3358 2753 3423 Atqui
2799 3372 2865 3411 ex
2892 3355 3260 3410 controversia
3292 3368 3453 3408 mera:
3475 3352 3586 3407 dis-

1996 3450 2205 3521 ciplinze
2254 3467 2360 3505 non
2400 3449 2595 3520 pendet
2641 3448 2765 3503 ﬁdei
2823 3456 2878 3502 et
2908 3448 3097 3502 salutis
3143 3447 3315 3517 origo,
3348 3460 3477 3516 ergo
3530 3452 3587 3499 ut

1997 3561 2159 3599 merce
2192 3544 2489 3612 disciplina:
2518 3542 2870 3613 quaestionem
2901 3557 3005 3597 non
3031 3541 3282 3611 inspexit.

2069 3635 2233 3705 Resp.
2270 3635 2416 3704 Nego
2458 3635 2715 3703 majorem
2748 3650 2852 3689 non
2887 3635 3029 3688 enim
3058 3649 3123 3688 ex
3151 3632 3587 3702 rebaptizationis

1998 3731 2110 3796 lite,
2137 3730 2232 3785 sed
2262 3747 2327 3784 ex
2357 3730 2627 3800 Baptismo
2668 3729 2903 3799 pendere
2928 3728 3049 3784 ﬁdei
3076 3737 3129 3784 et
3158 3728 3347 3782 salutis
3371 3737 3589 3783 aeternae

1999 3826 2260 3895 originem
2294 3826 2603 3893 pronuntiat
2636 3825 2688 3877 in
2721 3834 2868 3879 textu
2897 3823 3077 3887 allato,
3105 3838 3223 3893 quae
3246 3822 3375 3890 duo,
3418 3824 3471 3877 ni
3494 3822 3589 3877 fal-

2000 3918 2105 3980 lor,
2134 3924 2259 3971 sunt
2310 3915 2467 3984 plane
2517 3914 2768 3979 diversa;
2826 3915 2991 3969 immo
3019 3914 3065 3968 si
3096 3911 3417 3985 Cyprianum
3463 3929 3589 3983 pro-

2001 4012 2149 4082 prius
2170 4008 2437 4074 attendas,
2461 4008 2787 4062 contrarium
2812 4023 2881 4063 ex
2909 4007 3025 4076 ipso
3052 4004 3336 4060 manifeste
3360 4006 3584 4069 eruitur;

2000 4120 2122 4158 cum
2154 4102 2296 4155 enim
2336 4110 2543 4157 asserat
2565 4101 2616 4155 in
2649 4100 2834 4155 eadem
2862 4099 3088 4169 epistola
3112 4098 3179 4153 de
3208 4113 3395 4154 eorum
3418 4097 3589 4151 salute

2001 4212 2107 4250 non
2158 4209 2278 4250 esse
2308 4192 2725 4263 de5perandum,
2758 4194 2847 4261 qui
2892 4206 3013 4246 cum
3045 4191 3160 4247 solo
3211 4191 3590 4245 haereticorum

1998 4289 2276 4357 Baptistno
2307 4287 2580 4351 obierunt,
2598 4286 2729 4340 satis
2745 4284 2980 4340 ostendit
3002 4301 3063 4338 ex
3086 4298 3182 4337 sua
3208 4283 3460 4354 opinione
3481 4296 3589 4337 non

2002 4380 2237 4451 pendere
2289 4380 2409 4434 ﬁdei
2439 4390 2492 4433 ct
2518 4379 2707 4433 salutis
2738 4378 3024 4449 originem.
3052 4377 3225 4432 Porro
3255 4393 3325 4432 ex
3354 4391 3420 4431 eo
3447 4374 3589 4445 quod

2001 4474 2301 4548 Cyprianus
2330 4475 2527 4529 dixerit
2556 4489 2585 4528 a
2611 4473 2885 4543 Baptismo
2913 4472 3148 4543 pendere
3169 4470 3291 4526 ﬁdei
3321 4478 3375 4525 et
3403 4468 3591 4524 salutis

2001 4570 2284 4638 originem,
2315 4567 2493 4639 colligi
2524 4581 2631 4621 non
2661 4574 2836 4636 potest
2876 4564 3051 4634 ipsum
3080 4564 3316 4633 dogmati
3346 4576 3495 4616 suam
3524 4559 3592 4616 de

306 4669 493 4726 retulit
520 4670 586 4725 ad
615 4685 677 4725 ea
705 4667 1019 4723 stabilienda
1047 4683 1164 4736 qua:
1194 4667 1432 4720 omnium
1461 4664 1664 4735 judicio
1690 4680 1891 4718 meram
1916 4638 1973 4701 Ῑ)
2004 4664 2401 4734 rebaptizandis
2429 4662 2702 4718 haereticis
2728 4662 3000 4717 addixisse
3029 4661 3374 4716 sententiam.

303 4764 624 4835 spectabant
654 4762 1033 4834 disciplinam?
1058 4762 1190 4834 Quis
1234 4768 1393 4832 neget
1441 4775 1553 4815 rem
1600 4774 1720 4815 esse
1750 4776 1898 4830 purae

308 4857 606 4927 disciplina:
637 4856 800 4923 lapsis
845 4855 1143 4910 concedere
1196 4869 1412 4924 pacem,
1461 4862 1515 4907 ct
1564 4853 1898 4908 communio-

306 4967 432 5006 nem
480 4949 894 5005 ccclesiasticam
945 4959 1089 5011 ante,
1139 4947 1225 5002 vel
1257 4958 1378 5017 post
1426 4955 1697 5016 peractam
1727 4946 1897 5015 poenio

305 5045 532 5101 tentiam
561 5040 915 5097 canonicam?
945 5040 1086 5110 Lege
1117 5050 1294 5094 tamen
1321 5038 1577 5111 Cypriani
1607 5047 1896 5092 tractatum

305 5141 371 5193 de
403 5137 606 5208 Lapsis,
635 5137 753 5203 ejus
799 5132 1064 5203 Epistolas
1113 5133 1180 5184 att
1227 5131 1536 5202 presbyteros
1590 5127 1892 5198 Cartltagin.

305 5233 402 5297 16.
431 5236 498 5286 ad
530 5234 841 5303 presbyteros
872 5231 1123 5285 Romanos
1180 5226 1271 5290 50,
1322 5224 1388 5277 ad
1443 5223 1640 5293 Lapsos
1685 5224 1775 5287 53,
1832 5222 1899 5274 ad

304 5328 625 5399 presbyteros
679 5323 916 5393 Carthag.
971 5325 1061 5385 54,
1107 5320 1258 5389 plura
1322 5318 1611 5387 Scriptura:
1643 5316 1757 5369 loca
1808 5330 1897 5369 re-

308 5422 494 5495 peries
524 5436 551 5475 a
577 5420 847 5491 Cypriano
873 5419 1030 5473 citata
1063 5416 1130 5469 ad
1161 5429 1310 5469 suam
1343 5413 1394 5467 iu
1419 5414 1519 5467 hoc
1538 5411 1753 5482 negotio
1782 5410 1898 5480 opi-

307 5517 527 5570 nionem
561 5510 961 5567 stahiliendam.
992 5507 1120 5573 Quis
1164 5514 1320 5576 neget
1347 5520 1458 5558 rem
1490 5518 1609 5557 esse
1640 5518 1788 5572 purse
1818 5503 1900 5556 di-

307 5606 555 5677 sciplina!
608 5606 849 5675 morique
888 5601 1133 5673 prmccpti
1178 5597 1525 5653 ecclesiastici
1575 5613 1726 5667 aqua:
1774 5597 1899 5650 vino

304 5702 625 5757 mixtionem
656 5700 704 5752 in
736 5697 917 5752 Calice
964 5692 1240 5748 Dominico
1267 5691 1587 5747 offerendo?
1619 5694 1785 5761 Aquae
1818 5700 1897 5743 ta-

310 5811 439 5848 mcn
496 5790 867 5847 necessitatem
916 5805 982 5843 ex
1029 5786 1222 5840 divinis
1262 5784 1553 5854 Scripturis
1590 5783 1781 5856 probat
1836 5784 1892 5837 S.

306 5889 613 5960 Cyprianus
663 5886 713 5939 in
766 5884 922 5955 epist.
954 5882 1021 5936 ad
1053 5880 1296 5936 Cecitittm
1320 5880 1433 5945 65;
1477 5878 1575 5932 hoc
1617 5892 1747 5946 ergo
1770 5891 1893 5948 pro-

2072 4754 2242 4826 Objic.
2279 4772 2354 4810 ιιι.
2387 4755 2446 4811 8.
2479 4754 2776 4826 Cyprianus
2806 4768 3061 4824 expresse
3090 4752 3245 4808 docet
3276 4769 3306 4808 a
3349 4752 3460 4808 Deo
3500 4768 3591 4809 re-

2005 4851 2236 4906 velatum
2261 4865 2401 4914 esse,
2419 4849 2559 4919 quod
2574 4849 2829 4903 adversus
2848 4846 3179 4917 Stephanum
3198 4848 3353 4902 Hom.
3372 4846 3591 4901 Pontiﬁ-

2001 4959 2118 4999 cem
2148 4943 2426 4998 tuebatur:
2461 4960 2479 4993 t
2504 4941 2753 5007 Proinde,
2781 4960 2799 4992 ι
2826 4942 2995 5011 inquit
3027 4941 3078 4994 in
3111 4940 3321 4995 laudata
3344 4941 3502 5009 epist.
3525 4939 3594 4992 ad

1999 5036 2273 5103 Jubaian.,
2305 5055 2323 5088 ι
2349 5036 2541 5091 frustra
2561 5035 2775 5103 quidam
2794 5035 2883 5106 qui
2904 5036 3113 5090 ratione
3137 5035 3445 5099 vincuntur,
3464 5047 3595 5087 con-

2006 5130 2345 5184 suetudinem
2374 5129 2525 5183 nobis
2570 5138 2849 5199 opponunt
2879 5128 3028 5197 quasi
3060 5125 3397 5183 consuetudo
3424 5124 3596 5195 major

2006 5226 2077 5278 sit
2113 5224 2357 5290 veritate,
2390 5233 2481 5277 aut
2526 5222 2577 5279 id
2611 5240 2715 5277 non
2748 5222 2817 5276 sit
2860 5223 2913 5277 in
2946 5222 3316 5291 spiritualibus
3365 5236 3597 5293 sequen-

2006 5316 2133 5370 dum
2159 5316 2366 5385 quodin
2396 5315 2586 5369 melius
2608 5316 2768 5371 fuerit
2789 5330 2818 5368 a
2836 5314 3034 5384 Spiritu
3064 5325 3250 5369 sancto
3275 5314 3594 5382 revelatum,

2006 5407 2205 5478 ignosci
2238 5407 2379 5461 enim
2429 5415 2606 5476 potest
2634 5405 2952 5477 simpliciter
2982 5408 3208 5466 erranti,
3246 5419 3367 5475 poSt
3418 5407 3595 5475 inspe-

2006 5500 2268 5554 rationetn
2298 5512 2426 5553 vero
2455 5506 2508 5552 et
2533 5498 2918 5553 revelationem
2940 5496 3133 5551 factam
3161 5499 3252 5566 qui
3283 5497 3334 5550 in
3364 5510 3429 5550 eo
3454 5496 3596 5565 quod

2006 5602 2300 5655 erraverat,
2337 5602 2651 5661 perseverat
2693 5590 2929 5661 prudens
2976 5601 3029 5644 et
3062 5590 3262 5655 sciens,
3295 5589 3410 5643 sine
3438 5589 3597 5643 venia

2004 5685 2319 5757 ignorantia:
2352 5694 2574 5755 peccat;
2611 5685 3028 5753 praasutnptione
3072 5682 3214 5735 enim
3243 5690 3402 5751 atque
3430 5681 3597 5735 obsti-

2003 5779 2219 5833 natione
2259 5779 2488 5849 quadam
2542 5778 2729 5833 nititur
2784 5794 2904 5835 cum
2956 5776 3164 5832 ratione
3215 5784 3522 5844 superetur.
3572 5792 3593 5825 ι

2004 5874 2145 5943 Ergo
2176 5870 2307 5927 illud
2354 5872 2475 5928 ﬁdei
2524 5870 2819 5928 referebat.
