4208 6276
655 317 790 380 I559
882 366 889 375 .
966 308 973 315 '

2065 322 2514 389 θιεεωτΑτιο
2537 339 2540 342 ’

3791 332 3933 389 13ιο

724 437 888 510 Resp.
923 433 1198 512 Distingue
1223 441 1880 516 sittesedens.ﬂypriantts
1899 443 2057 504 docet
2103 443 2244 512 quod
2269 441 2325 510 Α
2419 446 2608 518 Oblici.
2641 463 2714 505 tv.
2747 448 2824 506 De
2852 448 2962 505 fids
2983 447 3238 506 credebat
3293 447 3352 504 S.
3384 447 3586 504 Doctor
3627 461 3722 502 eos
3747 447 3932 516 bapti-

657 535 919 592 adversus
944 532 1272 604 Stephanum
1305 537 1552 598 tuebatur
1575 554 1606 598 ο
1637 539 1747 601 Deo
1789 554 1913 598 esse
1943 538 2236 600 revelatum

653 625 992 696 quibusdam,
1019 633 1288 700 tamquam
1315 629 1440 701 quid
1469 630 1685 698 melius,
1717 641 1772 686 et
1797 632 1980 692 utilius
2004 630 2240 686 concedo

555 777 568 788 Ι
651 717 1030 783 antecedens,a
1057 718 1166 774 Deo
1191 734 1312 778 esse
1339 723 1629 780 revelatum
1647 739 1771 778 vero
1789 734 1842 779 et
1872 724 2082 794 preprie
2100 723 2239 782 dicta

653 808 984 866 revelatione
1010 811 1060 867 in
1090 811 1257 868 verbo
1282 812 1373 868 Dei
1401 813 1600 885 scripto
1631 815 1712 870 vel
1742 815 1938 872 tradito
1966 825 2238 879 contenta,

653 913 793 970 nego
837 901 1180 964 antecedens.
1223 901 1406 976 Itaque
1444 905 1771 964 revelatiene
1815 907 1998 968 fusinri
2045 909 2243 978 signifi.

654 1005 775 1052 catn
797 994 882 1056 ltic
898 997 1058 1052 sumit
1072 997 1350 1065 S.Doctor,
1371 1010 1526 1070 prout
1543 1002 1718 1058 omnis
1737 1001 1932 1060 veritas
1945 1002 2242 1071 cujuscumv

653 1104 757 1162 que
769 1089 1049 1148 sitordinis
1061 1107 1090 1146 a
1107 1091 1216 1147 Deo
1232 1092 1713 1165 manifeStatur,qni
1736 1095 1904 1166 prima
1920 1095 2118 1150 veritas
2133 1105 2238 1162 est,

656 1191 705 1240 et
724 1191 882 1256 prout
898 1198 1057 1240 omne
1075 1185 1273 1244 donum
1288 1185 1573 1245 desursum
1590 1196 1669 1246 est
1684 1187 2016 1248 descendens
2033 1203 2062 1242 a
2082 1188 2242 1248 Patre

655 1273 940 1340 luminum,
967 1287 1122 1348 prout
1147 1277 1384 1350 inquam,
1411 1293 1573 1338 omne
1601 1278 1743 1351 quod
1771 1283 1854 1334 vel
1872 1279 1937 1334 ad
1954 1279 2135 1342 fidem,
2155 1278 2241 1341 vel

655 1366 722 1422 ad
754 1366 1010 1424 Ecclesia.-
1042 1368 1375 1439 disciplinam
1418 1381 1471 1430 et
1497 1373 1734 1444 regimen
1761 1382 1986 1446 spectat,
2018 1372 2240 1444 revelat,

656 1458 879 1530 inspirat
911 1460 1141 1530 Spiritus
1167 1473 1403 1523 sanctus.

730 1552 784 1610 l°
812 1553 966 1612 Enim
1009 1554 1307 1626 Cyprianus
1366 1557 1418 1616 in
1458 1564 1604 1624 textu
1651 1557 1919 1630 obiectate
1971 1572 2076 1614 non
2115 1557 2246 1622 dicit

657 1645 974 1718 simpliciter
1021 1648 1114 1704 sed
1151 1649 1201 1702 in
1247 1650 1439 1708 melius
1468 1651 1764 1708 revelatum
1793 1649 1935 1720 quod
1986 1649 2244 1711 adversm

658 1739 990 1810 Stephanum
1022 1744 1286 1812 tuebatur,
1321 1761 1428 1803 non
1465 1745 1594 1804 dicit
1624 1746 1877 1806 Ecclesia:
1925 1745 2240 1818 revelatum,

2341 559 2466 606 zare
2496 545 2601 597 non
2638 559 2797 613 posse
2826 545 3018 615 quibus
3056 559 3086 598 a
3128 543 3347 602 Christo
3373 557 3635 603 concessa
3663 557 3769 596 non
3813 553 3932 596 erat

2343 636 2643 708 baptizandi
2679 645 2943 706 potestas;
2975 647 3030 692 at
3057 637 3327 692 haereticis
3349 637 3507 691 talem
3535 651 3566 690 a
3588 635 3806 694 Christo
3829 634 3933 688 da-

2342 737 2448 786 tam
2493 729 2660 784 fuisse
2697 737 3018 799 potestatem
3060 729 3288 799 negabat
3313 726 3615 800 Cyprianus
3645 745 3658 780 :
3695 744 3715 778 ‹
3753 726 3933 781 Mani-

2340 821 2538 880 festum
2583 833 2686 888 est,
2723 841 2744 876 ›
2777 823 2950 894 inquit
2997 825 3051 878 in
3080 823 3254 893 Epist.
3305 823 3371 876 ad
3397 821 3663 889 Jubaian.,
3703 840 3723 874 ι
3752 820 3840 874 ubi
3873 829 3938 876 et

2341 930 2437 984 per
2463 929 2597 984 quos
2637 925 2691 970 et
2734 916 2957 971 remissa
2989 925 3338 995 peccatorum
3363 913 3481 968 dari
3525 914 3695 983 possit
3721 928 3840 984 qua:
3873 913 3936 968 in

2342 1006 2618 1077 Baptismo
2638 1010 2844 1064 scilicet
2863 1008 3057 1074 datur;
3088 1024 3211 1064 nam
3236 1009 3392 1064 Petro
3414 1008 3648 1078 primum
3674 1007 3938 1062 Dominus

2341 1115 2504 1170 super
2553 1117 2710 1170 quem
2769 1101 3054 1156 aedificavit
3111 1101 3407 1156 Ecclesium
3455 1098 3600 1154 unde
3629 1107 3686 1153 et
3715 1099 3937 1155 unitatis

2343 1195 2604 1265 originem
2629 1195 2856 1250 instituit
2876 1204 2930 1250 et
2948 1195 3206 1260 ostendit,
3239 1204 3558 1264 potestatem
3581 1193 3741 1248 istam
3765 1193 3936 1261 dedit,

2343 1295 2400 1341 ut
2422 1287 2473 1340 id
2504 1287 2806 1344 solveretur
2832 1287 2885 1344 in
2914 1289 3067 1348 caelis
3094 1289 3237 1359 quod
3263 1289 3352 1349 ille
3374 1288 3632 1350 solvisset
3654 1287 3708 1341 in
3735 1288 3896 1341 terris
3921 1305 3933 1339 :

2344 1390 2397 1436 et
2425 1362 2544 1451 post
2570 1382 3023 1438 resurrectionem
3050 1398 3262 1454 quoque
3290 1381 3356 1436 ad
3379 1381 3670 1450 Apostolos
3699 1381 3938 1451 loquitur

2343 1473 2528 1532 dicens
2558 1494 2570 1527 :
2606 1477 2750 1533 Sient
2783 1477 2920 1530 misit
2954 1494 3032 1530 me
3071 1475 3244 1542 Pater,
3295 1486 3340 1530 et
3377 1491 3468 1546 ego
3515 1476 3658 1528 mitto
3689 1491 3780 1530 eos
3803 1518 3819 1538 ,
3848 1475 3938 1528 hoc

2345 1585 2458 1626 cum
2508 1570 2718 1624 dixisset
2758 1571 3030 1641 inspiravit
3059 1579 3106 1624 et
3135 1573 3206 1624 ait
3237 1568 3344 1623 illis
3379 1585 3397 1622 :
3423 1569 3655 1638 Accipite
3688 1568 3940 1639 Spiritui

2343 1669 2605 1724 sanetum;
2665 1662 2710 1716 si
2761 1664 2906 1727 cuius
2976 1662 3273 1718 remiseritis
3350 1670 3558 1731 peccata
3615 1661 3942 1715 remittuntur

2345 1753 2425 1810 illi
2445 1795 2460 1820 ,
2489 1754 2534 1808 si
2561 1755 2706 1823 cujus
2737 1754 3014 1818 tenueritis,
3049 1753 3382 1817 tenebuntur;
3421 1752 3564 1808 unde
3590 1752 3942 1822 intelligimus

657 1834 752 1892 sed
779 1835 1099 1908 quibusdam
1133 1838 1272 1892 inter
1303 1838 1506 1904 tideles,
1535 1853 1670 1910 quos
1706 1838 2098 1897 inexcusabiles
2125 1853 2244 1900 esse
2269 1839 2320 1908 Β
2349 1861 2456 1906 non
2487 1846 2588 1902 nisi
2621 1847 2674 1902 in
2707 1847 2946 1902 Ecclesia
2979 1845 3284 1916 przepositis
3311 1855 3364 1900 et
3394 1846 3448 1900 in
3465 1845 3794 1914 Evangelica
3826 1846 3942 1916 lege

659 1926 936 1984 contendit
958 1930 1256 2002 posttalem
1289 1929 1694 2002 inspirationetn
1727 1946 1788 1988 ac
1812 1930 2193 1990 revelationetn
2220 1948 2236 1997 ;

665 2034 825 2090 porro
857 2019 970 2080 lucc
1003 2021 1109 2078 duo
1140 2022 1364 2093 intelligi
1395 2041 1497 2079 non
1528 2033 1750 2096 possunt
1778 2022 1844 2082 de
1870 2039 1996 2082 vera
2031 2025 2240 2084 revela-

660 2111 805 2169 tiene
832 2129 950 2186 qna:
978 2114 1171 2186 dogma
1222 2115 1545 2174 catholicum
1576 2116 1846 2181 exhibeat.
1879 2118 2072 2190 dogma
2097 2118 2240 2178 enim

660 2202 787 2262 fidei
835 2221 939 2262 non
987 2208 1292 2272 reveletur.
1327 2219 1384 2267 ut
1409 2210 1534 2280 quid
1576 2211 1770 2270 melius
1796 2219 1852 2266 et
1876 2210 2003 2283 quid
2037 2211 2241 2277 utilius,

662 2313 762 2356 nec
787 2300 853 2354 ad
899 2300 1060 2360 fidem
1088 2303 1263 2362 subito
1307 2315 1605 2372 revocatur,
1639 2305 1781 2376 quod
1811 2305 2131 2375 quibusdam
2161 2307 2244 2364 inv

663 2399 744 2447 ter
773 2391 959 2448 ﬁdeles
984 2409 1013 2450 a
1046 2395 1156 2451 Deo
1185 2396 1494 2468 inspiratur,
1519 2412 1581 2452 ac
1605 2400 1892 2455 reveletur.

732 2484 790 2539 2°
821 2485 920 2556 Qui
965 2489 1278 2546 revelationi
1329 2499 1384 2544 et
1430 2489 1798 2559 inspiratioui,
1831 2488 1898 2546 de
1920 2505 2022 2559 qua
2053 2489 2142 2546 hic
2168 2489 2246 2546 lo-

667 2578 846 2650 quitur
875 2578 932 2634 S.
968 2579 1268 2654 Cyprianus
1299 2582 1692 2654 resistit,juxta
1724 2582 1898 2651 ipsum
1932 2581 2124 2644 rationi
2161 2598 2247 2636 re...

663 2671 822 2737 siSIit,
843 2685 937 2726 seu
972 2691 990 2724 ι
1027 2687 1056 2726 a
1080 2673 1286 2728 ratione
1317 2683 1616 2744 superatur.
1653 2693 1671 2725 ι
1701 2673 1976 2733 Revelatio
2003 2689 2132 2744 ergo
2165 2673 2245 2727 la-

666 2766 786 2819 tiori
819 2781 982 2821 sensu
1013 2766 1098 2821 hic
1126 2783 1154 2820 a
1185 2767 1242 2824 S.
1269 2766 1537 2841 Cypriane
1568 2777 1876 2838 usurpatur,
1912 2778 2068 2838 prout
2089 2783 2249 2838 quas-

665 2858 797 2913 libet
829 2859 1086 2915 veritates
1112 2861 1384 2918 naturales
1415 2861 1791 2932 compleantur
1820 2875 1954 2933 quas
1995 2861 2135 2921 Deus
2164 2875 2248 2920 re.

663 2953 806 3008 velat
829 2962 883 3009 et
903 2954 1145 3026 inspirat.

735 3049 791 3104 5°
817 3047 874 3103 S.
907 3047 1207 3120 Cyprianus
1238 3049 1288 3104 in
1319 3049 1545 3120 epistola
1586 3049 1658 3102 ad
1696 3048 1940 3121 Quintum
1966 3046 2148 3102 nitide'
2170 3062 2251 3103 os-

666 3143 837 3197 tendit
896 3159 1002 3214 quo
1045 3158 1205 3198 sensu
1251 3143 1446 3199 dixerit
1494 3160 1522 3198 a
1559 3145 1666 3198 Deo
1715 3145 2050 3210 revelatum,
2108 3141 2249 3216 quod

2345 1954 2406 1993 ac
2437 1939 2710 1998 Dominica
2737 1939 3079 1994 ordinatione
3108 1938 3342 1994 fundatis
3370 1937 3538 1992 licere
3569 1937 3852 2006 baptizare
3890 1949 3942 1994 et

2345 2033 2624 2089 remissam
2656 2043 3000 2104 peccatorum
3043 2031 3196 2096 dare,
3246 2030 3378 2086 foris
3426 2037 3603 2085 autem
3647 2045 3750 2085 nec
3792 2029 3942 2100 ligari

2345 2125 2547 2194 aliquid
2572 2141 2729 2195 posse
2752 2141 2850 2182 nec
2866 2125 2998 2181 solvi
3025 2125 3114 2180 ubi
3148 2139 3252 2180 non
3274 2124 3346 2179 sit
3375 2123 3469 2194 qui
3493 2134 3579 2176 aut
3606 2122 3774 2192 ligare
3800 2137 3934 2192 pos-

2346 2223 2418 2283 ait
2443 2222 2647 2293 aliquid
2677 2231 2769 2282 aut
2795 2223 3024 2278 solvere.
3055 2243 3075 2276 ι
3111 2223 3252 2293 Ergo

2422 2313 2693 2386 Respond.
2750 2316 3026 2385 Distingue
3076 2315 3364 2370 minorem.
3411 2312 3571 2371 Juxta
3607 2310 3939 2383 Cyprianum

2349 2408 2618 2464 lmreticis
2641 2407 2763 2464 data
2784 2424 2810 2462 a
2829 2407 3047 2464 Christo
3070 2422 3175 2463 non
3200 2416 3318 2462 erat
3337 2405 3646 2476 baptizandi
3667 2413 3941 2473 potestas;

2348 2512 2510 2573 atque
2540 2501 2592 2560 id
2625 2502 2786 2560 variis
2815 2501 3113 2558 ratiociniis
3143 2509 3430 2566 utcumque
3459 2497 3753 2552 ostendere
3783 2512 3945 2553 cona-

2350 2594 2507 2654 batur
2533 2593 2794 2659 concedo;
2825 2602 2879 2648 et
2908 2593 2960 2648 id
2989 2604 3258 2662 tamquam
3280 2591 3350 2646 de
3379 2590 3500 2656 fide,
3527 2600 3806 2661 tamquam
3825 2604 3942 2642 cer-

2351 2697 2462 2744 tum
2496 2686 2761 2752 tradebat,
2786 2701 2922 2755 nego
2940 2684 3328 2752 minorJtaque
3349 2683 3416 2746 ad
3438 2681 3773 2752 probandam
3797 2695 3944 2734 suam

2354 2779 2422 2836 de
2467 2778 2736 2837 hmreticis
2767 2776 3166 2847 rebaptizandis
3195 2773 3518 2830 sententiam
3551 2773 3718 2828 variis
3748 2770 3943 2828 illatio-

2353 2871 2511 2928 nibus
2541 2879 2826 2939 utcumque
2857 2869 3146 2924 ostendere
3174 2875 3399 2932 conatur
3425 2864 3484 2920 S.
3503 2865 3720 2933 .Doctor
3769 2863 3945 2918 hmre-

2353 2965 2474 3018 ticis
2503 2976 2815 3018 concessam
2841 2977 2870 3015 a
2900 2959 3115 3020 Christo
3142 2975 3247 3018 non
3275 2974 3399 3014 esse
3430 2955 3734 3030 baptizandi
3769 2965 3952 3024 potes-

2355 3066 2555 3124 tatem;
2591 3056 2641 3109 in
2672 3065 2818 3112 textu
2846 3054 2990 3110 enim
3018 3053 3314 3124 objectato,
3343 3067 3414 3108 ex
3439 3067 3504 3107 eo
3528 3049 3662 3119 quod
3687 3047 3952 3103 Chrisms

2357 3148 2516 3208 Petro
2537 3157 2592 3204 et
2616 3147 2891 3220 Apostolis
2913 3146 3111 3220 ligandi
3148 3156 3202 3201 et
3228 3145 3470 3208 solvendi
3499 3150 3813 3216 potestatem
3842 3145 3952 3196 de-

663 3237 928 3292 adversus
952 3237 1284 3308 Stephanum
1315 3239 1562 3292 tuebatur
1586 3237 1670 3290 his
1692 3237 1869 3291 verbis
1902 3254 1915 3290 :
1942 3255 1960 3288 ‹
1995 3236 2123 3308 Qum
2151 3236 2247 3289 ali-
2275 3235 2323 3306 ﬂ
2355 3243 2514 3310 derit,
2568 3242 2729 3302 infert
2775 3242 2906 3298 solis
2956 3241 3217 3300 Ecclesia:
3264 3240 3568 3312 praepositis
3618 3245 3949 3308 potestatem

664 3329 876 3402 quando
899 3345 929 3383 a
959 3328 1214 3384 fratribus
1245 3337 1299 3382 et
1325 3329 1546 3399 collegis
1575 3328 1772 3386 nostris
1799 3328 2000 3382 utiliter
2027 3338 2084 3382 et
2112 3328 2250 3382 salu-

664 3424 833 3479 briter
864 3433 1240 3494 suggeruntur,
1272 3425 1315 3477 si
1342 3425 1449 3480 sint
1482 3439 1605 3480 vera
1634 3434 1687 3480 et
1720 3424 1972 3495 legitima,
2006 3423 2117 3494 ipsa
2152 3439 2250 3494 po-

666 3517 772 3571 tius
827 3525 1016 3590 nostra'
1049 3516 1326 3584 ducamus,
1351 3520 1438 3570 cui
1469 3518 1546 3571 rei
1580 3517 1777 3571 Paulus
1801 3533 2012 3588 quoque
2045 3518 2250 3590 prospi—

664 3614 814 3668 ciens
846 3613 896 3666 in
920 3612 1148 3682 epistola
1178 3626 1273 3665 sua
1301 3612 1479 3682 posuit
1503 3611 1689 3666 dicens
1716 3629 1727 3664 :
1755 3611 2040 3682 Propheta:
2072 3623 2250 3665 autem

666 3706 773 3761 duo
796 3715 886 3760 aut
917 3715 1026 3760 tres
1055 3707 1342 3776 loquantur
1360 3716 1414 3763 et
1434 3707 1613 3762 czeteri
1646 3706 1975 3770 examinem,
2001 3706 2045 3764 si
2072 3715 2250 3762 autem

664 3801 757 3858 alii
787 3801 1080 3855 revelatum
1133 3799 1292 3856 fuerit
1341 3800 1571 3864 sedenti,
1607 3801 1696 3856 ille
1724 3801 1868 3871 prior
1908 3810 2111 3866 taceat;
2145 3817 2250 3872 qua

666 3894 716 3949 in
747 3904 897 3965 parte
940 3894 1123 3950 docuit
1165 3902 1218 3947 et
1264 3893 1502 3949 ostendit
1531 3895 1698 3948 multa
1727 3894 1953 3965 singulis
1983 3893 2034 3950 in
2063 3894 2253 3950 melius

665 3986 895 4041 revelari
942 3996 995 4041 et
1023 3986 1223 4042 debere
1255 4003 1692 4057 unumquemque
1723 4002 1827 4041 non
1873 4003 1968 4057 pro
1996 4001 2080 4050 eo,
2109 3986 2252 4058 quod

664 4081 832 4136 semel
866 4079 1150 4136 imbiberat
1169 4091 1224 4136 et
1241 4081 1463 4136 tenebat
1486 4082 1834 4155 pertinaciter
1858 4082 2132 4154 congredi,
2157 4081 2252 4140 sed

666 4178 710 4227 si
737 4174 866 4244 quid
896 4174 1088 4229 melius
1119 4183 1174 4229 et
1195 4175 1379 4230 utilius
1419 4177 1668 4248 extiterit
1707 4177 1935 4232 libenter
1961 4176 2251 4245 amplecti;

667 4281 773 4320 non
802 4267 946 4320 enim
969 4266 1235 4322 vincimur
1252 4266 1464 4334 quando
1487 4269 1640 4324 nobis
1663 4267 2248 4326 offeronturmeliora.»

663 4357 796 4426 Quis
829 4375 932 4411 non
969 4358 1147 4412 videat
1175 4359 1484 4430 opinionem
1516 4360 1583 4414 de
1611 4359 2007 4430 rebaptizandis
2039 4360 2255 4416 hmreti-

666 4449 744 4503 cis
771 4465 801 4504 a
831 4448 1098 4523 Cypriane
1131 4452 1196 4503 iis
1220 4450 1471 4513 adscribi,
1504 4468 1623 4523 qua:
1653 4453 1792 4507 Deus
1817 4453 2135 4524 quibusdam
2171 4456 2253 4508 in—

670 4543 841 4613 Spirat
889 4553 943 4598 et
986 4545 1188 4598 tevclat
1235 4543 1302 4597 ad
1331 4544 1588 4614 majorem
1632 4544 1890 4600 Ecclesiae
1929 4546 2256 4602 utilitatem?

2354 3337 2663 3400 remittendi
2697 3346 2915 3407 peccata
2941 3351 2971 3392 a
3002 3335 3218 3391 Christo
3249 3334 3413 3398 fuisse
3443 3347 3785 3394 concessam.
3821 3329 3948 3386 Inde

2353 3430 2556 3500 colligit
2582 3429 2886 3498 baptizandi
2916 3428 3222 3488 facultatem
3255 3427 3516 3489 haereticis
3545 3425 3776 3488 minime
3815 3438 3952 3478 com-

2354 3533 2558 3597 petere,
2587 3539 2649 3577 ex
2673 3539 2780 3590 quo
2805 3521 3019 3578 tandem
3041 3520 3319 3586 concludit
3340 3516 3571 3580 invalide
3587 3517 3720 3590 quia
3738 3517 3945 3581 illicite,

2354 3617 2421 3678 ab
2444 3616 2712 3679 bmreticis
2733 3616 3017 3688 baptizari.

2427 3712 2624 3767 Verum
2669 3711 2814 3782 quod
2858 3727 2925 3766 ex
2966 3710 3260 3782 Scripturis
3289 3707 3562 3778 judicatnr
3605 3703 3955 3776 aliquantodo

2356 3805 2548 3862 deduci
2578 3819 2758 3875 posse,
2789 3803 3096 3860 crediturne
3125 3803 3192 3858 ad
3236 3802 3398 3858 fidem
3450 3800 3764 3871 pertinere?
3797 3799 3853 3854 Si
3885 3797 3950 3852 ad

2356 3899 2515 3956 fidem
2540 3907 2863 3956 revocantur
2879 3912 2996 3966 qua:
3017 3912 3046 3949 a
3076 3896 3186 3952 Dee
3207 3905 3333 3950 sunt
3358 3894 3667 3950 immediate
3691 3892 3957 3954 revelata,

2355 3989 2614 4062 numquid
2641 4000 2694 4045 et
2723 4004 2787 4044 ea
2828 4003 2948 4059 qua:
2974 4003 3042 4043 ex
3076 3987 3328 4042 revelatis
3357 3995 3649 4056 utcumque
3673 3985 3835 4038 variis
3867 3998 3959 4036 ra-

2355 4083 2590 4144 tiociniis
2613 4082 2800 4138 inferri
2831 4072 2987 4151 posse
3014 4079 3382 4138 arbitrantur?
3408 4077 3634 4146 Quando
3649 4074 3960 4146 Cyprianus

2355 4177 2507 4248 plura
2531 4175 2826 4244 Scriptura:
2856 4174 2971 4228 loca
3001 4171 3288 4230 afferrebat
3309 4169 3374 4224 ad
3399 4185 3466 4225 ea
3496 4166 3790 4240 probanda,
3819 4179 3951 4234 quae

2355 4269 2595 4322 omnium
2623 4265 2830 4338 judicio
2877 4263 3184 4319 versatilem
3229 4261 3546 4331 Spectabant
3585 4258 3954 4330 disciplinam,

2357 4371 2416 4418 ut
2456 4375 2616 4432 supra
2645 4359 2900 4426 vidimus,
2929 4357 3070 4429 quod
3122 4356 3367 4411 tuebatur
3397 4370 3463 4410 ex
3509 4353 3574 4409 iis
3602 4367 3725 4422 qua:
3752 4350 3957 4408 citabat

2355 4457 2646 4526 Scriptura:
2672 4453 2807 4510 locis
2856 4451 3040 4531 inferri
3083 4467 3240 4523 posse
3287 4448 3529 4520 profecto
3579 4446 3953 4512 existimabat,

2359 4549 2554 4608 ideone
2594 4547 2725 4604 illud
2759 4546 2883 4604 fidei
2910 4544 3250 4601 devovebat?
3289 4543 3428 4613 Ergo
3459 4542 3582 4596 licet
3627 4542 3687 4594 S.
3729 4539 3961 4611 Cypria-

665 4635 796 4704 ρυλε
819 4639 1057 4707 profecto
1075 4637 1332 4691 revelatio
1354 4637 2248 4706 unam'reSpicitlicclesiaeteceno-
2279 4634 2332 4703 Β
2362 4659 2461 4702 nus
2492 4657 2557 4698 ex
2589 4640 2884 4714 Scripturis
2929 4637 3112 4694 inferri
3158 4651 3320 4708 posse
3364 4633 3655 4690 crediderit
3687 4632 3960 4688 haereticis

666 4731 851 4797 miam,
867 4746 929 4785 ac
957 4731 1316 4802 disciplinam,
1336 4729 1476 4784 unde
1501 4732 1694 4785 nedum
1714 4730 1889 4785 faveat
1909 4731 2251 4800 adversariis,

665 4823 1016 4878 assertioaem
1046 4834 1285 4880 nostram
1306 4824 1609 4890 confirmat,
1641 4833 1698 4878 ttt
1726 4839 1886 4894 supra
1908 4823 2157 4879 vidimus.

736 4917 795 4972 4°
825 4916 996 4973 Totne
1023 4918 1145 4972 ﬁdei
1168 4919 1416 4988 dogmata
1437 4918 1795 4975 credideritS.
1817 4917 2114 4990 Cyprianus
2137 4934 2254 4988 quae

666 5011 718 5065 in
745 5019 971 5065 tractatu
999 5009 1066 5065 de
1085 5009 1231 5064 Bono
1261 5008 1534 5063 Patientiw
1559 5010 1892 5080 scripserat?
1919 5009 2043 5064 Haec
2071 5021 2250 5066 tamen

666 5121 695 5160 a
729 5106 842 5160 Deo
893 5104 1144 5171 insliirata
1199 5119 1320 5158 esse
1375 5105 1682 5173 prenuntiat
1716 5123 1728 5158 :
1765 5123 1782 5155 ι
1817 5104 2044 5174 Propter
2071 5104 2194 5170 hoc,
2231 5121 2250 5155 ι

668 5200 841 5269 inquit
870 5199 923 5252 in
955 5198 1112 5268 epist.
1143 5197 1210 5250 ad
1230 5195 1481 5250 Jubaian.
1509 5216 1526 5246 ι
1559 5198 1718 5252 etiam
1747 5197 1984 5252 libellum
2008 5197 2074 5251 de
2106 5196 2256 5250 Bono

669 5292 946 5348 Patientia:
970 5301 1227 5362 quantum
1257 5291 1423 5345 valuit
1453 5301 1634 5345 nostra
1666 5291 2009 5345 mediocritas
2036 5289 2258 5361 permit-

671 5397 816 5442 tente
848 5386 1142 5439 Dominoet
1168 5386 1463 5455 inspirante
1490 5384 1926 5453 conscripsimus;
1956 5404 1974 5436 ι
2007 5400 2114 5439 non
2142 5399 2260 5440 om-

672 5479 756 5534 nia
797 5491 924 5548 ergo
951 5493 1068 5547 quae
1106 5495 1132 5530 a
1160 5476 1430 5548 Cypriane
1458 5476 1705 5532 dicuntur
1746 5477 2004 5545 inspirata
2034 5478 2146 5532 sive
2175 5493 2262 5534 re-

672 5571 852 5626 velata
883 5586 910 5624 a
945 5570 1056 5623 Deo
1098 5569 1257 5624 fidem
1313 5570 1642 5638 respiciunt;
1676 5572 1935 5626 revelatio
1968 5571 2126 5644 igitur
2149 5570 2262 5625 sive

674 5664 953 5738 inSpiratio
979 5664 1155 5718 divina
1188 5664 1474 5734 aliquando
1501 5679 1531 5718 a
1577 5664 1635 5720 S.
1666 5663 1936 5737 Cypriane
1962 5666 2146 5720 fnsiori
2174 5681 2264 5719 su-

674 5758 838 5810 mitur
859 5755 1178 5826 significatu,
1202 5771 1307 5810 non
1334 5771 1462 5826 ergo
1487 5757 1704 5812 tandem
1733 5759 2003 5813 subtiliter
2025 5760 2265 5825 inventa,

678 5848 770 5898 sed
798 5867 824 5899 ει
845 5846 1109 5914 Cypriane
1135 5849 1250 5914 ipso
1267 5850 1596 5915 suppeditata
1621 5860 1802 5906 nostra
1820 5851 2117 5918 responsio.

2233 5917 2262 5924 .-

2361 4747 2678 4788 concessam
2712 4747 2741 4786 a
2771 4729 2986 4785 Christo
3018 4744 3124 4783 non
3157 4727 3324 4782 fuisse
3353 4725 3659 4796 baptizandi
3717 4734 3958 4796 potesta-

2363 4835 2494 4891 tem,
2522 4842 2628 4880 non
2660 4825 2778 4880 ideo
2807 4823 3018 4880 censuit
3043 4821 3112 4877 de
3138 4821 3241 4876 fide
3267 4835 3389 4876 esse
3414 4835 3507 4874 eos
3530 4819 3692 4887 talem
3725 4835 3834 4874 non
3865 4817 3958 4874 ha-

2363 4917 2492 4978 bere
2513 4925 2854 4986 potestatem.

2439 5010 2593 5066 Addo
2620 5010 2944 5083 Cyprianum
2985 5024 3086 5064 nec
3115 5009 3391 5075 censuisse
3428 5007 3480 5063 id
3510 5015 3662 5063 certo
3693 5018 3751 5061 et
3775 5021 3959 5062 neces-

2329 5179 2332 5182 .
2365 5105 2508 5162 sario
2537 5121 2601 5160 ex
2632 5103 2928 5182 Scripturis
2959 5103 3144 5160 inferri
3179 5117 3371 5173 posse;
3402 5118 3526 5156 nam
3577 5101 3634 5156 1⁸
3684 5100 3746 5156 Si
3777 5102 3956 5158 existi-

2365 5207 2570 5255 masset
2598 5214 2662 5254 ex
2692 5196 2986 5266 Scripturis
3013 5197 3324 5251 necessario
3354 5195 3537 5249 inferri
3582 5195 3716 5249 solis
3767 5195 3955 5250 Eccle-

2365 5294 2459 5348 sia:
2505 5289 2804 5362 praepositis
2835 5289 3012 5344 datam
3045 5303 3164 5342 esse
3191 5303 3221 5342 a
3251 5286 3468 5342 Christo
3518 5286 3828 5356 baptizandi
3859 5304 3953 5356 po-

2369 5393 2643 5441 testatem:
2678 5382 2816 5437 hanc
2839 5382 2990 5436 laicis
3008 5380 3298 5436 Catholicis
3328 5392 3463 5435 SlClll
3492 5390 3544 5435 et
3572 5380 3847 5435 haereticis
3874 5381 3955 5435 de-

2368 5486 2639 5547 negasset,
2671 5475 2743 5529 illi
2771 5476 2937 5538 enim,
2983 5489 3136 5545 teque
3179 5490 3242 5529 ac
3281 5473 3366 5527 isti
3396 5489 3501 5528 non
3531 5483 3658 5528 sunt
3699 5473 3952 5528 Ecclesia

2369 5568 2676 5640 prmpositi;
2709 5577 2942 5622 attamen
2967 5568 3155 5622 nullibi
3185 5565 3324 5637 apud
3356 5568 3527 5636 ipsum
3551 5565 3691 5620 hanc
3724 5578 3951 5636 potesta-

2368 5673 2474 5718 tem
2506 5662 2654 5716 laicis
2683 5660 2973 5716 Catltolicis
3004 5660 3324 5731 denegatam
3356 5660 3623 5721 invenies,
3657 5662 3803 5716 unde
3833 5677 3950 5732 per-

2369 5769 2523 5810 verse
2540 5753 2822 5808 admodum
2849 5753 2934 5807 bic
2958 5769 3110 5809 error
3137 5752 3408 5824 Cypriane
3433 5768 3461 5805 a
3489 5751 3788 5810 Catholicis
3811 5752 3952 5807 affine

2369 5856 2610 5916 geretur.
